  <div class='ocr_page' id='page_1' title='image "/cluster/home/n/w/nwhite01/storage/ocr_20150623/144/hvd.32044054760046/395.png"; bbox 0 0 4064 6208; ppageno 0'>
   <div class='ocr_carea' id='block_1_1' title="bbox 378 404 561 477">
    <p class='ocr_par' dir='ltr' id='par_1_1' title="bbox 378 404 561 477">
     <span class='ocr_line' id='line_1_1' title="bbox 378 404 561 477; baseline 0.011 -3"><span class='ocrx_word' id='word_1_1' title='bbox 378 420 481 477; x_wconf 80' lang='lat'><strong>779</strong></span> <span class='ocrx_word' id='word_1_2' title='bbox 558 404 561 405; x_wconf 60' lang='grc'><strong><em>⁷</em></strong></span> 
     </span>
    </p>
   </div>
   <div class='ocr_carea' id='block_1_2' title="bbox 928 416 3015 475">
    <p class='ocr_par' dir='ltr' id='par_1_2' title="bbox 928 416 3015 475">
     <span class='ocr_line' id='line_1_2' title="bbox 928 416 3015 475; baseline 0 -1"><span class='ocrx_word' id='word_1_3' title='bbox 928 418 985 474; x_wconf 88' lang='lat' dir='ltr'><strong>S.</strong></span> <span class='ocrx_word' id='word_1_4' title='bbox 1029 418 1228 475; x_wconf 73' lang='lat' dir='ltr'><strong>PETRI</strong></span> <span class='ocrx_word' id='word_1_5' title='bbox 1272 418 1548 475; x_wconf 71' lang='lat' dir='ltr'><strong>DAMIANI</strong></span> <span class='ocrx_word' id='word_1_6' title='bbox 1586 417 1733 473; x_wconf 79' lang='lat' dir='ltr'><strong>OPP.</strong></span> <span class='ocrx_word' id='word_1_7' title='bbox 1761 416 1940 471; x_wconf 68' lang='lat' dir='ltr'><strong>PARS</strong></span> <span class='ocrx_word' id='word_1_8' title='bbox 1979 418 2116 473; x_wconf 75' lang='lat' dir='ltr'><strong>SEU</strong></span> <span class='ocrx_word' id='word_1_9' title='bbox 2154 417 2388 475; x_wconf 73' lang='lat' dir='ltr'><strong>TOMUS</strong></span> <span class='ocrx_word' id='word_1_10' title='bbox 2417 418 2481 473; x_wconf 82' lang='lat' dir='ltr'><strong>Il.</strong></span> <span class='ocrx_word' id='word_1_11' title='bbox 2526 448 2587 458; x_wconf 83' lang='lat'><strong>-—</strong></span> <span class='ocrx_word' id='word_1_12' title='bbox 2625 418 3015 475; x_wconf 74' lang='lat' dir='ltr'><strong>SERMONES.</strong></span> 
     </span>
    </p>
   </div>
   <div class='ocr_carea' id='block_1_3' title="bbox 3464 399 3619 477">
    <p class='ocr_par' dir='ltr' id='par_1_3' title="bbox 3464 399 3619 477">
     <span class='ocr_line' id='line_1_3' title="bbox 3464 399 3619 477; baseline 0.013 -2"><span class='ocrx_word' id='word_1_13' title='bbox 3464 399 3476 408; x_wconf 86' lang='grc'><em>’</em></span> <span class='ocrx_word' id='word_1_14' title='bbox 3514 423 3619 477; x_wconf 85' lang='lat'><strong>780</strong></span> 
     </span>
    </p>
   </div>
   <div class='ocr_carea' id='block_1_4' title="bbox 370 533 3619 605">
    <p class='ocr_par' dir='ltr' id='par_1_4' title="bbox 370 533 3619 605">
     <span class='ocr_line' id='line_1_4' title="bbox 370 533 3619 605; baseline 0.001 -15"><span class='ocrx_word' id='word_1_15' title='bbox 370 547 618 591; x_wconf 89' lang='lat' dir='ltr'><strong>terrenus</strong></span> <span class='ocrx_word' id='word_1_16' title='bbox 638 577 654 599; x_wconf 93' lang='lat'><strong>,</strong></span> <span class='ocrx_word' id='word_1_17' title='bbox 691 534 823 587; x_wconf 89' lang='lat' dir='ltr'><strong>tales</strong></span> <span class='ocrx_word' id='word_1_18' title='bbox 850 546 905 588; x_wconf 91' lang='lat' dir='ltr'><strong>ct</strong></span> <span class='ocrx_word' id='word_1_19' title='bbox 952 536 1187 600; x_wconf 88' lang='lat' dir='ltr'><strong>terreni;</strong></span> <span class='ocrx_word' id='word_1_20' title='bbox 1218 535 1393 604; x_wconf 90' lang='lat' dir='ltr'><strong>qualis</strong></span> <span class='ocrx_word' id='word_1_21' title='bbox 1421 536 1660 589; x_wconf 47' lang='lat' dir='ltr'><strong>carlcStis</strong></span> <span class='ocrx_word' id='word_1_22' title='bbox 1681 575 1698 599; x_wconf 95' lang='lat'><strong>,</strong></span> <span class='ocrx_word' id='word_1_23' title='bbox 1730 534 1862 588; x_wconf 91' lang='lat' dir='ltr'><strong>tales</strong></span> <span class='ocrx_word' id='word_1_24' title='bbox 1892 542 1947 586; x_wconf 93' lang='lat' dir='ltr'><strong>et</strong></span> <span class='ocrx_word' id='word_1_25' title='bbox 1975 550 2019 605; x_wconf 67' lang='grc' dir='ltr'><strong>Α</strong></span> <span class='ocrx_word' id='word_1_26' title='bbox 2047 534 2388 604; x_wconf 91' lang='lat' dir='ltr'><strong>omnipotens</strong></span> <span class='ocrx_word' id='word_1_27' title='bbox 2418 533 2556 589; x_wconf 76' lang='lat' dir='ltr'><strong>Deus</strong></span> <span class='ocrx_word' id='word_1_28' title='bbox 2585 575 2601 601; x_wconf 97' lang='lat'><strong>,</strong></span> <span class='ocrx_word' id='word_1_29' title='bbox 2634 535 2759 589; x_wconf 89' lang='lat' dir='ltr'><strong>dum</strong></span> <span class='ocrx_word' id='word_1_30' title='bbox 2788 535 2948 603; x_wconf 84' lang='lat' dir='ltr'><strong>hujus</strong></span> <span class='ocrx_word' id='word_1_31' title='bbox 2977 534 3236 605; x_wconf 75' lang='lat' dir='ltr'><strong>spiritalis</strong></span> <span class='ocrx_word' id='word_1_32' title='bbox 3264 540 3446 593; x_wconf 86' lang='lat' dir='ltr'><strong>munui</strong></span> <span class='ocrx_word' id='word_1_33' title='bbox 3471 578 3488 604; x_wconf 93' lang='lat'><strong>,</strong></span> <span class='ocrx_word' id='word_1_34' title='bbox 3517 539 3619 597; x_wconf 86' lang='lat' dir='ltr'><strong>hoc</strong></span> 
     </span>
    </p>
   </div>
   <div class='ocr_carea' id='block_1_5' title="bbox 365 628 1945 698">
    <p class='ocr_par' dir='ltr' id='par_1_5' title="bbox 365 628 1945 698">
     <span class='ocr_line' id='line_1_5' title="bbox 365 628 1945 698; baseline -0.002 -15"><span class='ocrx_word' id='word_1_35' title='bbox 365 629 635 683; x_wconf 76' lang='lat' dir='ltr'><strong>cmlestes.</strong></span> <span class='ocrx_word' id='word_1_36' title='bbox 664 628 859 683; x_wconf 83' lang='lat' dir='ltr'><strong>Factus</strong></span> <span class='ocrx_word' id='word_1_37' title='bbox 880 638 963 682; x_wconf 93' lang='lat' dir='ltr'><strong>est</strong></span> <span class='ocrx_word' id='word_1_38' title='bbox 989 628 1198 698; x_wconf 82' lang='lat' dir='ltr'><strong>primus</strong></span> <span class='ocrx_word' id='word_1_39' title='bbox 1224 630 1393 683; x_wconf 83' lang='lat' dir='ltr'><strong>Adam</strong></span> <span class='ocrx_word' id='word_1_40' title='bbox 1426 630 1477 687; x_wconf 92' lang='lat' dir='ltr'><strong>iu</strong></span> <span class='ocrx_word' id='word_1_41' title='bbox 1501 630 1736 683; x_wconf 89' lang='lat' dir='ltr'><strong>animam</strong></span> <span class='ocrx_word' id='word_1_42' title='bbox 1761 628 1945 681; x_wconf 89' lang='lat' dir='ltr'><strong>viven-</strong></span> 
     </span>
    </p>
   </div>
   <div class='ocr_carea' id='block_1_6' title="bbox 367 718 1946 789">
    <p class='ocr_par' dir='ltr' id='par_1_6' title="bbox 367 718 1946 789">
     <span class='ocr_line' id='line_1_6' title="bbox 367 718 1946 789; baseline -0.001 -15"><span class='ocrx_word' id='word_1_43' title='bbox 367 730 501 784; x_wconf 90' lang='lat' dir='ltr'><strong>tem,</strong></span> <span class='ocrx_word' id='word_1_44' title='bbox 530 720 855 774; x_wconf 92' lang='lat' dir='ltr'><strong>novissimus</strong></span> <span class='ocrx_word' id='word_1_45' title='bbox 881 720 1049 773; x_wconf 83' lang='lat' dir='ltr'><strong>Adam</strong></span> <span class='ocrx_word' id='word_1_46' title='bbox 1075 720 1128 773; x_wconf 94' lang='lat' dir='ltr'><strong>in</strong></span> <span class='ocrx_word' id='word_1_47' title='bbox 1157 720 1404 789; x_wconf 77' lang='lat' dir='ltr'><strong>Spiritum</strong></span> <span class='ocrx_word' id='word_1_48' title='bbox 1430 719 1810 773; x_wconf 86' lang='lat' dir='ltr'><strong>vivificantem.</strong></span> <span class='ocrx_word' id='word_1_49' title='bbox 1840 718 1946 773; x_wconf 89' lang='lat' dir='ltr'><strong>Sed</strong></span> 
     </span>
    </p>
   </div>
   <div class='ocr_carea' id='block_1_7' title="bbox 368 810 1943 880">
    <p class='ocr_par' dir='ltr' id='par_1_7' title="bbox 368 810 1943 880">
     <span class='ocr_line' id='line_1_7' title="bbox 368 810 1943 880; baseline -0.001 -15"><span class='ocrx_word' id='word_1_50' title='bbox 368 826 475 865; x_wconf 96' lang='lat' dir='ltr'><strong>non</strong></span> <span class='ocrx_word' id='word_1_51' title='bbox 508 813 655 880; x_wconf 90' lang='lat' dir='ltr'><strong>prius</strong></span> <span class='ocrx_word' id='word_1_52' title='bbox 699 812 839 880; x_wconf 91' lang='lat' dir='ltr'><strong>quod</strong></span> <span class='ocrx_word' id='word_1_53' title='bbox 892 811 1172 879; x_wconf 78' lang='lat' dir='ltr'><strong>spirituale</strong></span> <span class='ocrx_word' id='word_1_54' title='bbox 1201 820 1303 877; x_wconf 91' lang='lat' dir='ltr'><strong>est,</strong></span> <span class='ocrx_word' id='word_1_55' title='bbox 1338 814 1430 865; x_wconf 89' lang='lat' dir='ltr'><strong>sed</strong></span> <span class='ocrx_word' id='word_1_56' title='bbox 1486 810 1627 880; x_wconf 92' lang='lat' dir='ltr'><strong>quod</strong></span> <span class='ocrx_word' id='word_1_57' title='bbox 1675 810 1903 864; x_wconf 90' lang='lat' dir='ltr'><strong>animale</strong></span> <span class='ocrx_word' id='word_1_58' title='bbox 1927 850 1943 873; x_wconf 88' lang='lat'><strong>,</strong></span> 
     </span>
    </p>
   </div>
   <div class='ocr_carea' id='block_1_8' title="bbox 365 899 1067 969">
    <p class='ocr_par' dir='ltr' id='par_1_8' title="bbox 365 899 1067 969">
     <span class='ocr_line' id='line_1_8' title="bbox 365 899 1067 969; baseline -0.001 -16"><span class='ocrx_word' id='word_1_59' title='bbox 365 901 564 953; x_wconf 85' lang='lat' dir='ltr'><strong>deinde</strong></span> <span class='ocrx_word' id='word_1_60' title='bbox 592 899 732 969; x_wconf 89' lang='lat' dir='ltr'><strong>quod</strong></span> <span class='ocrx_word' id='word_1_61' title='bbox 764 900 1067 969; x_wconf 85' lang='lat' dir='ltr'><strong>spirituale.</strong></span> 
     </span>
    </p>
   </div>
   <div class='ocr_carea' id='block_1_9' title="bbox 437 990 1945 1061">
    <p class='ocr_par' dir='ltr' id='par_1_9' title="bbox 437 990 1945 1061">
     <span class='ocr_line' id='line_1_9' title="bbox 437 990 1945 1061; baseline 0.002 -19"><span class='ocrx_word' id='word_1_62' title='bbox 437 990 645 1059; x_wconf 79' lang='lat' dir='ltr'><strong>Moyses</strong></span> <span class='ocrx_word' id='word_1_63' title='bbox 683 1007 812 1060; x_wconf 85' lang='lat' dir='ltr'><strong>ergo</strong></span> <span class='ocrx_word' id='word_1_64' title='bbox 844 992 1100 1045; x_wconf 89' lang='lat' dir='ltr'><strong>describit</strong></span> <span class='ocrx_word' id='word_1_65' title='bbox 1126 990 1393 1061; x_wconf 86' lang='lat' dir='ltr'><strong>quomodo</strong></span> <span class='ocrx_word' id='word_1_66' title='bbox 1443 991 1675 1045; x_wconf 84' lang='lat' dir='ltr'><strong>visibilia</strong></span> <span class='ocrx_word' id='word_1_67' title='bbox 1720 1006 1945 1061; x_wconf 73' lang='lat' dir='ltr'><strong>qumque</strong></span> 
     </span>
    </p>
   </div>
   <div class='ocr_carea' id='block_1_10' title="bbox 363 1080 1942 1149">
    <p class='ocr_par' dir='ltr' id='par_1_10' title="bbox 363 1080 1942 1149">
     <span class='ocr_line' id='line_1_10' title="bbox 363 1080 1942 1149; baseline 0.001 -18"><span class='ocrx_word' id='word_1_68' title='bbox 363 1080 474 1131; x_wconf 90' lang='lat' dir='ltr'><strong>sint</strong></span> <span class='ocrx_word' id='word_1_69' title='bbox 504 1080 838 1149; x_wconf 84' lang='lat' dir='ltr'><strong>originaliter</strong></span> <span class='ocrx_word' id='word_1_70' title='bbox 858 1081 1107 1143; x_wconf 85' lang='lat' dir='ltr'><strong>condita;</strong></span> <span class='ocrx_word' id='word_1_71' title='bbox 1138 1080 1416 1134; x_wconf 67' lang='lat' dir='ltr'><strong>Matthmus</strong></span> <span class='ocrx_word' id='word_1_72' title='bbox 1438 1091 1617 1133; x_wconf 84' lang='lat' dir='ltr'><strong>autem</strong></span> <span class='ocrx_word' id='word_1_73' title='bbox 1648 1081 1806 1134; x_wconf 87' lang='lat' dir='ltr'><strong>docet</strong></span> <span class='ocrx_word' id='word_1_74' title='bbox 1837 1097 1942 1135; x_wconf 85' lang='lat' dir='ltr'><strong>non</strong></span> 
     </span>
    </p>
   </div>
   <div class='ocr_carea' id='block_1_11' title="bbox 364 1170 1946 1242">
    <p class='ocr_par' dir='ltr' id='par_1_11' title="bbox 364 1170 1946 1242">
     <span class='ocr_line' id='line_1_11' title="bbox 364 1170 1946 1242; baseline 0.003 -20"><span class='ocrx_word' id='word_1_75' title='bbox 364 1170 521 1223; x_wconf 88' lang='lat' dir='ltr'><strong>modo</strong></span> <span class='ocrx_word' id='word_1_76' title='bbox 550 1180 784 1234; x_wconf 82' lang='lat' dir='ltr'><strong>terrena,</strong></span> <span class='ocrx_word' id='word_1_77' title='bbox 816 1171 908 1224; x_wconf 88' lang='lat' dir='ltr'><strong>sed</strong></span> <span class='ocrx_word' id='word_1_78' title='bbox 947 1181 1002 1224; x_wconf 91' lang='lat' dir='ltr'><strong>et</strong></span> <span class='ocrx_word' id='word_1_79' title='bbox 1045 1173 1283 1225; x_wconf 73' lang='lat' dir='ltr'><strong>rmlcstia</strong></span> <span class='ocrx_word' id='word_1_80' title='bbox 1315 1188 1410 1242; x_wconf 92' lang='lat' dir='ltr'><strong>pcr</strong></span> <span class='ocrx_word' id='word_1_81' title='bbox 1435 1171 1744 1226; x_wconf 80' lang='lat' dir='ltr'><strong>Mediatoris</strong></span> <span class='ocrx_word' id='word_1_82' title='bbox 1772 1173 1861 1225; x_wconf 91' lang='lat' dir='ltr'><strong>Dei</strong></span> <span class='ocrx_word' id='word_1_83' title='bbox 1891 1181 1946 1226; x_wconf 87' lang='lat' dir='ltr'><strong>et</strong></span> 
     </span>
    </p>
   </div>
   <div class='ocr_carea' id='block_1_12' title="bbox 362 1262 1945 1333">
    <p class='ocr_par' dir='ltr' id='par_1_12' title="bbox 362 1262 1945 1333">
     <span class='ocr_line' id='line_1_12' title="bbox 362 1262 1945 1333; baseline 0.003 -19"><span class='ocrx_word' id='word_1_84' title='bbox 362 1262 638 1316; x_wconf 81' lang='lat' dir='ltr'><strong>hominum</strong></span> <span class='ocrx_word' id='word_1_85' title='bbox 665 1264 890 1333; x_wconf 84' lang='lat' dir='ltr'><strong>gratiam</strong></span> <span class='ocrx_word' id='word_1_86' title='bbox 918 1263 1125 1318; x_wconf 90' lang='lat' dir='ltr'><strong>noviter</strong></span> <span class='ocrx_word' id='word_1_87' title='bbox 1148 1264 1442 1317; x_wconf 81' lang='lat' dir='ltr'><strong>instaurata</strong></span> <span class='ocrx_word' id='word_1_88' title='bbox 1460 1265 1630 1326; x_wconf 80' lang='lat' dir='ltr'><strong>:sicut</strong></span> <span class='ocrx_word' id='word_1_89' title='bbox 1652 1265 1791 1319; x_wconf 81' lang='lat' dir='ltr'><strong>idem</strong></span> <span class='ocrx_word' id='word_1_90' title='bbox 1813 1264 1945 1318; x_wconf 85' lang='lat' dir='ltr'><strong>dicit</strong></span> 
     </span>
    </p>
   </div>
   <div class='ocr_carea' id='block_1_13' title="bbox 358 1352 1939 1420">
    <p class='ocr_par' dir='ltr' id='par_1_13' title="bbox 358 1352 1939 1420">
     <span class='ocr_line' id='line_1_13' title="bbox 358 1352 1939 1420; baseline 0.001 -16"><span class='ocrx_word' id='word_1_91' title='bbox 358 1352 652 1420; x_wconf 76' lang='lat' dir='ltr'><strong>Apostolus</strong></span> <span class='ocrx_word' id='word_1_92' title='bbox 684 1370 696 1405; x_wconf 91' lang='lat'>:</span> <span class='ocrx_word' id='word_1_93' title='bbox 732 1371 750 1402; x_wconf 74' lang='grc' dir='ltr'>ι</span> <span class='ocrx_word' id='word_1_94' title='bbox 786 1353 850 1407; x_wconf 89' lang='lat' dir='ltr'><strong>Ut</strong></span> <span class='ocrx_word' id='word_1_95' title='bbox 894 1366 1080 1407; x_wconf 82' lang='lat' dir='ltr'><strong>nomm</strong></span> <span class='ocrx_word' id='word_1_96' title='bbox 1114 1353 1314 1407; x_wconf 88' lang='lat' dir='ltr'><strong>faceret</strong></span> <span class='ocrx_word' id='word_1_97' title='bbox 1359 1354 1514 1407; x_wconf 89' lang='lat' dir='ltr'><strong>nobis</strong></span> <span class='ocrx_word' id='word_1_98' title='bbox 1543 1362 1939 1407; x_wconf 87' lang='lat' dir='ltr'><strong>sacramentum</strong></span> 
     </span>
    </p>
   </div>
   <div class='ocr_carea' id='block_1_14' title="bbox 358 1441 1935 1514">
    <p class='ocr_par' dir='ltr' id='par_1_14' title="bbox 358 1441 1935 1514">
     <span class='ocr_line' id='line_1_14' title="bbox 358 1441 1935 1514; baseline 0.002 -19"><span class='ocrx_word' id='word_1_99' title='bbox 358 1443 651 1497; x_wconf 73' lang='lat' dir='ltr'><strong>voluntatis</strong></span> <span class='ocrx_word' id='word_1_100' title='bbox 679 1459 821 1508; x_wconf 69' lang='lat' dir='ltr'><strong>sum,</strong></span> <span class='ocrx_word' id='word_1_101' title='bbox 852 1446 1146 1499; x_wconf 90' lang='lat' dir='ltr'><strong>secundum</strong></span> <span class='ocrx_word' id='word_1_102' title='bbox 1191 1444 1584 1514; x_wconf 86' lang='lat' dir='ltr'><strong>beneplacitum</strong></span> <span class='ocrx_word' id='word_1_103' title='bbox 1617 1441 1757 1511; x_wconf 91' lang='lat' dir='ltr'><strong>ejus,</strong></span> <span class='ocrx_word' id='word_1_104' title='bbox 1791 1444 1935 1514; x_wconf 88' lang='lat' dir='ltr'><strong>quod</strong></span> 
     </span>
    </p>
   </div>
   <div class='ocr_carea' id='block_1_15' title="bbox 359 1534 1936 1603">
    <p class='ocr_par' dir='ltr' id='par_1_15' title="bbox 359 1534 1936 1603">
     <span class='ocr_line' id='line_1_15' title="bbox 359 1534 1936 1603; baseline 0.002 -19"><span class='ocrx_word' id='word_1_105' title='bbox 359 1534 640 1603; x_wconf 88' lang='lat' dir='ltr'><strong>pr0posuit</strong></span> <span class='ocrx_word' id='word_1_106' title='bbox 672 1534 723 1586; x_wconf 92' lang='lat' dir='ltr'><strong>in</strong></span> <span class='ocrx_word' id='word_1_107' title='bbox 754 1548 819 1587; x_wconf 91' lang='lat' dir='ltr'><strong>eo</strong></span> <span class='ocrx_word' id='word_1_108' title='bbox 839 1572 854 1597; x_wconf 94' lang='lat'><strong>,</strong></span> <span class='ocrx_word' id='word_1_109' title='bbox 886 1534 938 1587; x_wconf 94' lang='lat' dir='ltr'><strong>in</strong></span> <span class='ocrx_word' id='word_1_110' title='bbox 975 1534 1374 1601; x_wconf 75' lang='lat' dir='ltr'><strong>dispensatione</strong></span> <span class='ocrx_word' id='word_1_111' title='bbox 1406 1534 1757 1603; x_wconf 88' lang='lat' dir='ltr'><strong>plenitudinis</strong></span> <span class='ocrx_word' id='word_1_112' title='bbox 1799 1543 1936 1587; x_wconf 89' lang='lat' dir='ltr'><strong>tem-</strong></span> 
     </span>
    </p>
   </div>
   <div class='ocr_carea' id='block_1_16' title="bbox 364 1620 1936 1692">
    <p class='ocr_par' dir='ltr' id='par_1_16' title="bbox 364 1620 1936 1692">
     <span class='ocr_line' id='line_1_16' title="bbox 364 1620 1936 1692; baseline 0.003 -19"><span class='ocrx_word' id='word_1_113' title='bbox 364 1636 574 1688; x_wconf 86' lang='lat' dir='ltr'><strong>porum,</strong></span> <span class='ocrx_word' id='word_1_114' title='bbox 614 1620 917 1675; x_wconf 88' lang='lat' dir='ltr'><strong>instaurare</strong></span> <span class='ocrx_word' id='word_1_115' title='bbox 946 1622 1123 1675; x_wconf 90' lang='lat' dir='ltr'><strong>omnia</strong></span> <span class='ocrx_word' id='word_1_116' title='bbox 1162 1623 1214 1675; x_wconf 92' lang='lat' dir='ltr'><strong>in</strong></span> <span class='ocrx_word' id='word_1_117' title='bbox 1243 1622 1460 1676; x_wconf 79' lang='lat' dir='ltr'><strong>Christo</strong></span> <span class='ocrx_word' id='word_1_118' title='bbox 1486 1662 1501 1688; x_wconf 93' lang='lat'><strong>,</strong></span> <span class='ocrx_word' id='word_1_119' title='bbox 1530 1638 1652 1692; x_wconf 74' lang='lat' dir='ltr'><strong>quae</strong></span> <span class='ocrx_word' id='word_1_120' title='bbox 1682 1622 1736 1676; x_wconf 90' lang='lat' dir='ltr'><strong>in</strong></span> <span class='ocrx_word' id='word_1_121' title='bbox 1763 1623 1936 1689; x_wconf 69' lang='lat' dir='ltr'><strong>caelis,</strong></span> 
     </span>
    </p>
   </div>
   <div class='ocr_carea' id='block_1_17' title="bbox 357 1710 1614 1781">
    <p class='ocr_par' dir='ltr' id='par_1_17' title="bbox 357 1710 1614 1781">
     <span class='ocr_line' id='line_1_17' title="bbox 357 1710 1614 1781; baseline 0.002 -18"><span class='ocrx_word' id='word_1_122' title='bbox 357 1719 417 1763; x_wconf 84' lang='lat' dir='ltr'><strong>et</strong></span> <span class='ocrx_word' id='word_1_123' title='bbox 439 1726 556 1778; x_wconf 75' lang='lat' dir='ltr'><strong>qua:</strong></span> <span class='ocrx_word' id='word_1_124' title='bbox 590 1710 643 1763; x_wconf 93' lang='lat' dir='ltr'><strong>in</strong></span> <span class='ocrx_word' id='word_1_125' title='bbox 678 1712 837 1764; x_wconf 86' lang='lat' dir='ltr'><strong>terris</strong></span> <span class='ocrx_word' id='word_1_126' title='bbox 876 1712 1080 1766; x_wconf 90' lang='lat' dir='ltr'><strong>suntin</strong></span> <span class='ocrx_word' id='word_1_127' title='bbox 1115 1712 1228 1780; x_wconf 91' lang='lat' dir='ltr'><strong>ipso</strong></span> <span class='ocrx_word' id='word_1_128' title='bbox 1263 1710 1475 1781; x_wconf 82' lang='lat' dir='ltr'><strong>(Ephes.</strong></span> <span class='ocrx_word' id='word_1_129' title='bbox 1500 1712 1563 1781; x_wconf 83' lang='grc' dir='ltr'><strong>ι).</strong></span> <span class='ocrx_word' id='word_1_130' title='bbox 1594 1731 1614 1766; x_wconf 70' lang='grc' dir='ltr'><strong><em>ι</em></strong></span> 
     </span>
    </p>
   </div>
   <div class='ocr_carea' id='block_1_18' title="bbox 428 1799 1931 1871">
    <p class='ocr_par' dir='ltr' id='par_1_18' title="bbox 428 1799 1931 1871">
     <span class='ocr_line' id='line_1_18' title="bbox 428 1799 1931 1871; baseline 0.001 -18"><span class='ocrx_word' id='word_1_131' title='bbox 428 1799 580 1853; x_wconf 84' lang='lat' dir='ltr'><strong>llanc</strong></span> <span class='ocrx_word' id='word_1_132' title='bbox 648 1801 830 1854; x_wconf 90' lang='lat' dir='ltr'><strong>mundi</strong></span> <span class='ocrx_word' id='word_1_133' title='bbox 884 1803 1285 1854; x_wconf 85' lang='lat' dir='ltr'><strong>renovationem</strong></span> <span class='ocrx_word' id='word_1_134' title='bbox 1340 1800 1505 1855; x_wconf 82' lang='lat' dir='ltr'><strong>David</strong></span> <span class='ocrx_word' id='word_1_135' title='bbox 1562 1800 1931 1871; x_wconf 68' lang='lat' dir='ltr'><strong>pmvidebat,</strong></span> 
     </span>
    </p>
   </div>
   <div class='ocr_carea' id='block_1_19' title="bbox 2046 624 3618 700">
    <p class='ocr_par' dir='ltr' id='par_1_19' title="bbox 2046 624 3618 700">
     <span class='ocr_line' id='line_1_19' title="bbox 2046 624 3618 700; baseline 0.006 -25"><span class='ocrx_word' id='word_1_136' title='bbox 2046 632 2177 686; x_wconf 86' lang='lat' dir='ltr'><strong>est,</strong></span> <span class='ocrx_word' id='word_1_137' title='bbox 2227 631 2426 677; x_wconf 66' lang='lat' dir='ltr'><strong>sancta:</strong></span> <span class='ocrx_word' id='word_1_138' title='bbox 2476 624 2794 677; x_wconf 82' lang='lat' dir='ltr'><strong>universalis</strong></span> <span class='ocrx_word' id='word_1_139' title='bbox 2842 624 3098 680; x_wconf 79' lang='lat' dir='ltr'><strong>Ecclesia:</strong></span> <span class='ocrx_word' id='word_1_140' title='bbox 3152 626 3409 681; x_wconf 79' lang='lat' dir='ltr'><strong>fabricam</strong></span> <span class='ocrx_word' id='word_1_141' title='bbox 3455 645 3618 700; x_wconf 85' lang='lat' dir='ltr'><strong>super</strong></span> 
     </span>
    </p>
   </div>
   <div class='ocr_carea' id='block_1_20' title="bbox 2044 714 3614 785">
    <p class='ocr_par' dir='ltr' id='par_1_20' title="bbox 2044 714 3614 785">
     <span class='ocr_line' id='line_1_20' title="bbox 2044 714 3614 785; baseline 0.007 -20"><span class='ocrx_word' id='word_1_142' title='bbox 2044 726 2276 783; x_wconf 83' lang='lat' dir='ltr'><strong>quatuor</strong></span> <span class='ocrx_word' id='word_1_143' title='bbox 2302 714 2680 784; x_wconf 90' lang='lat' dir='ltr'><strong>evangelistas,</strong></span> <span class='ocrx_word' id='word_1_144' title='bbox 2706 716 2859 784; x_wconf 87' lang='lat' dir='ltr'><strong>quasi</strong></span> <span class='ocrx_word' id='word_1_145' title='bbox 2889 731 3050 785; x_wconf 80' lang='lat' dir='ltr'><strong>Super</strong></span> <span class='ocrx_word' id='word_1_146' title='bbox 3083 717 3362 772; x_wconf 90' lang='lat' dir='ltr'><strong>columnas</strong></span> <span class='ocrx_word' id='word_1_147' title='bbox 3392 722 3614 776; x_wconf 87' lang='lat' dir='ltr'><strong>totidem</strong></span> 
     </span>
    </p>
   </div>
   <div class='ocr_carea' id='block_1_21' title="bbox 2042 804 3617 877">
    <p class='ocr_par' dir='ltr' id='par_1_21' title="bbox 2042 804 3617 877">
     <span class='ocr_line' id='line_1_21' title="bbox 2042 804 3617 877; baseline 0.004 -18"><span class='ocrx_word' id='word_1_148' title='bbox 2042 806 2308 859; x_wconf 88' lang='lat' dir='ltr'><strong>construit</strong></span> <span class='ocrx_word' id='word_1_149' title='bbox 2332 845 2347 870; x_wconf 92' lang='lat'><strong>,</strong></span> <span class='ocrx_word' id='word_1_150' title='bbox 2375 804 2511 860; x_wconf 91' lang='lat' dir='ltr'><strong>duas</strong></span> <span class='ocrx_word' id='word_1_151' title='bbox 2532 807 2773 875; x_wconf 89' lang='lat' dir='ltr'><strong>potiores</strong></span> <span class='ocrx_word' id='word_1_152' title='bbox 2810 816 2865 861; x_wconf 91' lang='lat' dir='ltr'><strong>et</strong></span> <span class='ocrx_word' id='word_1_153' title='bbox 2892 808 3138 877; x_wconf 86' lang='lat' dir='ltr'><strong>egregias</strong></span> <span class='ocrx_word' id='word_1_154' title='bbox 3165 808 3486 865; x_wconf 88' lang='lat' dir='ltr'><strong>altrinsecus</strong></span> <span class='ocrx_word' id='word_1_155' title='bbox 3531 828 3617 865; x_wconf 91' lang='lat' dir='ltr'><strong>or-</strong></span> 
     </span>
    </p>
   </div>
   <div class='ocr_carea' id='block_1_22' title="bbox 2045 898 3617 973">
    <p class='ocr_par' dir='ltr' id='par_1_22' title="bbox 2045 898 3617 973">
     <span class='ocr_line' id='line_1_22' title="bbox 2045 898 3617 973; baseline 0.004 -22"><span class='ocrx_word' id='word_1_156' title='bbox 2045 898 2195 951; x_wconf 90' lang='lat' dir='ltr'><strong>dinat</strong></span> <span class='ocrx_word' id='word_1_157' title='bbox 2218 936 2233 962; x_wconf 92' lang='lat'><strong>,</strong></span> <span class='ocrx_word' id='word_1_158' title='bbox 2258 898 2453 967; x_wconf 89' lang='lat' dir='ltr'><strong>quibus</strong></span> <span class='ocrx_word' id='word_1_159' title='bbox 2478 898 2686 952; x_wconf 85' lang='lat' dir='ltr'><strong>scilicet</strong></span> <span class='ocrx_word' id='word_1_160' title='bbox 2715 900 3171 971; x_wconf 87' lang='lat' dir='ltr'><strong>omnesurgentis</strong></span> <span class='ocrx_word' id='word_1_161' title='bbox 3196 903 3455 957; x_wconf 68' lang='lat' dir='ltr'><strong>machina:</strong></span> <span class='ocrx_word' id='word_1_162' title='bbox 3484 920 3617 973; x_wconf 66' lang='grc' dir='ltr'><strong>ρθιικ</strong></span> 
     </span>
    </p>
   </div>
   <div class='ocr_carea' id='block_1_23' title="bbox 2043 982 3613 1062">
    <p class='ocr_par' dir='ltr' id='par_1_23' title="bbox 2043 982 3613 1062">
     <span class='ocr_line' id='line_1_23' title="bbox 2043 982 3613 1062; baseline 0.005 -22"><span class='ocrx_word' id='word_1_163' title='bbox 2043 988 2142 1041; x_wconf 90' lang='lat' dir='ltr'><strong>dus</strong></span> <span class='ocrx_word' id='word_1_164' title='bbox 2170 988 2475 1054; x_wconf 87' lang='lat' dir='ltr'><strong>incumbat;</strong></span> <span class='ocrx_word' id='word_1_165' title='bbox 2502 988 2637 1043; x_wconf 90' lang='lat' dir='ltr'><strong>duas</strong></span> <span class='ocrx_word' id='word_1_166' title='bbox 2658 998 2834 1043; x_wconf 91' lang='lat' dir='ltr'><strong>autem</strong></span> <span class='ocrx_word' id='word_1_167' title='bbox 2869 991 3105 1046; x_wconf 89' lang='lat' dir='ltr'><strong>minores</strong></span> <span class='ocrx_word' id='word_1_168' title='bbox 3126 993 3177 1046; x_wconf 93' lang='lat' dir='ltr'><strong>in</strong></span> <span class='ocrx_word' id='word_1_169' title='bbox 3204 982 3380 1047; x_wconf 71' lang='lat' dir='ltr'><strong>melin</strong></span> <span class='ocrx_word' id='word_1_170' title='bbox 3403 998 3613 1062; x_wconf 75' lang='lat' dir='ltr'><strong>statuit,</strong></span> 
     </span>
    </p>
   </div>
   <div class='ocr_carea' id='block_1_24' title="bbox 2042 1076 3615 1148">
    <p class='ocr_par' dir='ltr' id='par_1_24' title="bbox 2042 1076 3615 1148">
     <span class='ocr_line' id='line_1_24' title="bbox 2042 1076 3615 1148; baseline 0.006 -19"><span class='ocrx_word' id='word_1_171' title='bbox 2042 1076 2228 1145; x_wconf 90' lang='lat' dir='ltr'><strong>sicque</strong></span> <span class='ocrx_word' id='word_1_172' title='bbox 2257 1077 2495 1133; x_wconf 74' lang='lat' dir='ltr'><strong>cmlestis</strong></span> <span class='ocrx_word' id='word_1_173' title='bbox 2530 1078 2746 1135; x_wconf 69' lang='lat' dir='ltr'><strong>fabrica:</strong></span> <span class='ocrx_word' id='word_1_174' title='bbox 2771 1079 3222 1148; x_wconf 70' lang='lat' dir='ltr'><strong>pulchritudinem</strong></span> <span class='ocrx_word' id='word_1_175' title='bbox 3270 1083 3475 1138; x_wconf 74' lang='lat' dir='ltr'><strong>alterna</strong></span> <span class='ocrx_word' id='word_1_176' title='bbox 3523 1102 3615 1139; x_wconf 88' lang='lat' dir='ltr'><strong>va-</strong></span> 
     </span>
    </p>
   </div>
   <div class='ocr_carea' id='block_1_25' title="bbox 2043 1166 3612 1242">
    <p class='ocr_par' dir='ltr' id='par_1_25' title="bbox 2043 1166 3612 1242">
     <span class='ocr_line' id='line_1_25' title="bbox 2043 1166 3612 1242; baseline 0.008 -25"><span class='ocrx_word' id='word_1_177' title='bbox 2043 1166 2234 1220; x_wconf 67' lang='lat' dir='ltr'><strong>rietate</strong></span> <span class='ocrx_word' id='word_1_178' title='bbox 2264 1167 2588 1237; x_wconf 79' lang='lat' dir='ltr'><strong>distinguit,</strong></span> <span class='ocrx_word' id='word_1_179' title='bbox 2639 1178 2698 1223; x_wconf 92' lang='lat' dir='ltr'><strong>ut</strong></span> <span class='ocrx_word' id='word_1_180' title='bbox 2745 1169 3024 1238; x_wconf 81' lang='lat' dir='ltr'><strong>pluralitas</strong></span> <span class='ocrx_word' id='word_1_181' title='bbox 3066 1174 3131 1226; x_wconf 92' lang='lat' dir='ltr'><strong>ad</strong></span> <span class='ocrx_word' id='word_1_182' title='bbox 3168 1172 3612 1242; x_wconf 80' lang='lat' dir='ltr'><strong>fundamentum,</strong></span> 
     </span>
    </p>
   </div>
   <div class='ocr_carea' id='block_1_26' title="bbox 2040 1254 3615 1333">
    <p class='ocr_par' dir='ltr' id='par_1_26' title="bbox 2040 1254 3615 1333">
     <span class='ocr_line' id='line_1_26' title="bbox 2040 1254 3615 1333; baseline 0.008 -26"><span class='ocrx_word' id='word_1_183' title='bbox 2040 1254 2326 1311; x_wconf 82' lang='lat' dir='ltr'><strong>diversitas</strong></span> <span class='ocrx_word' id='word_1_184' title='bbox 2372 1257 2637 1326; x_wconf 87' lang='lat' dir='ltr'><strong>pertineat</strong></span> <span class='ocrx_word' id='word_1_185' title='bbox 2676 1260 2743 1313; x_wconf 87' lang='lat' dir='ltr'><strong>ad</strong></span> <span class='ocrx_word' id='word_1_186' title='bbox 2788 1270 3041 1313; x_wconf 87' lang='lat' dir='ltr'><strong>ornatqu</strong></span> <span class='ocrx_word' id='word_1_187' title='bbox 3071 1300 3085 1325; x_wconf 93' lang='lat'><strong>,</strong></span> <span class='ocrx_word' id='word_1_188' title='bbox 3123 1272 3177 1315; x_wconf 93' lang='lat' dir='ltr'><strong>et</strong></span> <span class='ocrx_word' id='word_1_189' title='bbox 3212 1262 3451 1317; x_wconf 91' lang='lat' dir='ltr'><strong>divinum</strong></span> <span class='ocrx_word' id='word_1_190' title='bbox 3478 1280 3615 1333; x_wconf 89' lang='lat' dir='ltr'><strong>opus</strong></span> 
     </span>
    </p>
   </div>
   <div class='ocr_carea' id='block_1_27' title="bbox 2040 1343 3615 1414">
    <p class='ocr_par' dir='ltr' id='par_1_27' title="bbox 2040 1343 3615 1414">
     <span class='ocr_line' id='line_1_27' title="bbox 2040 1343 3615 1414; baseline 0.008 -19"><span class='ocrx_word' id='word_1_191' title='bbox 2040 1343 2119 1396; x_wconf 91' lang='lat' dir='ltr'><strong>sic</strong></span> <span class='ocrx_word' id='word_1_192' title='bbox 2149 1343 2343 1397; x_wconf 88' lang='lat' dir='ltr'><strong>robore</strong></span> <span class='ocrx_word' id='word_1_193' title='bbox 2384 1354 2697 1414; x_wconf 88' lang='lat' dir='ltr'><strong>permaneat</strong></span> <span class='ocrx_word' id='word_1_194' title='bbox 2720 1346 3122 1413; x_wconf 90' lang='lat' dir='ltr'><strong>inconcussum,</strong></span> <span class='ocrx_word' id='word_1_195' title='bbox 3149 1360 3205 1403; x_wconf 95' lang='lat' dir='ltr'><strong>ut</strong></span> <span class='ocrx_word' id='word_1_196' title='bbox 3238 1351 3309 1404; x_wconf 89' lang='lat' dir='ltr'><strong>sit</strong></span> <span class='ocrx_word' id='word_1_197' title='bbox 3328 1354 3490 1406; x_wconf 86' lang='lat' dir='ltr'><strong>ctiam</strong></span> <span class='ocrx_word' id='word_1_198' title='bbox 3520 1369 3615 1408; x_wconf 88' lang='lat' dir='ltr'><strong>va-</strong></span> 
     </span>
    </p>
   </div>
   <div class='ocr_carea' id='block_1_28' title="bbox 2041 1430 3617 1506">
    <p class='ocr_par' dir='ltr' id='par_1_28' title="bbox 2041 1430 3617 1506">
     <span class='ocr_line' id='line_1_28' title="bbox 2041 1430 3617 1506; baseline 0.009 -23"><span class='ocrx_word' id='word_1_199' title='bbox 2041 1430 2233 1485; x_wconf 86' lang='lat' dir='ltr'><strong>rietate</strong></span> <span class='ocrx_word' id='word_1_200' title='bbox 2258 1434 2630 1500; x_wconf 89' lang='lat' dir='ltr'><strong>conspicuum.</strong></span> <span class='ocrx_word' id='word_1_201' title='bbox 2681 1433 2806 1490; x_wconf 57' lang='lat' dir='ltr'><strong>Haec</strong></span> <span class='ocrx_word' id='word_1_202' title='bbox 2850 1437 3082 1506; x_wconf 88' lang='lat' dir='ltr'><strong>denique</strong></span> <span class='ocrx_word' id='word_1_203' title='bbox 3110 1449 3340 1506; x_wconf 89' lang='lat' dir='ltr'><strong>quatuor</strong></span> <span class='ocrx_word' id='word_1_204' title='bbox 3364 1450 3489 1495; x_wconf 91' lang='lat' dir='ltr'><strong>sunt</strong></span> <span class='ocrx_word' id='word_1_205' title='bbox 3522 1458 3617 1498; x_wconf 84' lang='lat' dir='ltr'><strong>co-</strong></span> 
     </span>
    </p>
   </div>
   <div class='ocr_carea' id='block_1_29' title="bbox 2041 1520 3612 1601">
    <p class='ocr_par' dir='ltr' id='par_1_29' title="bbox 2041 1520 3612 1601">
     <span class='ocr_line' id='line_1_29' title="bbox 2041 1520 3612 1601; baseline 0.008 -30"><span class='ocrx_word' id='word_1_206' title='bbox 2041 1520 2235 1576; x_wconf 75' lang='lat' dir='ltr'><strong>lumna:</strong></span> <span class='ocrx_word' id='word_1_207' title='bbox 2261 1562 2277 1585; x_wconf 93' lang='lat'><strong>,</strong></span> <span class='ocrx_word' id='word_1_208' title='bbox 2304 1522 2370 1577; x_wconf 92' lang='lat' dir='ltr'><strong>de</strong></span> <span class='ocrx_word' id='word_1_209' title='bbox 2414 1524 2610 1593; x_wconf 89' lang='lat' dir='ltr'><strong>quibus</strong></span> <span class='ocrx_word' id='word_1_210' title='bbox 2636 1525 2704 1579; x_wconf 91' lang='lat' dir='ltr'><strong>ad</strong></span> <span class='ocrx_word' id='word_1_211' title='bbox 2738 1525 2955 1596; x_wconf 84' lang='lat' dir='ltr'><strong>Moysen</strong></span> <span class='ocrx_word' id='word_1_212' title='bbox 2981 1525 3178 1582; x_wconf 72' lang='lat' dir='ltr'><strong>dicitur</strong></span> <span class='ocrx_word' id='word_1_213' title='bbox 3201 1567 3216 1591; x_wconf 93' lang='lat'><strong>,</strong></span> <span class='ocrx_word' id='word_1_214' title='bbox 3248 1544 3370 1582; x_wconf 91' lang='lat' dir='ltr'><strong>cum</strong></span> <span class='ocrx_word' id='word_1_215' title='bbox 3402 1530 3453 1584; x_wconf 93' lang='lat' dir='ltr'><strong>in</strong></span> <span class='ocrx_word' id='word_1_216' title='bbox 3486 1540 3612 1601; x_wconf 89' lang='lat' dir='ltr'><strong>typo</strong></span> 
     </span>
    </p>
   </div>
   <div class='ocr_carea' id='block_1_30' title="bbox 1988 1603 3611 1686">
    <p class='ocr_par' dir='ltr' id='par_1_30' title="bbox 1988 1603 3611 1686">
     <span class='ocr_line' id='line_1_30' title="bbox 1988 1603 3611 1686; baseline 0.007 -21"><span class='ocrx_word' id='word_1_217' title='bbox 1988 1603 2297 1667; x_wconf 60' lang='lat' dir='ltr'><strong>&quot;Ecclesia:</strong></span> <span class='ocrx_word' id='word_1_218' title='bbox 2326 1614 2728 1669; x_wconf 87' lang='lat' dir='ltr'><strong>tabernaculum</strong></span> <span class='ocrx_word' id='word_1_219' title='bbox 2754 1613 3009 1686; x_wconf 77' lang='lat' dir='ltr'><strong>figeretur</strong></span> <span class='ocrx_word' id='word_1_220' title='bbox 3033 1634 3046 1670; x_wconf 92' lang='lat'>:</span> <span class='ocrx_word' id='word_1_221' title='bbox 3074 1636 3091 1669; x_wconf 69' lang='grc' dir='ltr'>ι</span> <span class='ocrx_word' id='word_1_222' title='bbox 3122 1616 3311 1672; x_wconf 86' lang='lat' dir='ltr'><strong>Facies</strong></span> <span class='ocrx_word' id='word_1_223' title='bbox 3335 1619 3611 1676; x_wconf 83' lang='lat' dir='ltr'><strong>columnas</strong></span> 
     </span>
    </p>
   </div>
   <div class='ocr_carea' id='block_1_31' title="bbox 2034 1705 3609 1778">
    <p class='ocr_par' dir='ltr' id='par_1_31' title="bbox 2034 1705 3609 1778">
     <span class='ocr_line' id='line_1_31' title="bbox 2034 1705 3609 1778; baseline 0.008 -25"><span class='ocrx_word' id='word_1_224' title='bbox 2034 1712 2304 1771; x_wconf 87' lang='lat' dir='ltr'><strong>quatuor,</strong></span> <span class='ocrx_word' id='word_1_225' title='bbox 2344 1711 2400 1759; x_wconf 90' lang='lat' dir='ltr'><strong>et</strong></span> <span class='ocrx_word' id='word_1_226' title='bbox 2442 1705 2597 1759; x_wconf 88' lang='lat' dir='ltr'><strong>bases</strong></span> <span class='ocrx_word' id='word_1_227' title='bbox 2632 1720 2819 1759; x_wconf 90' lang='lat' dir='ltr'><strong>earum</strong></span> <span class='ocrx_word' id='word_1_228' title='bbox 2864 1706 3087 1760; x_wconf 88' lang='lat' dir='ltr'><strong>vestitas</strong></span> <span class='ocrx_word' id='word_1_229' title='bbox 3136 1717 3360 1778; x_wconf 89' lang='lat' dir='ltr'><strong>argento</strong></span> <span class='ocrx_word' id='word_1_230' title='bbox 3401 1708 3609 1778; x_wconf 70' lang='lat'><strong>(£304.</strong></span> 
     </span>
    </p>
   </div>
   <div class='ocr_carea' id='block_1_32' title="bbox 2037 1793 3615 1865">
    <p class='ocr_par' dir='ltr' id='par_1_32' title="bbox 2037 1793 3615 1865">
     <span class='ocr_line' id='line_1_32' title="bbox 2037 1793 3615 1865; baseline 0.006 -20"><span class='ocrx_word' id='word_1_231' title='bbox 2037 1794 2258 1862; x_wconf 70' lang='lat' dir='ltr'><strong>xxvn).i</strong></span> <span class='ocrx_word' id='word_1_232' title='bbox 2286 1793 2341 1847; x_wconf 91' lang='lat' dir='ltr'><strong>In</strong></span> <span class='ocrx_word' id='word_1_233' title='bbox 2367 1803 2589 1863; x_wconf 88' lang='lat' dir='ltr'><strong>argento</strong></span> <span class='ocrx_word' id='word_1_234' title='bbox 2615 1794 2758 1849; x_wconf 92' lang='lat' dir='ltr'><strong>enim</strong></span> <span class='ocrx_word' id='word_1_235' title='bbox 2788 1794 2916 1864; x_wconf 89' lang='lat' dir='ltr'><strong>quid</strong></span> <span class='ocrx_word' id='word_1_236' title='bbox 2946 1795 3088 1850; x_wconf 89' lang='lat' dir='ltr'><strong>aliud</strong></span> <span class='ocrx_word' id='word_1_237' title='bbox 3105 1811 3265 1865; x_wconf 90' lang='lat' dir='ltr'><strong>qnam</strong></span> <span class='ocrx_word' id='word_1_238' title='bbox 3288 1796 3505 1853; x_wconf 57' lang='lat' dir='ltr'><strong>diritas</strong></span> <span class='ocrx_word' id='word_1_239' title='bbox 3529 1799 3615 1855; x_wconf 18' lang='lat' dir='ltr'><strong>di—V</strong></span> 
     </span>
    </p>
   </div>
   <div class='ocr_carea' id='block_1_33' title="bbox 354 1882 1926 1960">
    <p class='ocr_par' dir='ltr' id='par_1_33' title="bbox 354 1890 1926 1960">
     <span class='ocr_line' id='line_1_33' title="bbox 354 1890 1926 1960; baseline 0.002 -16"><span class='ocrx_word' id='word_1_240' title='bbox 354 1905 478 1944; x_wconf 89' lang='lat' dir='ltr'><strong>cum</strong></span> <span class='ocrx_word' id='word_1_241' title='bbox 522 1890 811 1960; x_wconf 88' lang='lat' dir='ltr'><strong>aliquando</strong></span> <span class='ocrx_word' id='word_1_242' title='bbox 841 1906 1026 1945; x_wconf 79' lang='lat' dir='ltr'><strong>coram</strong></span> <span class='ocrx_word' id='word_1_243' title='bbox 1079 1891 1308 1944; x_wconf 90' lang='lat' dir='ltr'><strong>Domino</strong></span> <span class='ocrx_word' id='word_1_244' title='bbox 1356 1892 1683 1946; x_wconf 91' lang='lat' dir='ltr'><strong>constitutus</strong></span> <span class='ocrx_word' id='word_1_245' title='bbox 1729 1902 1926 1947; x_wconf 88' lang='lat' dir='ltr'><strong>oraret.</strong></span> 
     </span>
    </p>
   </div>
   <div class='ocr_carea' id='block_1_34' title="bbox 2024 1882 3609 1960">
    <p class='ocr_par' dir='ltr' id='par_1_34' title="bbox 2038 1884 3609 1960">
     <span class='ocr_line' id='line_1_34' title="bbox 2038 1884 3609 1960; baseline 0.005 -24"><span class='ocrx_word' id='word_1_246' title='bbox 2038 1884 2147 1938; x_wconf 91' lang='lat' dir='ltr'><strong>vini</strong></span> <span class='ocrx_word' id='word_1_247' title='bbox 2169 1886 2435 1940; x_wconf 87' lang='lat' dir='ltr'><strong>sermonis</strong></span> <span class='ocrx_word' id='word_1_248' title='bbox 2449 1885 2747 1955; x_wconf 77' lang='lat' dir='ltr'><strong>accipitur?</strong></span> <span class='ocrx_word' id='word_1_249' title='bbox 2762 1884 2911 1940; x_wconf 86' lang='lat' dir='ltr'><strong>Sicut</strong></span> <span class='ocrx_word' id='word_1_250' title='bbox 2932 1886 3190 1958; x_wconf 91' lang='lat' dir='ltr'><strong>scriptum</strong></span> <span class='ocrx_word' id='word_1_251' title='bbox 3213 1899 3324 1943; x_wconf 91' lang='lat' dir='ltr'><strong>est:</strong></span> <span class='ocrx_word' id='word_1_252' title='bbox 3344 1906 3366 1943; x_wconf 71' lang='grc' dir='ltr'>ι</span> <span class='ocrx_word' id='word_1_253' title='bbox 3386 1888 3609 1960; x_wconf 73' lang='lat' dir='ltr'><strong>Eloqui:</strong></span> 
     </span>
    </p>
   </div>
   <div class='ocr_carea' id='block_1_35' title="bbox 354 1979 1932 2057">
    <p class='ocr_par' dir='ltr' id='par_1_35' title="bbox 354 1979 1932 2057">
     <span class='ocr_line' id='line_1_35' title="bbox 354 1979 1932 2057; baseline 0.003 -24"><span class='ocrx_word' id='word_1_254' title='bbox 354 1979 489 2033; x_wconf 82' lang='lat' dir='ltr'><strong>Nam</strong></span> <span class='ocrx_word' id='word_1_255' title='bbox 533 1997 655 2035; x_wconf 90' lang='lat' dir='ltr'><strong>cum</strong></span> <span class='ocrx_word' id='word_1_256' title='bbox 708 1996 805 2051; x_wconf 87' lang='lat' dir='ltr'><strong>per</strong></span> <span class='ocrx_word' id='word_1_257' title='bbox 856 1980 1070 2036; x_wconf 87' lang='lat' dir='ltr'><strong>Nathan</strong></span> <span class='ocrx_word' id='word_1_258' title='bbox 1130 1984 1446 2057; x_wconf 77' lang='lat' dir='ltr'><strong>prophetam</strong></span> <span class='ocrx_word' id='word_1_259' title='bbox 1491 1982 1777 2038; x_wconf 88' lang='lat' dir='ltr'><strong>clementia</strong></span> <span class='ocrx_word' id='word_1_260' title='bbox 1828 1984 1932 2038; x_wconf 87' lang='lat' dir='ltr'><strong>sibi</strong></span> 
     </span>
    </p>
   </div>
   <div class='ocr_carea' id='block_1_36' title="bbox 353 2069 1935 2142">
    <p class='ocr_par' dir='ltr' id='par_1_36' title="bbox 353 2069 1935 2142">
     <span class='ocr_line' id='line_1_36' title="bbox 353 2069 1935 2142; baseline 0.002 -18"><span class='ocrx_word' id='word_1_261' title='bbox 353 2069 533 2124; x_wconf 80' lang='lat' dir='ltr'><strong>divina</strong></span> <span class='ocrx_word' id='word_1_262' title='bbox 562 2071 925 2140; x_wconf 84' lang='lat' dir='ltr'><strong>promitteret,</strong></span> <span class='ocrx_word' id='word_1_263' title='bbox 970 2086 1035 2125; x_wconf 86' lang='lat' dir='ltr'><strong>ex</strong></span> <span class='ocrx_word' id='word_1_264' title='bbox 1066 2071 1184 2141; x_wconf 87' lang='lat' dir='ltr'><strong>ejus</strong></span> <span class='ocrx_word' id='word_1_265' title='bbox 1214 2071 1422 2125; x_wconf 90' lang='lat' dir='ltr'><strong>semine</strong></span> <span class='ocrx_word' id='word_1_266' title='bbox 1478 2070 1811 2125; x_wconf 82' lang='lat' dir='ltr'><strong>nasciturum</strong></span> <span class='ocrx_word' id='word_1_267' title='bbox 1840 2073 1935 2142; x_wconf 91' lang='lat' dir='ltr'><strong>qui</strong></span> 
     </span>
    </p>
   </div>
   <div class='ocr_carea' id='block_1_37' title="bbox 352 2151 1931 2229">
    <p class='ocr_par' dir='ltr' id='par_1_37' title="bbox 352 2151 1931 2229">
     <span class='ocr_line' id='line_1_37' title="bbox 352 2151 1931 2229; baseline 0.001 -16"><span class='ocrx_word' id='word_1_268' title='bbox 352 2174 453 2213; x_wconf 87' lang='lat' dir='ltr'><strong>suo</strong></span> <span class='ocrx_word' id='word_1_269' title='bbox 475 2167 664 2213; x_wconf 78' lang='lat' dir='ltr'><strong>Sancto</strong></span> <span class='ocrx_word' id='word_1_270' title='bbox 687 2159 888 2213; x_wconf 90' lang='lat' dir='ltr'><strong>nomini</strong></span> <span class='ocrx_word' id='word_1_271' title='bbox 913 2168 1255 2215; x_wconf 88' lang='lat' dir='ltr'><strong>construeret</strong></span> <span class='ocrx_word' id='word_1_272' title='bbox 1279 2159 1557 2229; x_wconf 91' lang='lat' dir='ltr'><strong>templum,</strong></span> <span class='ocrx_word' id='word_1_273' title='bbox 1583 2170 1639 2214; x_wconf 89' lang='lat' dir='ltr'><strong>et</strong></span> <span class='ocrx_word' id='word_1_274' title='bbox 1658 2151 1931 2215; x_wconf 82' lang='lat' dir='ltr'><strong>Christum</strong></span> 
     </span>
    </p>
   </div>
   <div class='ocr_carea' id='block_1_38' title="bbox 353 2247 1928 2318">
    <p class='ocr_par' dir='ltr' id='par_1_38' title="bbox 353 2247 1928 2318">
     <span class='ocr_line' id='line_1_38' title="bbox 353 2247 1928 2318; baseline 0.002 -17"><span class='ocrx_word' id='word_1_275' title='bbox 353 2247 641 2301; x_wconf 80' lang='lat' dir='ltr'><strong>manifeste</strong></span> <span class='ocrx_word' id='word_1_276' title='bbox 667 2248 993 2303; x_wconf 88' lang='lat' dir='ltr'><strong>denuntians</strong></span> <span class='ocrx_word' id='word_1_277' title='bbox 1021 2289 1036 2314; x_wconf 95' lang='lat'><strong>,</strong></span> <span class='ocrx_word' id='word_1_278' title='bbox 1065 2248 1349 2318; x_wconf 87' lang='lat' dir='ltr'><strong>adjecisset</strong></span> <span class='ocrx_word' id='word_1_279' title='bbox 1375 2266 1388 2302; x_wconf 90' lang='lat'>:</span> <span class='ocrx_word' id='word_1_280' title='bbox 1427 2267 1445 2300; x_wconf 72' lang='grc' dir='ltr'>ι</span> <span class='ocrx_word' id='word_1_281' title='bbox 1479 2247 1592 2318; x_wconf 87' lang='lat' dir='ltr'><strong>Ego</strong></span> <span class='ocrx_word' id='word_1_282' title='bbox 1632 2262 1727 2303; x_wconf 92' lang='lat' dir='ltr'><strong>ero</strong></span> <span class='ocrx_word' id='word_1_283' title='bbox 1772 2248 1846 2303; x_wconf 89' lang='lat' dir='ltr'><strong>illi</strong></span> <span class='ocrx_word' id='word_1_284' title='bbox 1878 2250 1928 2305; x_wconf 95' lang='lat' dir='ltr'><strong>in</strong></span> 
     </span>
    </p>
   </div>
   <div class='ocr_carea' id='block_1_39' title="bbox 350 2337 1925 2411">
    <p class='ocr_par' dir='ltr' id='par_1_39' title="bbox 350 2337 1925 2411">
     <span class='ocr_line' id='line_1_39' title="bbox 350 2337 1925 2411; baseline 0.001 -19"><span class='ocrx_word' id='word_1_285' title='bbox 350 2345 579 2407; x_wconf 88' lang='lat' dir='ltr'><strong>patrem,</strong></span> <span class='ocrx_word' id='word_1_286' title='bbox 610 2347 665 2392; x_wconf 89' lang='lat' dir='ltr'><strong>et</strong></span> <span class='ocrx_word' id='word_1_287' title='bbox 690 2340 803 2408; x_wconf 86' lang='lat' dir='ltr'><strong>ipse</strong></span> <span class='ocrx_word' id='word_1_288' title='bbox 828 2340 931 2394; x_wconf 92' lang='lat' dir='ltr'><strong>erit</strong></span> <span class='ocrx_word' id='word_1_289' title='bbox 958 2339 1087 2394; x_wconf 92' lang='lat' dir='ltr'><strong>mihi</strong></span> <span class='ocrx_word' id='word_1_290' title='bbox 1133 2338 1188 2393; x_wconf 92' lang='lat' dir='ltr'><strong>in</strong></span> <span class='ocrx_word' id='word_1_291' title='bbox 1236 2338 1403 2393; x_wconf 87' lang='lat' dir='ltr'><strong>filium</strong></span> <span class='ocrx_word' id='word_1_292' title='bbox 1448 2337 1532 2409; x_wconf 87' lang='lat' dir='ltr'><strong>(ll</strong></span> <span class='ocrx_word' id='word_1_293' title='bbox 1558 2338 1867 2411; x_wconf 15' lang='lat' dir='ltr'><strong>Reg.ivn);</strong></span> <span class='ocrx_word' id='word_1_294' title='bbox 1906 2360 1925 2393; x_wconf 77' lang='grc' dir='ltr'><strong><em>ι</em></strong></span> 
     </span>
    </p>
   </div>
   <div class='ocr_carea' id='block_1_40' title="bbox 355 2428 1931 2500">
    <p class='ocr_par' dir='ltr' id='par_1_40' title="bbox 355 2428 1931 2500">
     <span class='ocr_line' id='line_1_40' title="bbox 355 2428 1931 2500; baseline 0.001 -17"><span class='ocrx_word' id='word_1_295' title='bbox 355 2443 589 2498; x_wconf 77' lang='lat' dir='ltr'><strong>moxque</strong></span> <span class='ocrx_word' id='word_1_296' title='bbox 619 2429 915 2483; x_wconf 88' lang='lat' dir='ltr'><strong>Ecclesiam</strong></span> <span class='ocrx_word' id='word_1_297' title='bbox 945 2470 959 2495; x_wconf 91' lang='lat'><strong>,</strong></span> <span class='ocrx_word' id='word_1_298' title='bbox 987 2444 1107 2499; x_wconf 66' lang='lat' dir='ltr'><strong>quae</strong></span> <span class='ocrx_word' id='word_1_299' title='bbox 1151 2444 1349 2500; x_wconf 88' lang='lat' dir='ltr'><strong>corpus</strong></span> <span class='ocrx_word' id='word_1_300' title='bbox 1376 2439 1459 2483; x_wconf 90' lang='lat' dir='ltr'><strong>est</strong></span> <span class='ocrx_word' id='word_1_301' title='bbox 1484 2428 1684 2484; x_wconf 88' lang='lat' dir='ltr'><strong>Christi</strong></span> <span class='ocrx_word' id='word_1_302' title='bbox 1710 2469 1724 2493; x_wconf 87' lang='lat'><strong>,</strong></span> <span class='ocrx_word' id='word_1_303' title='bbox 1756 2430 1931 2499; x_wconf 82' lang='lat' dir='ltr'><strong>quatis</strong></span> 
     </span>
    </p>
   </div>
   <div class='ocr_carea' id='block_1_41' title="bbox 350 2516 1931 2586">
    <p class='ocr_par' dir='ltr' id='par_1_41' title="bbox 350 2516 1931 2586">
     <span class='ocr_line' id='line_1_41' title="bbox 350 2516 1931 2586; baseline 0 -13"><span class='ocrx_word' id='word_1_304' title='bbox 350 2524 499 2573; x_wconf 87' lang='lat' dir='ltr'><strong>esset</strong></span> <span class='ocrx_word' id='word_1_305' title='bbox 545 2516 725 2571; x_wconf 89' lang='lat' dir='ltr'><strong>futura</strong></span> <span class='ocrx_word' id='word_1_306' title='bbox 775 2517 1116 2586; x_wconf 84' lang='lat' dir='ltr'><strong>depromeret</strong></span> <span class='ocrx_word' id='word_1_307' title='bbox 1163 2517 1392 2572; x_wconf 70' lang='lat' dir='ltr'><strong>dicens:</strong></span> <span class='ocrx_word' id='word_1_308' title='bbox 1439 2536 1457 2568; x_wconf 71' lang='grc' dir='ltr'>ι</span> <span class='ocrx_word' id='word_1_309' title='bbox 1493 2517 1560 2571; x_wconf 84' lang='grc' dir='ltr'><strong>Ει</strong></span> <span class='ocrx_word' id='word_1_310' title='bbox 1607 2516 1782 2573; x_wconf 87' lang='lat' dir='ltr'><strong>fidelis</strong></span> <span class='ocrx_word' id='word_1_311' title='bbox 1826 2518 1931 2573; x_wconf 91' lang='lat' dir='ltr'><strong>erit</strong></span> 
     </span>
    </p>
   </div>
   <div class='ocr_carea' id='block_1_42' title="bbox 350 2603 1929 2677">
    <p class='ocr_par' dir='ltr' id='par_1_42' title="bbox 350 2603 1929 2677">
     <span class='ocr_line' id='line_1_42' title="bbox 350 2603 1929 2677; baseline 0.003 -20"><span class='ocrx_word' id='word_1_312' title='bbox 350 2603 542 2658; x_wconf 91' lang='lat' dir='ltr'><strong>domus</strong></span> <span class='ocrx_word' id='word_1_313' title='bbox 590 2613 711 2671; x_wconf 88' lang='lat' dir='ltr'><strong>tua,</strong></span> <span class='ocrx_word' id='word_1_314' title='bbox 758 2614 812 2660; x_wconf 89' lang='lat' dir='ltr'><strong>et</strong></span> <span class='ocrx_word' id='word_1_315' title='bbox 867 2621 1090 2677; x_wconf 79' lang='lat' dir='ltr'><strong>regnum</strong></span> <span class='ocrx_word' id='word_1_316' title='bbox 1141 2614 1288 2659; x_wconf 92' lang='lat' dir='ltr'><strong>tuum</strong></span> <span class='ocrx_word' id='word_1_317' title='bbox 1340 2620 1507 2675; x_wconf 87' lang='lat' dir='ltr'><strong>usque</strong></span> <span class='ocrx_word' id='word_1_318' title='bbox 1568 2606 1622 2660; x_wconf 94' lang='lat' dir='ltr'><strong>in</strong></span> <span class='ocrx_word' id='word_1_319' title='bbox 1669 2616 1929 2662; x_wconf 66' lang='lat' dir='ltr'><strong>aeternum</strong></span> 
     </span>
    </p>
   </div>
   <div class='ocr_carea' id='block_1_43' title="bbox 351 2695 1930 2762">
    <p class='ocr_par' dir='ltr' id='par_1_43' title="bbox 351 2695 1930 2762">
     <span class='ocr_line' id='line_1_43' title="bbox 351 2695 1930 2762; baseline 0.006 -14"><span class='ocrx_word' id='word_1_320' title='bbox 351 2704 478 2749; x_wconf 90' lang='lat' dir='ltr'><strong>aute</strong></span> <span class='ocrx_word' id='word_1_321' title='bbox 531 2695 721 2751; x_wconf 77' lang='lat' dir='ltr'><strong>faciem</strong></span> <span class='ocrx_word' id='word_1_322' title='bbox 773 2712 979 2762; x_wconf 87' lang='lat' dir='ltr'><strong>meam,</strong></span> <span class='ocrx_word' id='word_1_323' title='bbox 1033 2706 1089 2752; x_wconf 91' lang='lat' dir='ltr'><strong>et</strong></span> <span class='ocrx_word' id='word_1_324' title='bbox 1145 2698 1370 2753; x_wconf 89' lang='lat' dir='ltr'><strong>thronus</strong></span> <span class='ocrx_word' id='word_1_325' title='bbox 1424 2708 1547 2754; x_wconf 90' lang='lat' dir='ltr'><strong>tuus</strong></span> <span class='ocrx_word' id='word_1_326' title='bbox 1597 2700 1703 2754; x_wconf 92' lang='lat' dir='ltr'><strong>erit</strong></span> <span class='ocrx_word' id='word_1_327' title='bbox 1742 2701 1930 2757; x_wconf 85' lang='lat' dir='ltr'><strong>lirnms</strong></span> 
     </span>
    </p>
   </div>
   <div class='ocr_carea' id='block_1_44' title="bbox 342 2784 1933 2858">
    <p class='ocr_par' dir='ltr' id='par_1_44' title="bbox 342 2784 1933 2858">
     <span class='ocr_line' id='line_1_44' title="bbox 342 2784 1933 2858; baseline 0.008 -21"><span class='ocrx_word' id='word_1_328' title='bbox 342 2784 566 2857; x_wconf 85' lang='lat' dir='ltr'><strong>jngiter.</strong></span> <span class='ocrx_word' id='word_1_329' title='bbox 600 2806 619 2839; x_wconf 73' lang='grc' dir='ltr'>ι</span> <span class='ocrx_word' id='word_1_330' title='bbox 678 2788 764 2841; x_wconf 85' lang='lat' dir='ltr'><strong>Ille</strong></span> <span class='ocrx_word' id='word_1_331' title='bbox 796 2789 997 2858; x_wconf 89' lang='lat' dir='ltr'><strong>gratias</strong></span> <span class='ocrx_word' id='word_1_332' title='bbox 1040 2803 1231 2858; x_wconf 83' lang='lat' dir='ltr'><strong>agens,</strong></span> <span class='ocrx_word' id='word_1_333' title='bbox 1263 2789 1403 2843; x_wconf 90' lang='lat' dir='ltr'><strong>inter</strong></span> <span class='ocrx_word' id='word_1_334' title='bbox 1439 2797 1638 2845; x_wconf 65' lang='lat' dir='ltr'><strong>caetera</strong></span> <span class='ocrx_word' id='word_1_335' title='bbox 1667 2793 1933 2851; x_wconf 60' lang='lat' dir='ltr'><strong>orationis,</strong></span> 
     </span>
    </p>
   </div>
   <div class='ocr_carea' id='block_1_45' title="bbox 349 2876 1927 2949">
    <p class='ocr_par' dir='ltr' id='par_1_45' title="bbox 349 2876 1927 2949">
     <span class='ocr_line' id='line_1_45' title="bbox 349 2876 1927 2949; baseline 0.004 -19"><span class='ocrx_word' id='word_1_336' title='bbox 349 2890 464 2930; x_wconf 75' lang='lat' dir='ltr'><strong>sua:</strong></span> <span class='ocrx_word' id='word_1_337' title='bbox 517 2876 676 2931; x_wconf 89' lang='lat' dir='ltr'><strong>verba</strong></span> <span class='ocrx_word' id='word_1_338' title='bbox 715 2877 879 2948; x_wconf 68' lang='lat'><strong>260</strong></span> <span class='ocrx_word' id='word_1_339' title='bbox 921 2877 999 2932; x_wconf 91' lang='lat' dir='ltr'><strong>sic</strong></span> <span class='ocrx_word' id='word_1_340' title='bbox 1038 2877 1158 2931; x_wconf 89' lang='lat' dir='ltr'><strong>ait:</strong></span> <span class='ocrx_word' id='word_1_341' title='bbox 1196 2896 1214 2929; x_wconf 76' lang='grc' dir='ltr'>ι</span> <span class='ocrx_word' id='word_1_342' title='bbox 1253 2878 1357 2931; x_wconf 90' lang='lat' dir='ltr'><strong>Sed</strong></span> <span class='ocrx_word' id='word_1_343' title='bbox 1396 2886 1452 2933; x_wconf 93' lang='lat' dir='ltr'><strong>et</strong></span> <span class='ocrx_word' id='word_1_344' title='bbox 1492 2880 1592 2934; x_wconf 93' lang='lat' dir='ltr'><strong>hoc</strong></span> <span class='ocrx_word' id='word_1_345' title='bbox 1629 2895 1816 2949; x_wconf 81' lang='lat' dir='ltr'><strong>parum</strong></span> <span class='ocrx_word' id='word_1_346' title='bbox 1849 2882 1927 2937; x_wconf 86' lang='lat' dir='ltr'><strong>vi-</strong></span> 
     </span>
    </p>
   </div>
   <div class='ocr_carea' id='block_1_46' title="bbox 345 2968 1918 3043">
    <p class='ocr_par' dir='ltr' id='par_1_46' title="bbox 345 2968 1918 3043">
     <span class='ocr_line' id='line_1_46' title="bbox 345 2968 1918 3043; baseline 0.004 -22"><span class='ocrx_word' id='word_1_347' title='bbox 345 2981 466 3021; x_wconf 89' lang='lat' dir='ltr'><strong>sum</strong></span> <span class='ocrx_word' id='word_1_348' title='bbox 512 2977 595 3021; x_wconf 89' lang='lat' dir='ltr'><strong>est</strong></span> <span class='ocrx_word' id='word_1_349' title='bbox 644 2968 697 3022; x_wconf 89' lang='lat' dir='ltr'><strong>in</strong></span> <span class='ocrx_word' id='word_1_350' title='bbox 741 2976 1029 3043; x_wconf 84' lang='lat' dir='ltr'><strong>conspectu</strong></span> <span class='ocrx_word' id='word_1_351' title='bbox 1084 2977 1176 3023; x_wconf 91' lang='lat' dir='ltr'><strong>tuo</strong></span> <span class='ocrx_word' id='word_1_352' title='bbox 1200 3009 1216 3035; x_wconf 95' lang='lat'><strong>,</strong></span> <span class='ocrx_word' id='word_1_353' title='bbox 1253 2969 1474 3025; x_wconf 89' lang='lat' dir='ltr'><strong>Domine</strong></span> <span class='ocrx_word' id='word_1_354' title='bbox 1516 2971 1657 3028; x_wconf 89' lang='lat' dir='ltr'><strong>Deus</strong></span> <span class='ocrx_word' id='word_1_355' title='bbox 1696 2990 1868 3040; x_wconf 89' lang='lat' dir='ltr'><strong>meus,</strong></span> <span class='ocrx_word' id='word_1_356' title='bbox 1899 2993 1918 3028; x_wconf 73' lang='grc' dir='ltr'><strong><em>ι</em></strong></span> 
     </span>
    </p>
   </div>
   <div class='ocr_carea' id='block_1_47' title="bbox 348 3058 1923 3129">
    <p class='ocr_par' dir='ltr' id='par_1_47' title="bbox 348 3058 1923 3129">
     <span class='ocr_line' id='line_1_47' title="bbox 348 3058 1923 3129; baseline 0.006 -19"><span class='ocrx_word' id='word_1_357' title='bbox 348 3058 473 3127; x_wconf 82' lang='lat' dir='ltr'><strong>quia</strong></span> <span class='ocrx_word' id='word_1_358' title='bbox 519 3058 757 3113; x_wconf 80' lang='lat' dir='ltr'><strong>dilexisti</strong></span> <span class='ocrx_word' id='word_1_359' title='bbox 806 3074 892 3113; x_wconf 91' lang='lat' dir='ltr'><strong>me</strong></span> <span class='ocrx_word' id='word_1_360' title='bbox 917 3099 931 3124; x_wconf 91' lang='lat'><strong>,</strong></span> <span class='ocrx_word' id='word_1_361' title='bbox 967 3077 985 3110; x_wconf 71' lang='grc' dir='ltr'>ι</span> <span class='ocrx_word' id='word_1_362' title='bbox 1018 3060 1120 3114; x_wconf 92' lang='lat' dir='ltr'><strong>nisi</strong></span> <span class='ocrx_word' id='word_1_363' title='bbox 1152 3059 1453 3129; x_wconf 87' lang='lat' dir='ltr'><strong>loquereris</strong></span> <span class='ocrx_word' id='word_1_364' title='bbox 1476 3064 1638 3117; x_wconf 86' lang='lat' dir='ltr'><strong>etiam</strong></span> <span class='ocrx_word' id='word_1_365' title='bbox 1668 3064 1736 3119; x_wconf 90' lang='lat' dir='ltr'><strong>de</strong></span> <span class='ocrx_word' id='word_1_366' title='bbox 1764 3064 1923 3120; x_wconf 88' lang='lat' dir='ltr'><strong>domo</strong></span> 
     </span>
    </p>
   </div>
   <div class='ocr_carea' id='block_1_48' title="bbox 346 3146 1916 3221">
    <p class='ocr_par' dir='ltr' id='par_1_48' title="bbox 346 3146 1916 3221">
     <span class='ocr_line' id='line_1_48' title="bbox 346 3146 1916 3221; baseline 0.004 -21"><span class='ocrx_word' id='word_1_367' title='bbox 346 3146 490 3201; x_wconf 83' lang='lat' dir='ltr'><strong>servi</strong></span> <span class='ocrx_word' id='word_1_368' title='bbox 545 3147 623 3201; x_wconf 91' lang='lat' dir='ltr'><strong>tui</strong></span> <span class='ocrx_word' id='word_1_369' title='bbox 678 3149 730 3207; x_wconf 91' lang='lat' dir='ltr'><strong>in</strong></span> <span class='ocrx_word' id='word_1_370' title='bbox 785 3147 1171 3217; x_wconf 89' lang='lat' dir='ltr'><strong>longinquum;</strong></span> <span class='ocrx_word' id='word_1_371' title='bbox 1227 3167 1246 3200; x_wconf 73' lang='grc' dir='ltr'><strong><em>ι</em></strong></span> <span class='ocrx_word' id='word_1_372' title='bbox 1315 3165 1547 3219; x_wconf 82' lang='lat' dir='ltr'><strong>moxque</strong></span> <span class='ocrx_word' id='word_1_373' title='bbox 1594 3150 1916 3221; x_wconf 84' lang='lat' dir='ltr'><strong>subjunxit:</strong></span> 
     </span>
    </p>
   </div>
   <div class='ocr_carea' id='block_1_49' title="bbox 2036 1966 3607 2048">
    <p class='ocr_par' dir='ltr' id='par_1_49' title="bbox 2036 1966 3607 2048">
     <span class='ocr_line' id='line_1_49' title="bbox 2036 1966 3607 2048; baseline 0.006 -24"><span class='ocrx_word' id='word_1_374' title='bbox 2036 1966 2271 2038; x_wconf 90' lang='lat' dir='ltr'><strong>Domini,</strong></span> <span class='ocrx_word' id='word_1_375' title='bbox 2304 1973 2516 2043; x_wconf 90' lang='lat' dir='ltr'><strong>eloquia</strong></span> <span class='ocrx_word' id='word_1_376' title='bbox 2547 1983 2695 2029; x_wconf 89' lang='lat' dir='ltr'><strong>casta</strong></span> <span class='ocrx_word' id='word_1_377' title='bbox 2720 2014 2737 2040; x_wconf 91' lang='lat'><strong>,</strong></span> <span class='ocrx_word' id='word_1_378' title='bbox 2764 1983 3042 2044; x_wconf 89' lang='lat' dir='ltr'><strong>argentum</strong></span> <span class='ocrx_word' id='word_1_379' title='bbox 3072 1975 3194 2045; x_wconf 90' lang='lat' dir='ltr'><strong>igne</strong></span> <span class='ocrx_word' id='word_1_380' title='bbox 3215 1978 3607 2048; x_wconf 79' lang='lat' dir='ltr'><strong>examinatum,</strong></span> 
     </span>
    </p>
   </div>
   <div class='ocr_carea' id='block_1_50' title="bbox 2033 2055 3610 2139">
    <p class='ocr_par' dir='ltr' id='par_1_50' title="bbox 2033 2055 3610 2139">
     <span class='ocr_line' id='line_1_50' title="bbox 2033 2055 3610 2139; baseline 0.003 -21"><span class='ocrx_word' id='word_1_381' title='bbox 2033 2065 2317 2134; x_wconf 88' lang='lat' dir='ltr'><strong>probatum</strong></span> <span class='ocrx_word' id='word_1_382' title='bbox 2373 2075 2531 2121; x_wconf 75' lang='lat' dir='ltr'><strong>terra:</strong></span> <span class='ocrx_word' id='word_1_383' title='bbox 2579 2062 2750 2136; x_wconf 72' lang='lat' dir='ltr'><strong>(Paul.</strong></span> <span class='ocrx_word' id='word_1_384' title='bbox 2804 2055 2903 2136; x_wconf 67' lang='lat' dir='ltr'><strong>x&#39;t).</strong></span> <span class='ocrx_word' id='word_1_385' title='bbox 2939 2083 2959 2119; x_wconf 73' lang='grc' dir='ltr'><strong><em>ι</em></strong></span> <span class='ocrx_word' id='word_1_386' title='bbox 3008 2063 3173 2119; x_wconf 84' lang='lat' dir='ltr'><strong>Bases</strong></span> <span class='ocrx_word' id='word_1_387' title='bbox 3217 2082 3347 2135; x_wconf 84' lang='lat' dir='ltr'><strong>ergo</strong></span> <span class='ocrx_word' id='word_1_388' title='bbox 3386 2078 3610 2139; x_wconf 88' lang='lat' dir='ltr'><strong>argento</strong></span> 
     </span>
    </p>
   </div>
   <div class='ocr_carea' id='block_1_51' title="bbox 2034 2154 3606 2224">
    <p class='ocr_par' dir='ltr' id='par_1_51' title="bbox 2034 2154 3606 2224">
     <span class='ocr_line' id='line_1_51' title="bbox 2034 2154 3606 2224; baseline 0.003 -18"><span class='ocrx_word' id='word_1_389' title='bbox 2034 2155 2241 2208; x_wconf 81' lang='lat' dir='ltr'><strong>vestita:</strong></span> <span class='ocrx_word' id='word_1_390' title='bbox 2289 2162 2525 2224; x_wconf 88' lang='lat' dir='ltr'><strong>quatuor</strong></span> <span class='ocrx_word' id='word_1_391' title='bbox 2570 2154 2850 2210; x_wconf 87' lang='lat' dir='ltr'><strong>columnas</strong></span> <span class='ocrx_word' id='word_1_392' title='bbox 2916 2155 3244 2210; x_wconf 89' lang='lat' dir='ltr'><strong>tabernaculi</strong></span> <span class='ocrx_word' id='word_1_393' title='bbox 3296 2156 3606 2223; x_wconf 83' lang='lat' dir='ltr'><strong>sustinent,</strong></span> 
     </span>
    </p>
   </div>
   <div class='ocr_carea' id='block_1_52' title="bbox 2032 2245 3605 2317">
    <p class='ocr_par' dir='ltr' id='par_1_52' title="bbox 2032 2245 3605 2317">
     <span class='ocr_line' id='line_1_52' title="bbox 2032 2245 3605 2317; baseline 0.004 -20"><span class='ocrx_word' id='word_1_394' title='bbox 2032 2246 2156 2314; x_wconf 90' lang='lat' dir='ltr'><strong>quia</strong></span> <span class='ocrx_word' id='word_1_395' title='bbox 2183 2247 2562 2316; x_wconf 67' lang='lat' dir='ltr'><strong>praadicatores</strong></span> <span class='ocrx_word' id='word_1_396' title='bbox 2590 2245 2842 2301; x_wconf 76' lang='lat' dir='ltr'><strong>Ecclesia:</strong></span> <span class='ocrx_word' id='word_1_397' title='bbox 2870 2246 3053 2302; x_wconf 92' lang='lat' dir='ltr'><strong>divino</strong></span> <span class='ocrx_word' id='word_1_398' title='bbox 3080 2246 3295 2317; x_wconf 91' lang='lat' dir='ltr'><strong>eloquio</strong></span> <span class='ocrx_word' id='word_1_399' title='bbox 3324 2249 3563 2303; x_wconf 88' lang='lat' dir='ltr'><strong>decorati</strong></span> <span class='ocrx_word' id='word_1_400' title='bbox 3588 2288 3605 2314; x_wconf 91' lang='lat'><strong>,</strong></span> 
     </span>
    </p>
   </div>
   <div class='ocr_carea' id='block_1_53' title="bbox 2032 2336 3608 2410">
    <p class='ocr_par' dir='ltr' id='par_1_53' title="bbox 2032 2336 3608 2410">
     <span class='ocr_line' id='line_1_53' title="bbox 2032 2336 3608 2410; baseline 0.004 -21"><span class='ocrx_word' id='word_1_401' title='bbox 2032 2347 2086 2389; x_wconf 91' lang='lat' dir='ltr'><strong>ut</strong></span> <span class='ocrx_word' id='word_1_402' title='bbox 2120 2336 2170 2390; x_wconf 93' lang='lat' dir='ltr'><strong>in</strong></span> <span class='ocrx_word' id='word_1_403' title='bbox 2198 2337 2407 2391; x_wconf 90' lang='lat' dir='ltr'><strong>cunctis</strong></span> <span class='ocrx_word' id='word_1_404' title='bbox 2433 2352 2493 2393; x_wconf 91' lang='lat' dir='ltr'><strong>se</strong></span> <span class='ocrx_word' id='word_1_405' title='bbox 2528 2337 2832 2408; x_wconf 84' lang='lat' dir='ltr'><strong>exemplum</strong></span> <span class='ocrx_word' id='word_1_406' title='bbox 2862 2339 3157 2410; x_wconf 63' lang='lat' dir='ltr'><strong>praebeant,</strong></span> <span class='ocrx_word' id='word_1_407' title='bbox 3183 2349 3416 2409; x_wconf 88' lang='lat' dir='ltr'><strong>quatuor</strong></span> <span class='ocrx_word' id='word_1_408' title='bbox 3442 2355 3608 2397; x_wconf 83' lang='lat' dir='ltr'><strong>evan-</strong></span> 
     </span>
    </p>
   </div>
   <div class='ocr_carea' id='block_1_54' title="bbox 2029 2418 3365 2503">
    <p class='ocr_par' dir='ltr' id='par_1_54' title="bbox 2029 2418 3365 2503">
     <span class='ocr_line' id='line_1_54' title="bbox 2029 2418 3365 2503; baseline 0.004 -20"><span class='ocrx_word' id='word_1_409' title='bbox 2029 2438 2341 2498; x_wconf 80' lang='lat' dir='ltr'><strong>gelrstarmn</strong></span> <span class='ocrx_word' id='word_1_410' title='bbox 2370 2429 2514 2483; x_wconf 89' lang='lat' dir='ltr'><strong>dicta</strong></span> <span class='ocrx_word' id='word_1_411' title='bbox 2554 2440 2609 2485; x_wconf 92' lang='lat' dir='ltr'><strong>et</strong></span> <span class='ocrx_word' id='word_1_412' title='bbox 2642 2445 2738 2486; x_wconf 90' lang='lat' dir='ltr'><strong>ore</strong></span> <span class='ocrx_word' id='word_1_413' title='bbox 2763 2440 2817 2486; x_wconf 92' lang='lat' dir='ltr'><strong>et</strong></span> <span class='ocrx_word' id='word_1_414' title='bbox 2849 2418 3101 2502; x_wconf 74' lang='lat' dir='ltr'><strong>operibus</strong></span> <span class='ocrx_word' id='word_1_415' title='bbox 3128 2442 3365 2503; x_wconf 87' lang='lat' dir='ltr'><strong>portant.</strong></span> 
     </span>
    </p>
   </div>
   <div class='ocr_carea' id='block_1_55' title="bbox 2099 2517 3603 2589">
    <p class='ocr_par' dir='ltr' id='par_1_55' title="bbox 2099 2517 3603 2589">
     <span class='ocr_line' id='line_1_55' title="bbox 2099 2517 3603 2589; baseline 0.006 -18"><span class='ocrx_word' id='word_1_416' title='bbox 2099 2517 2381 2572; x_wconf 66' lang='lat' dir='ltr'><strong>Mattlweus</strong></span> <span class='ocrx_word' id='word_1_417' title='bbox 2411 2519 2596 2589; x_wconf 90' lang='lat' dir='ltr'><strong>itaque</strong></span> <span class='ocrx_word' id='word_1_418' title='bbox 2629 2519 2861 2589; x_wconf 88' lang='lat' dir='ltr'><strong>primum</strong></span> <span class='ocrx_word' id='word_1_419' title='bbox 2890 2521 3095 2576; x_wconf 91' lang='lat' dir='ltr'><strong>obtinet</strong></span> <span class='ocrx_word' id='word_1_420' title='bbox 3126 2523 3299 2577; x_wconf 90' lang='lat' dir='ltr'><strong>locum</strong></span> <span class='ocrx_word' id='word_1_421' title='bbox 3324 2564 3338 2589; x_wconf 94' lang='lat'><strong>,</strong></span> <span class='ocrx_word' id='word_1_422' title='bbox 3364 2522 3603 2579; x_wconf 78' lang='lat' dir='ltr'><strong>Joannes</strong></span> 
     </span>
    </p>
   </div>
   <div class='ocr_carea' id='block_1_56' title="bbox 2028 2607 3605 2681">
    <p class='ocr_par' dir='ltr' id='par_1_56' title="bbox 2028 2607 3605 2681">
     <span class='ocr_line' id='line_1_56' title="bbox 2028 2607 3605 2681; baseline 0.007 -21"><span class='ocrx_word' id='word_1_423' title='bbox 2028 2607 2297 2662; x_wconf 90' lang='lat' dir='ltr'><strong>ultimum.</strong></span> <span class='ocrx_word' id='word_1_424' title='bbox 2344 2608 2444 2675; x_wconf 90' lang='lat' dir='ltr'><strong>Qui</strong></span> <span class='ocrx_word' id='word_1_425' title='bbox 2491 2609 2744 2664; x_wconf 90' lang='lat' dir='ltr'><strong>nimirum</strong></span> <span class='ocrx_word' id='word_1_426' title='bbox 2772 2618 2828 2665; x_wconf 89' lang='lat' dir='ltr'><strong>et</strong></span> <span class='ocrx_word' id='word_1_427' title='bbox 2866 2611 3159 2681; x_wconf 90' lang='lat' dir='ltr'><strong>apostolico</strong></span> <span class='ocrx_word' id='word_1_428' title='bbox 3204 2621 3329 2668; x_wconf 90' lang='lat' dir='ltr'><strong>sunt</strong></span> <span class='ocrx_word' id='word_1_429' title='bbox 3370 2612 3605 2671; x_wconf 88' lang='lat' dir='ltr'><strong>culmine</strong></span> 
     </span>
    </p>
   </div>
   <div class='ocr_carea' id='block_1_57' title="bbox 2028 2696 3603 2769">
    <p class='ocr_par' dir='ltr' id='par_1_57' title="bbox 2028 2696 3603 2769">
     <span class='ocr_line' id='line_1_57' title="bbox 2028 2696 3603 2769; baseline 0.005 -20"><span class='ocrx_word' id='word_1_430' title='bbox 2028 2696 2302 2750; x_wconf 88' lang='lat' dir='ltr'><strong>constituti</strong></span> <span class='ocrx_word' id='word_1_431' title='bbox 2334 2737 2350 2764; x_wconf 94' lang='lat'><strong>,</strong></span> <span class='ocrx_word' id='word_1_432' title='bbox 2380 2704 2434 2751; x_wconf 91' lang='lat' dir='ltr'><strong>et</strong></span> <span class='ocrx_word' id='word_1_433' title='bbox 2464 2713 2531 2753; x_wconf 89' lang='lat' dir='ltr'><strong>ex</strong></span> <span class='ocrx_word' id='word_1_434' title='bbox 2579 2698 2664 2753; x_wconf 88' lang='lat' dir='ltr'><strong>bis</strong></span> <span class='ocrx_word' id='word_1_435' title='bbox 2690 2738 2705 2765; x_wconf 94' lang='lat'><strong>,</strong></span> <span class='ocrx_word' id='word_1_436' title='bbox 2737 2714 2857 2769; x_wconf 69' lang='lat' dir='ltr'><strong>qua:</strong></span> <span class='ocrx_word' id='word_1_437' title='bbox 2885 2700 3239 2769; x_wconf 90' lang='lat' dir='ltr'><strong>scripserunt,</strong></span> <span class='ocrx_word' id='word_1_438' title='bbox 3280 2716 3384 2756; x_wconf 93' lang='lat' dir='ltr'><strong>non</strong></span> <span class='ocrx_word' id='word_1_439' title='bbox 3417 2703 3603 2757; x_wconf 87' lang='lat' dir='ltr'><strong>auditu</strong></span> 
     </span>
    </p>
   </div>
   <div class='ocr_carea' id='block_1_58' title="bbox 2027 2785 3601 2862">
    <p class='ocr_par' dir='ltr' id='par_1_58' title="bbox 2027 2785 3601 2862">
     <span class='ocr_line' id='line_1_58' title="bbox 2027 2785 3601 2862; baseline 0.006 -23"><span class='ocrx_word' id='word_1_440' title='bbox 2027 2785 2329 2853; x_wconf 82' lang='lat' dir='ltr'><strong>duntaxat,</strong></span> <span class='ocrx_word' id='word_1_441' title='bbox 2382 2790 2476 2844; x_wconf 90' lang='lat' dir='ltr'><strong>sed</strong></span> <span class='ocrx_word' id='word_1_442' title='bbox 2526 2789 2645 2845; x_wconf 88' lang='lat' dir='ltr'><strong>visu</strong></span> <span class='ocrx_word' id='word_1_443' title='bbox 2713 2792 2893 2861; x_wconf 90' lang='lat' dir='ltr'><strong>potius</strong></span> <span class='ocrx_word' id='word_1_444' title='bbox 2962 2802 3125 2862; x_wconf 90' lang='lat' dir='ltr'><strong>atque</strong></span> <span class='ocrx_word' id='word_1_445' title='bbox 3170 2802 3426 2852; x_wconf 86' lang='lat' dir='ltr'><strong>contactu</strong></span> <span class='ocrx_word' id='word_1_446' title='bbox 3472 2804 3601 2849; x_wconf 89' lang='lat' dir='ltr'><strong>sunt</strong></span> 
     </span>
    </p>
   </div>
   <div class='ocr_carea' id='block_1_59' title="bbox 2026 2878 3601 2947">
    <p class='ocr_par' dir='ltr' id='par_1_59' title="bbox 2026 2878 3601 2947">
     <span class='ocr_line' id='line_1_59' title="bbox 2026 2878 3601 2947; baseline 0.007 -15"><span class='ocrx_word' id='word_1_447' title='bbox 2026 2878 2438 2947; x_wconf 68' lang='lat' dir='ltr'><strong>praesentialiter</strong></span> <span class='ocrx_word' id='word_1_448' title='bbox 2466 2879 2763 2937; x_wconf 78' lang='lat' dir='ltr'><strong>infamati.</strong></span> <span class='ocrx_word' id='word_1_449' title='bbox 2802 2883 2954 2939; x_wconf 90' lang='lat' dir='ltr'><strong>Sicut</strong></span> <span class='ocrx_word' id='word_1_450' title='bbox 2999 2900 3138 2940; x_wconf 91' lang='lat' dir='ltr'><strong>unus</strong></span> <span class='ocrx_word' id='word_1_451' title='bbox 3184 2900 3372 2941; x_wconf 90' lang='lat' dir='ltr'><strong>eorum</strong></span> <span class='ocrx_word' id='word_1_452' title='bbox 3424 2886 3601 2943; x_wconf 83' lang='lat' dir='ltr'><strong>dicit:</strong></span> 
     </span>
    </p>
   </div>
   <div class='ocr_carea' id='block_1_60' title="bbox 2031 2965 3602 3044">
    <p class='ocr_par' dir='ltr' id='par_1_60' title="bbox 2031 2965 3602 3044">
     <span class='ocr_line' id='line_1_60' title="bbox 2031 2965 3602 3044; baseline 0.009 -27"><span class='ocrx_word' id='word_1_453' title='bbox 2031 2982 2050 3017; x_wconf 77' lang='grc' dir='ltr'>ι</span> <span class='ocrx_word' id='word_1_454' title='bbox 2101 2965 2254 3033; x_wconf 83' lang='lat' dir='ltr'><strong>Quod</strong></span> <span class='ocrx_word' id='word_1_455' title='bbox 2307 2969 2649 3038; x_wconf 75' lang='lat' dir='ltr'><strong>audivimus,</strong></span> <span class='ocrx_word' id='word_1_456' title='bbox 2707 2973 2850 3042; x_wconf 91' lang='lat' dir='ltr'><strong>quod</strong></span> <span class='ocrx_word' id='word_1_457' title='bbox 2910 2973 3178 3040; x_wconf 85' lang='lat' dir='ltr'><strong>vidimus,</strong></span> <span class='ocrx_word' id='word_1_458' title='bbox 3234 2974 3378 3044; x_wconf 91' lang='lat' dir='ltr'><strong>quod</strong></span> <span class='ocrx_word' id='word_1_459' title='bbox 3429 2975 3602 3031; x_wconf 87' lang='lat' dir='ltr'><strong>oculis</strong></span> 
     </span>
    </p>
   </div>
   <div class='ocr_carea' id='block_1_61' title="bbox 2025 3055 3602 3130">
    <p class='ocr_par' dir='ltr' id='par_1_61' title="bbox 2025 3055 3602 3130">
     <span class='ocr_line' id='line_1_61' title="bbox 2025 3055 3602 3130; baseline 0.005 -20"><span class='ocrx_word' id='word_1_460' title='bbox 2025 3055 2227 3112; x_wconf 88' lang='lat' dir='ltr'><strong>nostris</strong></span> <span class='ocrx_word' id='word_1_461' title='bbox 2259 3059 2659 3128; x_wconf 87' lang='lat' dir='ltr'><strong>perspeximus,</strong></span> <span class='ocrx_word' id='word_1_462' title='bbox 2706 3060 2849 3130; x_wconf 90' lang='lat' dir='ltr'><strong>quod</strong></span> <span class='ocrx_word' id='word_1_463' title='bbox 2903 3076 3095 3116; x_wconf 87' lang='lat' dir='ltr'><strong>manus</strong></span> <span class='ocrx_word' id='word_1_464' title='bbox 3138 3073 3338 3118; x_wconf 75' lang='lat' dir='ltr'><strong>nostra:</strong></span> <span class='ocrx_word' id='word_1_465' title='bbox 3383 3072 3602 3118; x_wconf 79' lang='lat' dir='ltr'><strong>contre-</strong></span> 
     </span>
    </p>
   </div>
   <div class='ocr_carea' id='block_1_62' title="bbox 2022 3146 3599 3222">
    <p class='ocr_par' dir='ltr' id='par_1_62' title="bbox 2022 3146 3599 3222">
     <span class='ocr_line' id='line_1_62' title="bbox 2022 3146 3599 3222; baseline 0.003 -22"><span class='ocrx_word' id='word_1_466' title='bbox 2022 3152 2305 3200; x_wconf 85' lang='lat' dir='ltr'><strong>ctaverunt</strong></span> <span class='ocrx_word' id='word_1_467' title='bbox 2353 3146 2421 3200; x_wconf 88' lang='lat' dir='ltr'><strong>de</strong></span> <span class='ocrx_word' id='word_1_468' title='bbox 2476 3146 2650 3202; x_wconf 90' lang='lat' dir='ltr'><strong>Verbo</strong></span> <span class='ocrx_word' id='word_1_469' title='bbox 2696 3148 2819 3202; x_wconf 66' lang='lat' dir='ltr'><strong>vitae</strong></span> <span class='ocrx_word' id='word_1_470' title='bbox 2870 3147 2921 3220; x_wconf 91' lang='grc'><strong>(1</strong></span> <span class='ocrx_word' id='word_1_471' title='bbox 2972 3150 3132 3204; x_wconf 80' lang='lat' dir='ltr'><strong>Joan.</strong></span> <span class='ocrx_word' id='word_1_472' title='bbox 3187 3150 3247 3222; x_wconf 86' lang='grc' dir='ltr'><strong>ι).</strong></span> <span class='ocrx_word' id='word_1_473' title='bbox 3310 3170 3330 3203; x_wconf 70' lang='grc' dir='ltr'><strong><em>ο</em></strong></span> <span class='ocrx_word' id='word_1_474' title='bbox 3385 3149 3599 3206; x_wconf 78' lang='lat' dir='ltr'><strong>Marcus</strong></span> 
     </span>
    </p>
   </div>
   <div class='ocr_carea' id='block_1_63' title="bbox 349 3226 1926 3315">
    <p class='ocr_par' dir='ltr' id='par_1_63' title="bbox 349 3235 1923 3315">
     <span class='ocr_line' id='line_1_63' title="bbox 349 3235 1923 3315; baseline 0.007 -24"><span class='ocrx_word' id='word_1_475' title='bbox 349 3254 370 3288; x_wconf 79' lang='grc' dir='ltr'>ι</span> <span class='ocrx_word' id='word_1_476' title='bbox 401 3235 503 3292; x_wconf 90' lang='lat' dir='ltr'><strong>Ista</strong></span> <span class='ocrx_word' id='word_1_477' title='bbox 528 3246 606 3293; x_wconf 90' lang='lat' dir='ltr'><strong>est</strong></span> <span class='ocrx_word' id='word_1_478' title='bbox 636 3239 778 3293; x_wconf 90' lang='lat' dir='ltr'><strong>enim</strong></span> <span class='ocrx_word' id='word_1_479' title='bbox 805 3238 889 3293; x_wconf 85' lang='lat' dir='ltr'><strong>lex</strong></span> <span class='ocrx_word' id='word_1_480' title='bbox 910 3239 1102 3305; x_wconf 81' lang='lat' dir='ltr'><strong>Adam,</strong></span> <span class='ocrx_word' id='word_1_481' title='bbox 1129 3240 1352 3295; x_wconf 91' lang='lat' dir='ltr'><strong>Domine</strong></span> <span class='ocrx_word' id='word_1_482' title='bbox 1385 3242 1544 3297; x_wconf 90' lang='lat' dir='ltr'><strong>Deus.</strong></span> <span class='ocrx_word' id='word_1_483' title='bbox 1575 3263 1594 3296; x_wconf 76' lang='grc' dir='ltr'><strong><em>ι</em></strong></span> <span class='ocrx_word' id='word_1_484' title='bbox 1620 3243 1699 3300; x_wconf 84' lang='lat' dir='ltr'><strong>Ac</strong></span> <span class='ocrx_word' id='word_1_485' title='bbox 1728 3246 1770 3300; x_wconf 86' lang='lat' dir='ltr'><strong>si</strong></span> <span class='ocrx_word' id='word_1_486' title='bbox 1802 3261 1923 3315; x_wconf 87' lang='lat' dir='ltr'><strong>per-</strong></span> 
     </span>
    </p>
   </div>
   <div class='ocr_carea' id='block_1_64' title="bbox 2024 3226 3599 3315">
    <p class='ocr_par' dir='ltr' id='par_1_64' title="bbox 2026 3234 3599 3312">
     <span class='ocr_line' id='line_1_64' title="bbox 2026 3234 3599 3312; baseline 0.004 -24"><span class='ocrx_word' id='word_1_487' title='bbox 2026 3234 2183 3306; x_wconf 71' lang='grc'><strong>261</strong></span> <span class='ocrx_word' id='word_1_488' title='bbox 2246 3245 2427 3289; x_wconf 87' lang='lat' dir='ltr'><strong>autem</strong></span> <span class='ocrx_word' id='word_1_489' title='bbox 2483 3246 2538 3291; x_wconf 92' lang='lat' dir='ltr'><strong>et</strong></span> <span class='ocrx_word' id='word_1_490' title='bbox 2594 3236 2788 3303; x_wconf 89' lang='lat' dir='ltr'><strong>Lucas,</strong></span> <span class='ocrx_word' id='word_1_491' title='bbox 2843 3239 2932 3309; x_wconf 92' lang='lat' dir='ltr'><strong>qui</strong></span> <span class='ocrx_word' id='word_1_492' title='bbox 2995 3239 3291 3309; x_wconf 82' lang='lat' dir='ltr'><strong>evangelici</strong></span> <span class='ocrx_word' id='word_1_493' title='bbox 3362 3240 3599 3312; x_wconf 88' lang='lat' dir='ltr'><strong>catalogi</strong></span> 
     </span>
    </p>
   </div>
   <div class='ocr_carea' id='block_1_65' title="bbox 343 3326 1924 3402">
    <p class='ocr_par' dir='ltr' id='par_1_65' title="bbox 343 3326 1924 3402">
     <span class='ocr_line' id='line_1_65' title="bbox 343 3326 1924 3402; baseline 0.009 -23"><span class='ocrx_word' id='word_1_494' title='bbox 343 3334 507 3398; x_wconf 88' lang='lat' dir='ltr'><strong>petue</strong></span> <span class='ocrx_word' id='word_1_495' title='bbox 539 3326 725 3383; x_wconf 87' lang='lat' dir='ltr'><strong>dicat:</strong></span> <span class='ocrx_word' id='word_1_496' title='bbox 760 3328 913 3383; x_wconf 89' lang='lat' dir='ltr'><strong>Sicut</strong></span> <span class='ocrx_word' id='word_1_497' title='bbox 942 3330 994 3382; x_wconf 93' lang='lat' dir='ltr'><strong>in</strong></span> <span class='ocrx_word' id='word_1_498' title='bbox 1029 3330 1227 3385; x_wconf 90' lang='lat' dir='ltr'><strong>terreni</strong></span> <span class='ocrx_word' id='word_1_499' title='bbox 1266 3333 1448 3387; x_wconf 88' lang='lat' dir='ltr'><strong>mundi</strong></span> <span class='ocrx_word' id='word_1_500' title='bbox 1498 3331 1657 3402; x_wconf 79' lang='lat' dir='ltr'><strong>hujus</strong></span> <span class='ocrx_word' id='word_1_501' title='bbox 1700 3338 1924 3393; x_wconf 82' lang='lat' dir='ltr'><strong>exordio</strong></span> 
     </span>
    </p>
   </div>
   <div class='ocr_carea' id='block_1_66' title="bbox 344 3415 1921 3494">
    <p class='ocr_par' dir='ltr' id='par_1_66' title="bbox 344 3415 1921 3494">
     <span class='ocr_line' id='line_1_66' title="bbox 344 3415 1921 3494; baseline 0.008 -26"><span class='ocrx_word' id='word_1_502' title='bbox 344 3415 516 3470; x_wconf 82' lang='lat' dir='ltr'><strong>Adam</strong></span> <span class='ocrx_word' id='word_1_503' title='bbox 550 3418 887 3494; x_wconf 72' lang='lat' dir='ltr'><strong>constituisti</strong></span> <span class='ocrx_word' id='word_1_504' title='bbox 935 3419 1268 3488; x_wconf 90' lang='lat' dir='ltr'><strong>posteritatis</strong></span> <span class='ocrx_word' id='word_1_505' title='bbox 1310 3430 1578 3477; x_wconf 71' lang='lat' dir='ltr'><strong>secutum</strong></span> <span class='ocrx_word' id='word_1_506' title='bbox 1622 3436 1921 3494; x_wconf 63' lang='lat' dir='ltr'><strong>parentem,</strong></span> 
     </span>
    </p>
   </div>
   <div class='ocr_carea' id='block_1_67' title="bbox 349 3489 1925 3584">
    <p class='ocr_par' dir='ltr' id='par_1_67' title="bbox 349 3489 1925 3584">
     <span class='ocr_line' id='line_1_67' title="bbox 349 3489 1925 3584; baseline 0.008 -25"><span class='ocrx_word' id='word_1_507' title='bbox 349 3516 516 3576; x_wconf 86' lang='lat' dir='ltr'><strong>atque</strong></span> <span class='ocrx_word' id='word_1_508' title='bbox 543 3489 610 3563; x_wconf 75' lang='lat' dir='ltr'><strong>ex</strong></span> <span class='ocrx_word' id='word_1_509' title='bbox 656 3509 758 3564; x_wconf 89' lang='lat' dir='ltr'><strong>hac</strong></span> <span class='ocrx_word' id='word_1_510' title='bbox 807 3510 988 3564; x_wconf 88' lang='lat' dir='ltr'><strong>radice</strong></span> <span class='ocrx_word' id='word_1_511' title='bbox 1035 3510 1197 3566; x_wconf 92' lang='lat' dir='ltr'><strong>totius</strong></span> <span class='ocrx_word' id='word_1_512' title='bbox 1256 3512 1473 3566; x_wconf 89' lang='lat' dir='ltr'><strong>humani</strong></span> <span class='ocrx_word' id='word_1_513' title='bbox 1499 3489 1715 3584; x_wconf 78' lang='lat' dir='ltr'><strong>generis</strong></span> <span class='ocrx_word' id='word_1_514' title='bbox 1738 3489 1925 3572; x_wconf 53' lang='lat' dir='ltr'><strong>deero;</strong></span> 
     </span>
    </p>
   </div>
   <div class='ocr_carea' id='block_1_68' title="bbox 342 3596 1920 3671">
    <p class='ocr_par' dir='ltr' id='par_1_68' title="bbox 342 3596 1920 3671">
     <span class='ocr_line' id='line_1_68' title="bbox 342 3596 1920 3671; baseline 0.009 -25"><span class='ocrx_word' id='word_1_515' title='bbox 342 3596 468 3652; x_wconf 85' lang='lat' dir='ltr'><strong>visti</strong></span> <span class='ocrx_word' id='word_1_516' title='bbox 514 3598 777 3667; x_wconf 90' lang='lat' dir='ltr'><strong>pullulare</strong></span> <span class='ocrx_word' id='word_1_517' title='bbox 806 3601 1187 3671; x_wconf 86' lang='lat' dir='ltr'><strong>propaginem;</strong></span> <span class='ocrx_word' id='word_1_518' title='bbox 1222 3601 1297 3656; x_wconf 91' lang='lat' dir='ltr'><strong>ita</strong></span> <span class='ocrx_word' id='word_1_519' title='bbox 1328 3617 1469 3658; x_wconf 89' lang='lat' dir='ltr'><strong>nunc</strong></span> <span class='ocrx_word' id='word_1_520' title='bbox 1498 3619 1622 3658; x_wconf 90' lang='lat' dir='ltr'><strong>cum</strong></span> <span class='ocrx_word' id='word_1_521' title='bbox 1666 3607 1920 3660; x_wconf 91' lang='lat' dir='ltr'><strong>mundum</strong></span> 
     </span>
    </p>
   </div>
   <div class='ocr_carea' id='block_1_69' title="bbox 339 3690 1922 3763">
    <p class='ocr_par' dir='ltr' id='par_1_69' title="bbox 339 3690 1922 3763">
     <span class='ocr_line' id='line_1_69' title="bbox 339 3690 1922 3763; baseline 0.006 -23"><span class='ocrx_word' id='word_1_522' title='bbox 339 3700 602 3743; x_wconf 88' lang='lat' dir='ltr'><strong>renovare</strong></span> <span class='ocrx_word' id='word_1_523' title='bbox 623 3690 882 3763; x_wconf 84' lang='lat' dir='ltr'><strong>diSponis,</strong></span> <span class='ocrx_word' id='word_1_524' title='bbox 908 3706 994 3744; x_wconf 93' lang='lat' dir='ltr'><strong>me</strong></span> <span class='ocrx_word' id='word_1_525' title='bbox 1014 3692 1170 3761; x_wconf 88' lang='lat' dir='ltr'><strong>quasi</strong></span> <span class='ocrx_word' id='word_1_526' title='bbox 1193 3706 1388 3745; x_wconf 87' lang='lat' dir='ltr'><strong>novum</strong></span> <span class='ocrx_word' id='word_1_527' title='bbox 1414 3693 1584 3747; x_wconf 81' lang='lat' dir='ltr'><strong>Adam</strong></span> <span class='ocrx_word' id='word_1_528' title='bbox 1612 3692 1771 3758; x_wconf 84' lang='lat' dir='ltr'><strong>facis,</strong></span> <span class='ocrx_word' id='word_1_529' title='bbox 1795 3695 1922 3749; x_wconf 89' lang='lat' dir='ltr'><strong>dum</strong></span> 
     </span>
    </p>
   </div>
   <div class='ocr_carea' id='block_1_70' title="bbox 339 3775 1922 3852">
    <p class='ocr_par' dir='ltr' id='par_1_70' title="bbox 339 3775 1922 3852">
     <span class='ocr_line' id='line_1_70' title="bbox 339 3775 1922 3852; baseline 0.004 -21"><span class='ocrx_word' id='word_1_530' title='bbox 339 3775 609 3832; x_wconf 84' lang='lat' dir='ltr'><strong>Christum</strong></span> <span class='ocrx_word' id='word_1_531' title='bbox 640 3791 705 3832; x_wconf 78' lang='lat' dir='ltr'><strong>ex</strong></span> <span class='ocrx_word' id='word_1_532' title='bbox 738 3793 856 3833; x_wconf 89' lang='lat' dir='ltr'><strong>meo</strong></span> <span class='ocrx_word' id='word_1_533' title='bbox 882 3779 1089 3833; x_wconf 90' lang='lat' dir='ltr'><strong>semine</strong></span> <span class='ocrx_word' id='word_1_534' title='bbox 1121 3780 1481 3845; x_wconf 89' lang='lat' dir='ltr'><strong>nasciturum,</strong></span> <span class='ocrx_word' id='word_1_535' title='bbox 1509 3782 1599 3852; x_wconf 92' lang='lat' dir='ltr'><strong>qui</strong></span> <span class='ocrx_word' id='word_1_536' title='bbox 1624 3791 1707 3837; x_wconf 90' lang='lat' dir='ltr'><strong>est</strong></span> <span class='ocrx_word' id='word_1_537' title='bbox 1734 3793 1922 3837; x_wconf 88' lang='lat' dir='ltr'><strong>auctor</strong></span> 
     </span>
    </p>
   </div>
   <div class='ocr_carea' id='block_1_71' title="bbox 337 3868 1921 3942">
    <p class='ocr_par' dir='ltr' id='par_1_71' title="bbox 337 3868 1921 3942">
     <span class='ocr_line' id='line_1_71' title="bbox 337 3868 1921 3942; baseline 0.003 -19"><span class='ocrx_word' id='word_1_538' title='bbox 337 3877 394 3923; x_wconf 92' lang='lat' dir='ltr'><strong>et</strong></span> <span class='ocrx_word' id='word_1_539' title='bbox 426 3877 587 3939; x_wconf 89' lang='lat' dir='ltr'><strong>caput</strong></span> <span class='ocrx_word' id='word_1_540' title='bbox 615 3868 888 3936; x_wconf 84' lang='lat' dir='ltr'><strong>Ecclesiae,</strong></span> <span class='ocrx_word' id='word_1_541' title='bbox 919 3870 1215 3939; x_wconf 84' lang='lat' dir='ltr'><strong>polliceris.</strong></span> <span class='ocrx_word' id='word_1_542' title='bbox 1254 3888 1273 3922; x_wconf 72' lang='grc' dir='ltr'>ι</span> <span class='ocrx_word' id='word_1_543' title='bbox 1307 3871 1413 3925; x_wconf 89' lang='lat' dir='ltr'><strong>Ista</strong></span> <span class='ocrx_word' id='word_1_544' title='bbox 1436 3882 1553 3938; x_wconf 87' lang='lat' dir='ltr'><strong>est,</strong></span> <span class='ocrx_word' id='word_1_545' title='bbox 1591 3873 1766 3942; x_wconf 89' lang='lat' dir='ltr'><strong>inquit</strong></span> <span class='ocrx_word' id='word_1_546' title='bbox 1791 3912 1808 3938; x_wconf 94' lang='lat'><strong>,</strong></span> <span class='ocrx_word' id='word_1_547' title='bbox 1835 3873 1921 3928; x_wconf 90' lang='lat' dir='ltr'><strong>lex</strong></span> 
     </span>
    </p>
   </div>
   <div class='ocr_carea' id='block_1_72' title="bbox 336 3958 1923 4030">
    <p class='ocr_par' dir='ltr' id='par_1_72' title="bbox 336 3958 1923 4030">
     <span class='ocr_line' id='line_1_72' title="bbox 336 3958 1923 4030; baseline 0.002 -15"><span class='ocrx_word' id='word_1_548' title='bbox 336 3958 540 4025; x_wconf 76' lang='lat' dir='ltr'><strong>Adam,</strong></span> <span class='ocrx_word' id='word_1_549' title='bbox 579 3978 597 4012; x_wconf 72' lang='grc' dir='ltr'><strong><em>ι</em></strong></span> <span class='ocrx_word' id='word_1_550' title='bbox 626 3961 750 4030; x_wconf 91' lang='lat' dir='ltr'><strong>quia</strong></span> <span class='ocrx_word' id='word_1_551' title='bbox 783 3963 924 4016; x_wconf 91' lang='lat' dir='ltr'><strong>sicut</strong></span> <span class='ocrx_word' id='word_1_552' title='bbox 950 3961 1038 4016; x_wconf 92' lang='lat' dir='ltr'><strong>ille</strong></span> <span class='ocrx_word' id='word_1_553' title='bbox 1062 3970 1181 4016; x_wconf 87' lang='lat' dir='ltr'><strong>erat</strong></span> <span class='ocrx_word' id='word_1_554' title='bbox 1210 3962 1261 4015; x_wconf 92' lang='lat' dir='ltr'><strong>in</strong></span> <span class='ocrx_word' id='word_1_555' title='bbox 1291 3962 1415 4016; x_wconf 86' lang='lat' dir='ltr'><strong>filiis</strong></span> <span class='ocrx_word' id='word_1_556' title='bbox 1444 3963 1557 4017; x_wconf 91' lang='lat' dir='ltr'><strong>suis</strong></span> <span class='ocrx_word' id='word_1_557' title='bbox 1587 3963 1729 4018; x_wconf 90' lang='lat' dir='ltr'><strong>hunc</strong></span> <span class='ocrx_word' id='word_1_558' title='bbox 1763 3980 1923 4020; x_wconf 83' lang='lat' dir='ltr'><strong>ltttllt-</strong></span> 
     </span>
    </p>
   </div>
   <div class='ocr_carea' id='block_1_73' title="bbox 338 4051 1922 4125">
    <p class='ocr_par' dir='ltr' id='par_1_73' title="bbox 338 4051 1922 4125">
     <span class='ocr_line' id='line_1_73' title="bbox 338 4051 1922 4125; baseline 0.002 -19"><span class='ocrx_word' id='word_1_559' title='bbox 338 4052 463 4106; x_wconf 93' lang='lat' dir='ltr'><strong>dum</strong></span> <span class='ocrx_word' id='word_1_560' title='bbox 498 4051 761 4108; x_wconf 82' lang='lat' dir='ltr'><strong>visibilem</strong></span> <span class='ocrx_word' id='word_1_561' title='bbox 790 4067 1173 4123; x_wconf 88' lang='lat' dir='ltr'><strong>possessurus;</strong></span> <span class='ocrx_word' id='word_1_562' title='bbox 1208 4053 1281 4108; x_wconf 90' lang='lat' dir='ltr'><strong>ita</strong></span> <span class='ocrx_word' id='word_1_563' title='bbox 1331 4064 1385 4109; x_wconf 93' lang='lat' dir='ltr'><strong>et</strong></span> <span class='ocrx_word' id='word_1_564' title='bbox 1413 4068 1515 4123; x_wconf 89' lang='lat' dir='ltr'><strong>ego</strong></span> <span class='ocrx_word' id='word_1_565' title='bbox 1552 4055 1730 4124; x_wconf 89' lang='lat' dir='ltr'><strong>populi</strong></span> <span class='ocrx_word' id='word_1_566' title='bbox 1761 4055 1922 4125; x_wconf 86' lang='lat' dir='ltr'><strong>spiri-</strong></span> 
     </span>
    </p>
   </div>
   <div class='ocr_carea' id='block_1_74' title="bbox 339 4144 1921 4217">
    <p class='ocr_par' dir='ltr' id='par_1_74' title="bbox 339 4144 1921 4217">
     <span class='ocr_line' id='line_1_74' title="bbox 339 4144 1921 4217; baseline 0.003 -18"><span class='ocrx_word' id='word_1_567' title='bbox 339 4144 505 4199; x_wconf 90' lang='lat' dir='ltr'><strong>tualis</strong></span> <span class='ocrx_word' id='word_1_568' title='bbox 530 4146 583 4199; x_wconf 92' lang='lat' dir='ltr'><strong>in</strong></span> <span class='ocrx_word' id='word_1_569' title='bbox 614 4145 830 4201; x_wconf 89' lang='lat' dir='ltr'><strong>Christo</strong></span> <span class='ocrx_word' id='word_1_570' title='bbox 860 4156 1014 4216; x_wconf 89' lang='lat' dir='ltr'><strong>pater</strong></span> <span class='ocrx_word' id='word_1_571' title='bbox 1041 4146 1261 4213; x_wconf 83' lang='lat' dir='ltr'><strong>eﬂicior,</strong></span> <span class='ocrx_word' id='word_1_572' title='bbox 1295 4164 1417 4203; x_wconf 92' lang='lat' dir='ltr'><strong>cum</strong></span> <span class='ocrx_word' id='word_1_573' title='bbox 1445 4148 1535 4202; x_wconf 93' lang='lat' dir='ltr'><strong>illo</strong></span> <span class='ocrx_word' id='word_1_574' title='bbox 1572 4150 1664 4217; x_wconf 92' lang='lat' dir='ltr'><strong>qui</strong></span> <span class='ocrx_word' id='word_1_575' title='bbox 1690 4150 1741 4203; x_wconf 95' lang='lat' dir='ltr'><strong>in</strong></span> <span class='ocrx_word' id='word_1_576' title='bbox 1766 4150 1921 4206; x_wconf 71' lang='lat' dir='ltr'><strong>cadis</strong></span> 
     </span>
    </p>
   </div>
   <div class='ocr_carea' id='block_1_75' title="bbox 338 4238 1920 4306">
    <p class='ocr_par' dir='ltr' id='par_1_75' title="bbox 338 4238 1920 4306">
     <span class='ocr_line' id='line_1_75' title="bbox 338 4238 1920 4306; baseline 0.005 -19"><span class='ocrx_word' id='word_1_577' title='bbox 338 4242 456 4298; x_wconf 91' lang='lat' dir='ltr'><strong>est,</strong></span> <span class='ocrx_word' id='word_1_578' title='bbox 500 4243 763 4304; x_wconf 88' lang='lat' dir='ltr'><strong>perpetuo</strong></span> <span class='ocrx_word' id='word_1_579' title='bbox 795 4246 1134 4306; x_wconf 88' lang='lat' dir='ltr'><strong>regnaturus.</strong></span> <span class='ocrx_word' id='word_1_580' title='bbox 1166 4238 1320 4293; x_wconf 85' lang='lat' dir='ltr'><strong>Sicut</strong></span> <span class='ocrx_word' id='word_1_581' title='bbox 1345 4239 1488 4292; x_wconf 90' lang='lat' dir='ltr'><strong>enim</strong></span> <span class='ocrx_word' id='word_1_582' title='bbox 1515 4239 1584 4293; x_wconf 92' lang='lat' dir='ltr'><strong>de</strong></span> <span class='ocrx_word' id='word_1_583' title='bbox 1606 4248 1754 4293; x_wconf 90' lang='lat' dir='ltr'><strong>costa</strong></span> <span class='ocrx_word' id='word_1_584' title='bbox 1778 4240 1920 4296; x_wconf 89' lang='lat' dir='ltr'><strong>illius</strong></span> 
     </span>
    </p>
   </div>
   <div class='ocr_carea' id='block_1_76' title="bbox 340 4325 1920 4398">
    <p class='ocr_par' dir='ltr' id='par_1_76' title="bbox 340 4325 1920 4398">
     <span class='ocr_line' id='line_1_76' title="bbox 340 4325 1920 4398; baseline 0.006 -19"><span class='ocrx_word' id='word_1_585' title='bbox 340 4325 570 4380; x_wconf 90' lang='lat' dir='ltr'><strong>formata</strong></span> <span class='ocrx_word' id='word_1_586' title='bbox 616 4336 700 4382; x_wconf 90' lang='lat' dir='ltr'><strong>est</strong></span> <span class='ocrx_word' id='word_1_587' title='bbox 734 4327 1028 4382; x_wconf 91' lang='lat' dir='ltr'><strong>viventium</strong></span> <span class='ocrx_word' id='word_1_588' title='bbox 1071 4338 1246 4384; x_wconf 90' lang='lat' dir='ltr'><strong>mater</strong></span> <span class='ocrx_word' id='word_1_589' title='bbox 1288 4328 1395 4383; x_wconf 85' lang='lat' dir='ltr'><strong>Eva</strong></span> <span class='ocrx_word' id='word_1_590' title='bbox 1441 4326 1598 4398; x_wconf 70' lang='lat' dir='ltr'><strong>(Gen.</strong></span> <span class='ocrx_word' id='word_1_591' title='bbox 1624 4329 1717 4398; x_wconf 85' lang='lat' dir='ltr'><strong>n);</strong></span> <span class='ocrx_word' id='word_1_592' title='bbox 1750 4330 1825 4384; x_wconf 89' lang='lat' dir='ltr'><strong>ita</strong></span> <span class='ocrx_word' id='word_1_593' title='bbox 1851 4331 1920 4388; x_wconf 91' lang='lat' dir='ltr'><strong>de</strong></span> 
     </span>
    </p>
   </div>
   <div class='ocr_carea' id='block_1_77' title="bbox 339 4413 1917 4492">
    <p class='ocr_par' dir='ltr' id='par_1_77' title="bbox 339 4413 1917 4492">
     <span class='ocr_line' id='line_1_77' title="bbox 339 4413 1917 4492; baseline 0.004 -24"><span class='ocrx_word' id='word_1_594' title='bbox 339 4413 512 4470; x_wconf 85' lang='lat' dir='ltr'><strong>latere</strong></span> <span class='ocrx_word' id='word_1_595' title='bbox 540 4414 740 4471; x_wconf 87' lang='lat' dir='ltr'><strong>Christi</strong></span> <span class='ocrx_word' id='word_1_596' title='bbox 783 4416 873 4485; x_wconf 91' lang='lat' dir='ltr'><strong>qui</strong></span> <span class='ocrx_word' id='word_1_597' title='bbox 903 4431 966 4471; x_wconf 89' lang='lat' dir='ltr'><strong>ex</strong></span> <span class='ocrx_word' id='word_1_598' title='bbox 1003 4431 1087 4471; x_wconf 91' lang='lat' dir='ltr'><strong>me</strong></span> <span class='ocrx_word' id='word_1_599' title='bbox 1116 4418 1421 4473; x_wconf 90' lang='lat' dir='ltr'><strong>nasciturus</strong></span> <span class='ocrx_word' id='word_1_600' title='bbox 1444 4428 1554 4485; x_wconf 86' lang='lat' dir='ltr'><strong>est,</strong></span> <span class='ocrx_word' id='word_1_601' title='bbox 1582 4418 1793 4474; x_wconf 86' lang='lat' dir='ltr'><strong>victura</strong></span> <span class='ocrx_word' id='word_1_602' title='bbox 1824 4436 1917 4492; x_wconf 90' lang='lat' dir='ltr'><strong>pe-</strong></span> 
     </span>
    </p>
   </div>
   <div class='ocr_carea' id='block_1_78' title="bbox 341 4505 1919 4583">
    <p class='ocr_par' dir='ltr' id='par_1_78' title="bbox 341 4505 1919 4583">
     <span class='ocr_line' id='line_1_78' title="bbox 341 4505 1919 4583; baseline 0.003 -22"><span class='ocrx_word' id='word_1_603' title='bbox 341 4505 587 4562; x_wconf 84' lang='lat' dir='ltr'><strong>renniter</strong></span> <span class='ocrx_word' id='word_1_604' title='bbox 628 4507 936 4577; x_wconf 87' lang='lat' dir='ltr'><strong>egredietur</strong></span> <span class='ocrx_word' id='word_1_605' title='bbox 970 4507 1231 4564; x_wconf 84' lang='lat' dir='ltr'><strong>Ecclesia.</strong></span> <span class='ocrx_word' id='word_1_606' title='bbox 1263 4509 1336 4563; x_wconf 79' lang='lat' dir='ltr'><strong>De</strong></span> <span class='ocrx_word' id='word_1_607' title='bbox 1363 4510 1464 4565; x_wconf 88' lang='lat' dir='ltr'><strong>hoc</strong></span> <span class='ocrx_word' id='word_1_608' title='bbox 1492 4525 1634 4566; x_wconf 89' lang='lat' dir='ltr'><strong>novo</strong></span> <span class='ocrx_word' id='word_1_609' title='bbox 1674 4520 1728 4566; x_wconf 89' lang='lat' dir='ltr'><strong>et</strong></span> <span class='ocrx_word' id='word_1_610' title='bbox 1757 4512 1919 4583; x_wconf 87' lang='lat' dir='ltr'><strong>spiri-</strong></span> 
     </span>
    </p>
   </div>
   <div class='ocr_carea' id='block_1_79' title="bbox 341 4581 1992 4668">
    <p class='ocr_par' dir='ltr' id='par_1_79' title="bbox 341 4581 1992 4668">
     <span class='ocr_line' id='line_1_79' title="bbox 341 4581 1992 4668; baseline 0.004 -16"><span class='ocrx_word' id='word_1_611' title='bbox 341 4596 472 4652; x_wconf 90' lang='lat' dir='ltr'><strong>tuali</strong></span> <span class='ocrx_word' id='word_1_612' title='bbox 510 4599 708 4653; x_wconf 93' lang='lat' dir='ltr'><strong>mundo</strong></span> <span class='ocrx_word' id='word_1_613' title='bbox 732 4600 993 4668; x_wconf 91' lang='lat' dir='ltr'><strong>scriptum</strong></span> <span class='ocrx_word' id='word_1_614' title='bbox 1023 4610 1106 4656; x_wconf 90' lang='lat' dir='ltr'><strong>est</strong></span> <span class='ocrx_word' id='word_1_615' title='bbox 1138 4614 1153 4655; x_wconf 94' lang='lat'><strong>:</strong></span> <span class='ocrx_word' id='word_1_616' title='bbox 1191 4620 1209 4653; x_wconf 83' lang='grc'><em>‹</em></span> <span class='ocrx_word' id='word_1_617' title='bbox 1242 4602 1453 4656; x_wconf 84' lang='lat' dir='ltr'><strong>Domini</strong></span> <span class='ocrx_word' id='word_1_618' title='bbox 1493 4612 1620 4657; x_wconf 92' lang='lat' dir='ltr'><strong>sunt</strong></span> <span class='ocrx_word' id='word_1_619' title='bbox 1663 4581 1914 4659; x_wconf 84' lang='lat' dir='ltr'><strong>cardines</strong></span> <span class='ocrx_word' id='word_1_620' title='bbox 1943 4581 1992 4642; x_wconf 74' lang='grc' dir='ltr'><strong>θ</strong></span> 
     </span>
    </p>
   </div>
   <div class='ocr_carea' id='block_1_80' title="bbox 336 4688 1910 4763">
    <p class='ocr_par' dir='ltr' id='par_1_80' title="bbox 336 4688 1910 4763">
     <span class='ocr_line' id='line_1_80' title="bbox 336 4688 1910 4763; baseline 0.004 -20"><span class='ocrx_word' id='word_1_621' title='bbox 336 4696 516 4752; x_wconf 66' lang='lat' dir='ltr'><strong>terrae,</strong></span> <span class='ocrx_word' id='word_1_622' title='bbox 545 4696 600 4741; x_wconf 90' lang='lat' dir='ltr'><strong>et</strong></span> <span class='ocrx_word' id='word_1_623' title='bbox 627 4688 805 4758; x_wconf 86' lang='lat' dir='ltr'><strong>posuit</strong></span> <span class='ocrx_word' id='word_1_624' title='bbox 833 4702 995 4758; x_wconf 87' lang='lat' dir='ltr'><strong>super</strong></span> <span class='ocrx_word' id='word_1_625' title='bbox 1023 4703 1119 4744; x_wconf 89' lang='lat' dir='ltr'><strong>eos</strong></span> <span class='ocrx_word' id='word_1_626' title='bbox 1151 4689 1337 4745; x_wconf 88' lang='lat' dir='ltr'><strong>orbem</strong></span> <span class='ocrx_word' id='word_1_627' title='bbox 1362 4688 1416 4762; x_wconf 89' lang='grc'><strong>(1</strong></span> <span class='ocrx_word' id='word_1_628' title='bbox 1446 4688 1571 4761; x_wconf 75' lang='lat' dir='ltr'><strong>Reg.</strong></span> <span class='ocrx_word' id='word_1_629' title='bbox 1601 4691 1685 4763; x_wconf 87' lang='grc' dir='ltr'><strong>ιι).</strong></span> <span class='ocrx_word' id='word_1_630' title='bbox 1736 4710 1756 4744; x_wconf 73' lang='grc' dir='ltr'><strong><em>ι</em></strong></span> <span class='ocrx_word' id='word_1_631' title='bbox 1807 4691 1910 4749; x_wconf 84' lang='lat' dir='ltr'><strong>0r-</strong></span> 
     </span>
    </p>
   </div>
   <div class='ocr_carea' id='block_1_81' title="bbox 332 4776 1910 4849">
    <p class='ocr_par' dir='ltr' id='par_1_81' title="bbox 332 4776 1910 4849">
     <span class='ocr_line' id='line_1_81' title="bbox 332 4776 1910 4849; baseline 0.003 -19"><span class='ocrx_word' id='word_1_632' title='bbox 332 4776 418 4830; x_wconf 92' lang='lat' dir='ltr'><strong>bis</strong></span> <span class='ocrx_word' id='word_1_633' title='bbox 453 4776 596 4829; x_wconf 88' lang='lat' dir='ltr'><strong>enim</strong></span> <span class='ocrx_word' id='word_1_634' title='bbox 630 4791 792 4845; x_wconf 86' lang='lat' dir='ltr'><strong>super</strong></span> <span class='ocrx_word' id='word_1_635' title='bbox 820 4786 976 4832; x_wconf 63' lang='lat' dir='ltr'><strong>terra:</strong></span> <span class='ocrx_word' id='word_1_636' title='bbox 1018 4779 1267 4833; x_wconf 86' lang='lat' dir='ltr'><strong>cardines</strong></span> <span class='ocrx_word' id='word_1_637' title='bbox 1290 4779 1511 4849; x_wconf 87' lang='lat' dir='ltr'><strong>ponitur</strong></span> <span class='ocrx_word' id='word_1_638' title='bbox 1531 4819 1547 4845; x_wconf 92' lang='lat'><strong>,</strong></span> <span class='ocrx_word' id='word_1_639' title='bbox 1574 4797 1695 4836; x_wconf 87' lang='lat' dir='ltr'><strong>cum</strong></span> <span class='ocrx_word' id='word_1_640' title='bbox 1725 4792 1910 4837; x_wconf 91' lang='lat' dir='ltr'><strong>sancta</strong></span> 
     </span>
    </p>
   </div>
   <div class='ocr_carea' id='block_1_82' title="bbox 333 4867 1912 4943">
    <p class='ocr_par' dir='ltr' id='par_1_82' title="bbox 333 4867 1912 4943">
     <span class='ocr_line' id='line_1_82' title="bbox 333 4867 1912 4943; baseline 0.005 -22"><span class='ocrx_word' id='word_1_641' title='bbox 333 4867 576 4922; x_wconf 87' lang='lat' dir='ltr'><strong>Ecclesia</strong></span> <span class='ocrx_word' id='word_1_642' title='bbox 601 4876 854 4936; x_wconf 85' lang='lat' dir='ltr'><strong>tanquam</strong></span> <span class='ocrx_word' id='word_1_643' title='bbox 897 4882 1059 4938; x_wconf 89' lang='lat' dir='ltr'><strong>super</strong></span> <span class='ocrx_word' id='word_1_644' title='bbox 1083 4869 1241 4925; x_wconf 88' lang='lat' dir='ltr'><strong>bases</strong></span> <span class='ocrx_word' id='word_1_645' title='bbox 1283 4871 1546 4927; x_wconf 86' lang='lat' dir='ltr'><strong>doctrinis</strong></span> <span class='ocrx_word' id='word_1_646' title='bbox 1586 4874 1912 4943; x_wconf 81' lang='lat' dir='ltr'><strong>evangelicis</strong></span> 
     </span>
    </p>
   </div>
   <div class='ocr_carea' id='block_1_83' title="bbox 331 4958 1908 5030">
    <p class='ocr_par' dir='ltr' id='par_1_83' title="bbox 331 4958 1908 5030">
     <span class='ocr_line' id='line_1_83' title="bbox 331 4958 1908 5030; baseline 0.006 -18"><span class='ocrx_word' id='word_1_647' title='bbox 331 4958 618 5013; x_wconf 87' lang='lat' dir='ltr'><strong>solidatur.</strong></span> <span class='ocrx_word' id='word_1_648' title='bbox 670 4959 744 5013; x_wconf 90' lang='lat' dir='ltr'><strong>De</strong></span> <span class='ocrx_word' id='word_1_649' title='bbox 788 4974 893 5030; x_wconf 90' lang='lat' dir='ltr'><strong>qua</strong></span> <span class='ocrx_word' id='word_1_650' title='bbox 946 4970 1002 5015; x_wconf 91' lang='lat' dir='ltr'><strong>et</strong></span> <span class='ocrx_word' id='word_1_651' title='bbox 1049 4961 1173 5016; x_wconf 88' lang='lat' dir='ltr'><strong>alibi</strong></span> <span class='ocrx_word' id='word_1_652' title='bbox 1204 4962 1403 5017; x_wconf 93' lang='lat' dir='ltr'><strong>dicitur</strong></span> <span class='ocrx_word' id='word_1_653' title='bbox 1432 4981 1445 4994; x_wconf 85' lang='grc'><strong>·</strong></span> <span class='ocrx_word' id='word_1_654' title='bbox 1479 4982 1499 5015; x_wconf 69' lang='grc' dir='ltr'>ι</span> <span class='ocrx_word' id='word_1_655' title='bbox 1542 4964 1908 5021; x_wconf 85' lang='lat' dir='ltr'><strong>Fundamenta</strong></span> 
     </span>
    </p>
   </div>
   <div class='ocr_carea' id='block_1_84' title="bbox 331 5048 1908 5123">
    <p class='ocr_par' dir='ltr' id='par_1_84' title="bbox 331 5048 1908 5123">
     <span class='ocr_line' id='line_1_84' title="bbox 331 5048 1908 5123; baseline 0.006 -21"><span class='ocrx_word' id='word_1_656' title='bbox 331 5049 449 5118; x_wconf 86' lang='lat' dir='ltr'><strong>ejus</strong></span> <span class='ocrx_word' id='word_1_657' title='bbox 484 5048 535 5103; x_wconf 74' lang='lat' dir='ltr'><strong>ia</strong></span> <span class='ocrx_word' id='word_1_658' title='bbox 566 5048 838 5103; x_wconf 87' lang='lat' dir='ltr'><strong>montibus</strong></span> <span class='ocrx_word' id='word_1_659' title='bbox 861 5050 1065 5107; x_wconf 83' lang='lat' dir='ltr'><strong>sanctis</strong></span> <span class='ocrx_word' id='word_1_660' title='bbox 1091 5048 1265 5120; x_wconf 82' lang='lat' dir='ltr'><strong>(Psal.</strong></span> <span class='ocrx_word' id='word_1_661' title='bbox 1291 5054 1533 5123; x_wconf 78' lang='lat' dir='ltr'><strong>Lxxxvt).</strong></span> <span class='ocrx_word' id='word_1_662' title='bbox 1571 5074 1590 5106; x_wconf 70' lang='grc' dir='ltr'><strong><em>ι</em></strong></span> <span class='ocrx_word' id='word_1_663' title='bbox 1620 5054 1721 5121; x_wconf 90' lang='lat' dir='ltr'><strong>Qui</strong></span> <span class='ocrx_word' id='word_1_664' title='bbox 1764 5057 1908 5111; x_wconf 67' lang='lat' dir='ltr'><strong>cnim</strong></span> 
     </span>
    </p>
   </div>
   <div class='ocr_carea' id='block_1_85' title="bbox 330 5138 1557 5213">
    <p class='ocr_par' dir='ltr' id='par_1_85' title="bbox 330 5138 1557 5213">
     <span class='ocr_line' id='line_1_85' title="bbox 330 5138 1557 5213; baseline 0.007 -22"><span class='ocrx_word' id='word_1_665' title='bbox 330 5138 440 5193; x_wconf 90' lang='lat' dir='ltr'><strong>illic</strong></span> <span class='ocrx_word' id='word_1_666' title='bbox 470 5140 741 5206; x_wconf 89' lang='lat' dir='ltr'><strong>cardines,</strong></span> <span class='ocrx_word' id='word_1_667' title='bbox 774 5141 861 5195; x_wconf 90' lang='lat' dir='ltr'><strong>hic</strong></span> <span class='ocrx_word' id='word_1_668' title='bbox 886 5141 1136 5211; x_wconf 85' lang='lat' dir='ltr'><strong>appellati</strong></span> <span class='ocrx_word' id='word_1_669' title='bbox 1168 5151 1294 5197; x_wconf 89' lang='lat' dir='ltr'><strong>sunt</strong></span> <span class='ocrx_word' id='word_1_670' title='bbox 1325 5152 1557 5213; x_wconf 86' lang='lat' dir='ltr'><strong>montes.</strong></span> 
     </span>
    </p>
   </div>
   <div class='ocr_carea' id='block_1_86' title="bbox 404 5228 1907 5305">
    <p class='ocr_par' dir='ltr' id='par_1_86' title="bbox 404 5228 1907 5305">
     <span class='ocr_line' id='line_1_86' title="bbox 404 5228 1907 5305; baseline 0.005 -22"><span class='ocrx_word' id='word_1_671' title='bbox 404 5228 867 5299; x_wconf 81' lang='lat' dir='ltr'><strong>Evangelistarmn</strong></span> <span class='ocrx_word' id='word_1_672' title='bbox 913 5230 1071 5300; x_wconf 88' lang='lat' dir='ltr'><strong>plane</strong></span> <span class='ocrx_word' id='word_1_673' title='bbox 1116 5247 1342 5287; x_wconf 88' lang='lat' dir='ltr'><strong>numero</strong></span> <span class='ocrx_word' id='word_1_674' title='bbox 1376 5234 1625 5305; x_wconf 90' lang='lat' dir='ltr'><strong>congruit</strong></span> <span class='ocrx_word' id='word_1_675' title='bbox 1643 5243 1699 5291; x_wconf 89' lang='lat' dir='ltr'><strong>et</strong></span> <span class='ocrx_word' id='word_1_676' title='bbox 1726 5237 1907 5290; x_wconf 89' lang='lat' dir='ltr'><strong>mundi</strong></span> 
     </span>
    </p>
   </div>
   <div class='ocr_carea' id='block_1_87' title="bbox 330 5318 1906 5395">
    <p class='ocr_par' dir='ltr' id='par_1_87' title="bbox 330 5318 1906 5395">
     <span class='ocr_line' id='line_1_87' title="bbox 330 5318 1906 5395; baseline 0.005 -22"><span class='ocrx_word' id='word_1_677' title='bbox 330 5318 468 5378; x_wconf 86' lang='lat' dir='ltr'><strong>situs</strong></span> <span class='ocrx_word' id='word_1_678' title='bbox 490 5361 505 5385; x_wconf 94' lang='lat'><strong>,</strong></span> <span class='ocrx_word' id='word_1_679' title='bbox 536 5331 590 5375; x_wconf 94' lang='lat' dir='ltr'><strong>et</strong></span> <span class='ocrx_word' id='word_1_680' title='bbox 626 5330 929 5393; x_wconf 88' lang='lat' dir='ltr'><strong>temporum</strong></span> <span class='ocrx_word' id='word_1_681' title='bbox 969 5337 1191 5388; x_wconf 73' lang='lat' dir='ltr'><strong>cursus;</strong></span> <span class='ocrx_word' id='word_1_682' title='bbox 1215 5323 1339 5393; x_wconf 87' lang='lat' dir='ltr'><strong>quia</strong></span> <span class='ocrx_word' id='word_1_683' title='bbox 1378 5333 1434 5380; x_wconf 94' lang='lat' dir='ltr'><strong>et</strong></span> <span class='ocrx_word' id='word_1_684' title='bbox 1454 5336 1690 5395; x_wconf 89' lang='lat' dir='ltr'><strong>quatuor</strong></span> <span class='ocrx_word' id='word_1_685' title='bbox 1725 5328 1906 5381; x_wconf 89' lang='lat' dir='ltr'><strong>mundi</strong></span> 
     </span>
    </p>
   </div>
   <div class='ocr_carea' id='block_1_88' title="bbox 323 5398 1903 5487">
    <p class='ocr_par' dir='ltr' id='par_1_88' title="bbox 323 5398 1903 5487">
     <span class='ocr_line' id='line_1_88' title="bbox 323 5398 1903 5487; baseline 0.006 -24"><span class='ocrx_word' id='word_1_686' title='bbox 323 5398 514 5487; x_wconf 85' lang='lat' dir='ltr'><strong>partes</strong></span> <span class='ocrx_word' id='word_1_687' title='bbox 536 5452 551 5477; x_wconf 92' lang='lat'><strong>,</strong></span> <span class='ocrx_word' id='word_1_688' title='bbox 582 5421 636 5466; x_wconf 92' lang='lat' dir='ltr'><strong>et</strong></span> <span class='ocrx_word' id='word_1_689' title='bbox 662 5412 880 5468; x_wconf 91' lang='lat' dir='ltr'><strong>totidem</strong></span> <span class='ocrx_word' id='word_1_690' title='bbox 911 5422 1037 5468; x_wconf 88' lang='lat' dir='ltr'><strong>sunt</strong></span> <span class='ocrx_word' id='word_1_691' title='bbox 1064 5421 1362 5484; x_wconf 90' lang='lat' dir='ltr'><strong>temporum</strong></span> <span class='ocrx_word' id='word_1_692' title='bbox 1398 5415 1757 5473; x_wconf 85' lang='lat' dir='ltr'><strong>diversitates.</strong></span> <span class='ocrx_word' id='word_1_693' title='bbox 1786 5415 1903 5473; x_wconf 83' lang='lat' dir='ltr'><strong>Non</strong></span> 
     </span>
    </p>
   </div>
   <div class='ocr_carea' id='block_1_89' title="bbox 328 5501 1907 5574">
    <p class='ocr_par' dir='ltr' id='par_1_89' title="bbox 328 5501 1907 5574">
     <span class='ocr_line' id='line_1_89' title="bbox 328 5501 1907 5574; baseline 0.005 -21"><span class='ocrx_word' id='word_1_694' title='bbox 328 5513 460 5569; x_wconf 87' lang='lat' dir='ltr'><strong>ergo</strong></span> <span class='ocrx_word' id='word_1_695' title='bbox 493 5501 713 5566; x_wconf 91' lang='lat' dir='ltr'><strong>mirum,</strong></span> <span class='ocrx_word' id='word_1_696' title='bbox 744 5504 787 5557; x_wconf 92' lang='lat' dir='ltr'><strong>si</strong></span> <span class='ocrx_word' id='word_1_697' title='bbox 815 5504 1110 5574; x_wconf 84' lang='lat' dir='ltr'><strong>spiritualis</strong></span> <span class='ocrx_word' id='word_1_698' title='bbox 1138 5507 1368 5567; x_wconf 89' lang='lat' dir='ltr'><strong>mundus</strong></span> <span class='ocrx_word' id='word_1_699' title='bbox 1398 5507 1593 5562; x_wconf 89' lang='lat' dir='ltr'><strong>visibili</strong></span> <span class='ocrx_word' id='word_1_700' title='bbox 1623 5508 1747 5563; x_wconf 88' lang='lat' dir='ltr'><strong>huic</strong></span> <span class='ocrx_word' id='word_1_701' title='bbox 1773 5523 1907 5563; x_wconf 86' lang='lat' dir='ltr'><strong>con-</strong></span> 
     </span>
    </p>
   </div>
   <div class='ocr_carea' id='block_1_90' title="bbox 329 5590 1906 5656">
    <p class='ocr_par' dir='ltr' id='par_1_90' title="bbox 329 5590 1906 5656">
     <span class='ocr_line' id='line_1_90' title="bbox 329 5590 1906 5656; baseline 0.004 -9"><span class='ocrx_word' id='word_1_702' title='bbox 329 5590 555 5656; x_wconf 86' lang='lat' dir='ltr'><strong>feratur,</strong></span> <span class='ocrx_word' id='word_1_703' title='bbox 580 5593 705 5646; x_wconf 91' lang='lat' dir='ltr'><strong>dum</strong></span> <span class='ocrx_word' id='word_1_704' title='bbox 734 5595 1016 5652; x_wconf 88' lang='lat' dir='ltr'><strong>nonnullas</strong></span> <span class='ocrx_word' id='word_1_705' title='bbox 1044 5597 1275 5654; x_wconf 71' lang='lat' dir='ltr'><strong>invicem</strong></span> <span class='ocrx_word' id='word_1_706' title='bbox 1299 5599 1497 5654; x_wconf 85' lang='lat' dir='ltr'><strong>habere</strong></span> <span class='ocrx_word' id='word_1_707' title='bbox 1526 5598 1906 5654; x_wconf 89' lang='lat' dir='ltr'><strong>similitudines</strong></span> 
     </span>
    </p>
   </div>
   <div class='ocr_carea' id='block_1_91' title="bbox 331 5682 946 5751">
    <p class='ocr_par' dir='ltr' id='par_1_91' title="bbox 331 5682 946 5751">
     <span class='ocr_line' id='line_1_91' title="bbox 331 5682 946 5751; baseline 0.005 -15"><span class='ocrx_word' id='word_1_708' title='bbox 331 5691 562 5751; x_wconf 87' lang='lat' dir='ltr'><strong>uterque</strong></span> <span class='ocrx_word' id='word_1_709' title='bbox 593 5682 946 5750; x_wconf 84' lang='lat' dir='ltr'><strong>dignoscitur.</strong></span> 
     </span>
    </p>
   </div>
   <div class='ocr_carea' id='block_1_92' title="bbox 400 5774 1905 5851">
    <p class='ocr_par' dir='ltr' id='par_1_92' title="bbox 400 5774 1905 5851">
     <span class='ocr_line' id='line_1_92' title="bbox 400 5774 1905 5851; baseline 0.004 -22"><span class='ocrx_word' id='word_1_710' title='bbox 400 5774 466 5829; x_wconf 84' lang='lat' dir='ltr'><strong>Et</strong></span> <span class='ocrx_word' id='word_1_711' title='bbox 497 5774 811 5841; x_wconf 86' lang='lat' dir='ltr'><strong>notandum,</strong></span> <span class='ocrx_word' id='word_1_712' title='bbox 848 5777 1239 5851; x_wconf 46' lang='lat' dir='ltr'><strong>quia-summus</strong></span> <span class='ocrx_word' id='word_1_713' title='bbox 1274 5777 1626 5843; x_wconf 89' lang='lat' dir='ltr'><strong>architectus,</strong></span> <span class='ocrx_word' id='word_1_714' title='bbox 1654 5780 1905 5837; x_wconf 89' lang='lat' dir='ltr'><strong>videlicet</strong></span> 
     </span>
    </p>
   </div>
   <div class='ocr_carea' id='block_1_93' title="bbox 2026 3327 3597 3401">
    <p class='ocr_par' dir='ltr' id='par_1_93' title="bbox 2026 3327 3597 3401">
     <span class='ocr_line' id='line_1_93' title="bbox 2026 3327 3597 3401; baseline 0.004 -21"><span class='ocrx_word' id='word_1_715' title='bbox 2026 3327 2386 3381; x_wconf 90' lang='lat' dir='ltr'><strong>meditullium</strong></span> <span class='ocrx_word' id='word_1_716' title='bbox 2417 3327 2738 3395; x_wconf 87' lang='lat' dir='ltr'><strong>sortiuntur,</strong></span> <span class='ocrx_word' id='word_1_717' title='bbox 2776 3344 2881 3384; x_wconf 92' lang='lat' dir='ltr'><strong>non</strong></span> <span class='ocrx_word' id='word_1_718' title='bbox 2923 3330 3138 3400; x_wconf 88' lang='lat' dir='ltr'><strong>quidem</strong></span> <span class='ocrx_word' id='word_1_719' title='bbox 3167 3340 3290 3386; x_wconf 90' lang='lat' dir='ltr'><strong>sunt</strong></span> <span class='ocrx_word' id='word_1_720' title='bbox 3317 3330 3597 3401; x_wconf 82' lang='lat' dir='ltr'><strong>Apostoli;</strong></span> 
     </span>
    </p>
   </div>
   <div class='ocr_carea' id='block_1_94' title="bbox 2025 3418 3597 3490">
    <p class='ocr_par' dir='ltr' id='par_1_94' title="bbox 2025 3418 3597 3490">
     <span class='ocr_line' id='line_1_94' title="bbox 2025 3418 3597 3490; baseline 0.004 -20"><span class='ocrx_word' id='word_1_721' title='bbox 2025 3427 2403 3472; x_wconf 85' lang='lat' dir='ltr'><strong>verumtamen</strong></span> <span class='ocrx_word' id='word_1_722' title='bbox 2436 3418 2829 3488; x_wconf 71' lang='lat' dir='ltr'><strong>prarcipuorum</strong></span> <span class='ocrx_word' id='word_1_723' title='bbox 2863 3419 3227 3490; x_wconf 81' lang='lat' dir='ltr'><strong>apostolorum</strong></span> <span class='ocrx_word' id='word_1_724' title='bbox 3260 3420 3401 3476; x_wconf 92' lang='lat' dir='ltr'><strong>alter</strong></span> <span class='ocrx_word' id='word_1_725' title='bbox 3421 3420 3597 3489; x_wconf 88' lang='lat' dir='ltr'><strong>Petri,</strong></span> 
     </span>
    </p>
   </div>
   <div class='ocr_carea' id='block_1_95' title="bbox 2024 3509 3599 3572">
    <p class='ocr_par' dir='ltr' id='par_1_95' title="bbox 2024 3509 3599 3572">
     <span class='ocr_line' id='line_1_95' title="bbox 2024 3509 3599 3572; baseline 0.006 -9"><span class='ocrx_word' id='word_1_726' title='bbox 2024 3510 2161 3565; x_wconf 88' lang='lat' dir='ltr'><strong>alter</strong></span> <span class='ocrx_word' id='word_1_727' title='bbox 2192 3509 2345 3564; x_wconf 85' lang='lat' dir='ltr'><strong>Pauli</strong></span> <span class='ocrx_word' id='word_1_728' title='bbox 2388 3510 2746 3567; x_wconf 89' lang='lat' dir='ltr'><strong>relationibus</strong></span> <span class='ocrx_word' id='word_1_729' title='bbox 2782 3524 2910 3568; x_wconf 91' lang='lat' dir='ltr'><strong>sunt</strong></span> <span class='ocrx_word' id='word_1_730' title='bbox 2937 3514 3138 3569; x_wconf 90' lang='lat' dir='ltr'><strong>edocti.</strong></span> <span class='ocrx_word' id='word_1_731' title='bbox 3169 3513 3371 3570; x_wconf 87' lang='lat' dir='ltr'><strong>Omnes</strong></span> <span class='ocrx_word' id='word_1_732' title='bbox 3412 3524 3599 3572; x_wconf 87' lang='lat' dir='ltr'><strong>tamen</strong></span> 
     </span>
    </p>
   </div>
   <div class='ocr_carea' id='block_1_96' title="bbox 2023 3600 3600 3672">
    <p class='ocr_par' dir='ltr' id='par_1_96' title="bbox 2023 3600 3600 3672">
     <span class='ocr_line' id='line_1_96' title="bbox 2023 3600 3600 3672; baseline 0.004 -17"><span class='ocrx_word' id='word_1_733' title='bbox 2023 3600 2197 3655; x_wconf 86' lang='lat' dir='ltr'><strong>sancti</strong></span> <span class='ocrx_word' id='word_1_734' title='bbox 2245 3600 2594 3672; x_wconf 80' lang='lat' dir='ltr'><strong>evangelista:</strong></span> <span class='ocrx_word' id='word_1_735' title='bbox 2643 3601 2805 3657; x_wconf 90' lang='lat' dir='ltr'><strong>unius</strong></span> <span class='ocrx_word' id='word_1_736' title='bbox 2853 3603 3214 3670; x_wconf 90' lang='lat' dir='ltr'><strong>auctoritatis,</strong></span> <span class='ocrx_word' id='word_1_737' title='bbox 3263 3605 3424 3661; x_wconf 88' lang='lat' dir='ltr'><strong>unius</strong></span> <span class='ocrx_word' id='word_1_738' title='bbox 3468 3616 3600 3662; x_wconf 89' lang='lat' dir='ltr'><strong>sunt</strong></span> 
     </span>
    </p>
   </div>
   <div class='ocr_carea' id='block_1_97' title="bbox 2022 3692 3599 3763">
    <p class='ocr_par' dir='ltr' id='par_1_97' title="bbox 2022 3692 3599 3763">
     <span class='ocr_line' id='line_1_97' title="bbox 2022 3692 3599 3763; baseline 0.003 -16"><span class='ocrx_word' id='word_1_739' title='bbox 2022 3692 2167 3760; x_wconf 81' lang='lat' dir='ltr'><strong>tidci,</strong></span> <span class='ocrx_word' id='word_1_740' title='bbox 2200 3706 2301 3748; x_wconf 89' lang='lat' dir='ltr'><strong>nec</strong></span> <span class='ocrx_word' id='word_1_741' title='bbox 2340 3692 2393 3747; x_wconf 93' lang='lat' dir='ltr'><strong>in</strong></span> <span class='ocrx_word' id='word_1_742' title='bbox 2432 3692 2616 3762; x_wconf 89' lang='lat' dir='ltr'><strong>aliquo</strong></span> <span class='ocrx_word' id='word_1_743' title='bbox 2651 3693 2895 3763; x_wconf 83' lang='lat' dir='ltr'><strong>dispares</strong></span> <span class='ocrx_word' id='word_1_744' title='bbox 2930 3694 2983 3748; x_wconf 92' lang='lat' dir='ltr'><strong>in</strong></span> <span class='ocrx_word' id='word_1_745' title='bbox 3024 3696 3251 3750; x_wconf 81' lang='lat' dir='ltr'><strong>texenda</strong></span> <span class='ocrx_word' id='word_1_746' title='bbox 3290 3695 3599 3751; x_wconf 80' lang='lat' dir='ltr'><strong>sincerissi-</strong></span> 
     </span>
    </p>
   </div>
   <div class='ocr_carea' id='block_1_98' title="bbox 2023 3787 3597 3858">
    <p class='ocr_par' dir='ltr' id='par_1_98' title="bbox 2023 3787 3597 3858">
     <span class='ocr_line' id='line_1_98' title="bbox 2023 3787 3597 3858; baseline 0.001 -15"><span class='ocrx_word' id='word_1_747' title='bbox 2023 3804 2122 3843; x_wconf 64' lang='lat' dir='ltr'><strong>mae</strong></span> <span class='ocrx_word' id='word_1_748' title='bbox 2144 3788 2287 3843; x_wconf 89' lang='lat' dir='ltr'><strong>linea</strong></span> <span class='ocrx_word' id='word_1_749' title='bbox 2318 3787 2588 3851; x_wconf 89' lang='lat' dir='ltr'><strong>veritatis,</strong></span> <span class='ocrx_word' id='word_1_750' title='bbox 2621 3803 2685 3843; x_wconf 92' lang='lat' dir='ltr'><strong>ac</strong></span> <span class='ocrx_word' id='word_1_751' title='bbox 2714 3802 2811 3857; x_wconf 89' lang='lat' dir='ltr'><strong>per</strong></span> <span class='ocrx_word' id='word_1_752' title='bbox 2836 3801 3053 3842; x_wconf 90' lang='lat' dir='ltr'><strong>omnem</strong></span> <span class='ocrx_word' id='word_1_753' title='bbox 3084 3802 3194 3842; x_wconf 65' lang='lat' dir='ltr'><strong>suae</strong></span> <span class='ocrx_word' id='word_1_754' title='bbox 3217 3787 3597 3858; x_wconf 82' lang='lat' dir='ltr'><strong>descriptionis</strong></span> 
     </span>
    </p>
   </div>
   <div class='ocr_carea' id='block_1_99' title="bbox 2022 3875 3593 3948">
    <p class='ocr_par' dir='ltr' id='par_1_99' title="bbox 2022 3875 3593 3948">
     <span class='ocr_line' id='line_1_99' title="bbox 2022 3875 3593 3948; baseline -0.001 -17"><span class='ocrx_word' id='word_1_755' title='bbox 2022 3876 2307 3931; x_wconf 87' lang='lat' dir='ltr'><strong>articulum</strong></span> <span class='ocrx_word' id='word_1_756' title='bbox 2357 3876 2772 3948; x_wconf 89' lang='lat' dir='ltr'><strong>inexpugnabile</strong></span> <span class='ocrx_word' id='word_1_757' title='bbox 2816 3875 2976 3931; x_wconf 91' lang='lat' dir='ltr'><strong>simul</strong></span> <span class='ocrx_word' id='word_1_758' title='bbox 3018 3877 3236 3945; x_wconf 91' lang='lat' dir='ltr'><strong>erigunt</strong></span> <span class='ocrx_word' id='word_1_759' title='bbox 3281 3890 3593 3947; x_wconf 87' lang='lat' dir='ltr'><strong>propugna-</strong></span> 
     </span>
    </p>
   </div>
   <div class='ocr_carea' id='block_1_100' title="bbox 2020 3966 3592 4038">
    <p class='ocr_par' dir='ltr' id='par_1_100' title="bbox 2020 3966 3592 4038">
     <span class='ocr_line' id='line_1_100' title="bbox 2020 3966 3592 4038; baseline 0 -15"><span class='ocrx_word' id='word_1_760' title='bbox 2020 3968 2200 4023; x_wconf 89' lang='lat' dir='ltr'><strong>culum</strong></span> <span class='ocrx_word' id='word_1_761' title='bbox 2237 3969 2501 4024; x_wconf 91' lang='lat' dir='ltr'><strong>adversus</strong></span> <span class='ocrx_word' id='word_1_762' title='bbox 2532 3969 2713 4023; x_wconf 87' lang='lat' dir='ltr'><strong>omnia</strong></span> <span class='ocrx_word' id='word_1_763' title='bbox 2751 3966 3117 4037; x_wconf 89' lang='lat' dir='ltr'><strong>quarumlibet</strong></span> <span class='ocrx_word' id='word_1_764' title='bbox 3154 3968 3431 4023; x_wconf 68' lang='lat' dir='ltr'><strong>haereseos</strong></span> <span class='ocrx_word' id='word_1_765' title='bbox 3476 3969 3592 4038; x_wconf 86' lang='lat' dir='ltr'><strong>spi-</strong></span> 
     </span>
    </p>
   </div>
   <div class='ocr_carea' id='block_1_101' title="bbox 2020 4057 3591 4129">
    <p class='ocr_par' dir='ltr' id='par_1_101' title="bbox 2020 4057 3591 4129">
     <span class='ocr_line' id='line_1_101' title="bbox 2020 4057 3591 4129; baseline 0.001 -16"><span class='ocrx_word' id='word_1_766' title='bbox 2020 4058 2137 4113; x_wconf 87' lang='lat' dir='ltr'><strong>cula</strong></span> <span class='ocrx_word' id='word_1_767' title='bbox 2162 4058 2566 4129; x_wconf 72' lang='lat' dir='ltr'><strong>prtemunitum.</strong></span> <span class='ocrx_word' id='word_1_768' title='bbox 2592 4057 2719 4113; x_wconf 69' lang='lat' dir='ltr'><strong>Haec</strong></span> <span class='ocrx_word' id='word_1_769' title='bbox 2739 4068 2821 4112; x_wconf 88' lang='lat' dir='ltr'><strong>cst</strong></span> <span class='ocrx_word' id='word_1_770' title='bbox 2844 4057 2987 4113; x_wconf 91' lang='lat' dir='ltr'><strong>enim</strong></span> <span class='ocrx_word' id='word_1_771' title='bbox 3010 4058 3267 4127; x_wconf 90' lang='lat' dir='ltr'><strong>quadriga</strong></span> <span class='ocrx_word' id='word_1_772' title='bbox 3295 4058 3383 4113; x_wconf 89' lang='lat' dir='ltr'><strong>illa</strong></span> <span class='ocrx_word' id='word_1_773' title='bbox 3406 4058 3458 4112; x_wconf 91' lang='lat' dir='ltr'><strong>in</strong></span> <span class='ocrx_word' id='word_1_774' title='bbox 3482 4074 3591 4127; x_wconf 89' lang='lat' dir='ltr'><strong>qua</strong></span> 
     </span>
    </p>
   </div>
   <div class='ocr_carea' id='block_1_102' title="bbox 2020 4148 3587 4219">
    <p class='ocr_par' dir='ltr' id='par_1_102' title="bbox 2020 4148 3587 4219">
     <span class='ocr_line' id='line_1_102' title="bbox 2020 4148 3587 4219; baseline 0.001 -16"><span class='ocrx_word' id='word_1_775' title='bbox 2020 4149 2133 4203; x_wconf 81' lang='lat' dir='ltr'><strong>Rex</strong></span> <span class='ocrx_word' id='word_1_776' title='bbox 2164 4148 2349 4219; x_wconf 68' lang='lat' dir='ltr'><strong>gloriae</strong></span> <span class='ocrx_word' id='word_1_777' title='bbox 2382 4149 2664 4204; x_wconf 81' lang='lat' dir='ltr'><strong>exsultans</strong></span> <span class='ocrx_word' id='word_1_778' title='bbox 2688 4158 2745 4202; x_wconf 92' lang='lat' dir='ltr'><strong>ut</strong></span> <span class='ocrx_word' id='word_1_779' title='bbox 2772 4149 2945 4218; x_wconf 89' lang='lat' dir='ltr'><strong>gigas,</strong></span> <span class='ocrx_word' id='word_1_780' title='bbox 2986 4159 3040 4203; x_wconf 92' lang='lat' dir='ltr'><strong>et</strong></span> <span class='ocrx_word' id='word_1_781' title='bbox 3077 4157 3269 4218; x_wconf 87' lang='lat' dir='ltr'><strong>potens</strong></span> <span class='ocrx_word' id='word_1_782' title='bbox 3299 4150 3353 4204; x_wconf 91' lang='lat' dir='ltr'><strong>in</strong></span> <span class='ocrx_word' id='word_1_783' title='bbox 3379 4149 3587 4217; x_wconf 70' lang='lat' dir='ltr'><strong>praelia,</strong></span> 
     </span>
    </p>
   </div>
   <div class='ocr_carea' id='block_1_103' title="bbox 2020 4236 3591 4312">
    <p class='ocr_par' dir='ltr' id='par_1_103' title="bbox 2020 4236 3591 4312">
     <span class='ocr_line' id='line_1_103' title="bbox 2020 4236 3591 4312; baseline 0.001 -21"><span class='ocrx_word' id='word_1_784' title='bbox 2020 4237 2361 4312; x_wconf 54' lang='lat' dir='ltr'><strong>(Padum,</strong></span> <span class='ocrx_word' id='word_1_785' title='bbox 2382 4239 2559 4307; x_wconf 83' lang='lat' dir='ltr'><strong>xxnt),</strong></span> <span class='ocrx_word' id='word_1_786' title='bbox 2588 4238 2824 4309; x_wconf 85' lang='lat' dir='ltr'><strong>Principi</strong></span> <span class='ocrx_word' id='word_1_787' title='bbox 2855 4239 3041 4293; x_wconf 91' lang='lat' dir='ltr'><strong>mundi</strong></span> <span class='ocrx_word' id='word_1_788' title='bbox 3087 4236 3266 4306; x_wconf 92' lang='lat' dir='ltr'><strong>hujus,</strong></span> <span class='ocrx_word' id='word_1_789' title='bbox 3300 4238 3390 4309; x_wconf 91' lang='lat' dir='ltr'><strong>qui</strong></span> <span class='ocrx_word' id='word_1_790' title='bbox 3418 4253 3591 4308; x_wconf 88' lang='lat' dir='ltr'><strong>genus</strong></span> 
     </span>
    </p>
   </div>
   <div class='ocr_carea' id='block_1_104' title="bbox 2018 4326 3590 4396">
    <p class='ocr_par' dir='ltr' id='par_1_104' title="bbox 2018 4326 3590 4396">
     <span class='ocr_line' id='line_1_104' title="bbox 2018 4326 3590 4396; baseline 0.001 -15"><span class='ocrx_word' id='word_1_791' title='bbox 2018 4327 2315 4382; x_wconf 90' lang='lat' dir='ltr'><strong>humanum</strong></span> <span class='ocrx_word' id='word_1_792' title='bbox 2368 4326 2641 4396; x_wconf 87' lang='lat' dir='ltr'><strong>captivum</strong></span> <span class='ocrx_word' id='word_1_793' title='bbox 2687 4328 2933 4393; x_wconf 91' lang='lat' dir='ltr'><strong>tenebat,</strong></span> <span class='ocrx_word' id='word_1_794' title='bbox 2988 4330 3266 4394; x_wconf 91' lang='lat' dir='ltr'><strong>occurrit,</strong></span> <span class='ocrx_word' id='word_1_795' title='bbox 3319 4335 3374 4383; x_wconf 92' lang='lat' dir='ltr'><strong>et</strong></span> <span class='ocrx_word' id='word_1_796' title='bbox 3418 4327 3590 4383; x_wconf 83' lang='lat' dir='ltr'><strong>lorica</strong></span> 
     </span>
    </p>
   </div>
   <div class='ocr_carea' id='block_1_105' title="bbox 2017 4415 3591 4489">
    <p class='ocr_par' dir='ltr' id='par_1_105' title="bbox 2017 4415 3591 4489">
     <span class='ocr_line' id='line_1_105' title="bbox 2017 4415 3591 4489; baseline 0.002 -18"><span class='ocrx_word' id='word_1_797' title='bbox 2017 4416 2199 4471; x_wconf 90' lang='lat' dir='ltr'><strong>carnis</strong></span> <span class='ocrx_word' id='word_1_798' title='bbox 2233 4425 2475 4471; x_wconf 90' lang='lat' dir='ltr'><strong>armatus</strong></span> <span class='ocrx_word' id='word_1_799' title='bbox 2527 4415 2673 4470; x_wconf 91' lang='lat' dir='ltr'><strong>illum</strong></span> <span class='ocrx_word' id='word_1_800' title='bbox 2723 4418 3116 4487; x_wconf 90' lang='lat' dir='ltr'><strong>superveniens</strong></span> <span class='ocrx_word' id='word_1_801' title='bbox 3164 4418 3314 4485; x_wconf 91' lang='lat' dir='ltr'><strong>vicit,</strong></span> <span class='ocrx_word' id='word_1_802' title='bbox 3363 4418 3591 4489; x_wconf 82' lang='lat' dir='ltr'><strong>ejusque</strong></span> 
     </span>
    </p>
   </div>
   <div class='ocr_carea' id='block_1_106' title="bbox 2018 4504 3585 4579">
    <p class='ocr_par' dir='ltr' id='par_1_106' title="bbox 2018 4504 3585 4579">
     <span class='ocr_line' id='line_1_106' title="bbox 2018 4504 3585 4579; baseline 0.003 -21"><span class='ocrx_word' id='word_1_803' title='bbox 2018 4520 2146 4559; x_wconf 87' lang='lat' dir='ltr'><strong>vasa</strong></span> <span class='ocrx_word' id='word_1_804' title='bbox 2192 4504 2469 4561; x_wconf 86' lang='lat' dir='ltr'><strong>distribuit</strong></span> <span class='ocrx_word' id='word_1_805' title='bbox 2503 4504 2654 4576; x_wconf 83' lang='lat' dir='ltr'><strong>(Luc.</strong></span> <span class='ocrx_word' id='word_1_806' title='bbox 2696 4507 2795 4577; x_wconf 78' lang='lat' dir='ltr'><strong>xi).</strong></span> <span class='ocrx_word' id='word_1_807' title='bbox 2848 4506 2998 4567; x_wconf 86' lang='lat' dir='ltr'><strong>Hanc</strong></span> <span class='ocrx_word' id='word_1_808' title='bbox 3044 4523 3205 4577; x_wconf 89' lang='lat' dir='ltr'><strong>porro</strong></span> <span class='ocrx_word' id='word_1_809' title='bbox 3246 4509 3585 4579; x_wconf 84' lang='lat' dir='ltr'><strong>quadrigam,</strong></span> 
     </span>
    </p>
   </div>
   <div class='ocr_carea' id='block_1_107' title="bbox 2019 4595 3590 4668">
    <p class='ocr_par' dir='ltr' id='par_1_107' title="bbox 2019 4595 3590 4668">
     <span class='ocr_line' id='line_1_107' title="bbox 2019 4595 3590 4668; baseline 0.001 -17"><span class='ocrx_word' id='word_1_810' title='bbox 2019 4609 2315 4666; x_wconf 89' lang='lat' dir='ltr'><strong>verumque</strong></span> <span class='ocrx_word' id='word_1_811' title='bbox 2370 4595 2656 4651; x_wconf 90' lang='lat' dir='ltr'><strong>cherubim</strong></span> <span class='ocrx_word' id='word_1_812' title='bbox 2712 4595 2964 4652; x_wconf 85' lang='lat' dir='ltr'><strong>Ezeclnel</strong></span> <span class='ocrx_word' id='word_1_813' title='bbox 3019 4599 3279 4668; x_wconf 89' lang='lat' dir='ltr'><strong>propheta</strong></span> <span class='ocrx_word' id='word_1_814' title='bbox 3347 4612 3408 4653; x_wconf 88' lang='lat' dir='ltr'><strong>se</strong></span> <span class='ocrx_word' id='word_1_815' title='bbox 3456 4612 3590 4653; x_wconf 87' lang='lat' dir='ltr'><strong>con-</strong></span> 
     </span>
    </p>
   </div>
   <div class='ocr_carea' id='block_1_108' title="bbox 2017 4686 3586 4757">
    <p class='ocr_par' dir='ltr' id='par_1_108' title="bbox 2017 4686 3586 4757">
     <span class='ocr_line' id='line_1_108' title="bbox 2017 4686 3586 4757; baseline 0.001 -16"><span class='ocrx_word' id='word_1_816' title='bbox 2017 4688 2260 4757; x_wconf 83' lang='lat' dir='ltr'><strong>spexisse</strong></span> <span class='ocrx_word' id='word_1_817' title='bbox 2282 4686 2750 4753; x_wconf 88' lang='lat' dir='ltr'><strong>commemoravit,</strong></span> <span class='ocrx_word' id='word_1_818' title='bbox 2778 4702 2900 4743; x_wconf 91' lang='lat' dir='ltr'><strong>cum</strong></span> <span class='ocrx_word' id='word_1_819' title='bbox 2928 4688 3002 4741; x_wconf 89' lang='lat' dir='ltr'><strong>ait</strong></span> <span class='ocrx_word' id='word_1_820' title='bbox 3032 4705 3043 4741; x_wconf 92' lang='lat'><strong>:</strong></span> <span class='ocrx_word' id='word_1_821' title='bbox 3080 4706 3097 4739; x_wconf 73' lang='grc' dir='ltr'>ι</span> <span class='ocrx_word' id='word_1_822' title='bbox 3133 4686 3441 4742; x_wconf 91' lang='lat' dir='ltr'><strong>Similitudo</strong></span> <span class='ocrx_word' id='word_1_823' title='bbox 3483 4703 3586 4742; x_wconf 89' lang='lat' dir='ltr'><strong>au-</strong></span> 
     </span>
    </p>
   </div>
   <div class='ocr_carea' id='block_1_109' title="bbox 2019 4774 3586 4841">
    <p class='ocr_par' dir='ltr' id='par_1_109' title="bbox 2019 4774 3586 4841">
     <span class='ocr_line' id='line_1_109' title="bbox 2019 4774 3586 4841; baseline -0.001 -10"><span class='ocrx_word' id='word_1_824' title='bbox 2019 4786 2122 4832; x_wconf 88' lang='lat' dir='ltr'><strong>tem</strong></span> <span class='ocrx_word' id='word_1_825' title='bbox 2154 4776 2336 4831; x_wconf 92' lang='lat' dir='ltr'><strong>vultus</strong></span> <span class='ocrx_word' id='word_1_826' title='bbox 2384 4790 2573 4831; x_wconf 92' lang='lat' dir='ltr'><strong>eorum</strong></span> <span class='ocrx_word' id='word_1_827' title='bbox 2617 4775 2787 4831; x_wconf 87' lang='lat' dir='ltr'><strong>facies</strong></span> <span class='ocrx_word' id='word_1_828' title='bbox 2808 4776 3084 4841; x_wconf 70' lang='lat' dir='ltr'><strong>’hominis,</strong></span> <span class='ocrx_word' id='word_1_829' title='bbox 3120 4784 3175 4830; x_wconf 91' lang='lat' dir='ltr'><strong>et</strong></span> <span class='ocrx_word' id='word_1_830' title='bbox 3216 4774 3384 4830; x_wconf 90' lang='lat' dir='ltr'><strong>facies</strong></span> <span class='ocrx_word' id='word_1_831' title='bbox 3411 4774 3586 4830; x_wconf 86' lang='lat' dir='ltr'><strong>leonis</strong></span> 
     </span>
    </p>
   </div>
   <div class='ocr_carea' id='block_1_110' title="bbox 2012 4864 3585 4935">
    <p class='ocr_par' dir='ltr' id='par_1_110' title="bbox 2012 4864 3585 4935">
     <span class='ocr_line' id='line_1_110' title="bbox 2012 4864 3585 4935; baseline 0.001 -15"><span class='ocrx_word' id='word_1_832' title='bbox 2012 4884 2044 4920; x_wconf 89' lang='lat' dir='ltr'><strong>a</strong></span> <span class='ocrx_word' id='word_1_833' title='bbox 2090 4867 2296 4921; x_wconf 89' lang='lat' dir='ltr'><strong>dextris</strong></span> <span class='ocrx_word' id='word_1_834' title='bbox 2348 4866 2588 4935; x_wconf 91' lang='lat' dir='ltr'><strong>ipsorum</strong></span> <span class='ocrx_word' id='word_1_835' title='bbox 2629 4874 2890 4935; x_wconf 91' lang='lat' dir='ltr'><strong>quatuor,</strong></span> <span class='ocrx_word' id='word_1_836' title='bbox 2942 4865 3108 4919; x_wconf 87' lang='lat' dir='ltr'><strong>facies</strong></span> <span class='ocrx_word' id='word_1_837' title='bbox 3153 4874 3333 4919; x_wconf 89' lang='lat' dir='ltr'><strong>autem</strong></span> <span class='ocrx_word' id='word_1_838' title='bbox 3364 4864 3518 4919; x_wconf 74' lang='lat' dir='ltr'><strong>bovis</strong></span> <span class='ocrx_word' id='word_1_839' title='bbox 3551 4880 3585 4922; x_wconf 71' lang='grc' dir='ltr'>ι</span> 
     </span>
    </p>
   </div>
   <div class='ocr_carea' id='block_1_111' title="bbox 2013 4956 3585 5028">
    <p class='ocr_par' dir='ltr' id='par_1_111' title="bbox 2013 4956 3585 5028">
     <span class='ocr_line' id='line_1_111' title="bbox 2013 4956 3585 5028; baseline -0.001 -15"><span class='ocrx_word' id='word_1_840' title='bbox 2013 4958 2252 5013; x_wconf 90' lang='lat' dir='ltr'><strong>sinistris</strong></span> <span class='ocrx_word' id='word_1_841' title='bbox 2292 4959 2532 5028; x_wconf 87' lang='lat' dir='ltr'><strong>ipsorum</strong></span> <span class='ocrx_word' id='word_1_842' title='bbox 2561 4970 2816 5027; x_wconf 88' lang='lat' dir='ltr'><strong>quatuor,</strong></span> <span class='ocrx_word' id='word_1_843' title='bbox 2843 4964 2898 5010; x_wconf 87' lang='lat' dir='ltr'><strong>et</strong></span> <span class='ocrx_word' id='word_1_844' title='bbox 2937 4957 3103 5012; x_wconf 87' lang='lat' dir='ltr'><strong>facies</strong></span> <span class='ocrx_word' id='word_1_845' title='bbox 3130 4956 3325 5026; x_wconf 72' lang='lat' dir='ltr'><strong>aquila:</strong></span> <span class='ocrx_word' id='word_1_846' title='bbox 3345 4956 3585 5027; x_wconf 89' lang='lat' dir='ltr'><strong>desuper</strong></span> 
     </span>
    </p>
   </div>
   <div class='ocr_carea' id='block_1_112' title="bbox 2012 5048 3581 5121">
    <p class='ocr_par' dir='ltr' id='par_1_112' title="bbox 2012 5048 3581 5121">
     <span class='ocr_line' id='line_1_112' title="bbox 2012 5048 3581 5121; baseline 0 -16"><span class='ocrx_word' id='word_1_847' title='bbox 2012 5051 2251 5121; x_wconf 88' lang='lat' dir='ltr'><strong>ipsorum</strong></span> <span class='ocrx_word' id='word_1_848' title='bbox 2289 5060 2525 5119; x_wconf 89' lang='lat' dir='ltr'><strong>quatuor</strong></span> <span class='ocrx_word' id='word_1_849' title='bbox 2555 5048 2772 5120; x_wconf 71' lang='lat' dir='ltr'><strong>(Ezech.</strong></span> <span class='ocrx_word' id='word_1_850' title='bbox 2803 5050 2864 5118; x_wconf 87' lang='grc' dir='ltr'><strong>ι).</strong></span> <span class='ocrx_word' id='word_1_851' title='bbox 2904 5070 2922 5102; x_wconf 77' lang='grc' dir='ltr'><strong><em>ι</em></strong></span> <span class='ocrx_word' id='word_1_852' title='bbox 2955 5050 3101 5117; x_wconf 89' lang='lat' dir='ltr'><strong>Quos</strong></span> <span class='ocrx_word' id='word_1_853' title='bbox 3149 5051 3397 5119; x_wconf 86' lang='lat' dir='ltr'><strong>profecto</strong></span> <span class='ocrx_word' id='word_1_854' title='bbox 3441 5065 3581 5105; x_wconf 89' lang='lat' dir='ltr'><strong>non-</strong></span> 
     </span>
    </p>
   </div>
   <div class='ocr_carea' id='block_1_113' title="bbox 1970 5134 3579 5210">
    <p class='ocr_par' dir='ltr' id='par_1_113' title="bbox 1970 5134 3579 5210">
     <span class='ocr_line' id='line_1_113' title="bbox 1970 5134 3579 5210; baseline -0.001 -15"><span class='ocrx_word' id='word_1_855' title='bbox 1970 5206 1973 5210; x_wconf 27' lang='lat'><strong>,</strong></span> <span class='ocrx_word' id='word_1_856' title='bbox 2010 5140 2141 5195; x_wconf 90' lang='lat' dir='ltr'><strong>nulli</strong></span> <span class='ocrx_word' id='word_1_857' title='bbox 2168 5140 2559 5195; x_wconf 90' lang='lat' dir='ltr'><strong>catholicorum</strong></span> <span class='ocrx_word' id='word_1_858' title='bbox 2590 5140 2811 5195; x_wconf 83' lang='lat' dir='ltr'><strong>Patrum</strong></span> <span class='ocrx_word' id='word_1_859' title='bbox 2838 5141 2941 5195; x_wconf 91' lang='lat' dir='ltr'><strong>hoc</strong></span> <span class='ocrx_word' id='word_1_860' title='bbox 2970 5134 3160 5196; x_wconf 86' lang='lat' dir='ltr'><strong>ordine</strong></span> <span class='ocrx_word' id='word_1_861' title='bbox 3183 5141 3579 5207; x_wconf 87' lang='lat' dir='ltr'><strong>discreverunt,</strong></span> 
     </span>
    </p>
   </div>
   <div class='ocr_carea' id='block_1_114' title="bbox 2010 5228 3580 5300">
    <p class='ocr_par' dir='ltr' id='par_1_114' title="bbox 2010 5228 3580 5300">
     <span class='ocr_line' id='line_1_114' title="bbox 2010 5228 3580 5300; baseline -0.002 -14"><span class='ocrx_word' id='word_1_862' title='bbox 2010 5240 2070 5286; x_wconf 92' lang='lat' dir='ltr'><strong>ut</strong></span> <span class='ocrx_word' id='word_1_863' title='bbox 2126 5231 2252 5300; x_wconf 90' lang='lat' dir='ltr'><strong>quia</strong></span> <span class='ocrx_word' id='word_1_864' title='bbox 2294 5233 2361 5285; x_wconf 91' lang='lat' dir='ltr'><strong>ab</strong></span> <span class='ocrx_word' id='word_1_865' title='bbox 2412 5231 2648 5285; x_wconf 86' lang='lat' dir='ltr'><strong>humana</strong></span> <span class='ocrx_word' id='word_1_866' title='bbox 2694 5230 3043 5300; x_wconf 89' lang='lat' dir='ltr'><strong>generatione</strong></span> <span class='ocrx_word' id='word_1_867' title='bbox 3090 5230 3276 5300; x_wconf 65' lang='lat' dir='ltr'><strong>coepit,</strong></span> <span class='ocrx_word' id='word_1_868' title='bbox 3318 5228 3441 5297; x_wconf 90' lang='lat' dir='ltr'><strong>jure</strong></span> <span class='ocrx_word' id='word_1_869' title='bbox 3481 5243 3580 5298; x_wconf 90' lang='lat' dir='ltr'><strong>per</strong></span> 
     </span>
    </p>
   </div>
   <div class='ocr_carea' id='block_1_115' title="bbox 2009 5321 3576 5392">
    <p class='ocr_par' dir='ltr' id='par_1_115' title="bbox 2009 5321 3576 5392">
     <span class='ocr_line' id='line_1_115' title="bbox 2009 5321 3576 5392; baseline -0.001 -17"><span class='ocrx_word' id='word_1_870' title='bbox 2009 5322 2283 5377; x_wconf 86' lang='lat' dir='ltr'><strong>hominem</strong></span> <span class='ocrx_word' id='word_1_871' title='bbox 2311 5322 2623 5387; x_wconf 84' lang='lat' dir='ltr'><strong>Mattbaeus;</strong></span> <span class='ocrx_word' id='word_1_872' title='bbox 2642 5322 2773 5392; x_wconf 81' lang='lat' dir='ltr'><strong>quia</strong></span> <span class='ocrx_word' id='word_1_873' title='bbox 2798 5336 2927 5377; x_wconf 92' lang='lat' dir='ltr'><strong>vero</strong></span> <span class='ocrx_word' id='word_1_874' title='bbox 2948 5337 2978 5376; x_wconf 93' lang='lat' dir='ltr'><strong>a</strong></span> <span class='ocrx_word' id='word_1_875' title='bbox 3000 5321 3239 5377; x_wconf 90' lang='lat' dir='ltr'><strong>clamore</strong></span> <span class='ocrx_word' id='word_1_876' title='bbox 3262 5321 3315 5377; x_wconf 87' lang='lat' dir='ltr'><strong>in</strong></span> <span class='ocrx_word' id='word_1_877' title='bbox 3338 5322 3576 5387; x_wconf 89' lang='lat' dir='ltr'><strong>deserto,</strong></span> 
     </span>
    </p>
   </div>
   <div class='ocr_carea' id='block_1_116' title="bbox 2010 5410 3641 5482">
    <p class='ocr_par' dir='ltr' id='par_1_116' title="bbox 2010 5410 3641 5482">
     <span class='ocr_line' id='line_1_116' title="bbox 2010 5410 3641 5482; baseline -0.002 -14"><span class='ocrx_word' id='word_1_878' title='bbox 2010 5424 2157 5469; x_wconf 91' lang='lat' dir='ltr'><strong>recte</strong></span> <span class='ocrx_word' id='word_1_879' title='bbox 2184 5429 2280 5482; x_wconf 92' lang='lat' dir='ltr'><strong>per</strong></span> <span class='ocrx_word' id='word_1_880' title='bbox 2308 5413 2520 5468; x_wconf 89' lang='lat' dir='ltr'><strong>leonem</strong></span> <span class='ocrx_word' id='word_1_881' title='bbox 2553 5410 2800 5478; x_wconf 84' lang='lat' dir='ltr'><strong>Marcus;</strong></span> <span class='ocrx_word' id='word_1_882' title='bbox 2836 5412 2963 5482; x_wconf 89' lang='lat' dir='ltr'><strong>quia</strong></span> <span class='ocrx_word' id='word_1_883' title='bbox 2997 5426 3027 5465; x_wconf 90' lang='lat' dir='ltr'><strong>a</strong></span> <span class='ocrx_word' id='word_1_884' title='bbox 3058 5411 3325 5466; x_wconf 87' lang='lat' dir='ltr'><strong>sacrificio</strong></span> <span class='ocrx_word' id='word_1_885' title='bbox 3349 5424 3581 5466; x_wconf 86' lang='lat' dir='ltr'><strong>exorsus</strong></span> <span class='ocrx_word' id='word_1_886' title='bbox 3635 5468 3641 5474; x_wconf 89' lang='lat'><strong><em>_</em></strong></span> 
     </span>
    </p>
   </div>
   <div class='ocr_carea' id='block_1_117' title="bbox 2008 5498 3579 5573">
    <p class='ocr_par' dir='ltr' id='par_1_117' title="bbox 2008 5498 3579 5573">
     <span class='ocr_line' id='line_1_117' title="bbox 2008 5498 3579 5573; baseline -0.004 -12"><span class='ocrx_word' id='word_1_887' title='bbox 2008 5515 2112 5569; x_wconf 87' lang='lat' dir='ltr'><strong>est,</strong></span> <span class='ocrx_word' id='word_1_888' title='bbox 2163 5506 2300 5559; x_wconf 86' lang='lat' dir='ltr'><strong>bene</strong></span> <span class='ocrx_word' id='word_1_889' title='bbox 2347 5517 2444 5573; x_wconf 90' lang='lat' dir='ltr'><strong>per</strong></span> <span class='ocrx_word' id='word_1_890' title='bbox 2492 5500 2719 5556; x_wconf 86' lang='lat' dir='ltr'><strong>vitulum</strong></span> <span class='ocrx_word' id='word_1_891' title='bbox 2769 5499 2978 5566; x_wconf 86' lang='lat' dir='ltr'><strong>Lucas;</strong></span> <span class='ocrx_word' id='word_1_892' title='bbox 3038 5500 3163 5569; x_wconf 90' lang='lat' dir='ltr'><strong>quia</strong></span> <span class='ocrx_word' id='word_1_893' title='bbox 3212 5514 3241 5553; x_wconf 95' lang='lat' dir='ltr'><strong>a</strong></span> <span class='ocrx_word' id='word_1_894' title='bbox 3295 5498 3579 5556; x_wconf 85' lang='lat' dir='ltr'><strong>divinitate</strong></span> 
     </span>
    </p>
   </div>
   <div class='ocr_carea' id='block_1_118' title="bbox 2008 5588 3576 5663">
    <p class='ocr_par' dir='ltr' id='par_1_118' title="bbox 2008 5588 3576 5663">
     <span class='ocr_line' id='line_1_118' title="bbox 2008 5588 3576 5663; baseline -0.006 -13"><span class='ocrx_word' id='word_1_895' title='bbox 2008 5595 2170 5651; x_wconf 89' lang='lat' dir='ltr'><strong>Verbi</strong></span> <span class='ocrx_word' id='word_1_896' title='bbox 2215 5594 2401 5662; x_wconf 65' lang='lat' dir='ltr'><strong>etrapit,</strong></span> <span class='ocrx_word' id='word_1_897' title='bbox 2448 5593 2608 5663; x_wconf 85' lang='lat' dir='ltr'><strong>digne</strong></span> <span class='ocrx_word' id='word_1_898' title='bbox 2650 5589 2885 5645; x_wconf 75' lang='lat' dir='ltr'><strong>Joannes</strong></span> <span class='ocrx_word' id='word_1_899' title='bbox 2912 5589 3162 5644; x_wconf 89' lang='lat' dir='ltr'><strong>videatur</strong></span> <span class='ocrx_word' id='word_1_900' title='bbox 3203 5602 3301 5661; x_wconf 89' lang='lat' dir='ltr'><strong>per</strong></span> <span class='ocrx_word' id='word_1_901' title='bbox 3339 5588 3576 5655; x_wconf 88' lang='lat' dir='ltr'><strong>aquilam</strong></span> 
     </span>
    </p>
   </div>
   <div class='ocr_carea' id='block_1_119' title="bbox 2007 5678 3575 5757">
    <p class='ocr_par' dir='ltr' id='par_1_119' title="bbox 2007 5678 3575 5757">
     <span class='ocr_line' id='line_1_119' title="bbox 2007 5678 3575 5757; baseline -0.007 -15"><span class='ocrx_word' id='word_1_902' title='bbox 2007 5686 2299 5757; x_wconf 87' lang='lat' dir='ltr'><strong>designari.</strong></span> <span class='ocrx_word' id='word_1_903' title='bbox 2331 5683 2431 5751; x_wconf 87' lang='lat' dir='ltr'><strong>Qui</strong></span> <span class='ocrx_word' id='word_1_904' title='bbox 2468 5683 2721 5738; x_wconf 91' lang='lat' dir='ltr'><strong>nimirum</strong></span> <span class='ocrx_word' id='word_1_905' title='bbox 2745 5682 2930 5736; x_wconf 89' lang='lat' dir='ltr'><strong>dicens</strong></span> <span class='ocrx_word' id='word_1_906' title='bbox 2959 5698 2971 5734; x_wconf 92' lang='lat'><strong>:</strong></span> <span class='ocrx_word' id='word_1_907' title='bbox 3007 5700 3025 5731; x_wconf 75' lang='grc' dir='ltr'>ι</span> <span class='ocrx_word' id='word_1_908' title='bbox 3059 5679 3117 5734; x_wconf 88' lang='lat' dir='ltr'><strong>In</strong></span> <span class='ocrx_word' id='word_1_909' title='bbox 3160 5678 3428 5749; x_wconf 80' lang='lat' dir='ltr'><strong>principio</strong></span> <span class='ocrx_word' id='word_1_910' title='bbox 3454 5684 3575 5731; x_wconf 89' lang='lat' dir='ltr'><strong>erat</strong></span> 
     </span>
    </p>
   </div>
   <div class='ocr_carea' id='block_1_120' title="bbox 2008 5768 3572 5846">
    <p class='ocr_par' dir='ltr' id='par_1_120' title="bbox 2008 5768 3572 5846">
     <span class='ocr_line' id='line_1_120' title="bbox 2008 5768 3572 5846; baseline -0.007 -11"><span class='ocrx_word' id='word_1_911' title='bbox 2008 5779 2266 5846; x_wconf 78' lang='lat' dir='ltr'><strong>Verbum,</strong></span> <span class='ocrx_word' id='word_1_912' title='bbox 2308 5784 2362 5833; x_wconf 90' lang='lat' dir='ltr'><strong>et</strong></span> <span class='ocrx_word' id='word_1_913' title='bbox 2393 5775 2628 5833; x_wconf 87' lang='lat' dir='ltr'><strong>Verbum</strong></span> <span class='ocrx_word' id='word_1_914' title='bbox 2661 5782 2781 5829; x_wconf 88' lang='lat' dir='ltr'><strong>erat</strong></span> <span class='ocrx_word' id='word_1_915' title='bbox 2803 5772 2943 5845; x_wconf 89' lang='lat' dir='ltr'><strong>apud</strong></span> <span class='ocrx_word' id='word_1_916' title='bbox 2970 5772 3170 5838; x_wconf 89' lang='lat' dir='ltr'><strong>Deum;</strong></span> <span class='ocrx_word' id='word_1_917' title='bbox 3198 5777 3252 5825; x_wconf 88' lang='lat' dir='ltr'><strong>et</strong></span> <span class='ocrx_word' id='word_1_918' title='bbox 3288 5768 3429 5824; x_wconf 89' lang='lat' dir='ltr'><strong>Deus</strong></span> <span class='ocrx_word' id='word_1_919' title='bbox 3454 5774 3572 5824; x_wconf 88' lang='lat' dir='ltr'><strong>erat</strong></span> 
     </span>
    </p>
   </div>
  </div>
