4064 6208
318 462 416 523 781
471 454 480 462 ’

1741 447 1971 512 δὶἰίἶλιο
2013 455 2190 508 XLIX.

3475 451 3577 510 78?

319 578 554 634 Verbum
587 571 768 646 (Idan.
797 573 856 643 t),
882 593 899 625 ι
930 573 1056 630 dum
1081 572 1134 629 in
1156 583 1276 630 eam
1306 571 1664 628 substantiam
1693 569 1898 623 Divini—
1927 579 1973 633 Α
2003 567 2125 638 gelii
2163 583 2268 622 non
2309 568 2542 622 omittat.
2595 567 2727 634 Nam
2772 569 2943 637 ipsum
2975 577 3192 639 quoque
3230 583 3339 625 sua!
3382 589 3573 630 narra-

317 669 446 726 tatis
465 668 716 734 intendit,
729 667 882 736 quasi
905 683 1056 724 more
1079 667 1269 738 aquilae
1285 665 1474 722 oculos
1497 666 1548 719 in
1575 663 1894 720 solemﬁxit.

393 757 502 814 Sed
555 757 613 822 ii,
663 757 756 827 qui
787 766 1003 812 Sanclos
1034 755 1396 827 evangelistas
1436 769 1533 823 per
1581 752 1900 807 animalium

324 849 529 921 ﬁguras
559 847 670 903 sub
696 847 801 902 hac
829 846 1093 902 varietate
1122 845 1480 916 distinguunt,
1515 843 1685 913 magis
1720 842 1898 896 consi-

314 941 508 996 derare
567 938 820 993 videntur
890 936 1165 1008 Evangelii
1227 935 1492 1006 cujusque
1550 934 1895 1004 principium,

313 1043 475 1102 quam
522 1029 839 1085 continuum
887 1028 1166 1098 sequentis
1215 1027 1455 1082 historia:
1491 1035 1720 1091 textum.
1760 1023 1896 1079 Nam

315 1123 406 1193 qui
442 1122 692 1179 seriatim
723 1130 952 1177 cunctas
981 1121 1314 1192 evangelicae
1357 1119 1689 1176 narrationis
1715 1120 1897 1174 curio-

313 1211 430 1267 sius
457 1219 624 1280 atque
671 1210 934 1265 minutius
961 1209 1286 1281 indagavere
1311 1209 1631 1274 sententias,
1665 1208 1725 1263 Β.
1752 1209 1894 1262 Mat-

315 1299 458 1354 thteo
504 1314 612 1354 non
644 1298 901 1361 hominis,
933 1297 1030 1352 sed
1064 1298 1294 1368 ﬁguram
1324 1297 1685 1353 decreverunt
1727 1297 1897 1352 ascri-

312 1389 546 1445 bendam
596 1403 717 1445 esse
759 1388 954 1444 leonis.
1001 1387 1111 1444 Leo
1145 1388 1312 1453 enim,
1361 1396 1422 1441 ut
1472 1388 1550 1442 ait
1591 1384 1892 1457 Scriptura,

315 1476 654 1532 fortissimus
680 1476 978 1532 bestiarum
1007 1475 1073 1530 ad
1103 1475 1565 1556 nulliuslpavebit
1606 1491 1896 1531 occursum

313 1567 504 1640 (Prov.
544 1569 700 1639 xxx).
756 1568 826 1623 Et
869 1569 997 1638 quia
1033 1584 1127 1624 rex
1176 1567 1491 1623 animalium
1539 1569 1758 1634 dicitur,
1789 1584 1895 1624 non

311 1659 613 1732 incongrue
640 1659 704 1714 Β.
739 1658 1012 1724 Matthteo,
1048 1659 1140 1730 qui
1185 1660 1389 1728 regiam
1415 1661 1616 1716 Christi
1649 1662 1914 1716 cernitur-

313 1752 516 1808 texisse
565 1765 879 1822 personam,
922 1751 1097 1808 leonis
1137 1751 1347 1822 species
1386 1752 1698 1822 deputatur.
1742 1751 1896 1809 Unde

315 1844 448 1899 etin
485 1843 809 1916 Apocalypsi
841 1844 1105 1900 Dominus
1129 1860 1252 1899 cum
1291 1845 1404 1914 ipsa
1445 1845 1592 1900 tribu
1634 1846 1780 1918 regia
1809 1846 1894 1902 leo

2003 660 2165 717 tionis
2189 661 2471 716 exordium
2504 661 2633 730 quid
2673 661 2817 717 aliud
2862 671 3171 727 coacervat,
3199 679 3364 732 quam
3401 667 3574 723 diver-

2000 768 2183 807 sormn
2215 753 2431 808 nomina
2455 754 2834 808 sacerdotum?
2859 775 2878 806 ‹
2913 755 3057 820 Fuit,
3087 757 3274 824 inquit,
3305 757 3358 810 in
3389 759 3576 816 diebus

2000 842 2231 898 Herodis
2288 843 2430 913 regis
2484 843 2682 898 Juda-a:
2737 845 2992 900 sacerdos
3055 847 3294 916 quidam,
3359 850 3576 905 nomine

2000 932 2313 996 Zacharias,
2364 934 2430 987 de
2474 933 2594 987 vice
2640 933 2796 999 Abia,
2841 944 2899 989 et
2941 951 3077 990 uxor
3106 935 3222 1004 ejus
3251 938 3317 991 de
3368 937 3607 992 ﬁliabus

1998 1021 2180 1075 Aaron
2229 1020 2381 1092 (Luc.
2424 1023 2487 1092 ι).
2525 1041 2542 1073 ι
2572 1022 2832 1078 Eumdem
2871 1027 3210 1110 postmodum
3252 1026 3576 1082 Zachariam

2000 1112 2054 1165 in
2108 1112 2306 1182 templo
2345 1122 2471 1166 ante
2523 1113 2694 1167 altare
2737 1111 3040 1179 constituit,
3094 1114 3316 1170 Mariam
3363 1131 3580 1188 quoque

2001 1201 2267 1271 virginem
2317 1203 2502 1257 domui
2549 1204 2853 1260 sacerdotis
2894 1205 3121 1260 inducit.
3153 1207 3580 1278 Quadragesimo

1997 1301 2180 1347 autem
2235 1292 2544 1349 Nativitatis
2605 1295 2970 1365 diepuerum
3021 1297 3087 1351 ad
3149 1290 3405 1367 templqu
3454 1313 3578 1352 cum

1997 1387 2314 1443 muneribus
2371 1399 2551 1458 portat
2610 1387 2868 1458 (Luc.lt),
2923 1389 3226 1445 daodenem
3257 1406 3473 1460 quoque
3520 1391 3576 1444 in

1998 1480 2202 1550 templo
2250 1481 2582 1544 audientem,
2635 1488 2690 1533 et
2740 1479 3164 1549 interrogantur]
3212 1487 3335 1534 cum
3383 1466 3586 1534 docto-1'

1997 1568 2149 1624 ribus
2191 1569 2540 1623 inthronizat.
2588 1568 2792 1623 Deinde
2824 1579 3080 1637 parentes
3127 1553 3340 1622 Domini
3389 1576 3586 1623 narrat

1995 1675 2094 1729 per
2128 1675 2320 1714 omnes
2360 1673 2531 1713 annos
2578 1657 3278 1735 ascendisse.llierusalem
3325 1658 3394 1711 ad
3437 1667 3575 1712 tem-

1993 1751 2142 1822 plum
2175 1767 2229 1806 ill
2261 1751 2350 1806 die
2379 1751 2737 1805 solemnitatis
2763 1749 3006 1805 Pascha).

2067 1843 2294 1897 Demum
2338 1841 2686 1912 Evangelium
2718 1856 2876 1896 suum
2907 1840 3010 1895 hoc
3041 1840 3146 1895 ﬁne
3183 1833 3468 1905 conclusit,
3517 1850 3576 1895 ut

309 1942 770 1989 commemoratus
800 1943 904 1989 est.
937 1933 1038 1990 Ubi
1070 1934 1275 1988 dictum
1309 1937 1430 1989 est:
1461 1953 1480 1986 ι
1510 1934 1654 1990 Vicit
1694 1936 1780 1991 leo
1825 1938 1894 1992 de
1922 1920 1968 1980 Β
1997 1935 2241 1990 diceret:
2275 1952 2294 1985 ι
2325 1933 2431 2004 ipsi
2470 1935 2762 1989 adorantes
2799 1933 3031 2004 regressi
3063 1941 3188 1988 sunt
3214 1933 3573 2000 Hierusalem,

311 2021 456 2078 tribu
479 2021 615 2078 Juda
631 2023 812 2095 (Apoc.
834 2023 910 2094 v).
932 2043 950 2077 ι
970 2022 1256 2080 Mattheus
1283 2024 1464 2095 itaque
1487 2025 1542 2080 in
1565 2026 1890 2083 declaranda

310 2115 462 2184 regia
503 2113 672 2185 stirpe
715 2114 930 2170 Domini
978 2115 1302 2171 familiarius
1331 2125 1508 2181 vacat,
1557 2125 1615 2172 et
1657 2117 1894 2173 sicutab

311 2205 418 2261 hac
455 2205 785 2262 narrationis
809 2206 1091 2261 exordium
1116 2207 1368 2276 sumpsit,
1393 2207 1553 2263 sicin
1589 2208 1781 2263 eadem
1814 2210 1893 2263 in-

310 2293 554 2350 tentione
583 2303 753 2350 totam
779 2294 904 2366 styli
930 2295 1014 2351 sui
1043 2296 1242 2352 seriem
1277 2297 1347 2352 ad
1375 2295 1536 2352 ﬁnem
1569 2311 1739 2368 usque
1764 2313 1890 2368 per-

307 2384 480 2440 ducit.
514 2383 898 2442 Geuerationis
924 2386 1124 2457 quippe
1159 2387 1364 2442 lineam
1396 2395 1588 2443 texens
1617 2388 1686 2443 ad
1717 2389 1888 2444 David

309 2475 580 2546 pervenit,
607 2475 802 2530 deinde
831 2490 930 2546 per
956 2475 1305 2532 Salomonem
1349 2475 1640 2552 transiens,
1665 2485 1892 2533 caeteros

310 2581 472 2639 reges
498 2567 552 2622 in
581 2567 958 2630 enumeranda
985 2567 1200 2639 generis
1222 2568 1568 2623 successione
1597 2569 1888 2638 percurrit.

305 2656 376 2713 Et
406 2655 572 2728 paulo
601 2665 723 2727 post
745 2655 932 2722 refert,
958 2656 1104 2728 quod
1128 2655 1196 2713 ab
1222 2655 1446 2714 Oriente
1477 2657 1618 2726 magi
1640 2657 1889 2722 veniunt,

307 2757 364 2804 et
383 2747 932 2820 JudcorumBegem
973 2756 1160 2804 natum
1187 2747 1420 2804 solerter
1465 2748 1776 2818 inquirunt;
1819 2749 1894 2803 si-

306 2838 418 2894 mul
465 2838 635 2895 etiam
685 2839 812 2910 quia
859 2852 955 2895 rex
1001 2838 1246 2895 Herodes
1288 2839 1533 2894 turbatus
1553 2837 1770 2910 (Matth.
1804 2836 1889 2909 ιι),

309 2931 441 2986 dum
467 2930 640 2996 audit,
669 2930 813 3001 quod
849 2945 944 2986 rex
968 2938 1167 3002 praeter
1189 2945 1251 2987 se
1278 2931 1334 2986 in
1359 2929 1668 2986 Judazorum
1692 2929 1892 3001 populo

307 3029 468 3077 natus
493 3030 606 3088 est;
634 3020 829 3077 deinde
849 3020 1132 3094 subjungit
1154 3021 1488 3092 parabolam,
1515 3021 1607 3076 ubi
1631 3021 1890 3076 Dominus

312 3111 429 3166 ait:
459 3129 479 3164 ι
508 3100 703 3168 Simile
739 3119 827 3169 est
850 3126 1077 3184 regnum
1108 3111 1370 3169 ctelorum
1398 3112 1605 3168 homini
1631 3112 1769 3183 regi,
1794 3113 1887 3182 qui

1994 2033 2049 2080 et
2099 2033 2257 2080 erant
2307 2024 2551 2094 quotidie
2599 2025 2654 2078 in
2705 2022 2904 2092 templo
2953 2023 3232 2078 laudantes
3277 2024 3468 2088 Deum,
3521 2035 3578 2079 et

1994 2114 2378 2170 benedicentes
2447 2113 2733 2168 Dominum
2781 2111 2946 2183 (Luc.
3011 2114 3189 2183 xxiv).
3242 2131 3262 2164 ι
3315 2114 3577 2170 Mediator

1994 2205 2194 2275 quippe
2219 2204 2315 2260 Dei
2346 2213 2401 2258 et
2427 2203 2706 2258 hominum
2731 2201 3028 2258 secundum
3073 2201 3367 2256 humanam
3415 2211 3575 2256 natu-

1997 2313 2110 2351 ram
2144 2312 2284 2351 unus
2333 2296 2584 2365 idemque
2629 2309 2724 2350 rex
2753 2307 2874 2350 esse
2914 2293 3165 2348 voluitet
3205 2295 3480 2360 sacerdos,
3513 2305 3574 2350 ut

1993 2401 2093 2457 per
2120 2388 2264 2442 vires
2298 2402 2396 2442 nos
2433 2387 2632 2457 regalis
2674 2385 2845 2455 apicis
2885 2394 3120 2456 regeret,
3171 2396 3227 2441 et
3265 2403 3363 2456 per
3391 2403 3574 2444 sacer-

1994 2479 2136 2535 dotis
2169 2478 2406 2534 alliciam
2441 2479 2708 2546 expiaret.
2755 2476 2849 2530 llae
2879 2477 3146 2546 siquidem
3181 2478 3298 2532 dua:
3329 2494 3572 2546 persona:
3610 2476 3615 2507 ⁵

1993 2571 2095 2626 sub
2125 2569 2296 2641 ﬁgura
2331 2568 2536 2625 Christi
2578 2568 2890 2638 specialiter
2923 2576 3054 2622 sunt
3081 2583 3109 2620 a
3139 2567 3393 2622 Patribus
3423 2584 3572 2623 com-

1993 2661 2278 2724 mendataa,
2329 2658 2418 2714 cui
2473 2657 2850 2729 principaliter
2893 2672 2958 2712 ac
2999 2657 3258 2727 singulari
3300 2675 3572 2730 przcroga—

1994 2751 2103 2806 tiva
2131 2750 2282 2806 dedit
2325 2750 2468 2804 Deus
2496 2749 2679 2804 sedem
2724 2747 2894 2802 David
2935 2749 3108 2817 patris
3144 2746 3281 2816 ejus,
3317 2759 3375 2802 ut
3421 2748 3570 2820 regni
3653 2741 3656 2746 ’

1991 2839 2110 2909 ejus
2155 2857 2262 2896 non
2312 2851 2456 2896 esset
2500 2839 2644 2905 linis,
2673 2846 2814 2893 etut
2842 2840 3100 2894 sacerdos
3145 2847 3292 2894 esset
3323 2839 3376 2893 in
3408 2848 3571 2894 aeter-

1994 2947 2120 2988 num
2148 2931 2444 2988 secundum
2469 2931 2714 2987 ordinem
2743 2929 3136 2986 Melchisedech
3165 2930 3338 3001 (Psal.
3363 2931 3498 3000 (ιιι).

2066 3023 2358 3092 Utriusque
2403 3037 2534 3092 ergo
2593 3022 2878 3078 ministerii
2913 3021 3232 3092 dignitatem
3282 3021 3572 3079 Matthzeus

1991 3127 2045 3172 et
2081 3115 2258 3172 Lucas
2306 3116 2379 3170 ita
2427 3115 2569 3169 inter
2615 3130 2674 3169 se
2723 3115 2954 3169 invicem
3008 3115 3277 3175 dividunt.
3324 3123 3382 3168 ut
3431 3115 3570 3171 alter

304 3202 683 3276 fecitnuptias
706 3204 818 3261 lilio
831 3219 930 3261 suo
952 3203 1340 3276 (Matthxxn).
1365 3224 1385 3258 ι
1412 3204 1546 3260 Nam
1567 3213 1624 3260 et
1655 3204 1891 3260 instante
1927 3272 1959 3278 _
1991 3209 2196 3266 Christi
2220 3223 2469 3278 regnum,
2499 3208 2638 3262 alter
2665 3207 2867 3263 indicet
2903 3207 3287 3263 sacerdotium.
3335 3206 3573 3278 Spiritus

309 3272 612 3352 salutifera:
656 3294 929 3365 passionis
962 3272 1226 3361 articulo,
1255 3272 1442 3356 narrat
1479 3309 1603 3351 eum
1644 3295 1845 3351 dixisse
1871 3313 1883 3348 :
1915 3272 1960 3334 (ἶ
1991 3299 2136 3353 enim
2168 3272 2392 3353 sanctus
2420 3272 2516 3367 per
2549 3311 2753 3365 organa
2784 3311 2880 3350 sua
2911 3295 2992 3351 sic
3017 3295 3249 3365 propriae
3287 3272 3573 3366 potestatis

213 3454 216 3458 ἰ
312 3405 332 3439 ι
361 3386 500 3456 Quia
527 3401 652 3443 etim
674 3387 880 3443 sederit
897 3385 1070 3443 Filius
1090 3387 1403 3443 hominisin
1432 3386 1560 3443 sede
1586 3385 1890 3455 majestatis
1984 3387 2108 3457 jura
2138 3387 2432 3456 dispensat,
2481 3393 2540 3439 ut
2590 3385 2717 3440 dum
2765 3397 2863 3454 per
2907 3381 3044 3437 duos
3091 3398 3229 3438 unus
3276 3384 3571 3454 eloquitur,

306 3495 444 3545 sua,
496 3481 978 3551 congregabantur
1021 3487 1149 3534 ante
1176 3494 1301 3534 eum
1339 3493 1530 3534 omnes
1574 3485 1795 3578 gelu'tes;
1836 3487 1892 3533 ct

305 3568 437 3637 quia
480 3575 610 3623 tunc
646 3568 788 3623 dicet
828 3583 923 3622 rex
969 3568 1054 3623 his
1095 3566 1251 3638 quia
1279 3567 1486 3622 dextris
1533 3556 1654 3636 ejus
1671 3556 1886 3620 'erunt:

304 3658 520 3723 Venite,
567 3659 836 3714 benedicti
890 3658 1069 3714 Patris
1099 3656 1413 3729 mei,262
1469 3656 1734 3727 percipite
1800 3671 1887 3710 re-

303 3764 470 3820 gnum
499 3747 718 3819 (Matth.
755 3747 907 3819 xxv).
947 3768 966 3802 ι
1001 3748 1285 3804 Postremo
1313 3748 1591 3821 destructo
1612 3761 1710 3817 per
1737 3761 1886 3801 mor-

305 3849 416 3894 tem
445 3854 601 3894 suam
632 3841 822 3895 mortis
865 3840 1112 3910 imperio,
1161 3847 1216 3894 et
1246 3839 1421 3894 beatae
1451 3837 1889 3894 Resurrcctionis

303 3939 634 3985 coruscante
662 3930 959 4000 triumpho,
987 3937 1177 3984 narrat
1200 3943 1324 3983 eum
1351 3927 1553 3984 dixisse
1571 3926 1884 3996 discipulis:

298 4006 328 4070 ἰ
362 4019 498 4074 Data
529 4027 615 4075 est
643 4018 774 4074 mihi
813 4019 993 4074 omnis
1029 4027 1271 4087 potestas
1300 4017 1354 4072 in
1395 4015 1536 4074 coelo
1563 4025 1618 4073 et
1654 4015 1708 4070 in
1738 4023 1886 4071 terra

303 4107 523 4180 (lauit.
551 4111 765 4178 xxvm).
802 4128 822 4162 ι

373 4199 490 4263 llis,
539 4211 594 4256 et
632 4200 942 4271 hujusmodi
994 4201 1423 4259 clarescentibus
1474 4202 1529 4257 in
1574 4201 1883 4274 evangelica

301 4289 669 4363 descriptione
717 4293 1036 4359 sententiis,
1103 4293 1275 4363 liquet
1327 4293 1392 4348 Β.
1455 4291 1767 4348 Mattbzeum
1827 4293 1882 4350 in

297 4381 682 4454 prosequenda
728 4384 874 4452 regia
923 4383 1094 4454 stirpe
1137 4381 1374 4448 Domini,
1425 4381 1668 4436 tenacius
1718 4396 1881 4451 quam

299 4481 532 4529 caeteros
580 4471 750 4530 fuisse
805 4484 1101 4530 versatum.
1166 4472 1553 4543 Unusquisque
1611 4472 1880 4541 siquidem

299 4573 616 4620 sanctorum
677 4564 1130 4636 evangelistarum
1172 4557 1449 4633 proprium
1483 4575 1549 4618 ac
1591 4559 1878 4630 specialem

1991 3478 2135 3534 idem
2195 3474 2549 3532 sentientium
2615 3473 2862 3543 qutedam
2927 3473 2982 3528 in
3045 3473 3224 3528 verbis
3283 3473 3574 3530 diversitas

1989 3567 2350 3638 exprimatur.
2378 3564 2533 3622 Unde
2560 3580 2683 3619 cum
2719 3562 3026 3627 Mattbaeus,
3059 3565 3150 3632 qui
3192 3565 3424 3636 regalem
3467 3565 3573 3620 Dos

1990 3659 2126 3715 mini
2160 3671 2452 3729 personam
2486 3665 2803 3725 susceperat
2828 3655 3262 3723 describendam,
3291 3657 3344 3711 in
3375 3672 3575 3728 genea-
3647 3675 3652 3680 ·

1989 3751 2144 3821 logia:
2169 3758 2428 3807 contextu
2481 3762 2635 3818 reges
2682 3755 2995 3814 enumeret;
3049 3747 3225 3803 Lucas
3273 3750 3340 3805 ad
3395 3750 3570 3819 ipsum

1989 3841 2159 3897 David
2187 3855 2295 3896 non
2326 3839 2536 3910 regium
2568 3839 2787 3895 schema
2814 3848 3135 3908 prosecutus
3162 3840 3429 3906 ascendit,
3472 3836 3569 3896 sed

1987 3945 2086 4000 per
2123 3942 2218 3984 eos
2263 3927 2356 3997 qui
2404 3919 2564 3997 reges
2609 3941 2718 3982 non
2769 3925 3008 3990 fuerant,
3056 3925 3190 3980 exiit
3235 3927 3303 3981 ad
3352 3927 3568 3982 Nathan

1987 4021 2156 4076 ﬁlium
2185 4018 2374 4084 David,
2405 4018 2496 4088 qui
2539 4032 2641 4073 nec
2679 4017 2793 4087 ipse
2824 4033 2920 4072 rex
2959 4016 3080 4071 fuit.
3127 4017 3280 4074 Unde
3310 4015 3570 4076 divinitus

1988 4120 2170 4167 actum
2195 4119 2298 4176 est,
2329 4119 2389 4166 ut
2429 4124 2537 4166 non
2569 4109 2731 4182 263
2764 4109 2961 4164 habeat
2991 4110 3197 4165 socium
3228 4111 3566 4183 subsequen-

1987 4211 2118 4266 tem,
2154 4199 2246 4271 qui
2277 4199 2404 4272 styli
2443 4199 2527 4256 sui
2563 4208 2746 4254 teneat
2767 4198 2991 4264 seriem,
3014 4199 3270 4268 quoniam
3311 4203 3571 4258 sacerdos

1985 4295 2039 4351 in
2072 4291 2272 4350 Sancta
2319 4301 2630 4349 sanctorum
2672 4290 2820 4348 solus
2849 4291 3112 4358 intrabat,
3159 4302 3326 4362 atque
3365 4291 3570 4351 idcirco

1985 4389 2076 4443 hic
2115 4386 2235 4442 sine
2274 4383 2476 4440 comite
2507 4391 2611 4449 est,
2657 4384 2785 4454 quia
2827 4398 2886 4438 se
2925 4383 3070 4438 circa
3119 4384 3331 4439 Domini
3379 4400 3574 4442 sacer-

1983 4478 2190 4533 dotium
2248 4475 2558 4546 specialiter
2605 4482 2874 4544 occupat;
2926 4472 3215 4528 Mattbaeus
3253 4482 3458 4542 autem,
3516 4486 3574 4532 ut

1982 4569 2302 4640 praedictum
2357 4575 2480 4631 est,
2539 4565 2900 4620 breviatorem
2957 4564 3197 4620 Marcum
3254 4573 3420 4636 atque
3483 4584 3576 4636 pe-

296 4653 547 4709 ordinem
573 4662 776 4718 servat,
821 4631 879 4710 et
915 4654 970 4708 in
1010 4654 1150 4725 ejus,
1173 4631 1296 4723 qua
1332 4651 1518 4723 erepit,
1565 4650 1879 4707 intentionis
1904 4631 1958 4691 Π
1984 4631 2300 4728 bissequnm
2358 4654 2581 4722 habuit,
2641 4654 2767 4725 quia
2819 4655 3023 4710 Christi
3072 4655 3278 4724 regiam
3331 4631 3574 4727 ’ἀίεηῖιεμ

295 4743 549 4801 custodia
595 4753 931 4816 perseverat.
975 4744 1112 4801 Nam
1152 4743 1392 4800 Joannes
1427 4741 1747 4814 propensius
1787 4755 1880 4797 oc-

296 4846 529 4908 cupatur
555 4840 621 4894 ad
663 4837 1046 4894 declarandam
1093 4837 1147 4891 in
1194 4835 1412 4892 Christo
1457 4831 1758 4890 divinitatis
1792 4845 1881 4886 es-

295 4928 559 4983 sentiam.
606 4927 896 4984 Mattbteus
939 4936 1142 4993 autem,
1185 4938 1246 4982 ut
1273 4928 1478 4982 dictum
1505 4935 1610 4992 est,
1640 4924 1880 4980 ostendit

298 5017 508 5087 regiam
550 5017 890 5088 dignitatem.
943 5015 1160 5071 Marcus
1189 5029 1318 5070 vero
1365 5021 1624 5084 tanquam
1670 5011 1876 5069 assecla

296 5108 416 5163 sive
463 5108 740 5164 breviator
788 5106 906 5175 ejus
955 5121 1077 5163 esse
1124 5107 1372 5170 videtur,
1425 5106 1552 5161 dum
1613 5118 1709 5174 per
1762 5103 1880 5173 ejus

293 5197 526 5269 vestigia
568 5198 904 5268 subsequens
936 5196 1205 5268 graditur,
1241 5203 1297 5251 et
1337 5195 1418 5250 sic
1461 5194 1536 5249 illi
1573 5193 1686 5253 sive
1731 5192 1874 5262 ejus-

1983 4756 2092 4803 tem
2147 4761 2304 4816 rcges
2351 4742 2722 4801 enumerando
2774 4745 3084 4815 descripsit.
3136 4745 3318 4817 Regia:
3362 4747 3565 4818 quippe

1981 4837 2332 4896 sublimitatis
2357 4844 2464 4904 est,
2486 4844 2665 4892 utnon
2679 4836 2798 4893 sine
2821 4837 3081 4893 comitum
3107 4839 3387 4908 gradiatur
3406 4839 3566 4894 obse-

1984 4929 2133 4998 quio.

2055 5019 2211 5075 Hunc
2248 5019 2442 5076 ducem
2472 5027 2524 5076 et
2564 5034 2667 5076 nos
2703 5034 3017 5090 sequamur,
3063 5019 3405 5076 dilectissimi
3451 5020 3566 5076 fra-

1983 5119 2095 5166 tres
2131 5111 2260 5176 mei,
2294 5127 2399 5168 non
2443 5112 2794 5184 Evangelium
2838 5111 3156 5177 breviando,
3199 5113 3294 5167 sed
3331 5129 3568 5184 evange-

1980 5205 2084 5260 lica
2115 5214 2381 5276 praecepta
2433 5204 2722 5260 servando.
2761 5204 2914 5258 Hunc
2959 5206 3028 5259 ad
3072 5205 3236 5259 vitam
3267 5221 3562 5275 sequamur

295 5289 425 5345 dem
469 5290 684 5354 verbis.
735 5289 851 5344 Sive
878 5288 1066 5344 60dem
1108 5303 1271 5345 Gens“
1325 5287 1380 5341 ίιι
1435 5283 1688 5342 omnibus
1740 5297 1880 5353 llene
1977 5295 2190 5350 itineris
2260 5296 2540 5365 praevium.
2613 5295 2785 5364 Hujus
2861 5293 3202 5350 salutiferum
3286 5297 3561 5352 imitemur

294 5383 615 5446 concordat,
665 5390 725 5436 ut
769 5389 1025 5450 tanquam
1079 5394 1108 5433 a
1163 5376 1518 5448 praecedentis
1554 5389 1614 5429 se
1662 5373 1880 5427 tramite

1991 5385 2307 5454 exemplum,
2338 5385 2432 5453 qui
2465 5399 2614 5447 mox,
2640 5391 2698 5438 ut
2723 5383 2970 5440 vocantis
2987 5398 3046 5439 se
3076 5383 3376 5440 Salvatoris
3401 5385 3558 5440 audi-

294 5486 409 5526 non
463 5474 702 5528 recedat.
761 5473 936 5528 Lucas
989 5471 1153 5527 etiam
1217 5467 1494 5539 proprium
1548 5465 1767 5524 modum
1821 5474 1878 5518 et
1981 5474 2059 5527 vit
2099 5473 2382 5542 imperium
2419 5472 2636 5542 (Matth.
2693 5472 2795 5542 tx),
2830 5487 2936 5526 non
2978 5480 3265 5528 cunctatus
3305 5483 3406 5536 est,
3457 5491 3562 5530 non

293 5561 546 5619 ordinem
591 5573 761 5631 tenet,
803 5567 928 5620 dum
977 5562 1368 5621 sacerdotalem
1401 5560 1612 5616 Domini
1646 5560 1876 5630 stirpem

294 5651 564 5708 describit
588 5662 752 5723 atque
780 5668 1102 5725 personam;
1135 5661 1191 5709 et
1211 5653 1292 5709 sic
1317 5663 1416 5721 per
1441 5659 1610 5708 totam
1640 5649 1766 5722 styli
1791 5649 1874 5705 sui

293 5743 498 5798 seriem
546 5744 603 5799 in
653 5745 756 5800 hac
812 5745 1112 5802 intentione
1156 5744 1439 5816 perdurat,
1497 5753 1559 5800 ut
1608 5743 1874 5799 diversari

292 5834 447 5892 circa
471 5837 755 5908 templum,
777 5836 863 5894 vel
885 5836 1195 5895 sacerdotes
1217 5850 1385 5907 usque
1411 5837 1478 5894 ad
1509 5836 1670 5894 tinem
1696 5835 1876 5890 Evan-

1984 5579 2081 5618 sua
2125 5564 2443 5633 disponendi
2486 5563 2738 5632 quaesivit
2789 5562 3056 5629 inducias,
3105 5580 3213 5618 non
3263 5565 3562 5620 amicorum

1984 5653 2437 5708 communicanda
2464 5652 2714 5717 consilia,
2757 5653 2850 5707 sed
2900 5652 3044 5708 illico
3077 5653 3296 5710 divitias
3334 5655 3559 5724 sprevit,

1983 5743 2328 5801 necessarios
2371 5743 2666 5807 abdicavit,
2709 5743 3010 5798 carnalium
3052 5741 3340 5799 ali'ectuum
3388 5760 3564 5797 nexus

1984 5835 2222 5906 abrupit,
2254 5836 2441 5907 sicque
2486 5835 2698 5893 solutus
2735 5844 2858 5906 post
2893 5833 3098 5894 Christi
3139 5836 3364 5904 vestigia
3407 5835 3561 5890 laetus
