4064 6208
455 488 560 544 785

1061 484 1117 537 S.
1151 484 1351 538 l‘ETRl
1386 483 1664 538 DAMIANI
1707 482 1853 537 Oi‘P.
1886 482 2040 536 PAR!

2141 485 2237 540 ΕΙ]
2282 485 2605 542 TOMUSII.
2650 515 2715 525 --
2746 483 3130 541 ΒΕΠΜΟΝΕΞ.

3594 487 3709 548 784

392 652 401 673 κ
453 616 509 659 et
559 602 785 672 impiger
834 600 1165 668 properavit,
1221 608 1475 666 tanquam
1528 608 1647 667 post
1684 597 2025 667 naufragium
2058 600 2406 665 Aordinem,
2473 608 2528 654 et
2581 598 2887 669 angelicam
2936 599 3166 654 sortitus
3219 606 3305 653 est
3360 599 3710 670 dignitatem.

453 697 663 752 delatus
690 694 742 746 in
770 700 1005 762 portum,
1039 690 1283 743 divinum
1314 684 1442 744 illud
1472 688 1716 743 celeuma
1743 689 1985 743 cantavit
2011 705 2024 741 :

458 806 477 839 ι
508 776 791 853 Dirupisti,
840 782 1087 845 Domine,
1126 779 1340 834 vincula
1388 793 1532 845 mea,
1575 779 1672 834 tibi
1709 779 2031 835 sacriﬁcabo

452 876 685 931 hostiam
712 873 889 927 laudis
918 870 1094 931 (Prol.
1123 870 1275 940 ειν).
1306 888 1324 921 ι
1354 867 1451 922 Vel
1478 868 1632 935 illud,
1663 868 1806 939 quod
1835 885 2030 939 sponsa

449 964 760 1020 modulatur
811 964 864 1016 in
929 960 1176 1015 Canticis
1228 961 1567 1014 canticorum
1616 978 1630 1013 :
1684 980 1705 1010 ι
1747 959 2032 1013 Paululum

450 1073 577 1112 cum
611 1056 1032 1127 pertransissem
1072 1070 1189 1117 eos,
1230 1053 1409 1109 inveni
1440 1069 1601 1124 quem
1632 1053 1807 1124 diligit
1851 1053 2032 1107 anima

452 1166 595 1217 mea,
629 1150 800 1212 tenui,
840 1163 941 1203 nec
963 1147 1233 1202 dimittam
1260 1161 1383 1201 eum
1415 1146 1594 1216 (Cant.
1625 1147 1731 1215 ιιι),
1770 1167 1788 1197 ι
1830 1146 1922 1216 qui
1950 1155 2035 1200 est

450 1242 770 1297 benedictus
795 1242 848 1295 in
878 1239 1095 1295 saacuia.
1125 1238 1321 1293 Amen.

1074 1347 1306 1404 SERMO
1344 1349 1405 1403 L.

452 1460 514 1499 ll.
565 1460 633 1498 DE
673 1459 874 1498 sancro
914 1456 1188 1497 Iturium
1225 1454 1495 1582 arosr)0t.o
1534 1456 1603 1496 ετ
1644 1454 2027 1496 avaxcausra.

1077 1519 1189 1567 tm
1220 1528 1370 1567 sum.

1077 1519 1189 1567 tm
1220 1528 1370 1567 sum.

522 1603 567 1657 Ο
615 1616 775 1671 quam
823 1600 1020 1661 dulcis.
1061 1617 1222 1669 quam
1268 1599 1529 1669 jucunda,
1583 1614 1745 1670 quam
1799 1598 2034 1652 delecta-

453 1700 578 1755 bilis
606 1708 692 1753 est
717 1698 819 1753 ista
858 1695 1155 1761 festivitas,
1198 1695 1397 1749 fratres
1431 1692 1561 1759 mei,
1591 1694 1643 1747 in
1673 1708 1781 1763 qua
1821 1692 2032 1747 scilicet

452 1795 521 1848 ad
548 1807 790 1847 amorem
820 1790 914 1845 Dei
945 1798 1201 1860 peccator
1225 1787 1571 1852 accenditur;
1610 1785 1743 1840 fides
1770 1794 2028 1855 augetur;

454 1900 629 1949 mens,
677 1898 797 1954 qute
846 1880 1140 1946 diffidebat,
1188 1879 1444 1950 erigitur;
1490 1885 1652 1933 certat
1694 1876 1807 1947 spei
1857 1877 2030 1947 gratia

2134 689 2266 758 Quis
2301 691 2447 745 enim
2487 690 2696 746 neseiat
2728 688 3113 758 evangelistam
3155 688 3225 743 ab
3255 689 3505 759 angelico
3551 704 3721 746 voea-

2134 780 2263 837 bqu
2290 781 2559 836 derivari?
2588 780 2706 837 Non
2752 779 2927 836 solum
2956 780 3141 850 itaque
3181 780 3456 850 apostolus
3477 790 3586 847 est,
3617 783 3715 837 sed

2130 884 2186 929 et
2213 874 2568 945 evangelista.
2595 874 2680 939 Et,
2709 881 2771 950 ut
2800 873 2873 927 ita
2904 872 3099 939 fatear,
3128 872 3457 943 evangelista
3480 888 3716 945 evange-

2134 964 2383 1019 listarum
2413 980 2523 1018 non
2559 965 2835 1019 immerito
2858 963 3083 1027 dicitur,
3118 964 3208 1031 qui
3240 964 3371 1028 dux,
3396 972 3452 1018 et
3474 979 3712 1034 praees-

2134 1071 2229 1111 sor
2269 1070 2333 1111 ac
2383 1056 2593 1124 primus
2635 1054 2877 1109 omnium
2929 1055 3218 1124 reperitur.
3276 1054 3426 1110 Unde
3473 1064 3529 1109 et
3570 1056 3718 1111 illius

2134 1145 2410 1217 quadriga:
2439 1145 2698 1221 cmiestis,
2728 1158 2891 1213 quam
2930 1144 3012 1199 vel
3040 1143 3277 1200 Joannes
3304 1146 3357 1199 in
3386 1145 3715 1219 Apocalypsi

2134 1252 2195 1290 se
2250 1236 2450 1291 vidisse
2500 1236 2777 1306 perhibuit
2834 1235 3030 1305 (Apoc.
3074 1234 3172 1304 vt),
3222 1235 3308 1291 vel
3365 1236 3613 1291 Ezechiel
3659 1237 3714 1292 in

2135 1327 2451 1396 prophetica
2469 1327 2677 1381 visione
2702 1326 2988 1396 conspexit
3013 1324 3232 1396 (Exerit.
3254 1326 3333 1398 ι),
3364 1328 3451 1383 hic
3481 1340 3716 1397 congrue

2135 1426 2316 1487 potest
2359 1430 2466 1471 non
2516 1418 2679 1471 modo
2723 1430 2873 1485 pars,
2912 1416 3006 1470 sed
3037 1425 3093 1471 et
3131 1417 3317 1487 auriga
3355 1418 3560 1474 vocari.
3610 1418 3717 1486 Qui

2134 1507 2264 1561 dum
2319 1506 2387 1561 ad
2441 1506 2789 1561 scribendum
2838 1506 3188 1578 Evangelium
3246 1508 3456 1577 primus
3504 1510 3714 1579 erupit,

2135 1598 2287 1666 quasi
2340 1598 2629 1667 quamdam
2695 1597 2895 1652 lineam
2946 1598 3301 1668 praecedendo
3351 1600 3609 1665 tetendit;
3657 1608 3717 1655 et

2136 1689 2279 1742 unde
2314 1688 2495 1742 caeteri
2543 1696 2849 1751 currerent,
2898 1689 3241 1745 rectitudinis
3280 1689 3529 1745 semitam
3570 1690 3718 1747 desi-

2134 1778 2345 1849 gnavit;
2393 1788 2456 1833 ut
2506 1778 2646 1834 sicut
2690 1779 2762 1834 de
2801 1778 2919 1833 Elia
2960 1779 3162 1835 dicitur
3202 1779 3301 1851 (IV
3330 1779 3456 1852 Reg.
3493 1782 3578 1852 It),
3625 1783 3719 1838 hic

2134 1866 2301 1922 etiam
2349 1882 2565 1933 currus,
2611 1877 2666 1922 et
2708 1868 2895 1940 auriga
2935 1868 3081 1927 illius
3123 1869 3337 1941 mystici
3384 1873 3718 1929 sacramenti

452 1976 763 2033 cumulatur
785 1972 802 2030 l
828 1972 963 2029 Nam
991 1972 1133 2043 quod
1178 1970 1305 2027 alibi
1337 1970 1518 2024 verbis
1548 1967 1895 2032 instruimur,
1944 1966 2031 2021 hic
2064 1958 2111 2017 Β
2139 1958 2335 2014 merito
2361 1968 2725 2031 nuncupatur.
2786 2012 2787 2015 η

450 2069 590 2122 vivis
653 2067 909 2137 operibus
971 2064 1304 2134 experimur.
1385 2061 1640 2131 Legimus
1705 2059 1973 2130 siquidem
2019 2076 2032 2113 :

460 2176 478 2211 ι
510 2156 671 2227 Agite
697 2155 1103 2227 paenitentiam;
1151 2150 1615 2224 appropinquavit.
1635 2150 1781 2206 enim
1811 2164 2036 2221 regnum

452 2249 713 2305 enatorum
757 2246 976 2317 (Matth.
1013 2243 1118 2317 iii).
1150 2263 1168 2297 ι
1216 2244 1363 2300 inter
1410 2242 1787 2316 penitentiam
1834 2240 2043 2297 scilicct

453 2353 790 2411 regnumque
822 2336 1086 2392 enatorum
1122 2334 1264 2391 nihil
1290 2340 1375 2392 est
1400 2333 1662 2389 medium.
1702 2330 1827 2387 Haec
1851 2341 2037 2386 autem

452 2426 711 2498 praeclara
742 2424 1009 2481 festivitas
1039 2440 1145 2481 non
1176 2420 1339 2481 modo
1358 2423 1451 2479 dat
1470 2421 1858 2493 ptenitcntibus
1885 2434 2034 2492 spent

452 2516 604 2587 regni
641 2514 931 2580 caelorum,
969 2513 1063 2569 sed
1092 2522 1149 2568 et
1181 2512 1464 2583 putuitenti
1506 2518 1694 2566 narrat
1731 2508 2034 2565 exhibitura

458 2608 698 2663 caelestis
727 2605 1065 2662 excellentia:
1094 2604 1470 2676 principatum.
1498 2602 1632 2670 Quis
1658 2601 1802 2657 enim
1830 2599 2038 2657 nesciat

454 2699 515 2753 B.
570 2698 880 2753 Matthteum
939 2697 1262 2752 telonarium
1318 2696 1639 2759 exstitisse,
1697 2703 1865 2763 atque
1916 2692 2038 2749 ideo

454 2786 1099 2861 peccatorem?(l!ault.
1146 2803 1199 2843 ιι
1236 2803 1253 2854 ;
1374 2782 1649 2855 Nare").
1695 2780 1847 2850 Qubd
1887 2788 2036 2838 certe

456 2880 600 2935 idem
628 2876 745 2949 ipse
776 2892 881 2933 non
927 2886 1090 2942 tacet,
1140 2877 1267 2931 dum
1305 2889 1365 2931 se
1413 2875 1467 2930 in
1508 2875 1626 2945 ipso
1668 2873 2035 2944 apostolorum

455 2969 703 3040 catalogo
747 2968 1095 3041 publicanum
1130 2966 1383 3038 perhibet
1420 2984 1434 3019 :
1471 2984 1490 3017 ο
1526 2966 1793 3032 Thomas,
1840 2966 2034 3036 inuni‘t,

456 3069 513 3116 et
568 3060 852 3115 Matthaeus
897 3057 1219 3129 publicanus
1264 3054 1623 3130 (lamna-ni
1671 3057 1853 3112 caueri
1908 3070 2038 3110 vero

398 3226 401 3229 Α
455 3153 799 3223 evangelista:
824 3150 953 3206 Levi
998 3150 1176 3221 potius
1207 3165 1335 3206 eum
1363 3158 1578 3216 vocant,
1601 3164 1668 3205 ne
1708 3157 2036 3214 consortem,

460 3245 573 3300 itno
617 3243 937 3314 primarium
990 3240 1295 3313 evangelici
1345 3242 1526 3312 operis
1572 3240 1873 3299 notabilem
1916 3239 2041 3294 red-

457 3299 765 3404 dantflpse
789 3338 970 3388 autem
1001 3299 1350 3402 publicanum
1474 3331 1598 3387 ideo
1623 3328 1843 3394 asserit,
1882 3337 1943 3384 ut
1981 3336 2038 3383 et
2065 3299 2111 3362 ο

460 3424 785 3482 humilitatis
813 3425 865 3479 in
897 3438 957 3479 se
983 3422 1225 3492 regulam
1254 3430 1460 3485 teneat,
1495 3430 1553 3475 et-
1578 3430 1794 3476 nostras
1819 3418 1888 3474 ad
1913 3433 2038 3489 spe-

459 3516 687 3571 randum
730 3516 795 3570 de
823 3514 1057 3585 peccatis
1085 3513 1298 3567 veniam
1330 3519 1541 3567 mmtes’
1567 3512 1850 3567 accendat.
1883 3510 1963 3566 Ac
1991 3511 2036 3565 si

461 3626 583 3665 cum
637 3607 949 3678 coapostoio
1000 3621 1100 3662 suo
1154 3606 1268 3676 ipse
1312 3605 1474 3660 etiam
1525 3603 1671 3658 dicat
1695 3601 2040 3659 “Christus

460 3702 607 3755 venit
644 3701 699 3755 in
746 3698 893 3755 hunc
940 3698 1201 3752 mundum
1248 3704 1564 3767 peccatores
1612 3694 1792 3751 salvos
1832 3693 2038 3759 facere,

460 3808 688 3865 quantm
726 3792 935 3863 primus
970 3806 1072 3861 ego
1100 3803 1253 3855 sum;
1300 3788 1394 3843 sed
1439 3788 1563 3843 ideo
1610 3786 2039 3842 misericordiam

459 3890 781 3939 consecutus
816 3895 968 3943 sum,
1035 3886 1095 3933 ut
1160 3879 1219 3933 in
1272 3891 1359 3933 me
1417 3878 1652 3947 primum
1729 3875 2042 3933 ostenderet

460 3973 712 4031 Christus
761 3969 921 4026 Jesus
967 3981 1183 4024 omnem
1242 3966 1564 4036 patientiam
1610 3966 1679 4021 ad
1729 3965 2040 4035 exemplum

462 4078 675 4125 eorum,
726 4059 818 4131 qui
865 4056 1121 4116 credituri
1172 4064 1299 4112 sunt
1342 4054 1421 4109 illi
1469 4055 1525 4110 in
1567 4055 1732 4111 vitam
1782 4064 2041 4110 sternam

465 4152 516 4223 (ι
548 4151 684 4205 Tim.
713 4150 776 4219 ι).
824 4167 843 4201 ι

533 4240 803 4294 Provocat
849 4250 980 4306 ergo
1021 4249 1165 4290 nunc
1203 4250 1302 4289 nos
1342 4233 1410 4288 ad
1460 4230 1782 4303 sperandam
1828 4231 2041 4287 veniam

463 4330 653 4392 verbo,
681 4327 822 4381 sicut
852 4325 979 4380 olim
1020 4339 1137 4388 eos,
1175 4324 1269 4394 qui
1300 4324 1545 4385 aderant,
1586 4322 1830 4377 incitavit
1858 4336 2041 4376 exemo

466 4422 577 4493 plu.
629 4418 775 4475 Dicit
815 4416 957 4473 enim
989 4416 1143 4487 ipse’:
1179 4434 1198 4468 ς
1230 4414 1367 4481 Quia
1408 4413 1613 4469 factum
1657 4421 1769 4479 est,
1807 4413 2045 4468 discum-

466 4513 627 4567 bente
654 4507 819 4581 264
852 4506 979 4564 Jesu
1016 4506 1070 4561 in
1107 4507 1291 4571 domo,
1322 4514 1452 4559 ecce
1501 4502 1663 4558 multi
1692 4502 1963 4572 publicani
1991 4508 2047 4557 et

2210 2047 2350 2105 Nulli
2380 2049 2543 2121 plane
2570 2050 2881 2108 mortalium
2920 2052 3022 2108 hoe
3046 2051 3190 2107 Deus
3215 2053 3565 2123 omnipotens
3584 2066 3717 2110 αιιι-

2138 2141 2285 2204 tulit,
2309 2152 2369 2198 ut
2399 2143 2514 2197 haec
2556 2142 2664 2198 duo
2695 2143 3168 2219 praeminentium
3191 2144 3517 2214 dignitatum
3562 2146 3710 2203 fasti—

2136 2232 2225 2303 gia
2263 2233 2317 2288 in
2356 2248 2461 2288 una
2511 2233 2673 2289 simul
2723 2249 2956 2305 persona
2997 2245 3360 2304 concurrant,
3406 2238 3614 2295 Scilicet
3654 2249 3718 2295 ut

2138 2327 2416 2398 apostolus
2437 2328 2729 2398 quisquam
2752 2329 2849 2395 sit,
2868 2334 2927 2386 et
2944 2330 3296 2401 evangelista,
3327 2331 3430 2387 nisi
3461 2331 3717 2387 Mattsz

2136 2426 2191 2473 et
2215 2416 2447 2485 Joanni;
2475 2434 2713 2489 quorum
2755 2421 2966 2478 scilicet
3012 2421 3152 2478 alter
3193 2422 3539 2494 publicanus,
3572 2423 3717 2480 alter

2134 2520 2219 2569 est
2259 2512 2437 2584 virgo.
2501 2513 2568 2569 Et
2620 2515 2725 2569 hoe
2773 2513 3040 2586 profunda
3093 2514 3261 2570 divini
3312 2515 3719 2586 dispensatione

2136 2604 2370 2662 conslii.
2400 2604 2667 2662 Nimirum
2692 2616 2752 2660 ut
2780 2615 2838 2661 et
2863 2606 2971 2662 istc
2993 2606 3061 2662 ad
3087 2606 3477 2663 misericordia
3504 2606 3717 2661 totitetn

2135 2697 2518 2769 peccatoribus
2562 2712 2621 2753 se
2655 2698 2916 2753 exhibeat
2943 2698 3229 2768 praevium,
3266 2706 3322 2753 et
3347 2697 3437 2753 ille
3476 2698 3716 2754 custodi-

2137 2788 2210 2843 tis
2248 2796 2303 2843 et
2328 2786 2708 2843 innocentibus
2729 2788 2804 2843 sit-
2820 2788 3161 2859 exempium;
3187 2797 3453 2859 quatenus
3472 2799 3527 2845 et
3548 2788 3717 2861 lapsis

2144 2877 2451 2948 quibusque
2498 2878 2709 2946 peracti
2743 2877 2971 2933 sceleris
3001 2878 3317 2949 magnitudo
3358 2894 3463 2933 non
3507 2880 3721 2944 obviet,

2137 2977 2193 3024 et
2222 2969 2452 3022 mundos
2480 2982 2543 3022 ac
2571 2967 2732 3023 nullis
2759 2967 3329 3025 criminibusobrutos
3344 2967 3717 3040 patensjaaua

2139 3057 2327 3129 gratia:
2351 3056 2589 3112 cmiestis
2616 3056 2827 3113 invitet.
3710 3098 3715 3099 ν

2211 3146 2403 3213 Porro,
2430 3146 2571 3202 sicut
2598 3146 2796 3203 Phison
2833 3148 3043 3219 primus
3084 3148 3226 3205 inter
3254 3150 3491 3219 paradisi
3518 3149 3714 3206 ﬂuvios

2142 3237 2339 3309 legitur
2361 3236 2514 3307 (Gen.
2558 3239 2643 3311 η),
2674 3239 2753 3295 sic
2786 3239 2929 3295 inter
2955 3243 3177 3296 sanctos
3199 3241 3565 3313 evangelistas
3600 3243 3715 3311 pri-

2143 3343 2263 3384 mus
2301 3328 2592 3385 invenitur.
2631 3330 2697 3385 Et
2729 3330 2867 3387 bene
2911 3332 3017 3387 sibi
3061 3333 3178 3388 tunc
3224 3333 3559 3405 comparatio
3584 3348 3715 3389 eoa-

2141 3421 2315 3491 gruit;
2348 3416 2550 3476 Hvisou
2595 3419 2861 3490 sitpiidem
2891 3421 2998 3476 oris
3039 3424 3262 3477 inuenio
3303 3424 3711 3495 interpretatur.

2141 3512 2215 3565 Os
2238 3511 2389 3565 enim
2417 3525 2576 3566 suum
2613 3511 2729 3580 ipse
2760 3513 3011 3578 mutavit,
3038 3515 3181 3582 quod
3207 3514 3458 3571 videlicet
3482 3531 3514 3570 a
3542 3530 3713 3570 sarcu-

2141 3597 2345 3653 laribus
2373 3597 2555 3655 verbis
2576 3599 2645 3653 ad
2683 3600 3085 3670 praedicandum
3110 3601 3457 3673 Evangelium
3480 3612 3720 3659 transtu-

2142 3688 2234 3753 lit;
2265 3696 2318 3742 et
2366 3688 2509 3756 quod
2557 3702 2714 3744 suum
2759 3689 2911 3758 prius
2943 3690 3236 3747 carnaliter
3274 3692 3469 3755 fuerat,
3513 3701 3573 3746 ut
3622 3692 3721 3748 Dei

2142 3788 2309 3843 esset,
2336 3777 2535 3835 etl'ecit.
2581 3778 2808 3835 Dicente
2833 3795 2931 3850 per
2964 3782 3283 3853 prophetam
3315 3783 3578 3839 Domino:
3608 3802 3629 3836 ι
3659 3784 3718 3839 Si

2145 3873 2484 3942 separaveris
2533 3872 2832 3941 pretiosum
2875 3889 2905 3927 a
2950 3874 3247 3944 viii,.quasi
3288 3890 3350 3930 os
3387 3890 3567 3930 meum
3607 3876 3722 3932 eris

2144 3962 2362 4034 (let-em.
2394 3963 2507 4035 xv).
2541 3981 2562 4017 ι
2594 3963 2815 4019 Factum
2839 3975 2924 4020 est
2947 3981 3075 4035 ergo
3108 3965 3160 4020 in
3187 3964 3247 4019 Β.
3281 3964 3550 4031 Mattbazo,
3571 3967 3719 4037 quod

2144 4053 2405 4124 scripturn
2430 4058 2551 4109 est:
2582 4066 2602 4105 t
2631 4052 2768 4122 Quia
2804 4054 2894 4109 ubi
2940 4055 3237 4110 abundavit
3278 4066 3579 4125 peccaturi),
3627 4071 3720 4110 su-

2143 4147 2536 4218 perabundavit
2562 4156 2617 4203 et
2646 4149 2819 4216 gratia
2859 4146 3033 4219 (Rom.
3071 4147 3147 4220 v).
3180 4167 3199 4201 ι
3228 4147 3382 4204 Sicut
3410 4148 3561 4204 enim
3589 4162 3718 4203 vera

2143 4246 2226 4294 est
2275 4238 2365 4293 illa
2413 4236 2711 4309 Scriptura:
2758 4239 3051 4304 sententia,
3101 4254 3206 4309 qua
3257 4238 3493 4294 dicitur:
3531 4257 3549 4289 ι
3578 4236 3718 4306 Quia

2146 4341 2252 4381 non
2279 4336 2365 4382 est
2406 4326 2603 4382 divina
2645 4327 2831 4382 virtuti
2876 4326 3203 4393 ditierentia,
3243 4327 3360 4383 sive
3408 4328 3462 4383 iu
3509 4328 3717 4394 multis,

2145 4418 2259 4473 sive
2288 4418 2341 4471 in
2376 4417 2564 4488 paucis
2587 4418 2804 4472 vincere
2830 4417 2882 4487 (1
2930 4417 3055 4489 Reg.
3107 4418 3246 4485 xu);
3282 4436 3301 4469 ι
3336 4417 3412 4472 ita
3434 4417 3599 4472 etiam
3639 4418 3720 4471 di-

2145 4509 2287 4563 vina:
2314 4507 2505 4579 pietati
2530 4507 2603 4563 nil
2634 4507 2815 4563 ἀῦσαι-ι
2843 4508 2958 4563 sive
2999 4507 3238 4565 minimis
3263 4508 3573 4579 quibusque
3595 4521 3720 4578 pec,

462 4612 782 4676 peccatores
832 4600 1114 4657 venientes
1160 4597 1579 4653 discumbebant
1629 4610 1757 4651 eum
1814 4594 1941 4651 Jesu
1991 4603 2046 4650 et
2071 4598 2305 4676 “catis,
2336 4598 2453 4653 sive
2497 4597 2753 4668 gravibus
2783 4597 3080 4669 indulgere.
3108 4598 3164 4652 In
3193 4598 3294 4654 hoc
3320 4597 3484 4668 igitur
3504 4598 3725 4668 egregio

466 4694 744 4767 discipulis
773 4692 890 4763 ejus
914 4691 1129 4763 (Matth.
1161 4690 1268 4761 ix);
1294 4710 1311 4742 ι
1337 4690 1424 4744 ubi
1453 4682 1654 4744 scilicet
1680 4696 1736 4743 et
1759 4687 2043 4743 Matthteus

467 4795 605 4843 erat.
649 4785 761 4841 Nisi
812 4785 958 4840 enim
1001 4783 1105 4839 iste
1134 4797 1256 4837 cum
1300 4780 1513 4837 Domini
1540 4780 1820 4851 discipulis
1870 4780 2039 4834 inter-

467 4882 648 4942 e'sset',
705 4884 815 4930 tam
878 4872 1222 4928 familiariter
1279 4872 1347 4926 ad
1396 4872 1685 4927 Dominum
1729 4879 2046 4941 peccatores

472 4968 731 5025 accedere
783 4980 892 5021 non
949 4966 1231 5021 auderent.
1291 4963 1403 5019 Nisi
1460 4972 1801 5032 peecatorem
1856 4970 2045 5017 contu-

470 5059 669 5118 bernio
703 5055 1003 5113 Saivatcris
1028 5054 1293 5109 inhaerere
1325 5052 1735 5123 conspicerent,
1763 5067 1898 5122 quos
1929 5065 2047 5107 sce-

470 5152 644 5206 lerum
678 5144 969 5201 accusabat
993 5142 1307 5207 enormitas,
1333 5152 1471 5211 quos
1496 5141 1826 5197 conscientia
1842 5155 2045 5196 remor-

470 5241 656 5303 debat,
684 5233 1116 5307 appropinquare
1151 5229 1456 5287 nullatenus
1501 5232 1990 5301 praasumpsissent.

546 5329 653 5385 Sed
683 5343 805 5383 eum
838 5326 941 5381 iste
978 5324 1193 5380 aethilus
1226 5324 1278 5377 in
1317 5321 1542 5378 Domino
1566 5323 2045 5379 diversaturobse-

434 5474 439 5479 κ
477 5420 628 5486 quin,
656 5419 875 5486 insuper
901 5421 963 5469 et
992 5422 1194 5470 mensa:
1221 5413 1606 5484 participatnr,
1634 5412 1810 5469 factus
1841 5412 2044 5483 collega

478 5508 746 5571 convivio,
776 5520 875 5561 suo
895 5514 1213 5577 peceatores
1250 5504 1319 5559 ad
1363 5503 1565 5561 fontem
1606 5504 1826 5574 pietatis
1850 5504 2045 5561 collor-

482 5605 630 5649 tatur
653 5595 917 5664 exemplo.
950 5592 1161 5661 Quanto
1184 5608 1283 5664 per
1306 5606 1429 5648 eum
1461 5607 1607 5649 nunc
1630 5595 1698 5650 ad
1728 5593 2047 5664 sperandam

481 5685 914 5742 misericordiam
956 5685 1255 5740 ﬁducialius
1290 5698 1671 5754 provocamur,
1709 5700 1868 5755 quem
1901 5685 2051 5740 vide-

481 5778 612 5831 licet
655 5776 927 5829 cernimus
966 5777 1031 5829 ad
1061 5782 1224 5831 tanta:
1266 5776 1613 5833 sublimitatis
1638 5776 1849 5831 culmen
1892 5790 2051 5831 evecd

485 5865 632 5921 tum?
690 5864 792 5928 Qui
843 5864 1004 5945 simul
1059 5872 1113 5919 et
1169 5865 1222 5919 in
1279 5864 1632 5929 apostolicum
1693 5865 1920 5923 allectus
1964 5876 2051 5921 est

2071 4656 2124 4716 D

2149 4692 2265 4745 viro
2290 4690 2477 4744 divina
2494 4691 2667 4761 gratia
2699 4680 3025 4746 mirabiliter
3052 4691 3369 4756 abundavit,
3400 4691 3486 4746 cui
3513 4690 3725 4746 scilicet

2149 4784 2360 4855 gemina
2392 4783 2750 4853 praerogativa
2776 4783 3066 4849 concessit,
3096 4792 3201 4839 non
3237 4784 3397 4839 modo
3423 4797 3546 4839 cum
3588 4796 3723 4854 apo-

2151 4874 2308 4930 stolis
2330 4872 2685 4941 Evangclittm
2726 4872 2886 4946 265
2924 4875 3240 4944 pratdieare,
3278 4875 3377 4931 sed
3401 4890 3524 4930 cum
3558 4889 3726 4930 evan-

2152 4967 2357 5037 gelistis
2398 4965 2563 5021 etiam
2603 4966 2842 5021 scribere
2879 4984 2891 5019 :
2925 4975 2981 5021 et
3031 4976 3089 5029 ut
3136 4966 3496 5023 excellentius
3544 4967 3727 5022 adhuc

2152 5058 2409 5124 emineat,
2435 5058 2675 5127 prirnum
2702 5058 2756 5111 in
2781 5068 2968 5111 eorum
2996 5057 3206 5123 ordine,
3253 5058 3345 5129 qui
3387 5058 3531 5113 inter
3563 5067 3723 5113 eate-

2149 5162 2238 5200 ros
2286 5156 2504 5201 sanctos
2568 5148 2807 5218 insignes
2868 5156 2993 5203 sunt
3049 5158 3105 5203 et
3150 5149 3459 5217 mirabiles,
3511 5148 3726 5205 obtinet

2150 5234 2344 5288 locum.

2219 5324 2507 5380 Enimvero
2556 5326 2669 5380 htec
2719 5334 2847 5381 sunt
2895 5336 3083 5381 sancta
3149 5327 3239 5381 illa
3285 5327 3560 5389 animalia.
3603 5341 3727 5398 qua

2149 5418 2385 5487 undique
2409 5418 2568 5488 plena
2594 5419 2766 5474 oculis
2792 5419 3101 5475 referuntur
3118 5421 3335 5492 (Each.
3360 5421 3427 5492 ι),
3452 5423 3505 5477 in
3528 5423 3729 5490 quibus

2152 5510 2340 5579 utique
2382 5510 2523 5563 sicut
2575 5520 2763 5563 revera
2821 5508 3118 5575 Cherubin,-
3173 5511 3441 5566 eauberat
3482 5512 3727 5567 scientia

2150 5599 2467 5668 plenitudo;
2500 5608 2752 5669 aspectus
2799 5613 3007 5665 eorum,
3050 5601 3205 5671 quasi
3251 5600 3549 5656 carbonum
3586 5602 3729 5671 ignis

2152 5689 2476 5751 ardentium,
2528 5701 2584 5745 et
2642 5698 2902 5761 tanquam
2955 5692 3275 5747 radiantium
3331 5700 3728 5762 reprasentant

2152 5778 2386 5845 speciem
2432 5779 2818 5848 latnpadarum.
2850 5779 3043 5837 Geram
3094 5779 3232 5837 facie
3260 5796 3357 5837 sua
3397 5796 3613 5850 semper
3641 5780 3729 5834 in-

2151 5866 2372 5933 cedunt,
2421 5878 2528 5931 quo
2578 5870 2784 5927 scilicet
2827 5871 3029 5942 impetu
3078 5872 3301 5939 spiritus
3344 5871 3720 5937 impelluntur.
