2032 3104
165 117 216 147 785

888 114 1005 143 SEMIO
1024 114 1053 142 L.

1743 110 1796 144 786

163 175 222 203 Istat
241 181 323 209 porro
335 177 398 201 sunt
415 171 553 208 quadrigae
570 171 631 205 illae,
650 179 719 206 quas
734 170 879 200 Zacharias
888 177 953 205 pro-
967 172 991 201 Α
1004 175 1031 199 et
1056 170 1185 199 assistens
1206 171 1283 206 quasi
1297 171 1391 199 Gehon
1415 171 1442 199 iu
1467 171 1511 199 dle
1533 171 1685 200 vindemia.
1701 181 1710 197 ›
1729 151 1797 204 Quis

163 220 243 254 pheta
260 218 399 253 designat,
422 224 485 245 cum
502 216 583 244 dicit:
608 225 617 243 I
637 216 671 244 Et
682 223 830 248 conversus
841 222 913 246 sum,
927 218 956 240 et

163 265 227 298 vidi,
245 269 272 294 et
288 272 353 293 ecce
370 268 487 298 quatuor
497 263 640 298 quadrigae
656 262 827 297 egredientes
846 261 881 289 de
898 267 956 289 nte-

163 312 207 341 dio
227 311 344 339 duorum
367 309 511 341 molium,
525 313 553 337 et
567 312 647 336 erant
666 312 772 336 montes
786 307 848 335 aerei
860 306 954 342 (Zach.

163 360 211 386 vt).
229 366 239 384 ι
260 356 297 383 De
312 356 412 390 quibus
427 358 456 382 et
479 354 560 390 paulo
581 358 642 389 post
665 353 781 381 dicitur:
801 362 810 378 ι
829 352 877 381 lsti
893 356 956 379 sunt

163 406 278 437 quatuor
292 402 362 428 vetiti
373 400 445 430 caeli.
467 399 512 435 qui
528 399 717 435 egrediuntur,
735 402 764 425 ut
777 401 850 425 stent
862 404 955 424 coram

163 446 331 473 dominatore
347 445 437 472 omnis
448 449 526 472 terra:
538 443 646 480 (ΝΜ).
664 452 674 470 ι
690 443 723 471 Et
735 442 882 471 notandum
893 442 956 476 quia

164 499 215 517 non
232 498 285 517 una
307 495 423 524 quatuor
440 488 668 525 evangelistarum
689 487 821 523 quadriga
845 486 955 519 dicitur,

163 535 209 562 sed
224 534 409 569 unusquisque
434 542 528 563 eorum
553 533 685 568 quadriga
706 537 831 565 vocatur,
845 531 908 566 quia
929 535 957 558 et

165 588 234 607 unus
263 580 289 607 in
305 584 434 614 quatuor,
448 583 476 606 et
495 584 612 614 quatuor
625 582 689 606 sunt
706 578 735 605 in
750 584 815 611 uno,
830 576 893 604 dum
907 583 958 611 per

163 625 282 659 ejusdem
298 625 359 652 ﬁdei
382 624 559 653 intentionem
573 624 644 659 quod
660 623 789 652 scribitur
803 629 818 649 tt
832 620 955 657 singulis.

164 672 300 706 reperitur
314 671 340 698 in
365 671 483 702 cunctis,
506 675 534 697 et
548 669 619 704 quod
641 669 741 696 dicitur
759 668 794 696 ab
812 667 957 700 universis,

164 718 302 745 invenitur
317 717 344 744 in
360 716 484 751 singulis.

198 763 258 790 Duo
271 771 335 790 vero
360 768 467 789 montes
481 762 555 793 terei,
577 762 611 790 de
626 769 742 797 quorum
759 760 849 789 medio
860 759 957 789 dicun-

165 814 209 835 tur
232 807 345 843 egressi,
361 808 414 835 duo
438 811 502 835 sunt
525 807 712 840 Testamenta,
734 814 795 841 qua:
814 806 850 834 ad
871 805 958 833 instar

1005 220 1048 244 est
1067 216 1111 245 ille
1126 216 1172 251 qui
1190 216 1275 244 mittit
1288 216 1458 251 disciplinam
1481 216 1552 244 sicut
1570 217 1657 255 lucem
1670 236 1678 250 ,
1696 217 1748 244 nisi
1774 217 1797 245 is

1005 262 1051 297 qui
1075 266 1136 297 post
1157 262 1272 289 velatam
1296 261 1394 290 [aciem
1411 261 1507 298 Moysi,
1527 258 1656 297 possesso
1677 263 1798 290 tenebris

1005 306 1115 339 mundo,
1130 307 1279 334 radiantem
1299 306 1436 342 Evangelii
1448 307 1489 335 sui
1502 307 1599 341 ingerit
1617 307 1770 335 claritatem
1781 307 1796 334 τ

1005 351 1114 379 Assistit
1128 352 1219 386 itaque
1239 352 1316 386 quasi
1330 351 1437 385 Gehon,
1451 351 1484 379 de
1500 359 1554 387 quo
1576 357 1604 379 et
1619 359 1668 386 per
1681 353 1797 387 prophe-

1007 400 1060 424 tam
1070 396 1188 424 dicitur:
1211 405 1220 422 Ι
1239 396 1368 424 Dominus
1390 397 1460 424 Deus
1472 401 1565 425 uoster
1577 397 1674 424 ﬂuvius
1693 396 1794 433 glorio-

1005 449 1052 470 sus
1067 441 1181 469 exiliens
1199 442 1229 470 in
1247 446 1348 469 terram
1374 441 1521 470 sitientem.
1539 452 1548 470 ι
1564 441 1630 476 Quae
1650 447 1692 470 est
1706 446 1797 470 autem

1006 487 1096 520 vinea,
1113 487 1157 515 cui
1182 488 1260 523 quasi
1282 487 1376 515 Gebon
1402 487 1516 521 assistit,
1546 493 1575 515 et
1593 488 1799 523 praedicationis

1006 541 1062 561 suae
1075 533 1231 561 madoribus
1247 533 1363 568 irrigare
1373 540 1429 563 non
1451 533 1560 567 desinit,
1575 533 1627 561 nisi
1639 533 1683 561 illa
1699 533 1733 561 de
1745 541 1798 568 qua

1006 585 1053 612 per
1068 578 1226 613 prophetam
1242 578 1342 606 dicitur
1356 586 1363 604 :
1383 587 1392 604 ‹
1411 577 1497 606 Vinea
1518 582 1611 606 autem
1625 578 1731 607 Domini
1746 577 1797 605 Sa-

1006 622 1099 656 baoth,
1117 623 1212 651 domus
1238 623 1321 651 israel
1335 623 1397 651 est?
1417 633 1427 650 ι
1450 623 1519 659 (Ira.
1543 624 1584 659 v.)
1602 623 1675 651 lianc
1692 623 1799 651 vineam

1006 670 1039 696 de
1065 669 1181 704 [Egypln
1205 674 1318 696 vetustae
1347 669 1415 704 legis
1443 670 1570 697 Dominus
1594 670 1746 702 transtulit,
1774 674 1803 697 et

1007 713 1039 742 ad
1061 717 1159 741 terram
1182 712 1331 748 Evangelii,
1357 720 1418 747 qua:
1440 714 1493 742 mel
1515 719 1545 742 et
1569 713 1612 742 iac
1636 719 1738 746 manat,
1761 714 1802 741 in-

1006 759 1095 788 duxit.
1292 774 1303 785 .
1810 752 1813 756 λ

1042 804 1127 840 Hujus
1148 809 1238 834 autem
1262 806 1349 834 vinea:
1368 806 1503 842 primitias
1517 807 1609 835 attniit
1633 811 1727 835 ootrus
1746 807 1801 840 ilic,

164 854 227 881 aeris
245 853 376 881 durabilia
400 857 464 880 sunt
484 857 513 880 et
537 859 648 881 sonora.
668 851 737 885 Quia
761 856 789 879 et
813 858 899 885 usque
923 849 957 878 ad
973 853 995 882 Β
1009 859 1089 886 quem
1105 852 1158 880 duo
1173 852 1223 880 viri
1240 852 1268 880 in
1282 857 1359 881 vecte
1372 857 1531 888 posuerunt,
1547 858 1574 885 et
1595 854 1743 883 tsraeiitieo
1756 862 1803 889 po-

165 899 245 926 ﬁuem
260 898 352 926 saeculi
371 905 425 925 non
438 897 580 925 inveniunt
593 897 751 929 terminum,
761 900 789 924 et
805 903 854 931 per
866 895 957 923 omnia

165 944 258 971 mundi
282 943 369 978 spatia
394 944 459 971 dant
476 942 612 970 tinnitum.
633 951 642 968 ε
653 942 681 970 ln
696 949 805 969 omnem
822 941 891 970 enim
904 945 960 968 ter-

166 997 224 1015 ram
252 988 336 1015 exivit
357 995 440 1015 sonus
465 994 572 1020 eorum,
588 992 617 1015 et
645 987 673 1015 in
696 987 765 1015 ﬁnes
785 986 862 1015 orbis
881 991 960 1016 terra;

164 1034 246 1060 verba
259 1041 352 1060 eorum
378 1032 464 1068 (Paul.
480 1033 570 1068 xvut).
586 1043 596 1059 ›
619 1032 670 1066 Qui
685 1036 714 1060 et
731 1032 804 1060 venti
820 1039 880 1060 esse
891 1032 960 1060 retev

165 1084 280 1111 runtur;
294 1080 355 1113 quia
376 1079 409 1106 de
430 1079 471 1106 his
494 1078 625 1113 scriptum
645 1083 706 1106 est:
732 1087 743 1104 ι
763 1077 813 1106 Ubi
837 1082 897 1107 erat
910 1077 961 1110 itu-

165 1129 246 1160 petus
264 1125 383 1159 spiritus,
411 1124 473 1152 illuc
493 1119 686 1159 gradiebantur
706 1123 817 1158 (Each.
833 1122 865 1157 ι).
884 1131 894 1149 ι
909 1121 959 1155 Qui

164 1171 248 1199 etiam
262 1171 445 1205 egrediuntur,
470 1175 496 1197 ut
513 1174 586 1198 stent
596 1177 689 1198 coram
712 1168 883 1198 dominatore
903 1176 962 1196 om-

166 1218 209 1245 nis
221 1223 312 1249 terrze,
327 1217 389 1251 quia
405 1217 476 1251 quod
492 1216 579 1243 sancti
593 1215 785 1251 praedicatores
796 1222 829 1243 ex
842 1213 961 1245 ﬁdelium

166 1261 376 1289 truetiticatioue
406 1261 562 1295 proﬁciunt,
584 1268 642 1288 non
669 1258 721 1290 sibi
750 1259 885 1292 tribuunt,
913 1259 962 1289 sed

166 1307 281 1339 auctori,
302 1314 316 1333 a
332 1314 386 1341 quo
402 1314 494 1337 eorum
518 1305 610 1334 omnia
635 1304 713 1333 lucra
738 1300 899 1340 procedunt.
924 1303 963 1335 De

166 1352 266 1386 quibus
292 1352 324 1378 ad
343 1351 372 1377 Β.
398 1351 448 1378 Job
462 1350 576 1380 dicitur:
595 1360 604 1376 ι
620 1349 749 1387 Nunquid
768 1349 897 1377 immittes
912 1348 964 1376 lul-

166 1405 246 1432 gura,
260 1402 286 1424 et
302 1397 388 1430 ilmut,
398 1401 426 1424 et
442 1395 770 1428 revertentiadicenttibi,
784 1395 960 1423 Adsumus?»

167 1443 230 1476 (Job
249 1443 376 1477 uxvxu.)
404 1442 450 1469 lla:
471 1446 535 1471 sunt
555 1441 607 1470 illze
628 1447 746 1477 quatuor
760 1442 874 1478 hydrize,
895 1449 963 1476 quas
982 1448 984 1451 '

166 1488 241 1515 Elius
262 1488 464 1516 sacriﬁcaturus
483 1488 565 1521 jussit
579 1487 696 1522 impleri,
719 1492 748 1515 et
772 1487 860 1515 tribus
883 1494 964 1522 super

1009 898 1071 933 pulo
1084 898 1240 930 detulerunt
1262 899 1359 934 (Num.
1383 900 1456 935 xm).
1475 899 1533 928 Duo
1551 900 1656 928 scilicet
1675 901 1737 933 viri,
1751 902 1805 928 duo

1009 947 1071 971 sunt
1085 943 1187 979 populi,
1201 942 1329 975 Iudaicus
1349 948 1378 972 et
1393 944 1513 979 gentilis.
1527 944 1560 973 lli
1582 946 1690 973 botrtrm
1707 953 1806 981 posue-

1011 993 1074 1016 runt
1097 988 1125 1016 in
1153 993 1240 1021 recte,
1256 989 1319 1024 quia
1354 989 1524 1018 Salvatorem
1550 990 1751 1025 suspenderunt
1776 991 1804 1018 in

1009 1040 1100 1061 crnec.
1119 1032 1172 1063 Sed
1187 1041 1344 1069 praecessor,
1362 1035 1434 1070 quod
1460 1036 1594 1070 portabat,
1611 1043 1664 1064 non
1687 1037 1803 1072 aspicie-

1011 1079 1070 1111 bnt;
1090 1078 1137 1114 qui
1161 1079 1336 1114 sequebatur,
1352 1079 1522 1108 intuebatur.
1538 1080 1570 1108 Et
1591 1080 1745 1109 Judzeorum
1760 1089 1806 1116 po-

1010 1123 1100 1158 pulus.
1121 1123 1173 1158 .qtti
1198 1131 1247 1152 nos
1269 1125 1437 1160 temporibus
1461 1125 1618 1159 antecessit,
1648 1125 1804 1160 Dominum,

1010 1177 1089 1204 quem
1102 1169 1128 1197 in
1139 1170 1279 1205 prophetis
1298 1175 1326 1198 et
1345 1170 1404 1207 lege
1418 1176 1586 1207 portaverat,
1601 1172 1663 1199 dum
1678 1173 1804 1200 obedien-

1011 1215 1056 1242 εἰει
1069 1214 1171 1243 vultum
1184 1223 1291 1251 semper
1306 1217 1415 1250 avertit,
1427 1217 1518 1246 videre
1530 1226 1583 1245 non
1599 1218 1700 1253 potuit;
1718 1218 1806 1254 gentis

1011 1260 1046 1288 lis
1059 1265 1149 1289 autem
1162 1261 1210 1296 qui
1227 1261 1361 1296 sequitur,
1380 1266 1509 1298 tanquam
1521 1271 1577 1299 pra:
1589 1264 1675 1292 oculis
1687 1264 1805 1299 positum

1011 1305 1119 1332 assidue
1128 1306 1336 1341 contemplatur.
1350 1307 1427 1335 Hunc
1438 1309 1546 1336 botrum
1558 1309 1667 1337 Gedeon
1683 1310 1808 1345 ﬁguravit

1012 1358 1073 1378 cutn
1106 1351 1259 1385 Epit-raucis
1292 1352 1522 1381 calumniantibus
1553 1355 1604 1382 sub
1633 1355 1808 1383 excusatione

1013 1396 1170 1430 respondit:
1198 1405 1210 1423 t
1225 1396 1320 1426 Nonne
1339 1398 1436 1427 melior
1463 1403 1505 1426 est
1529 1407 1653 1427 racemus
1676 1400 1805 1435 Ephraim

1012 1440 1156 1470 vindemiis
1167 1441 1301 1473 Abiezer?
1318 1452 1328 1471 ι
1339 1442 1415 1479 (Iud.
1429 1444 1503 1477 vm.)
1515 1443 1581 1471 Nam
1592 1444 1655 1478 quia
1667 1444 1807 1479 Ephraim,

1014 1486 1061 1521 qui
1087 1486 1274 1521 fecunditatem
1297 1493 1388 1521 sonat,
1410 1488 1559 1521 Ecclesiam
1579 1489 1720 1524 exprimit,
1743 1491 1806 1525 quid

168 1532 356 1561 holocaustum
370 1532 474 1560 vicibus
487 1531 645 1567 superfundi
668 1531 728 1567 (HI
740 1531 803 1567 Reg.
820 1531 963 1567 xvm).|lic
975 1526 998 1558 C
1014 1538 1062 1566 per
1086 1539 1224 1563 racemum
1243 1532 1385 1568 Epitraim,
1410 1533 1461 1561 nisi
1486 1533 1647 1561 Christum?
1662 1534 1733 1568 Quid
1760 1543 1811 1570 per

167 1582 211 1605 est
222 1577 265 1607 illa
277 1577 445 1614 quadrilidus
466 1577 609 1607 ﬂuviorum
622 1584 728 1610 cursus,
748 1576 797 1612 qui
808 1576 842 1604 de
853 1575 962 1603 Christo

168 1627 298 1657 tauquam
322 1622 355 1649 de
376 1621 492 1656 paradisi
522 1621 596 1653 fonte
617 1621 789 1656 progreditur
811 1626 838 1648 et
859 1620 962 1652 arentia

167 1668 292 1702 quadrati
308 1668 382 1697 orbis
401 1675 466 1694 arva
492 1666 630 1702 perfundit
650 1666 728 1703 (Gal.
746 1667 788 1702 It).
805 1666 843 1693 De
852 1674 907 1701 quo
921 1666 963 1694 vir

168 1713 214 1740 ille
226 1713 335 1747 sapiens
350 1713 407 1741 ait:
432 1722 440 1738 ι
459 1712 558 1748 Legem
570 1713 709 1741 mandavit
723 1712 829 1748 Moyses
843 1711 869 1741 in
892 1719 962 1746 pra:-

167 1759 255 1793 ceptis
266 1758 445 1793 justitiarum,
463 1764 490 1786 et
505 1759 691 1788 baemditatem
706 1759 788 1787 domu
823 1757 917 1791 Jacob,
934 1762 963 1787 et

167 1804 250 1831 lsrael
267 1803 566 1839 promissionesUt‘ccli.
603 1805 690 1839 uir).
702 1813 712 1830 ι

207 1849 243 1877 Ut
258 1854 348 1877 autem
369 1850 395 1877 in
418 1850 460 1877 bis
475 1849 566 1878 verbis
579 1857 634 1877 non
659 1849 761 1877 diutius
778 1849 963 1883 immorentur,

167 1896 213 1924 lex
236 1896 296 1928 ista,
312 1905 372 1931 quae
396 1897 540 1924 hereditas
557 1896 746 1933 promissionis
764 1896 873 1929 dicitur,
899 1904 964 1925 san-

168 1946 243 1969 ctum
261 1947 304 1969 est
323 1942 508 1977 EvangeJium,
522 1942 594 1975 quod
614 1942 723 1977 quidem
739 1942 860 1978 antiquis
877 1941 965 1970 Patri-

169 1987 222 2014 bus
245 1992 288 2014 est
302 1988 476 2022 promissum,
493 1988 571 2016 nobis
593 1992 684 2016 autem
702 1988 875 2016 hereditario
890 1988 964 2023 jure,

168 2033 282 2060 Christo
296 2034 430 2066 veniente,
451 2034 591 2068 collatum,
606 2035 652 2062 ubi
666 2039 766 2069 praesto
777 2033 962 2070 subiungitur:

172 2088 183 2104 ι
196 2078 291 2106 Posuit
307 2079 389 2107 David
408 2088 493 2115 puero
522 2087 572 2108 suo
584 2081 706 2109 excitare
732 2088 824 2116 regem
848 2088 883 2108 ex
906 2080 965 2115 ipso

171 2125 363 2159 fortissimum,
375 2130 405 2153 ut
416 2126 515 2154 throno
524 2126 656 2154 honorum
671 2127 810 2155 sedentem
824 2127 852 2154 in
865 2128 964 2162 senapi-

170 2174 289 2198 ternum.
301 2172 351 2205 Qui
363 2172 453 2207 implet
465 2172 542 2207 quasi
557 2172 657 2200 Phison
667 2172 839 2208 sapientiam,
853 2177 883 2199 et
894 2173 966 2200 sicut

1013 1577 1164 1609 vindemias
1186 1578 1311 1610 Abiezer,
1329 1579 1381 1607 nisi
1406 1578 1581 1608 Judaicorum
1607 1580 1807 1609 multitudinem

1012 1623 1207 1655 sacerdotum?
1221 1624 1284 1653 Sive
1301 1625 1383 1653 etiam
1393 1633 1447 1660 per
1466 1634 1604 1654 racemum
1619 1634 1719 1662 parvus
1743 1627 1809 1655 ﬁde-

1013 1669 1078 1696 lium
1095 1677 1223 1699 numerus
1236 1671 1381 1706 primitivaz
1405 1671 1537 1700 Ecclesiw
1549 1693 1558 1705 ,
1578 1679 1627 1707 per
1641 1673 1808 1701 vindemiant

1012 1721 1078 1745 vero
1094 1714 1240 1743 multitudo
1252 1715 1425 1752 intelligenda
1433 1721 1478 1745 est
1494 1716 1655 1753 Synagogae.

1050 1758 1144 1787 Melior
1176 1763 1219 1788 est
1249 1767 1316 1796 ergo
1349 1769 1476 1790 racemus
1503 1762 1632 1798 Ephraim
1666 1763 1810 1792 vindemiis

1013 1804 1140 1837 Abiczer,
1156 1805 1220 1841 quia
1245 1805 1351 1835 beatior
1370 1806 1420 1834 t‘uit
1441 1807 1578 1843 primitiva
1601 1808 1733 1842 Ecclesia,
1748 1817 1812 1844 qua:

1014 1856 1102 1884 usque
1119 1850 1145 1878 in
1160 1850 1241 1879 tinem
1254 1852 1345 1879 seculi
1358 1853 1558 1881 renascentiunt
1575 1854 1667 1882 sobole
1681 1854 1810 1883 fecunda-

1013 1899 1070 1928 tur,
1080 1903 1160 1931 quam
1168 1896 1323 1933 Syuagoga,
1332 1906 1397 1934 qua:
1408 1899 1535 1934 paulatim
1551 1900 1674 1935 quotidie
1688 1900 1810 1929 defectu—

1011 1948 1044 1973 ra
1061 1941 1214 1975 adnuitur;
1231 1943 1304 1971 unde
1314 1947 1344 1971 .et
1356 1952 1400 1979 pet
1427 1944 1525 1972 Isaiam
1545 1945 1663 1973 dicitur:
1683 1954 1692 1971 ε
1703 1945 1806 1978 Lauda,

1011 1986 1118 2015 stciilis
1130 1995 1138 2020 ς
1154 1995 1215 2023 qua:
1227 1996 1281 2017 non
1296 1989 1382 2025 paris.
1395 1990 1511 2018 decantat
1525 1991 1644 2024 laudem,
1657 1995 1685 2018 et
1697 1991 1812 2027 hymnos

1015 2032 1152 2069 {hymnis},
1167 2041 1228 2069 qua:
1245 2042 1298 2062 non
1319 2035 1456 2070 pariobas,
1470 2036 1597 2071 quoniam
1613 2036 1691 2064 multi
1707 2036 1755 2064 ﬁlii
1765 2038 1812 2065 de-

1011 2082 1097 2106 sertae
1117 2080 1202 2115 magis
1223 2088 1305 2116 quam
1325 2080 1384 2115 ejus
1410 2089 1471 2117 quat
1494 2082 1579 2110 habet
1603 2082 1708 2115 virum;
1726 2082 1813 2110 dilata

1016 2124 1104 2153 locum
1123 2126 1233 2154 tentorii
1248 2127 1299 2160 tui,
1311 2131 1340 2154 et
1351 2127 1435 2163 pelles
1451 2128 1686 2156 tabernaculorum
1701 2132 1807 2156 tuorum

1016 2173 1143 2205 extende,
1176 2181 1210 2201 ne
1231 2181 1338 2208 parcas,
1366 2174 1460 2210 longos
1489 2174 1531 2203 fac
1553 2175 1686 2203 funiculos
1700 2179 1764 2203 tuos
1784 2180 1814 2203 et

170 2217 262 2253 Tigris
276 2218 302 2246 in
322 2219 417 2246 diebus
444 2227 586 2246 novorum.
609 2219 659 2253 Qui
678 2219 808 2254 adimplet
821 2218 898 2254 quasi
912 2218 967 2246 Eu-
981 2211 1004 2241 D
1016 2217 1107 2249 clavos
1124 2223 1184 2246 tuos
1193 2219 1331 2246 consolida
1347 2227 1354 2251 ;
1373 2219 1407 2246 ad
1420 2220 1561 2247 dexteram
1584 2220 1668 2252 enim,
1679 2223 1707 2247 et
1720 2220 1755 2247 ad
1769 2219 1814 2247 lie-

124 2276 127 2279 -
168 2262 284 2297 phrates
295 2271 415 2295 sensum,
439 2264 484 2297 qui
509 2263 678 2298 midtiplicat
695 2264 772 2298 quasi
794 2262 923 2291 Jordanis
938 2263 964 2290 in

169 2312 296 2342 tempore
320 2309 425 2336 messis.
455 2309 505 2341 Qui
531 2309 614 2336 mittit
638 2309 810 2344 disciplinam
832 2310 904 2337 sicut
925 2309 967 2336 lu-

1016 2271 1077 2290 vam
1087 2263 1258 2299 ipenetrabis,
1275 2269 1303 2291 et
1321 2271 1414 2291 semen
1433 2268 1509 2291 tuum
1524 2268 1623 2299 gentes
1639 2264 1813 2292 luereditabit

1017 2307 1086 2342 (Im.
1109 2310 1174 2344 LIV).
1200 2319 1210 2335 ι
1226 2309 1287 2337 lltec
1307 2316 1374 2337 sane
1387 2308 1464 2344 cujus
1481 2315 1574 2336 semen
1593 2313 1687 2344 gentes
1697 2308 1812 2336 haeredi-

169 2363 250 2386 cem.
275 2360 303 2382 et
327 2357 459 2384 assistens
481 2356 559 2391 quasi
588 2356 681 2384 Gebon
706 2356 732 2384 in
755 2356 800 2384 die
825 2356 979 2384 vindemias.
1013 2361 1067 2388 tot,
1080 2355 1202 2383 Ecclesia
1220 2358 1274 2387 est,
1287 2362 1348 2390 quaa
1365 2354 1487 2389 quotidie
1503 2361 1587 2390 genus
1602 2354 1748 2381 humanum
1763 2361 1813 2389 per

170 2399 258 2434 (Ibid.
268 2400 288 2434 ).
299 2409 310 2425 ι

207 2444 273 2473 Bac
287 2444 387 2480 itaque,
408 2445 508 2474 fratres
521 2446 585 2478 mei,
608 2449 662 2474 tam
677 2445 774 2479 lucide,
802 2451 856 2474 tam
873 2451 966 2482 aperte

168 2490 207 2517 de
223 2490 332 2519 Christo
354 2496 383 2519 et
401 2493 505 2520 sanctis
519 2492 695 2527 evangelistis
709 2492 781 2519 dicta
801 2497 874 2525 sunt,
890 2498 918 2519 ut
932 2493 964 2519 ad

169 2537 225 2564 hoc
242 2537 432 2567 insinuantlum
454 2538 552 2572 exponi
570 2546 622 2564 non
645 2542 753 2573 egeant.
777 2537 830 2565 Sed
851 2538 913 2564 dum
939 2538 965 2564 in

167 2583 288 2615 sanctis,
308 2591 340 2611 ac
356 2583 478 2619 mysticis
499 2584 589 2611 verbis
602 2584 744 2611 vindemia:
766 2584 850 2619 266
866 2591 964 2611 nntuen

168 2630 284 2662 auditis,
295 2631 340 2665 qui
356 2638 389 2658 ex
415 2631 544 2666 temporis
566 2631 711 2659 occasione
729 2635 852 2659 terrenas
869 2630 964 2657 vinde-

168 2675 244 2703 mias
257 2684 311 2710 pne
335 2676 459 2703 manibus
479 2676 595 2707 habetis,
608 2676 712 2703 debetis
737 2683 751 2703 a
765 2674 966 2703 circumstanti-

170 2724 225 2749 bus
245 2722 278 2748 ad
306 2722 436 2749 interiora
463 2730 613 2754 recurrere,
640 2725 668 2749 et
692 2721 857 2757 spiritualem
873 2721 967 2749 vinde-

170 2766 257 2793 miam
271 2771 365 2794 saneta
381 2771 471 2795 vestra
488 2767 630 2802 prudentia
646 2768 775 2802 cogitare.
791 2767 833 2793 Ait
849 2767 921 2793 enim
940 2766 966 2793 in

172 2814 229 2840 tiue
243 2814 383 2842 sententiae
398 2824 404 2841 :
421 2824 430 2840 ε
445 2814 494 2848 Qui
509 2815 591 2842 mittit
601 2814 769 2849 disciplinam
783 2813 852 2841 sicut
870 2817 967 2846 lucem,

1017 2409 1081 2429 suos
1097 2401 1166 2428 ﬁlios
1183 2400 1216 2427 ad
1237 2399 1299 2427 ﬁdei
1318 2401 1450 2427 unitatem
1461 2404 1551 2428 vocat.
1567 2399 1630 2427 llaec
1642 2404 1694 2432 est,
1709 2399 1743 2427 de
1756 2408 1809 2439 qua

1018 2447 1117 2477 dicitur
1131 2447 1157 2473 in
1172 2445 1297 2478 Psalmis,
1320 2455 1329 2471 ι
1344 2454 1393 2481 pro
1404 2454 1436 2474 ea
1451 2454 1512 2482 quae
1526 2445 1705 2481 consequitur
1726 2446 1813 2473 haere-

1016 2492 1226 2529 ditatch’sal.
1253 2499 1279 2524 v,
1295 2492 1321 2519 in
1335 2492 1400 2527 tit.).
1415 2502 1424 2519 ι
1440 2492 1503 2520 llaec
1517 2496 1563 2519 est
1574 2491 1664 2524 vinea,
1679 2498 1739 2526 qua:
1754 2490 1812 2518 lan-

1018 2540 1079 2566 dem
1098 2540 1247 2566 deeantare
1272 2538 1427 2573 praecipitur
1438 2537 1533 2565 :sieut
1555 2541 1583 2564 et
1599 2536 1676 2571 apud
1685 2537 1811 2564 eumdem

1017 2584 1180 2620 prophetam»
1213 2583 1278 2610 alibi
1306 2583 1466 2617 reperitur:
1494 2591 1505 2609 ο
1528 2582 1556 2610 In
1585 2582 1630 2609 illa
1664 2582 1708 2609 die
1733 2581 1811 2608 vinea

1019 2630 1087 2657 meri
1107 2629 1230 2656 cantabit
1254 2628 1298 2661 oi;
1320 2636 1371 2663 ego
1402 2628 1542 2661 Dominus,
1575 2628 1628 2662 qui;
1645 2635 1730 2655 servo
1749 2634 1818 2655 eam

1016 2675 1088 2710 (ha.
1101 2674 1198 2708 xxv").
1213 2683 1222 2699 ι

1058 2721 1095 2747 De
1117 2720 1166 2747 hac
1182 2720 1261 2746 vinea
1277 2719 1372 2746 beatus
1386 2726 1494 2754 quoque
1508 2719 1651 2746 “attinens
1669 2719 1819 2746 nominqu

1021 2766 1122 2792 divisse
1138 2769 1340 2793 eemmcmorat
1366 2773 1373 2791 :
1398 2773 1408 2790 ι
1426 2764 1492 2798 Quia
1513 2765 1593 2792 homo
1618 2770 1678 2792 erat
1693 2764 1812 2800 pateris»

1023 2812 1121 2845 milias,
1148 2811 1192 2846 qui
1223 2811 1352 2846 plantavit
1376 2811 1495 2844 vineam,
1520 2816 1550 2839 ct
1575 2818 1667 2847 sepem
1694 2810 1814 2839 circnmr
