4064 6208
467 271 570 327 787

1104 264 1160 320 S.
1204 262 1406 318 PETRI
1448 260 1725 341 DAMlA-Nl
1765 262 1915 319 OPP.
1961 261 2136 316 PARS
2164 258 2290 318 SEU
2337 261 2573 320 TOMUS
2616 261 2682 318 11.
2720 293 2787 304 -
2827 262 3212 357 SERBIONES.

3599 267 3709 324 78$

462 376 612 432 dedit
637 373 796 445 267
829 372 902 436 ei,
931 381 985 427 et
1031 371 1163 426 fodit
1193 371 1247 425 in
1275 384 1338 424 ca
1367 370 1624 436 torcular,
1657 380 1713 424 et
1750 371 2031 426 aediﬁcavit
2062 377 2105 433 Α
2135 381 2444 440 peccatores
2481 371 2690 440 invitat,
2736 373 2958 444 januam
2986 377 3142 431 vobis
3179 391 3292 430 sua:
3319 376 3713 435 misericordiae

465 465 676 530 turrim,
715 471 772 517 et
811 461 1006 518 locavit
1050 474 1169 516 eam
1207 459 1481 527 agricolis,
1526 469 1580 513 et
1607 474 1831 529 peregre
1857 460 2034 532 profe-

462 562 692 629 ctus_est
726 551 937 625 (Matth.
985 550 1119 619 1m).
1157 568 1175 600 ι
1237 549 1362 604 Haec
1403 553 1556 605 vinea
1599 565 1665 604 cx
1697 549 1787 605 illo
1838 551 2034 620 prodiit

366 650 370 655 ’
465 646 638 709 botro,
673 645 773 714 qui.
815 641 1039 714 pedibus
1085 639 1392 696 Judarorum
1443 651 1604 712 alque
1650 642 1926 712 gentilium
1979 643 2034 697 in

461 734 643 791 crucis
665 735 902 794 calcatus
929 743 1013 790 est
1053 733 1242 804 przelo,
1267 749 1331 789 ex
1377 749 1484 804 quo
1505 735 1724 804 pretiosi
1757 735 2035 804 sanguinis

461 843 601 881 unea
646 824 922 896 proﬂuxit,
975 840 1096 895 quaa
1125 832 1330 878 mentes
1356 824 1631 879 hominum
1663 827 1800 879 male
1826 825 2036 880 sobrias

460 918 590 972 vino
613 916 909 987 spiritualis
957 917 1144 988 gratiae
1190 913 1481 969 salubriter
1515 915 1797 969 debriavit.
1835 915 1908 970 De
1929 931 2036 984 quo

457 1004 668 1061 scilicet
701 1005 826 1060 vino
855 1020 977 1060 cum
1024 1003 1250 1060 diversis
1284 1003 1477 1072 linguis
1499 1017 1595 1071 per
1620 1002 1880 1071 Spiritum
1915 1019 2036 1057 sau-

457 1104 606 1151 ctum
662 1095 1015 1167 loquerentur
1063 1095 1312 1166 apostoli,
1365 1095 1567 1148 dictum
1625 1105 1745 1149 est:
1810 1111 1828 1144 ι
1863 1093 2036 1149 Musto

367 1201 382 1222 ί
458 1185 602 1256 pleni
633 1196 757 1242 sunt
787 1187 874 1243 isti
925 1187 1064 1258 (Act.
1100 1187 1184 1257 ιι).
1219 1206 1238 1240 ι
1275 1186 1366 1241 γε
1411 1186 1528 1251 illi,
1573 1187 1662 1256 qui
1708 1200 1929 1255 prorsus
1967 1189 2036 1243 ab

460 1282 566 1334 hoc
619 1285 800 1334 musto
834 1277 1062 1350 jejunat,
1090 1287 1145 1334 et
1173 1279 1374 1354 terreni
1425 1279 1532 1332 viui
1581 1277 1889 1348 crapulam,
1929 1294 2037 1349 quo

455 1379 670 1434 aestuat,
715 1371 1074 1442 ingurgitatus
1117 1379 1350 1424 eructat.
1393 1389 1410 1420 ι
1447 1368 1537 1424 Vte
1581 1369 1766 1436 vobis,
1801 1369 1874 1424 ait
1910 1385 2032 1439 pro-

456 1460 640 1531 pheta,
697 1461 788 1531 qui
827 1469 1077 1531 potentes
1122 1462 1255 1515 estis
1289 1462 1357 1515 ad
1399 1460 1689 1515 bibendum
1729 1461 1933 1523 vinmn,
1982 1469 2038 1516 et

457 1550 562 1604 viri
605 1551 775 1606 fortes
825 1551 892 1605 ad
944 1551 1275 1606 miscendam
1329 1551 1644 1605 ebrietatem
1698 1549 1973 1622 (Isa.-v).
2011 1570 2031 1604 ι

456 1641 644 1699 Infelix
669 1641 846 1711 plane,
877 1642 971 1711 qui
1009 1657 1069 1697 se
1105 1658 1134 1696 a
1179 1643 1304 1697 vino
1346 1641 1518 1697 sancti
1568 1640 1807 1712 Spiritus
1849 1652 2038 1698 servat

2134 463 2425 518 clementer
2453 463 2678 532 aperiat,
2713 478 2776 518 ac
2819 465 3088 520 mentibus
3111 466 3302 521 vestris
3327 466 3514 536 gratiae
3541 467 3710 524 ctele-

2133 556 2230 611 stis
2260 557 2397 610 dona
2431 551 2709 610 diffundat.
2749 554 2850 620 Qui
2904 556 3032 610 vivit
3061 565 3115 611 et
3144 565 3334 628 regnat
3364 557 3418 612 in
3447 555 3714 615 Trinitato

2135 646 2369 716 perfecta
2401 627 2540 700 unus
2577 654 2632 700 et
2672 661 2836 700 verus
2873 647 3010 702 Deus
3046 648 3100 702 in
3145 627 3338 703 sarcula
3365 649 3683 705 saeculorum

2132 737 2326 792 Amen.

2622 848 2788 919 233
2823 846 3099 903 HOMILIA
3142 845 3228 902 Ll.

2205 954 2271 994 DE
2305 955 2503 996 SANC'I'O
2541 950 2810 1080 ΙΑΤΤΙΙίῗΟ
2846 956 3112 1081 Αιηιετοιιῖ
3147 958 3216 996 ΕΤ
3253 954 3636 998 ενιιιιθεωτι.

2783 1026 2875 1065 XXI
2915 1026 3066 1066 SEPT.
3339 1039 3355 1063 ι

2783 1026 2875 1065 XXI
2915 1026 3066 1066 SEPT.

2206 1100 2261 1154 In
2287 1100 2377 1155 illo
2401 1109 2678 1170 tempore:
2717 1118 2736 1152 ι
2763 1099 2898 1156 Cum
2930 1101 3188 1160 transiret
3209 1101 3366 1157 Jesus
3393 1117 3490 1172 per
3517 1102 3711 1159 civita-

2135 1199 2242 1246 tem
2291 1206 2464 1255 suam,
2517 1191 2654 1246 vidit
2719 1191 2991 1246 hominem
3043 1192 3317 1247 sedentem
3379 1192 3434 1247 in
3487 1193 3711 1260 telonio.

2135 1279 2444 1334 Matthaeum
2469 1279 2684 1336 nomine
2711 1279 2929 1352 (Matth.
2959 1281 3057 1352 ιχ).
3090 1301 3108 1334 ι
3143 1281 3208 1334 Ει
3238 1281 3463 1352 reliqua.

2207 1369 2528 1439 Evangelica
2556 1368 2736 1434 lectio,
2790 1381 2910 1438 quae
2934 1383 3078 1424 nunc
3101 1369 3323 1424 auribus
3345 1370 3538 1425 vestris
3565 1371 3716 1428 inso-

2134 1458 2271 1523 nuit,
2310 1459 2666 1525 dilectissimi,
2701 1458 2845 1514 velut
2871 1458 3097 1530 insignis
3125 1459 3267 1536 inter
3309 1468 3504 1515 caetera
3531 1460 3716 1516 Domi-

2135 1551 2269 1606 nicae
2291 1549 2611 1607 eruditionis
2633 1551 2852 1607 oracula
2875 1559 3192 1605 maerentem
3217 1559 3558 1620 peccatorum
3580 1565 3716 1607 eon-

2135 1641 2418 1696 scientiam
2464 1649 2697 1704 recreat,
2729 1642 3070 1698 tabescentes
3099 1640 3309 1697 animos
3333 1642 3514 1712 erigit,
3541 1641 3718 1713 pusil-

458 1730 807 1798 abstemium,
838 1743 892 1786 et
916 1731 1222 1802 pulmonem
1261 1741 1438 1802 portat
1470 1732 1580 1786 vini
1611 1731 1847 1787 carnalis
1879 1747 2035 1788 acro-
2065 1723 2108 1782 Β
2136 1729 2452 1787 lanimitatis
2482 1739 2539 1786 et
2560 1730 2865 1786 diiﬁdeutite
2886 1729 3053 1801 frigus
3071 1730 3327 1797 excludit,
3354 1731 3412 1787 'et
3432 1731 3499 1786 ad
3526 1731 3711 1788 conci-

459 1819 608 1877 ribus
633 1831 972 1887 mstuaatem,
1004 1823 1158 1894 cujus
1185 1833 1375 1878 venter
1399 1822 1570 1892 epulis
1609 1832 1773 1893 atque
1806 1825 2040 1893 potatio-

459 1910 618 1966 nibus
649 1913 978 1978 intumescit,
1011 1924 1068 1969 et
1113 1913 1408 1984 spiritualis
1432 1915 1618 1983 gratia:
1646 1914 1831 1970 vinum
1871 1915 1926 1970 in
1955 1915 2035 1969 sui

459 2001 642 2059 cordis
667 2004 798 2058 cella
811 2007 890 2060 rio
917 2022 1024 2061 non
1057 2007 1324 2064 recondit.
1813 2045 1820 2048 η

529 2095 638 2152 Vos
691 2107 898 2162 autem,
947 2097 1305 2164 dilectissimi,
1364 2099 1446 2153 sic
1495 2106 1656 2154 terra:
1689 2099 2039 2168 proventibus

460 2184 774 2256 colligendis
826 2187 1078 2252 insistite,
1131 2197 1190 2244 ut
1235 2189 1591 2244 memineritis
1642 2189 1806 2244 etiam
1854 2189 2035 2243 vinum

448 2278 625 2333 divini
666 2279 1010 2336 charismatis
1051 2280 1103 2335 in
1148 2281 1404 2336 mentium
1453 2290 1757 2337 vestrarum
1802 2280 2040 2336 tunnulis

459 2382 776 2424 convasare.
805 2368 1058 2439 Quisquis
1080 2381 1257 2444 autem
1285 2386 1344 2426 se
1373 2387 1402 2425 a
1433 2373 1681 2441 proximo
1716 2387 1812 2442 per
1833 2372 2039 2426 discor-

463 2455 562 2510 diae
606 2455 847 2513 fomitem
895 2459 1104 2524 dividit,
1157 2474 1263 2515 non
1303 2461 1420 2515 avis
1451 2461 1681 2522 Domini,
1728 2461 1822 2516 sed
1871 2469 2040 2515 terreu-

461 2561 590 2602 num
641 2547 841 2602 animal
873 2550 1054 2604 vinum
1103 2551 1291 2619 gratim
1339 2551 1577 2608 caelestis
1611 2552 1843 2624 ignorat.
1890 2550 2040 2608 Unde

440 2647 565 2705 -cst,
593 2642 734 2709 quod
759 2640 1034 2696 Abraham
1061 2658 1182 2698 cum
1215 2645 1573 2711 sacrificaret,
1599 2655 1792 2702 caetera
1822 2647 2037 2716 quidem

463 2729 716 2783 animalia
739 2745 835 2798 per
860 2732 1096 2787 medium
1123 2735 1387 2800 dividens,
1415 2744 1672 2805 utrasque
1700 2745 1881 2806 partes
1913 2753 2039 2791 con-

465 2829 548 2872 tra
595 2833 656 2878 se
707 2819 1026 2875 altrinsecus
1069 2825 1268 2893 posuit,
1311 2841 1440 2881 aves
1487 2836 1668 2882 autem
1711 2842 1818 2881 non
1857 2829 2042 2884 divisit

463 2909 616 2978 (Gen.
636 2911 758 2981 xv):
783 2911 883 2967 hoc
905 2913 1185 2970 insinuans
1205 2917 1330 2987 quia
1353 2919 1597 2988 quisquis
1625 2935 1722 2988 per
1748 2921 2037 2978 scissuram

460 3002 572 3059 adii
600 3018 632 3058 a
661 3002 828 3058 fratre
853 3004 1129 3071 dividitur,
1155 3021 1253 3076 per
1273 3017 1470 3063 terram
1499 3018 1748 3066 terrenus
1772 3011 2034 3079 ambulat,

462 3099 656 3147 nonut
688 3093 804 3147 avis
845 3093 911 3147 ad
941 3094 1136 3150 omium
1178 3097 1352 3163 volat;
1393 3100 1482 3168 qui
1529 3116 1659 3157 vero
1687 3117 1748 3158 se
1779 3104 2036 3160 virtutum

464 3183 657 3252 pennis
686 3183 740 3238 in
774 3183 882 3239 alta
924 3186 1178 3254 sustollit,
1224 3189 1543 3246 divisionem
1587 3194 1780 3248 nescit.
1810 3194 1963 3261 Quod
1993 3198 2037 3252 si

463 3273 534 3330 ab
584 3273 818 3331 inimicis
869 3276 974 3331 tuis
1018 3276 1318 3334 hedendum
1371 3289 1424 3335 te
1466 3294 1586 3336 esse
1621 3281 1902 3349 formidas,
1935 3287 2038 3341 nisi

463 3361 840 3425 adversuseos
871 3379 1022 3420 arma
1052 3367 1336 3436 corripias,
1365 3384 1629 3441 compone
1665 3388 1789 3428 cum
1820 3373 1954 3442 Deo,
1984 3385 2042 3432 et

463 3453 657 3522 procul
703 3454 884 3520 dubio,
945 3456 1246 3526 quiefactus
1296 3475 1401 3515 non
1429 3459 1641 3518 hederis
1675 3478 1705 3516 a
1758 3465 2037 3533 proximo:

471 3561 490 3597 ς
517 3543 776 3600 Dominus
804 3565 824 3598 ι
851 3546 1018 3613 enim,
1043 3547 1141 3611 ait,
1159 3567 1177 3599 ι
1209 3548 1566 3619 mibiadjutor
1583 3561 1685 3616 est,
1711 3568 1817 3606 non
1842 3553 2043 3610 timebo

467 3635 597 3704 quid
629 3635 790 3691 faciat
829 3638 959 3692 mihi
1005 3639 1166 3694 homo
1194 3639 1366 3713 (Paul.
1397 3642 1586 3713 cxvu).
1627 3661 1646 3696 ι
1695 3643 1848 3710 Quod
1877 3643 2042 3699 etiam

467 3727 779 3796 patriarcha
807 3726 980 3784 Jacob
1015 3730 1219 3796 docuit,
1257 3748 1381 3787 cum
1431 3734 1569 3789 Deos
1606 3733 1814 3790 alienos
1848 3735 2054 3791 infodit.

465 3812 626 3882 Nam,
656 3817 795 3872 sicut
822 3816 1099 3888 Scriptura
1130 3829 1356 3875 testatur
1387 3819 1536 3890 (Gen.
1567 3823 1756 3894 xxxv),
1779 3822 2046 3880 dederunt

466 3902 518 3964 ei
545 3903 824 3962 domestici
848 3907 930 3965 sui
961 3921 1148 3968 omnes
1174 3908 1313 3964 Deos
1341 3909 1564 3975 alienos,
1591 3927 1729 3982 quos
1751 3912 2042 3978 habebant.

465 4005 522 4054 et
551 3997 789 4064 inaures,
818 4013 938 4068 quae
964 4011 1124 4058 erant
1165 4001 1222 4057 in
1259 4002 1483 4058 auribus
1511 4018 1722 4060 eorum.
1749 4003 1820 4058 At
1846 4004 1934 4061 ille
1964 4005 2045 4060 in-

463 4085 602 4142 fodit
633 4102 696 4142 ea
739 4089 929 4144 subter
977 4091 1367 4152 terebinthum.
1407 4107 1527 4162 qua:
1562 4103 1647 4148 est
1693 4103 1816 4164 post
1855 4095 2042 4149 urbem

465 4178 704 4232 Sichcm.
755 4177 856 4233 Ubi
905 4181 1150 4249 protinus
1187 4183 1556 4238 subinfertur:
1603 4203 1621 4234 ι
1654 4184 2044 4254 Cumque_pro-

461 4265 595 4328 fecti
625 4278 826 4334 essent,
853 4279 1028 4326 terror
1055 4272 1268 4327 Domini
1295 4274 1494 4328 invasit
1515 4290 1705 4330 omnes
1729 4291 1825 4344 per
1852 4277 2046 4332 circui-

469 4366 584 4424 tum
621 4358 893 4424 civitates,
921 4369 978 4415 et
1004 4375 1108 4416 non
1139 4371 1264 4416 sunt
1296 4363 1408 4418 ausi
1438 4365 1686 4433 persequi
1735 4367 2046 4421 recedentes

465 4449 678 4519 (Ibid.).
696 4470 714 4502 ι
747 4451 971 4506 Constat
989 4469 1116 4524 ergo
1140 4454 1266 4524 quia
1287 4458 1432 4520 mo’x,
1464 4465 1525 4511 ut
1553 4458 1835 4512 Dominum
1861 4458 2043 4528 placa-

467 4538 566 4604 vit,
611 4543 810 4594 terreni
840 4540 1040 4604 furoris
1086 4559 1237 4599 arma
1273 4560 1380 4600 non
1420 4546 1618 4600 timuit.
1645 4547 1789 4602 Inter
1827 4548 2042 4604 domum

468 4629 650 4699 itaque
704 4630 870 4687 Jacob
915 4640 971 4694 et
1011 4633 1178 4688 Deum
1223 4649 1356 4704 pace
1399 4637 1714 4706 composita,
1742 4639 1920 4694 omnis
1947 4654 2044 4693 un-

471 4719 632 4790 dique
702 4723 1072 4790 controversia
1134 4726 1319 4782 divino.
1381 4727 1650 4796 premitur
1699 4736 1906 4785 terrore
1958 4745 2045 4785 se-

470 4808 614 4870 data,

539 4900 894 4972 Quapmptcr,
927 4905 1286 4972 dilectissimi,
1321 4907 1387 4962 de
1430 4907 1689 4963 mentium
1739 4917 2042 4964 vestrarum

465 4993 699 5048 vasculis
720 5008 907 5052 omnes
927 4996 1212 5051 simultatis
1237 5004 1293 5057 ct
1311 4996 1417 5052 odii
1448 5008 1626 5066 pestes
1655 4999 1895 5068 egerite;
1929 5009 2046 5053 tan—

469 5096 632 5150 quam
653 5079 998 5142 frementium
1027 5084 1320 5149 bestiarum
1363 5085 1616 5154 impetus,
1645 5086 1826 5148 carnis
1855 5087 2044 5148 illece-

467 5170 593 5231 bras
616 5172 879 5237 edomate,
928 5181 1154 5229 terrena:
1196 5175 1646 5252 concupiscentia;
1681 5174 1925 5231 ﬂammas
1951 5191 2044 5232 ex.-

467 5259 744 5330 stiuguite,
771 5271 932 5334 atque
955 5263 1022 5323 ad
1043 5261 1240 5318 ﬂuenta
1271 5263 1448 5326 sancti
1476 5261 1712 5333 Spiritus
1743 5264 2040 5324 haurienda

469 5351 714 5408 sitientes
737 5354 948 5408 animos
975 5364 1295 5424 praeparate.
1331 5353 1712 5425 Unusquisque
1759 5355 2036 5418 dicentes:

474 5459 495 5493 ι
528 5441 780 5496 Paratum
823 5459 918 5499 cor
965 5458 1165 5511 meum,
1219 5445 1380 5508 Deus.
1434 5455 1679 5515 paratum
1722 5461 1816 5501 cur
1866 5462 2041 5502 meum

473 5529 648 5601 (Psal.
673 5534 802 5604 LVI).
837 5555 855 5586 ι

544 5621 892 5697 Omnipotens
942 5627 1100 5695 Deus,
1153 5629 1242 5697 qui
1279 5645 1371 5698 pcr
1422 5630 1480 5684 Β.
1533 5632 1839 5686 Μαιιιιιυιιιιι
1881 5632 1945 5688 ad
1988 5647 2046 5694 se

2138 1823 2387 1894 piendam
2418 1837 2568 1894 spem
2592 1823 2764 1878 venia:
2787 1821 3053 1892 deiectum
3075 1837 3170 1879 cor
3189 1821 3243 1877 in
3269 1822 3376 1878 alta
3408 1823 3714 1895 suspendit.

2138 1914 2270 1981 Quis
2289 1913 2433 1968 enim
2465 1913 2534 1967 de
2561 1913 2826 1967 scelerum
2868 1926 3086 1966 suorum
3105 1909 3497 1980 quantumlibet
3525 1911 3718 1965 imma-

2137 2007 2285 2062 nium
2313 2005 2636 2060 enormitate
2671 2003 2896 2067 diiiidat,
2924 2018 3046 2058 cum
3078 2002 3264 2057 audiat
3300 2001 3362 2056 Β.
3395 2001 3712 2057 Μιιιιιιωιιιιι

2137 2095 2342 2150 venalis
2379 2094 2513 2148 lucri
2561 2093 2854 2163 quaestibus
2903 2091 3218 2156 inhiantem,
3261 2105 3366 2146 non
3413 2090 3572 2145 modo
3622 2105 3713 2146 re-

2137 2199 2297 2269 pente
2348 2197 2621 2252 vocatum,
2677 2188 2770 2241 sed
2825 2187 2890 2241 ad
2943 2185 3230 2240 obtinenda
3281 2185 3552 2254 praecipua
3605 2183 3716 2240 duo

2139 2280 2442 2336 ministeria
2484 2278 2649 2335 curiae
2695 2277 2932 2333 cmlestis
2981 2276 3281 2332 adscitum?
3337 2274 3601 2332 Nimirum
3649 2284 3715 2331 ut

2139 2371 2420 2440 apostolici
2471 2356 2693 2426 senatus
2763 2369 3153 2431 conscenderet
3201 2367 3432 2437 apicem,
3472 2375 3529 2421 et
3570 2367 3718 2422 inter

2139 2474 2358 2520 sanctos
2380 2462 2738 2533 evangelistas
2763 2461 2816 2515 in
2845 2475 2932 2524 eo,
2957 2459 3336 2530 quodprimus
3361 2469 3466 2523 est,
3495 2457 3716 2528 privile-

2139 2555 2228 2619 gio
2269 2553 2567 2623 susciperet
2615 2551 2954 2621 dignitatem.
2988 2548 3142 2617 Quod
3178 2557 3470 2618 utrumque
3513 2563 3713 2604 munus

2141 2642 2270 2698 nulli
2313 2643 2535 2712 prorsus
2584 2639 2673 2695 alii
2725 2639 2975 2695 collatum
3014 2645 3120 2704 est,
3152 2638 3257 2693 nisi
3305 2636 3556 2692 Matthaao
3586 2645 3709 2691 tan-

2141 2735 2416 2789 tummodo
2463 2742 2518 2788 et
2561 2730 2776 2786 Joanni.
2827 2731 2894 2786 Et
2931 2731 3058 2801 quia
3097 2727 3330 2785 Joannes
3384 2726 3480 2782 Dei
3536 2727 3750 2798 gratia.

2141 2826 2358 2889 dicitur,
2383 2823 2666 2878 Matthteus
2696 2819 3544 2891 etiam-donatusjntespretatur,
3582 2817 3712 2873 dum

2139 2927 2367 2986 uterque
2395 2916 2624 2986 geminat
2648 2912 2930 2986 dignitatis
2978 2913 3116 2967 dona
3151 2910 3469 2979 promeruit,
3497 2908 3714 2977 utrique

2141 3008 2382 3079 profecto
2403 3008 2576 3078 gratia
2603 3007 2727 3062 doni
2755 3006 2989 3062 ctelestis
3020 3002 3243 3059 iufnlsit.
3273 3001 3400 3064 Sed,
3435 3011 3494 3056 ut
3523 2999 3712 3070 imple-

2144 3111 2294 3157 retur
2328 3100 2416 3155 illa
2465 3098 2752 3163 sententia,
2805 3112 2910 3168 qua
2945 3097 3188 3152 dicitur:
3246 3113 3264 3147 ι
3290 3093 3390 3151 Ubi
3421 3091 3714 3148 abundavit

2143 3195 2420 3262 iniquitas,
2471 3189 2927 3260 superabundavit
2973 3189 3145 3259 gratia
3193 3185 3374 3258 (Rom.
3407 3185 3494 3256 v);
3525 3201 3546 3236 ι
3578 3182 3712 3238 llat-

2145 3286 2334 3349 thmus,
2380 3282 2507 3354 quia
2553 3280 2822 3336 scribendi
2861 3280 2914 3334 in
2960 3279 3268 3350 evangelica
3311 3277 3543 3332 veritate
3583 3272 3713 3328 fecit

2142 3374 2430 3445 originem,
2462 3372 2614 3426 ducis
2641 3384 2707 3425 ac
2732 3369 3078 3440 praeceptoris
3108 3369 3248 3423 inter
3285 3375 3516 3421 caeteros
3551 3377 3715 3418 evan-

2144 3461 2365 3532 gelistas
2399 3458 2638 3527 possidet
2664 3456 2986 3512 claritatem.
3015 3455 3110 3510 Cui
3157 3453 3410 3510 nimirum
3439 3451 3714 3522 aptissime

2143 3549 2389 3620 congruit
2417 3549 2506 3602 illa
2537 3547 2946 3616 sententia,qua
2969 3545 3201 3601 dicitur:
3233 3564 3251 3596 ι
3286 3543 3486 3599 Fidelis
3511 3554 3710 3605 sermo.

2145 3650 2200 3696 et
2255 3638 2400 3694 omni
2446 3638 2761 3707 acceptione
2807 3638 3032 3706 dignus,
3093 3636 3218 3706 quia
3270 3633 3520 3689 Christus
3557 3629 3716 3693 destas

2146 3728 2292 3784 venit
2316 3728 2368 3782 in
2395 3727 2536 3782 hunc
2561 3727 2816 3780 mundum
2835 3735 3149 3796 peccatores
3171 3721 3348 3778 salvos
3363 3723 3556 3781 facere,
3581 3733 3710 3788 quo-

2145 3834 2264 3875 rum
2295 3819 2502 3888 primus
2530 3831 2631 3886 ego
2653 3830 2808 3880 sum;
2840 3823 2900 3869 ut
2938 3814 2992 3868 in
3038 3827 3124 3867 me
3147 3812 3381 3883 primum
3407 3809 3716 3864 ostenderet

2144 3925 2360 3967 omnem
2420 3908 2737 3980 patientiam
2781 3907 2849 3962 ad
2903 3904 3334 3960 informationem
3378 3917 3568 3958 eorum
3622 3897 3716 3969 qui
3775 3951 3782 3955 .

2147 4003 2404 4058 credituri
2455 4010 2580 4058 sunt
2628 4000 2700 4055 illi
2753 4000 2805 4054 in
2841 3998 3009 4052 vitam
3051 4007 3309 4052 attemam
3341 3992 3402 4066 (1
3431 3991 3568 4047 Tim.
3598 3990 3661 4063 l).
3687 4006 3712 4041 ι

2150 4092 2302 4147 Unde
2340 4091 2542 4146 factum
2590 4100 2695 4156 est,
2751 4092 2892 4145 sicut
2934 4088 3239 4160 evangelica
3285 4101 3429 4142 nunc
3477 4080 3720 4139 narravit

2149 4179 2397 4244 historia,
2430 4187 2488 4233 ut
2513 4193 2578 4234 eo
2608 4179 2976 4234 discumbente
3023 4177 3074 4231 in
3101 4179 3261 4232 domo
3303 4174 3548 4246 ejusdem
3585 4171 3721 4229 lat-

2152 4273 2298 4336 thati,
2349 4272 2498 4327 multi
2544 4272 2816 4342 publicani
2851 4281 2907 4327 et
2943 4282 3256 4343 peccatores
3291 4269 3571 4326 venientes
3604 4269 3718 4324 dis-

2148 4363 2467 4418 cumberent
2515 4377 2637 4417 cum
2665 4362 2790 4418 Jesu
2818 4371 2874 4418 et
2916 4362 3192 4430 discipulis
3227 4359 3343 4430 ejus
3375 4359 3589 4430 (Matth.
3619 4360 3720 4428 Ix).

2149 4453 2296 4520 Quos
2325 4453 2468 4508 enim
2496 4453 2764 4509 scelerum
2808 4469 3032 4511 suorum
3072 4454 3292 4508 mordax
3331 4451 3662 4508 conscientia
3688 4464 3721 4504 a

2148 4535 2540 4615 Redemptoris
2575 4560 2796 4600 accessu
2826 4559 3170 4615 compescere
3203 4553 3438 4615 poterat,
3467 4544 3566 4598 hos
3588 4541 3722 4598 lato

2149 4634 2276 4692 thtei
2339 4635 2608 4690 familiare
2669 4651 2792 4691 eum
2868 4636 3096 4691 Domino
3155 4635 3600 4698 contubernium,
3664 4641 3725 4687 ut

2147 4727 2492 4791 accederent,
2522 4728 2885 4796 provocabat;
2916 4736 2972 4781 et
2998 4725 3124 4783 dum
3171 4726 3239 4780 ad
3273 4724 3490 4794 pietatis
3519 4723 3725 4780 fontem

2147 4819 2512 4888 propinquare
2547 4819 2887 4888 conspiciunt
2915 4818 3283 4886 publicanum,
3329 4816 3471 4872 felici
3489 4815 3608 4885 jam
3627 4830 3727 4872 III-

2148 4910 2301 4964 dacia
2325 4919 2700 4977 praesumente,
2741 4910 2913 4979 ipsum
2937 4908 3138 4964 fontem
3169 4923 3273 4963 non
3295 4908 3618 4964 addubitant
3645 4908 3728 4963 ire

2150 4998 2371 5068 reliquis
2405 5015 2528 5052 cum
2553 5000 2926 5068 peccatoribus
2945 4999 3296 5069 publicatum.
3328 4999 3407 5060 De
3424 5012 3534 5067 qua
3563 4997 3725 5052 nimir

2150 5107 2268 5146 rmn
2332 5090 2692 5160 publicatione
2757 5090 2923 5146 fontis
2981 5090 3169 5147 aeterni
3236 5105 3334 5160 per
3403 5088 3725 5158 prophetam

2147 5184 2348 5238 dicitur
2375 5198 2390 5237 :
2427 5201 2444 5235 ι
2475 5183 2531 5237 ln
2560 5182 2646 5236 illa
2679 5162 2911 5238 dieOcrit
2939 5182 3059 5238 linus
3110 5192 3300 5252 patens
3335 5181 3531 5236 domus
3557 5177 3726 5234 David

2149 5271 2515 5333 habitantibus
2543 5270 2594 5324 in
2643 5269 2976 5326 Hierusalem
3007 5271 3061 5325 in
3103 5270 3379 5327 ablutione
3421 5266 3726 5338 peccatoris

2148 5372 2204 5416 et
2239 5343 2585 5420 tttettstruatte
2635 5355 2818 5428 (Zach.
2849 5357 2993 5428 xm).
3024 5377 3042 5409 ι
3076 5356 3220 5412 Fons
3255 5357 3455 5426 quippe
3481 5354 3726 5411 occultus

2151 5463 2233 5506 est
2290 5450 2599 5521 unigenitus
2637 5449 2814 5508 Patris
2869 5448 3152 5504 invisibilis
3191 5448 3360 5511 Deus;
3421 5445 3545 5500 fons
3592 5459 3725 5499 vero

2154 5551 2345 5610 patens
2367 5552 2451 5602 est
2491 5540 2629 5593 idem
2667 5540 2810 5593 Deus
2850 5539 3182 5594 incarnatus.
3233 5537 3336 5604 Qui
3379 5535 3500 5590 fons
3535 5543 3732 5604 patens

2157 5642 2302 5696 recte
2358 5632 2548 5696 domus
2594 5630 2759 5692 David
2791 5630 3009 5696 dicitur,
3055 5629 3177 5702 quia
3220 5628 3548 5699 Redemptor
3593 5640 3727 5691 nea.
