  <div class='ocr_page' id='page_1' title='image "/cluster/home/n/w/nwhite01/storage/ocr_20150623/144/hvd.32044054760046/400.png"; bbox 0 0 4022 6206; ppageno 0'>
   <div class='ocr_carea' id='block_1_1' title="bbox 1879 353 2240 414">
    <p class='ocr_par' dir='ltr' id='par_1_1' title="bbox 1879 353 2240 414">
     <span class='ocr_line' id='line_1_1' title="bbox 1879 353 2240 414; baseline 0.014 -5"><span class='ocrx_word' id='word_1_1' title='bbox 1879 353 2116 409; x_wconf 70' lang='grc' dir='ltr'>δειιιιο</span> <span class='ocrx_word' id='word_1_2' title='bbox 2156 358 2240 414; x_wconf 85' lang='lat' dir='ltr'><strong>LI.</strong></span> 
     </span>
    </p>
   </div>
   <div class='ocr_carea' id='block_1_2' title="bbox 3600 387 3707 446">
    <p class='ocr_par' dir='ltr' id='par_1_2' title="bbox 3600 387 3707 446">
     <span class='ocr_line' id='line_1_2' title="bbox 3600 387 3707 446; baseline 0.028 -3"><span class='ocrx_word' id='word_1_3' title='bbox 3600 387 3707 446; x_wconf 83' lang='lat'><strong>790</strong></span> 
     </span>
    </p>
   </div>
   <div class='ocr_carea' id='block_1_3' title="bbox 451 444 3707 568">
    <p class='ocr_par' dir='ltr' id='par_1_3' title="bbox 451 444 3707 568">
     <span class='ocr_line' id='line_1_3' title="bbox 451 444 3707 568; baseline 0.018 -70"><span class='ocrx_word' id='word_1_4' title='bbox 451 452 533 498; x_wconf 88' lang='lat' dir='ltr'><strong>ter</strong></span> <span class='ocrx_word' id='word_1_5' title='bbox 557 444 624 498; x_wconf 88' lang='lat' dir='ltr'><strong>ad</strong></span> <span class='ocrx_word' id='word_1_6' title='bbox 664 461 764 499; x_wconf 90' lang='lat' dir='ltr'><strong>nos</strong></span> <span class='ocrx_word' id='word_1_7' title='bbox 809 447 1021 504; x_wconf 79' lang='lat' dir='ltr'><strong>venisse</strong></span> <span class='ocrx_word' id='word_1_8' title='bbox 1041 464 1107 506; x_wconf 83' lang='lat' dir='ltr'><strong>ex</strong></span> <span class='ocrx_word' id='word_1_9' title='bbox 1141 452 1305 509; x_wconf 85' lang='lat' dir='ltr'><strong>David</strong></span> <span class='ocrx_word' id='word_1_10' title='bbox 1327 471 1522 531; x_wconf 87' lang='lat' dir='ltr'><strong>genere</strong></span> <span class='ocrx_word' id='word_1_11' title='bbox 1543 475 1646 517; x_wconf 93' lang='lat' dir='ltr'><strong>non</strong></span> <span class='ocrx_word' id='word_1_12' title='bbox 1668 454 2020 523; x_wconf 75' lang='lat' dir='ltr'><strong>dubitabitur.</strong></span> <span class='ocrx_word' id='word_1_13' title='bbox 2050 472 2100 528; x_wconf 83' lang='lat' dir='ltr'><strong>A</strong></span> <span class='ocrx_word' id='word_1_14' title='bbox 2127 474 2192 527; x_wconf 84' lang='lat' dir='ltr'><strong>ad</strong></span> <span class='ocrx_word' id='word_1_15' title='bbox 2218 475 2493 546; x_wconf 71' lang='lat' dir='ltr'><strong>iustorum</strong></span> <span class='ocrx_word' id='word_1_16' title='bbox 2512 484 2706 540; x_wconf 89' lang='lat' dir='ltr'><strong>merita</strong></span> <span class='ocrx_word' id='word_1_17' title='bbox 2755 489 3130 561; x_wconf 80' lang='lat' dir='ltr'><strong>participando</strong></span> <span class='ocrx_word' id='word_1_18' title='bbox 3174 498 3562 568; x_wconf 86' lang='lat' dir='ltr'><strong>conscendunt,</strong></span> <span class='ocrx_word' id='word_1_19' title='bbox 3590 509 3645 560; x_wconf 80' lang='lat' dir='ltr'><strong>et</strong></span> <span class='ocrx_word' id='word_1_20' title='bbox 3667 502 3707 560; x_wconf 85' lang='lat' dir='ltr'><strong>il</strong></span> 
     </span>
     <span class='ocr_line' id='line_1_4' title="bbox 525 536 2262 568; baseline 0 0"><span class='ocrx_word' id='word_1_21' title='bbox 525 536 674 568; x_wconf 74' lang='grc' dir='ltr'>ιιι-ιιι.</span> <span class='ocrx_word' id='word_1_22' title='bbox 725 537 967 568; x_wconf 61' lang='grc' dir='ltr'><strong>η-ηΐηρηι</strong></span> <span class='ocrx_word' id='word_1_23' title='bbox 1024 543 1406 568; x_wconf 61' lang='grc' dir='ltr'><strong>,κζ---2---Δεμ</strong></span> <span class='ocrx_word' id='word_1_24' title='bbox 1462 551 1503 568; x_wconf 56' lang='grc' dir='ltr'><strong>Α</strong></span> <span class='ocrx_word' id='word_1_25' title='bbox 1559 561 1572 568; x_wconf 82' lang='grc'><strong>-</strong></span> <span class='ocrx_word' id='word_1_26' title='bbox 1836 559 1893 568; x_wconf 58' lang='grc' dir='ltr'><strong>η.</strong></span> <span class='ocrx_word' id='word_1_27' title='bbox 1982 561 1996 568; x_wconf 82' lang='grc'><strong>-</strong></span> <span class='ocrx_word' id='word_1_28' title='bbox 2209 566 2217 568; x_wconf 21' lang='grc' dir='ltr'>ξ</span> <span class='ocrx_word' id='word_1_29' title='bbox 2250 565 2262 568; x_wconf 85' lang='lat'>_</span> 
     </span>
    </p>
   </div>
   <div class='ocr_carea' id='block_1_4' title="bbox 523 536 2025 621">
    <p class='ocr_par' dir='ltr' id='par_1_4' title="bbox 523 536 2025 621">
     <span class='ocr_line' id='line_1_5' title="bbox 523 536 2025 621; baseline 0.019 -33"><span class='ocrx_word' id='word_1_30' title='bbox 523 536 676 591; x_wconf 90' lang='lat' dir='ltr'><strong>Hunc</strong></span> <span class='ocrx_word' id='word_1_31' title='bbox 723 537 968 606; x_wconf 85' lang='lat' dir='ltr'><strong>profecto</strong></span> <span class='ocrx_word' id='word_1_32' title='bbox 1024 543 1412 603; x_wconf 69' lang='lat' dir='ltr'><strong>misericordia:</strong></span> <span class='ocrx_word' id='word_1_33' title='bbox 1460 551 1704 621; x_wconf 88' lang='lat' dir='ltr'><strong>fontem,</strong></span> <span class='ocrx_word' id='word_1_34' title='bbox 1750 571 1785 612; x_wconf 88' lang='grc' dir='ltr'><strong>ο</strong></span> <span class='ocrx_word' id='word_1_35' title='bbox 1835 559 2025 616; x_wconf 79' lang='lat' dir='ltr'><strong>Phari-</strong></span> 
     </span>
    </p>
   </div>
   <div class='ocr_carea' id='block_1_5' title="bbox 450 629 2025 716">
    <p class='ocr_par' dir='ltr' id='par_1_5' title="bbox 450 629 2025 716">
     <span class='ocr_line' id='line_1_6' title="bbox 450 629 2025 716; baseline 0.014 -32"><span class='ocrx_word' id='word_1_36' title='bbox 450 629 594 684; x_wconf 78' lang='lat' dir='ltr'><strong>saica</strong></span> <span class='ocrx_word' id='word_1_37' title='bbox 633 629 906 698; x_wconf 89' lang='lat' dir='ltr'><strong>superbia,</strong></span> <span class='ocrx_word' id='word_1_38' title='bbox 950 647 1110 701; x_wconf 87' lang='lat' dir='ltr'><strong>paras</strong></span> <span class='ocrx_word' id='word_1_39' title='bbox 1150 637 1453 706; x_wconf 90' lang='lat' dir='ltr'><strong>obstruere,</strong></span> <span class='ocrx_word' id='word_1_40' title='bbox 1480 644 1608 704; x_wconf 85' lang='lat' dir='ltr'><strong>dum</strong></span> <span class='ocrx_word' id='word_1_41' title='bbox 1655 640 1930 716; x_wconf 72' lang='lat' dir='ltr'><strong>sitientes,</strong></span> <span class='ocrx_word' id='word_1_42' title='bbox 1970 663 2025 708; x_wconf 93' lang='lat' dir='ltr'><strong>et</strong></span> 
     </span>
    </p>
   </div>
   <div class='ocr_carea' id='block_1_6' title="bbox 449 720 2028 812">
    <p class='ocr_par' dir='ltr' id='par_1_6' title="bbox 449 720 2028 812">
     <span class='ocr_line' id='line_1_7' title="bbox 449 720 2028 812; baseline 0.016 -38"><span class='ocrx_word' id='word_1_43' title='bbox 449 721 630 776; x_wconf 86' lang='lat' dir='ltr'><strong>aridos</strong></span> <span class='ocrx_word' id='word_1_44' title='bbox 660 721 728 776; x_wconf 89' lang='lat' dir='ltr'><strong>ab</strong></span> <span class='ocrx_word' id='word_1_45' title='bbox 758 720 875 790; x_wconf 85' lang='lat' dir='ltr'><strong>ejus</strong></span> <span class='ocrx_word' id='word_1_46' title='bbox 920 741 1138 781; x_wconf 87' lang='lat' dir='ltr'><strong>accessu</strong></span> <span class='ocrx_word' id='word_1_47' title='bbox 1190 730 1378 787; x_wconf 89' lang='lat' dir='ltr'><strong>niteris</strong></span> <span class='ocrx_word' id='word_1_48' title='bbox 1416 734 1559 791; x_wconf 91' lang='lat' dir='ltr'><strong>elato</strong></span> <span class='ocrx_word' id='word_1_49' title='bbox 1587 742 1877 806; x_wconf 83' lang='lat' dir='ltr'><strong>supercilio</strong></span> <span class='ocrx_word' id='word_1_50' title='bbox 1903 759 2028 812; x_wconf 72' lang='lat' dir='ltr'><strong>pro-</strong></span> 
     </span>
    </p>
   </div>
   <div class='ocr_carea' id='block_1_7' title="bbox 451 811 2028 894">
    <p class='ocr_par' dir='ltr' id='par_1_7' title="bbox 451 811 2028 894">
     <span class='ocr_line' id='line_1_8' title="bbox 451 811 2028 894; baseline 0.015 -29"><span class='ocrx_word' id='word_1_51' title='bbox 451 811 659 867; x_wconf 88' lang='lat' dir='ltr'><strong>hibere.</strong></span> <span class='ocrx_word' id='word_1_52' title='bbox 705 811 815 867; x_wconf 81' lang='lat' dir='ltr'><strong>ilic</strong></span> <span class='ocrx_word' id='word_1_53' title='bbox 854 830 949 883; x_wconf 89' lang='lat' dir='ltr'><strong>per</strong></span> <span class='ocrx_word' id='word_1_54' title='bbox 997 832 1059 870; x_wconf 93' lang='lat' dir='ltr'><strong>os</strong></span> <span class='ocrx_word' id='word_1_55' title='bbox 1093 817 1246 874; x_wconf 66' lang='lat' dir='ltr'><strong>Isaiae</strong></span> <span class='ocrx_word' id='word_1_56' title='bbox 1307 822 1400 876; x_wconf 84' lang='lat' dir='ltr'><strong>tibi</strong></span> <span class='ocrx_word' id='word_1_57' title='bbox 1442 827 1856 894; x_wconf 81' lang='lat' dir='ltr'><strong>promittebatur</strong></span> <span class='ocrx_word' id='word_1_58' title='bbox 1890 811 2028 889; x_wconf 85' lang='lat' dir='ltr'><strong>hau-</strong></span> 
     </span>
    </p>
   </div>
   <div class='ocr_carea' id='block_1_8' title="bbox 448 903 2025 989">
    <p class='ocr_par' dir='ltr' id='par_1_8' title="bbox 448 903 2025 989">
     <span class='ocr_line' id='line_1_9' title="bbox 448 903 2025 989; baseline 0.016 -35"><span class='ocrx_word' id='word_1_59' title='bbox 448 911 583 964; x_wconf 91' lang='lat' dir='ltr'><strong>stus,</strong></span> <span class='ocrx_word' id='word_1_60' title='bbox 636 917 758 978; x_wconf 80' lang='lat' dir='ltr'><strong>cum</strong></span> <span class='ocrx_word' id='word_1_61' title='bbox 809 903 1060 959; x_wconf 85' lang='lat' dir='ltr'><strong>dicebat:</strong></span> <span class='ocrx_word' id='word_1_62' title='bbox 1100 927 1118 959; x_wconf 80' lang='grc' dir='ltr'><strong>ι</strong></span> <span class='ocrx_word' id='word_1_63' title='bbox 1148 907 1428 965; x_wconf 86' lang='lat' dir='ltr'><strong>Eﬂ&#39;nndam</strong></span> <span class='ocrx_word' id='word_1_64' title='bbox 1491 915 1634 969; x_wconf 91' lang='lat' dir='ltr'><strong>enim</strong></span> <span class='ocrx_word' id='word_1_65' title='bbox 1689 919 1884 989; x_wconf 80' lang='lat' dir='ltr'><strong>aquam</strong></span> <span class='ocrx_word' id='word_1_66' title='bbox 1933 939 2025 978; x_wconf 86' lang='lat' dir='ltr'><strong>su—</strong></span> 
     </span>
    </p>
   </div>
   <div class='ocr_carea' id='block_1_9' title="bbox 446 993 2024 1072">
    <p class='ocr_par' dir='ltr' id='par_1_9' title="bbox 446 993 2024 1072">
     <span class='ocr_line' id='line_1_10' title="bbox 446 993 2024 1072; baseline 0.018 -29"><span class='ocrx_word' id='word_1_67' title='bbox 446 1007 542 1060; x_wconf 85' lang='lat' dir='ltr'><strong>per</strong></span> <span class='ocrx_word' id='word_1_68' title='bbox 597 993 890 1059; x_wconf 82' lang='lat' dir='ltr'><strong>sitientem,</strong></span> <span class='ocrx_word' id='word_1_69' title='bbox 948 1005 1004 1050; x_wconf 91' lang='lat' dir='ltr'><strong>et</strong></span> <span class='ocrx_word' id='word_1_70' title='bbox 1060 996 1256 1054; x_wconf 90' lang='lat' dir='ltr'><strong>ﬂuenta</strong></span> <span class='ocrx_word' id='word_1_71' title='bbox 1317 1017 1479 1072; x_wconf 87' lang='lat' dir='ltr'><strong>super</strong></span> <span class='ocrx_word' id='word_1_72' title='bbox 1537 1008 1783 1072; x_wconf 84' lang='lat' dir='ltr'><strong>aridam;</strong></span> <span class='ocrx_word' id='word_1_73' title='bbox 1852 1011 2024 1070; x_wconf 80' lang='lat' dir='ltr'><strong>eﬂ‘un-</strong></span> 
     </span>
    </p>
   </div>
   <div class='ocr_carea' id='block_1_10' title="bbox 445 1083 2024 1166">
    <p class='ocr_par' dir='ltr' id='par_1_10' title="bbox 445 1083 2024 1166">
     <span class='ocr_line' id='line_1_11' title="bbox 445 1083 2024 1166; baseline 0.018 -34"><span class='ocrx_word' id='word_1_74' title='bbox 445 1083 568 1135; x_wconf 91' lang='lat' dir='ltr'><strong>dam</strong></span> <span class='ocrx_word' id='word_1_75' title='bbox 597 1083 762 1155; x_wconf 71' lang='lat'><strong>269</strong></span> <span class='ocrx_word' id='word_1_76' title='bbox 791 1087 1039 1154; x_wconf 86' lang='lat' dir='ltr'><strong>spiritum</strong></span> <span class='ocrx_word' id='word_1_77' title='bbox 1086 1105 1263 1146; x_wconf 88' lang='lat' dir='ltr'><strong>meum</strong></span> <span class='ocrx_word' id='word_1_78' title='bbox 1319 1110 1483 1165; x_wconf 87' lang='lat' dir='ltr'><strong>super</strong></span> <span class='ocrx_word' id='word_1_79' title='bbox 1529 1114 1714 1154; x_wconf 89' lang='lat' dir='ltr'><strong>semen</strong></span> <span class='ocrx_word' id='word_1_80' title='bbox 1747 1111 1918 1166; x_wconf 91' lang='lat' dir='ltr'><strong>tuum,</strong></span> <span class='ocrx_word' id='word_1_81' title='bbox 1968 1115 2024 1161; x_wconf 91' lang='lat' dir='ltr'><strong>et</strong></span> 
     </span>
    </p>
   </div>
   <div class='ocr_carea' id='block_1_11' title="bbox 444 1175 2022 1266">
    <p class='ocr_par' dir='ltr' id='par_1_11' title="bbox 444 1175 2022 1266">
     <span class='ocr_line' id='line_1_12' title="bbox 444 1175 2022 1266; baseline 0.016 -38"><span class='ocrx_word' id='word_1_82' title='bbox 444 1175 877 1234; x_wconf 90' lang='lat' dir='ltr'><strong>benedictionem</strong></span> <span class='ocrx_word' id='word_1_83' title='bbox 911 1196 1086 1236; x_wconf 84' lang='lat' dir='ltr'><strong>meam</strong></span> <span class='ocrx_word' id='word_1_84' title='bbox 1109 1197 1273 1254; x_wconf 86' lang='lat' dir='ltr'><strong>super</strong></span> <span class='ocrx_word' id='word_1_85' title='bbox 1300 1188 1524 1258; x_wconf 83' lang='lat' dir='ltr'><strong>stirpem</strong></span> <span class='ocrx_word' id='word_1_86' title='bbox 1551 1199 1718 1259; x_wconf 89' lang='lat' dir='ltr'><strong>tuam,</strong></span> <span class='ocrx_word' id='word_1_87' title='bbox 1745 1203 1801 1250; x_wconf 91' lang='lat' dir='ltr'><strong>et</strong></span> <span class='ocrx_word' id='word_1_88' title='bbox 1827 1198 2022 1266; x_wconf 83' lang='lat' dir='ltr'><strong>germi-</strong></span> 
     </span>
    </p>
   </div>
   <div class='ocr_carea' id='block_1_12' title="bbox 445 1267 2019 1354">
    <p class='ocr_par' dir='ltr' id='par_1_12' title="bbox 445 1267 2019 1354">
     <span class='ocr_line' id='line_1_13' title="bbox 445 1267 2019 1354; baseline 0.017 -36"><span class='ocrx_word' id='word_1_89' title='bbox 445 1267 648 1320; x_wconf 87' lang='lat' dir='ltr'><strong>nabunl</strong></span> <span class='ocrx_word' id='word_1_90' title='bbox 681 1268 826 1323; x_wconf 92' lang='lat' dir='ltr'><strong>inter</strong></span> <span class='ocrx_word' id='word_1_91' title='bbox 852 1271 1052 1327; x_wconf 86' lang='lat' dir='ltr'><strong>herbas</strong></span> <span class='ocrx_word' id='word_1_92' title='bbox 1077 1276 1231 1344; x_wconf 89' lang='lat' dir='ltr'><strong>quasi</strong></span> <span class='ocrx_word' id='word_1_93' title='bbox 1254 1277 1446 1334; x_wconf 90' lang='lat' dir='ltr'><strong>salices</strong></span> <span class='ocrx_word' id='word_1_94' title='bbox 1469 1281 1625 1351; x_wconf 83' lang='lat' dir='ltr'><strong>juxta</strong></span> <span class='ocrx_word' id='word_1_95' title='bbox 1651 1287 2019 1354; x_wconf 55' lang='lat' dir='ltr'><strong>praeterﬂuen-</strong></span> 
     </span>
    </p>
   </div>
   <div class='ocr_carea' id='block_1_13' title="bbox 444 1356 2018 1443">
    <p class='ocr_par' dir='ltr' id='par_1_13' title="bbox 444 1356 2018 1443">
     <span class='ocr_line' id='line_1_14' title="bbox 444 1356 2018 1443; baseline 0.017 -37"><span class='ocrx_word' id='word_1_96' title='bbox 444 1363 524 1408; x_wconf 88' lang='lat' dir='ltr'><strong>tes</strong></span> <span class='ocrx_word' id='word_1_97' title='bbox 553 1370 724 1424; x_wconf 88' lang='lat' dir='ltr'><strong>uquas</strong></span> <span class='ocrx_word' id='word_1_98' title='bbox 750 1356 885 1427; x_wconf 79' lang='lat' dir='ltr'><strong>(Im.</strong></span> <span class='ocrx_word' id='word_1_99' title='bbox 933 1377 1060 1418; x_wconf 83' lang='lat' dir='ltr'><strong>xuv</strong></span> <span class='ocrx_word' id='word_1_100' title='bbox 1114 1383 1133 1416; x_wconf 77' lang='grc' dir='ltr'><strong>ι</strong></span> <span class='ocrx_word' id='word_1_101' title='bbox 1177 1364 1275 1420; x_wconf 84' lang='lat' dir='ltr'><strong>llic</strong></span> <span class='ocrx_word' id='word_1_102' title='bbox 1304 1367 1498 1424; x_wconf 89' lang='lat' dir='ltr'><strong>iterum</strong></span> <span class='ocrx_word' id='word_1_103' title='bbox 1531 1371 1624 1427; x_wconf 87' lang='lat' dir='ltr'><strong>tibi</strong></span> <span class='ocrx_word' id='word_1_104' title='bbox 1665 1377 2018 1443; x_wconf 87' lang='lat' dir='ltr'><strong>promitteba-</strong></span> 
     </span>
    </p>
   </div>
   <div class='ocr_carea' id='block_1_14' title="bbox 443 1451 2019 1534">
    <p class='ocr_par' dir='ltr' id='par_1_14' title="bbox 443 1451 2019 1534">
     <span class='ocr_line' id='line_1_15' title="bbox 443 1451 2019 1534; baseline 0.018 -38"><span class='ocrx_word' id='word_1_105' title='bbox 443 1452 550 1505; x_wconf 87' lang='lat' dir='ltr'><strong>tur,</strong></span> <span class='ocrx_word' id='word_1_106' title='bbox 589 1461 712 1501; x_wconf 90' lang='lat' dir='ltr'><strong>cum</strong></span> <span class='ocrx_word' id='word_1_107' title='bbox 776 1458 828 1503; x_wconf 90' lang='lat' dir='ltr'><strong>et</strong></span> <span class='ocrx_word' id='word_1_108' title='bbox 859 1451 985 1506; x_wconf 87' lang='lat' dir='ltr'><strong>alibi</strong></span> <span class='ocrx_word' id='word_1_109' title='bbox 1024 1452 1269 1510; x_wconf 91' lang='lat' dir='ltr'><strong>diceret:</strong></span> <span class='ocrx_word' id='word_1_110' title='bbox 1309 1479 1326 1510; x_wconf 84' lang='grc' dir='ltr'><strong>ι</strong></span> <span class='ocrx_word' id='word_1_111' title='bbox 1366 1459 1432 1514; x_wconf 85' lang='lat' dir='ltr'><strong>Et</strong></span> <span class='ocrx_word' id='word_1_112' title='bbox 1457 1463 1567 1518; x_wconf 91' lang='lat' dir='ltr'><strong>eris</strong></span> <span class='ocrx_word' id='word_1_113' title='bbox 1611 1467 1764 1534; x_wconf 88' lang='lat' dir='ltr'><strong>quasi</strong></span> <span class='ocrx_word' id='word_1_114' title='bbox 1828 1468 2019 1525; x_wconf 91' lang='lat' dir='ltr'><strong>hortus</strong></span> 
     </span>
    </p>
   </div>
   <div class='ocr_carea' id='block_1_15' title="bbox 439 1535 2018 1617">
    <p class='ocr_par' dir='ltr' id='par_1_15' title="bbox 439 1535 2018 1617">
     <span class='ocr_line' id='line_1_16' title="bbox 439 1535 2018 1617; baseline 0.018 -29"><span class='ocrx_word' id='word_1_115' title='bbox 439 1535 696 1607; x_wconf 90' lang='lat' dir='ltr'><strong>irrignus,</strong></span> <span class='ocrx_word' id='word_1_116' title='bbox 727 1549 781 1594; x_wconf 93' lang='lat' dir='ltr'><strong>et</strong></span> <span class='ocrx_word' id='word_1_117' title='bbox 831 1541 972 1596; x_wconf 90' lang='lat' dir='ltr'><strong>sicut</strong></span> <span class='ocrx_word' id='word_1_118' title='bbox 1021 1543 1143 1600; x_wconf 88' lang='lat' dir='ltr'><strong>fons</strong></span> <span class='ocrx_word' id='word_1_119' title='bbox 1181 1545 1462 1617; x_wconf 82' lang='lat' dir='ltr'><strong>aquarum,</strong></span> <span class='ocrx_word' id='word_1_120' title='bbox 1491 1555 1576 1609; x_wconf 92' lang='lat' dir='ltr'><strong>cui</strong></span> <span class='ocrx_word' id='word_1_121' title='bbox 1623 1569 1729 1612; x_wconf 89' lang='lat' dir='ltr'><strong>non</strong></span> <span class='ocrx_word' id='word_1_122' title='bbox 1760 1559 2018 1616; x_wconf 78' lang='lat' dir='ltr'><strong>deﬁciunt</strong></span> 
     </span>
    </p>
   </div>
   <div class='ocr_carea' id='block_1_16' title="bbox 439 1625 2015 1706">
    <p class='ocr_par' dir='ltr' id='par_1_16' title="bbox 439 1625 2015 1706">
     <span class='ocr_line' id='line_1_17' title="bbox 439 1625 2015 1706; baseline 0.018 -28"><span class='ocrx_word' id='word_1_123' title='bbox 439 1640 594 1694; x_wconf 77' lang='lat' dir='ltr'><strong>aquae</strong></span> <span class='ocrx_word' id='word_1_124' title='bbox 635 1625 771 1697; x_wconf 75' lang='lat' dir='ltr'><strong>(Ira.</strong></span> <span class='ocrx_word' id='word_1_125' title='bbox 825 1631 1000 1702; x_wconf 81' lang='lat' dir='ltr'><strong>Lvttt).</strong></span> <span class='ocrx_word' id='word_1_126' title='bbox 1040 1652 1060 1685; x_wconf 74' lang='grc' dir='ltr'><strong>ι</strong></span> <span class='ocrx_word' id='word_1_127' title='bbox 1106 1633 1211 1690; x_wconf 92' lang='lat' dir='ltr'><strong>Sed</strong></span> <span class='ocrx_word' id='word_1_128' title='bbox 1243 1647 1300 1691; x_wconf 93' lang='lat' dir='ltr'><strong>tu</strong></span> <span class='ocrx_word' id='word_1_129' title='bbox 1340 1639 1394 1694; x_wconf 92' lang='lat' dir='ltr'><strong>in</strong></span> <span class='ocrx_word' id='word_1_130' title='bbox 1435 1639 1636 1699; x_wconf 79' lang='lat' dir='ltr'><strong>fastum</strong></span> <span class='ocrx_word' id='word_1_131' title='bbox 1661 1647 1879 1704; x_wconf 70' lang='lat' dir='ltr'><strong>tumidae</strong></span> <span class='ocrx_word' id='word_1_132' title='bbox 1907 1651 2015 1706; x_wconf 54' lang='lat' dir='ltr'><strong>ela.</strong></span> 
     </span>
    </p>
   </div>
   <div class='ocr_carea' id='block_1_17' title="bbox 439 1716 2012 1812">
    <p class='ocr_par' dir='ltr' id='par_1_17' title="bbox 439 1716 2012 1812">
     <span class='ocr_line' id='line_1_18' title="bbox 439 1716 2012 1812; baseline 0.018 -44"><span class='ocrx_word' id='word_1_133' title='bbox 439 1716 601 1772; x_wconf 90' lang='lat' dir='ltr'><strong>tionis</strong></span> <span class='ocrx_word' id='word_1_134' title='bbox 623 1718 970 1789; x_wconf 90' lang='lat' dir='ltr'><strong>impudenter</strong></span> <span class='ocrx_word' id='word_1_135' title='bbox 991 1734 1198 1791; x_wconf 89' lang='lat' dir='ltr'><strong>erecta,</strong></span> <span class='ocrx_word' id='word_1_136' title='bbox 1223 1737 1277 1783; x_wconf 91' lang='lat' dir='ltr'><strong>et</strong></span> <span class='ocrx_word' id='word_1_137' title='bbox 1303 1730 1370 1785; x_wconf 92' lang='lat' dir='ltr'><strong>de</strong></span> <span class='ocrx_word' id='word_1_138' title='bbox 1413 1731 1799 1803; x_wconf 67' lang='lat' dir='ltr'><strong>falsaeittstitite</strong></span> <span class='ocrx_word' id='word_1_139' title='bbox 1825 1740 2012 1812; x_wconf 88' lang='lat' dir='ltr'><strong>singu-</strong></span> 
     </span>
    </p>
   </div>
   <div class='ocr_carea' id='block_1_18' title="bbox 2128 565 3708 663">
    <p class='ocr_par' dir='ltr' id='par_1_18' title="bbox 2128 565 3708 663">
     <span class='ocr_line' id='line_1_19' title="bbox 2128 565 3708 663; baseline 0.02 -46"><span class='ocrx_word' id='word_1_140' title='bbox 2128 566 2218 633; x_wconf 91' lang='lat' dir='ltr'><strong>qui</strong></span> <span class='ocrx_word' id='word_1_141' title='bbox 2242 565 2374 634; x_wconf 85' lang='lat' dir='ltr'><strong>justi</strong></span> <span class='ocrx_word' id='word_1_142' title='bbox 2401 570 2745 642; x_wconf 81' lang='lat' dir='ltr'><strong>videbantur,</strong></span> <span class='ocrx_word' id='word_1_143' title='bbox 2771 578 2841 632; x_wconf 92' lang='lat' dir='ltr'><strong>ad</strong></span> <span class='ocrx_word' id='word_1_144' title='bbox 2861 582 3094 651; x_wconf 79' lang='lat' dir='ltr'><strong>agrestis</strong></span> <span class='ocrx_word' id='word_1_145' title='bbox 3123 592 3178 639; x_wconf 88' lang='lat' dir='ltr'><strong>et</strong></span> <span class='ocrx_word' id='word_1_146' title='bbox 3214 565 3555 646; x_wconf 13' lang='lat' dir='ltr'><strong>infructuosi?</strong></span> <span class='ocrx_word' id='word_1_147' title='bbox 3577 607 3708 663; x_wconf 85' lang='lat' dir='ltr'><strong>ger-</strong></span> 
     </span>
    </p>
   </div>
   <div class='ocr_carea' id='block_1_19' title="bbox 2128 657 3706 742">
    <p class='ocr_par' dir='ltr' id='par_1_19' title="bbox 2128 657 3706 742">
     <span class='ocr_line' id='line_1_20' title="bbox 2128 657 3706 742; baseline 0.021 -34"><span class='ocrx_word' id='word_1_148' title='bbox 2128 657 2292 712; x_wconf 91' lang='lat' dir='ltr'><strong>minis</strong></span> <span class='ocrx_word' id='word_1_149' title='bbox 2320 673 2490 730; x_wconf 80' lang='lat' dir='ltr'><strong>opera</strong></span> <span class='ocrx_word' id='word_1_150' title='bbox 2513 665 2823 736; x_wconf 70' lang='lat' dir='ltr'><strong>praecipites</strong></span> <span class='ocrx_word' id='word_1_151' title='bbox 2845 681 3132 728; x_wconf 80' lang='lat' dir='ltr'><strong>corruunt.</strong></span> <span class='ocrx_word' id='word_1_152' title='bbox 3167 673 3304 732; x_wconf 84' lang='lat' dir='ltr'><strong>Huic</strong></span> <span class='ocrx_word' id='word_1_153' title='bbox 3341 679 3520 737; x_wconf 85' lang='lat' dir='ltr'><strong>simile</strong></span> <span class='ocrx_word' id='word_1_154' title='bbox 3547 657 3630 739; x_wconf 70' lang='lat' dir='ltr'><strong>est</strong></span> <span class='ocrx_word' id='word_1_155' title='bbox 3649 694 3706 742; x_wconf 84' lang='lat' dir='ltr'><strong>et</strong></span> 
     </span>
    </p>
   </div>
   <div class='ocr_carea' id='block_1_20' title="bbox 2126 745 3708 843">
    <p class='ocr_par' dir='ltr' id='par_1_20' title="bbox 2126 745 3708 843">
     <span class='ocr_line' id='line_1_21' title="bbox 2126 745 3708 843; baseline 0.021 -47"><span class='ocrx_word' id='word_1_156' title='bbox 2126 746 2268 812; x_wconf 91' lang='lat' dir='ltr'><strong>quod</strong></span> <span class='ocrx_word' id='word_1_157' title='bbox 2297 745 2596 817; x_wconf 75' lang='lat' dir='ltr'><strong>Apostolus</strong></span> <span class='ocrx_word' id='word_1_158' title='bbox 2639 754 2812 810; x_wconf 89' lang='lat' dir='ltr'><strong>dicit:</strong></span> <span class='ocrx_word' id='word_1_159' title='bbox 2846 775 2868 810; x_wconf 83' lang='grc' dir='ltr'><strong>ι</strong></span> <span class='ocrx_word' id='word_1_160' title='bbox 2909 759 3269 820; x_wconf 84' lang='lat' dir='ltr'><strong>Circumcisio</strong></span> <span class='ocrx_word' id='word_1_161' title='bbox 3304 768 3520 836; x_wconf 87' lang='lat' dir='ltr'><strong>quidem</strong></span> <span class='ocrx_word' id='word_1_162' title='bbox 3544 773 3708 843; x_wconf 83' lang='lat' dir='ltr'><strong>prod-</strong></span> 
     </span>
    </p>
   </div>
   <div class='ocr_carea' id='block_1_21' title="bbox 2125 835 3707 936">
    <p class='ocr_par' dir='ltr' id='par_1_21' title="bbox 2125 835 3707 936">
     <span class='ocr_line' id='line_1_22' title="bbox 2125 835 3707 936; baseline 0.022 -51"><span class='ocrx_word' id='word_1_163' title='bbox 2125 844 2228 898; x_wconf 92' lang='lat' dir='ltr'><strong>est,</strong></span> <span class='ocrx_word' id='word_1_164' title='bbox 2269 835 2314 890; x_wconf 91' lang='lat' dir='ltr'><strong>si</strong></span> <span class='ocrx_word' id='word_1_165' title='bbox 2360 836 2530 910; x_wconf 84' lang='lat' dir='ltr'><strong>legem</strong></span> <span class='ocrx_word' id='word_1_166' title='bbox 2557 843 2848 911; x_wconf 79' lang='lat' dir='ltr'><strong>observes;</strong></span> <span class='ocrx_word' id='word_1_167' title='bbox 2882 849 2928 904; x_wconf 89' lang='lat' dir='ltr'><strong>si</strong></span> <span class='ocrx_word' id='word_1_168' title='bbox 2950 861 3131 906; x_wconf 87' lang='lat' dir='ltr'><strong>autem</strong></span> <span class='ocrx_word' id='word_1_169' title='bbox 3161 835 3560 923; x_wconf 62' lang='lat' dir='ltr'><strong>praevaricator</strong></span> <span class='ocrx_word' id='word_1_170' title='bbox 3573 863 3707 936; x_wconf 85' lang='lat' dir='ltr'><strong>legis</strong></span> 
     </span>
    </p>
   </div>
   <div class='ocr_carea' id='block_1_22' title="bbox 2125 923 3700 1019">
    <p class='ocr_par' dir='ltr' id='par_1_22' title="bbox 2125 923 3700 1019">
     <span class='ocr_line' id='line_1_23' title="bbox 2125 923 3700 1019; baseline 0.02 -45"><span class='ocrx_word' id='word_1_171' title='bbox 2125 923 2223 987; x_wconf 89' lang='lat' dir='ltr'><strong>sis,</strong></span> <span class='ocrx_word' id='word_1_172' title='bbox 2255 924 2600 986; x_wconf 88' lang='lat' dir='ltr'><strong>circumcisio</strong></span> <span class='ocrx_word' id='word_1_173' title='bbox 2629 939 2717 986; x_wconf 88' lang='lat' dir='ltr'><strong>tua</strong></span> <span class='ocrx_word' id='word_1_174' title='bbox 2741 937 3068 1006; x_wconf 65' lang='lat' dir='ltr'><strong>praeputium</strong></span> <span class='ocrx_word' id='word_1_175' title='bbox 3094 939 3235 996; x_wconf 85' lang='lat' dir='ltr'><strong>facta</strong></span> <span class='ocrx_word' id='word_1_176' title='bbox 3263 953 3346 999; x_wconf 90' lang='lat' dir='ltr'><strong>est</strong></span> <span class='ocrx_word' id='word_1_177' title='bbox 3370 945 3539 1016; x_wconf 81' lang='lat' dir='ltr'><strong>(Rom.</strong></span> <span class='ocrx_word' id='word_1_178' title='bbox 3568 923 3653 1019; x_wconf 45' lang='lat' dir='ltr'><strong>n)‘:</strong></span> <span class='ocrx_word' id='word_1_179' title='bbox 3681 971 3700 1004; x_wconf 71' lang='grc' dir='ltr'><strong>ι</strong></span> 
     </span>
    </p>
   </div>
   <div class='ocr_carea' id='block_1_23' title="bbox 2125 1013 3702 1111">
    <p class='ocr_par' dir='ltr' id='par_1_23' title="bbox 2125 1013 3702 1111">
     <span class='ocr_line' id='line_1_24' title="bbox 2125 1013 3702 1111; baseline 0.02 -45"><span class='ocrx_word' id='word_1_180' title='bbox 2125 1013 2263 1078; x_wconf 86' lang='lat' dir='ltr'><strong>Quid</strong></span> <span class='ocrx_word' id='word_1_181' title='bbox 2294 1030 2446 1087; x_wconf 90' lang='lat' dir='ltr'><strong>ergo,</strong></span> <span class='ocrx_word' id='word_1_182' title='bbox 2478 1018 2770 1090; x_wconf 62' lang='lat' dir='ltr'><strong>Pbarisme,</strong></span> <span class='ocrx_word' id='word_1_183' title='bbox 2794 1028 3032 1094; x_wconf 84' lang='lat' dir='ltr'><strong>prodest,</strong></span> <span class='ocrx_word' id='word_1_184' title='bbox 3059 1032 3200 1098; x_wconf 89' lang='lat' dir='ltr'><strong>quod</strong></span> <span class='ocrx_word' id='word_1_185' title='bbox 3241 1042 3294 1089; x_wconf 91' lang='lat' dir='ltr'><strong>te</strong></span> <span class='ocrx_word' id='word_1_186' title='bbox 3312 1013 3410 1105; x_wconf 82' lang='lat' dir='ltr'><strong>per</strong></span> <span class='ocrx_word' id='word_1_187' title='bbox 3440 1013 3702 1111; x_wconf 77' lang='lat' dir='ltr'><strong>arrogan-</strong></span> 
     </span>
    </p>
   </div>
   <div class='ocr_carea' id='block_1_24' title="bbox 2125 1103 3704 1186">
    <p class='ocr_par' dir='ltr' id='par_1_24' title="bbox 2125 1103 3704 1186">
     <span class='ocr_line' id='line_1_25' title="bbox 2125 1103 3704 1186; baseline 0.018 -31"><span class='ocrx_word' id='word_1_188' title='bbox 2125 1103 2254 1158; x_wconf 87' lang='lat' dir='ltr'><strong>tiam</strong></span> <span class='ocrx_word' id='word_1_189' title='bbox 2295 1104 2491 1174; x_wconf 85' lang='lat' dir='ltr'><strong>jactas,</strong></span> <span class='ocrx_word' id='word_1_190' title='bbox 2518 1111 2662 1180; x_wconf 91' lang='lat' dir='ltr'><strong>quod</strong></span> <span class='ocrx_word' id='word_1_191' title='bbox 2719 1114 3002 1172; x_wconf 88' lang='lat' dir='ltr'><strong>scientiam</strong></span> <span class='ocrx_word' id='word_1_192' title='bbox 3037 1120 3132 1174; x_wconf 89' lang='lat' dir='ltr'><strong>tibi</strong></span> <span class='ocrx_word' id='word_1_193' title='bbox 3161 1103 3704 1186; x_wconf 11' lang='lat' dir='ltr'><strong>vemﬁcilcumc‘isio-</strong></span> 
     </span>
    </p>
   </div>
   <div class='ocr_carea' id='block_1_25' title="bbox 2122 1195 3701 1284">
    <p class='ocr_par' dir='ltr' id='par_1_25' title="bbox 2122 1195 3701 1284">
     <span class='ocr_line' id='line_1_26' title="bbox 2122 1195 3701 1284; baseline 0.018 -36"><span class='ocrx_word' id='word_1_194' title='bbox 2122 1195 2208 1249; x_wconf 90' lang='lat' dir='ltr'><strong>nis</strong></span> <span class='ocrx_word' id='word_1_195' title='bbox 2232 1211 2482 1269; x_wconf 89' lang='lat' dir='ltr'><strong>usurpas,</strong></span> <span class='ocrx_word' id='word_1_196' title='bbox 2511 1201 2636 1255; x_wconf 92' lang='lat' dir='ltr'><strong>dum</strong></span> <span class='ocrx_word' id='word_1_197' title='bbox 2667 1211 2725 1256; x_wconf 91' lang='lat' dir='ltr'><strong>ut</strong></span> <span class='ocrx_word' id='word_1_198' title='bbox 2750 1209 3221 1274; x_wconf 64' lang='lat' dir='ltr'><strong>praevaricatorem</strong></span> <span class='ocrx_word' id='word_1_199' title='bbox 3242 1213 3380 1284; x_wconf 80' lang='lat' dir='ltr'><strong>legis</strong></span> <span class='ocrx_word' id='word_1_200' title='bbox 3404 1217 3701 1276; x_wconf 78' lang='lat' dir='ltr'><strong>evidentis—</strong></span> 
     </span>
    </p>
   </div>
   <div class='ocr_carea' id='block_1_26' title="bbox 2121 1287 3701 1380">
    <p class='ocr_par' dir='ltr' id='par_1_26' title="bbox 2121 1287 3701 1380">
     <span class='ocr_line' id='line_1_27' title="bbox 2121 1287 3701 1380; baseline 0.016 -40"><span class='ocrx_word' id='word_1_201' title='bbox 2121 1287 2258 1341; x_wconf 88' lang='lat' dir='ltr'><strong>sitne</strong></span> <span class='ocrx_word' id='word_1_202' title='bbox 2281 1291 2511 1359; x_wconf 85' lang='lat' dir='ltr'><strong>reproba</strong></span> <span class='ocrx_word' id='word_1_203' title='bbox 2547 1293 2656 1347; x_wconf 84' lang='lat' dir='ltr'><strong>vita</strong></span> <span class='ocrx_word' id='word_1_204' title='bbox 2684 1299 2978 1353; x_wconf 84' lang='lat' dir='ltr'><strong>convincat</strong></span> <span class='ocrx_word' id='word_1_205' title='bbox 2995 1299 3024 1353; x_wconf 68' lang='grc' dir='ltr'><strong>ἲ.</strong></span> <span class='ocrx_word' id='word_1_206' title='bbox 3054 1299 3208 1358; x_wconf 90' lang='lat' dir='ltr'><strong>Unde</strong></span> <span class='ocrx_word' id='word_1_207' title='bbox 3237 1313 3288 1358; x_wconf 93' lang='lat' dir='ltr'><strong>te</strong></span> <span class='ocrx_word' id='word_1_208' title='bbox 3320 1307 3388 1360; x_wconf 86' lang='lat' dir='ltr'><strong>de</strong></span> <span class='ocrx_word' id='word_1_209' title='bbox 3411 1307 3701 1380; x_wconf 89' lang='lat' dir='ltr'><strong>singulari-</strong></span> 
     </span>
    </p>
   </div>
   <div class='ocr_carea' id='block_1_27' title="bbox 2123 1377 3697 1470">
    <p class='ocr_par' dir='ltr' id='par_1_27' title="bbox 2123 1377 3697 1470">
     <span class='ocr_line' id='line_1_28' title="bbox 2123 1377 3697 1470; baseline 0.017 -40"><span class='ocrx_word' id='word_1_210' title='bbox 2123 1383 2234 1435; x_wconf 81' lang='lat' dir='ltr'><strong>tate</strong></span> <span class='ocrx_word' id='word_1_211' title='bbox 2262 1377 2412 1436; x_wconf 66' lang='lat' dir='ltr'><strong>falsae</strong></span> <span class='ocrx_word' id='word_1_212' title='bbox 2425 1378 2657 1449; x_wconf 72' lang='lat' dir='ltr'><strong>iustitiae</strong></span> <span class='ocrx_word' id='word_1_213' title='bbox 2677 1385 3027 1456; x_wconf 78' lang='lat' dir='ltr'><strong>gloriantem,</strong></span> <span class='ocrx_word' id='word_1_214' title='bbox 3046 1407 3112 1447; x_wconf 80' lang='lat' dir='ltr'><strong>ac</strong></span> <span class='ocrx_word' id='word_1_215' title='bbox 3146 1409 3244 1462; x_wconf 77' lang='lat' dir='ltr'><strong>per</strong></span> <span class='ocrx_word' id='word_1_216' title='bbox 3263 1396 3366 1452; x_wconf 91' lang='lat' dir='ltr'><strong>hoc</strong></span> <span class='ocrx_word' id='word_1_217' title='bbox 3387 1377 3697 1470; x_wconf 75' lang='lat' dir='ltr'><strong>albuginem</strong></span> 
     </span>
    </p>
   </div>
   <div class='ocr_carea' id='block_1_28' title="bbox 2121 1467 3700 1549">
    <p class='ocr_par' dir='ltr' id='par_1_28' title="bbox 2121 1467 3700 1549">
     <span class='ocr_line' id='line_1_29' title="bbox 2121 1467 3700 1549; baseline 0.016 -28"><span class='ocrx_word' id='word_1_218' title='bbox 2121 1467 2172 1521; x_wconf 87' lang='lat' dir='ltr'><strong>in</strong></span> <span class='ocrx_word' id='word_1_219' title='bbox 2212 1470 2372 1527; x_wconf 82' lang='lat' dir='ltr'><strong>oculo</strong></span> <span class='ocrx_word' id='word_1_220' title='bbox 2421 1473 2746 1531; x_wconf 83' lang='lat' dir='ltr'><strong>tolerantem</strong></span> <span class='ocrx_word' id='word_1_221' title='bbox 2793 1481 3068 1549; x_wconf 79' lang='lat' dir='ltr'><strong>inspector</strong></span> <span class='ocrx_word' id='word_1_222' title='bbox 3127 1487 3386 1542; x_wconf 79' lang='lat' dir='ltr'><strong>mentium</strong></span> <span class='ocrx_word' id='word_1_223' title='bbox 3444 1467 3700 1547; x_wconf 72' lang='lat' dir='ltr'><strong>Dominus</strong></span> 
     </span>
    </p>
   </div>
   <div class='ocr_carea' id='block_1_29' title="bbox 2118 1560 3701 1648">
    <p class='ocr_par' dir='ltr' id='par_1_29' title="bbox 2118 1560 3701 1648">
     <span class='ocr_line' id='line_1_30' title="bbox 2118 1560 3701 1648; baseline 0.02 -38"><span class='ocrx_word' id='word_1_224' title='bbox 2118 1560 2341 1626; x_wconf 86' lang='lat' dir='ltr'><strong>sprevit,</strong></span> <span class='ocrx_word' id='word_1_225' title='bbox 2363 1569 2422 1615; x_wconf 93' lang='lat' dir='ltr'><strong>et</strong></span> <span class='ocrx_word' id='word_1_226' title='bbox 2445 1563 2789 1633; x_wconf 78' lang='lat' dir='ltr'><strong>publicanum</strong></span> <span class='ocrx_word' id='word_1_227' title='bbox 2813 1568 2978 1635; x_wconf 85' lang='lat' dir='ltr'><strong>hunc,</strong></span> <span class='ocrx_word' id='word_1_228' title='bbox 3006 1572 3170 1642; x_wconf 75' lang='lat' dir='ltr'><strong>27o</strong></span> <span class='ocrx_word' id='word_1_229' title='bbox 3194 1591 3356 1644; x_wconf 86' lang='lat' dir='ltr'><strong>quem</strong></span> <span class='ocrx_word' id='word_1_230' title='bbox 3377 1579 3608 1648; x_wconf 80' lang='lat' dir='ltr'><strong>despicis</strong></span> <span class='ocrx_word' id='word_1_231' title='bbox 3632 1597 3701 1640; x_wconf 82' lang='lat' dir='ltr'><strong>ac</strong></span> 
     </span>
    </p>
   </div>
   <div class='ocr_carea' id='block_1_30' title="bbox 2117 1649 3698 1742">
    <p class='ocr_par' dir='ltr' id='par_1_30' title="bbox 2117 1649 3698 1742">
     <span class='ocr_line' id='line_1_31' title="bbox 2117 1649 3698 1742; baseline 0.016 -39"><span class='ocrx_word' id='word_1_232' title='bbox 2117 1649 2465 1719; x_wconf 72' lang='lat' dir='ltr'><strong>despiciendo</strong></span> <span class='ocrx_word' id='word_1_233' title='bbox 2511 1660 2843 1724; x_wconf 83' lang='lat' dir='ltr'><strong>contemnis,</strong></span> <span class='ocrx_word' id='word_1_234' title='bbox 2898 1661 2952 1716; x_wconf 91' lang='lat' dir='ltr'><strong>in</strong></span> <span class='ocrx_word' id='word_1_235' title='bbox 3004 1667 3464 1739; x_wconf 47' lang='lat' dir='ltr'><strong>conturbernium.</strong></span> <span class='ocrx_word' id='word_1_236' title='bbox 3492 1673 3698 1742; x_wconf 89' lang='lat' dir='ltr'><strong>proprii</strong></span> 
     </span>
    </p>
   </div>
   <div class='ocr_carea' id='block_1_31' title="bbox 2115 1747 3704 1832">
    <p class='ocr_par' dir='ltr' id='par_1_31' title="bbox 2115 1747 3704 1832">
     <span class='ocr_line' id='line_1_32' title="bbox 2115 1747 3704 1832; baseline 0.016 -33"><span class='ocrx_word' id='word_1_237' title='bbox 2115 1747 2414 1804; x_wconf 86' lang='lat' dir='ltr'><strong>comitatus</strong></span> <span class='ocrx_word' id='word_1_238' title='bbox 2436 1750 2635 1821; x_wconf 77' lang='lat' dir='ltr'><strong>adlegit</strong></span> <span class='ocrx_word' id='word_1_239' title='bbox 2668 1771 2682 1807; x_wconf 90' lang='lat'><strong>:</strong></span> <span class='ocrx_word' id='word_1_240' title='bbox 2718 1771 2738 1806; x_wconf 83' lang='grc' dir='ltr'><strong>ι</strong></span> <span class='ocrx_word' id='word_1_241' title='bbox 2790 1755 3067 1826; x_wconf 75' lang='lat' dir='ltr'><strong>Sequere,</strong></span> <span class='ocrx_word' id='word_1_242' title='bbox 3106 1760 3417 1832; x_wconf 65' lang='lat' dir='ltr'><strong>inquit,me</strong></span> <span class='ocrx_word' id='word_1_243' title='bbox 3439 1782 3454 1832; x_wconf 88' lang='lat'>;</span> <span class='ocrx_word' id='word_1_244' title='bbox 3479 1775 3535 1820; x_wconf 83' lang='lat' dir='ltr'><strong>et</strong></span> <span class='ocrx_word' id='word_1_245' title='bbox 3575 1780 3704 1823; x_wconf 80' lang='lat' dir='ltr'><strong>sur-</strong></span> 
     </span>
    </p>
   </div>
   <div class='ocr_carea' id='block_1_32' title="bbox 437 1806 3218 1921">
    <p class='ocr_par' dir='ltr' id='par_1_32' title="bbox 437 1806 3218 1921">
     <span class='ocr_line' id='line_1_33' title="bbox 437 1806 3218 1921; baseline 0.017 -63"><span class='ocrx_word' id='word_1_246' title='bbox 437 1806 652 1862; x_wconf 87' lang='lat' dir='ltr'><strong>laritate</strong></span> <span class='ocrx_word' id='word_1_247' title='bbox 680 1810 1058 1871; x_wconf 89' lang='lat' dir='ltr'><strong>lcnocinanter</strong></span> <span class='ocrx_word' id='word_1_248' title='bbox 1081 1817 1282 1887; x_wconf 90' lang='lat' dir='ltr'><strong>inﬂata,</strong></span> <span class='ocrx_word' id='word_1_249' title='bbox 1315 1823 1486 1891; x_wconf 80' lang='lat' dir='ltr'><strong>gratis</strong></span> <span class='ocrx_word' id='word_1_250' title='bbox 1523 1827 1823 1895; x_wconf 85' lang='lat' dir='ltr'><strong>expositam</strong></span> <span class='ocrx_word' id='word_1_251' title='bbox 1872 1806 2013 1886; x_wconf 61' lang='lat' dir='ltr'><strong>saiu-</strong></span> <span class='ocrx_word' id='word_1_252' title='bbox 2045 1808 2089 1866; x_wconf 69' lang='grc' dir='ltr'><strong>Β</strong></span> <span class='ocrx_word' id='word_1_253' title='bbox 2116 1850 2273 1904; x_wconf 85' lang='lat' dir='ltr'><strong>gens,</strong></span> <span class='ocrx_word' id='word_1_254' title='bbox 2305 1849 2524 1896; x_wconf 89' lang='lat' dir='ltr'><strong>secutus</strong></span> <span class='ocrx_word' id='word_1_255' title='bbox 2548 1806 2632 1896; x_wconf 59' lang='lat' dir='ltr'><strong>est</strong></span> <span class='ocrx_word' id='word_1_256' title='bbox 2653 1857 2776 1898; x_wconf 89' lang='lat' dir='ltr'><strong>eum</strong></span> <span class='ocrx_word' id='word_1_257' title='bbox 2802 1806 3018 1915; x_wconf 47' lang='lat' dir='ltr'><strong>(:M‘tmh.</strong></span> <span class='ocrx_word' id='word_1_258' title='bbox 3041 1806 3218 1921; x_wconf 42' lang='lat'><strong>13).:-</strong></span> 
     </span>
    </p>
   </div>
   <div class='ocr_carea' id='block_1_33' title="bbox 433 1898 2010 1987">
    <p class='ocr_par' dir='ltr' id='par_1_33' title="bbox 433 1898 2010 1987">
     <span class='ocr_line' id='line_1_34' title="bbox 433 1898 2010 1987; baseline 0.018 -37"><span class='ocrx_word' id='word_1_259' title='bbox 433 1898 504 1951; x_wconf 92' lang='lat' dir='ltr'><strong>tis</strong></span> <span class='ocrx_word' id='word_1_260' title='bbox 532 1910 748 1956; x_wconf 65' lang='lat' dir='ltr'><strong>aeternae</strong></span> <span class='ocrx_word' id='word_1_261' title='bbox 774 1901 978 1961; x_wconf 84' lang='lat' dir='ltr'><strong>fontem</strong></span> <span class='ocrx_word' id='word_1_262' title='bbox 1014 1913 1409 1967; x_wconf 88' lang='lat' dir='ltr'><strong>contumaciter</strong></span> <span class='ocrx_word' id='word_1_263' title='bbox 1445 1916 1678 1987; x_wconf 85' lang='lat' dir='ltr'><strong>despicis</strong></span> <span class='ocrx_word' id='word_1_264' title='bbox 1719 1929 1775 1976; x_wconf 91' lang='lat' dir='ltr'><strong>et</strong></span> <span class='ocrx_word' id='word_1_265' title='bbox 1802 1921 2010 1979; x_wconf 78' lang='lat' dir='ltr'><strong>vivifica</strong></span> 
     </span>
    </p>
   </div>
   <div class='ocr_carea' id='block_1_34' title="bbox 432 1992 2012 2069">
    <p class='ocr_par' dir='ltr' id='par_1_34' title="bbox 432 1992 2012 2069">
     <span class='ocr_line' id='line_1_35' title="bbox 432 1992 2012 2069; baseline 0.018 -29"><span class='ocrx_word' id='word_1_266' title='bbox 432 1992 650 2058; x_wconf 88' lang='lat' dir='ltr'><strong>superni</strong></span> <span class='ocrx_word' id='word_1_267' title='bbox 705 1993 868 2050; x_wconf 85' lang='lat' dir='ltr'><strong>fontis</strong></span> <span class='ocrx_word' id='word_1_268' title='bbox 917 1996 1115 2054; x_wconf 88' lang='lat' dir='ltr'><strong>ﬂuenta</strong></span> <span class='ocrx_word' id='word_1_269' title='bbox 1159 2000 1391 2058; x_wconf 76' lang='lat' dir='ltr'><strong>fastidis.</strong></span> <span class='ocrx_word' id='word_1_270' title='bbox 1440 2004 1719 2064; x_wconf 80' lang='lat' dir='ltr'><strong>Accedens</strong></span> <span class='ocrx_word' id='word_1_271' title='bbox 1744 2011 1890 2066; x_wconf 91' lang='lat' dir='ltr'><strong>enim</strong></span> <span class='ocrx_word' id='word_1_272' title='bbox 1944 2015 2012 2069; x_wconf 92' lang='lat' dir='ltr'><strong>ad</strong></span> 
     </span>
    </p>
   </div>
   <div class='ocr_carea' id='block_1_35' title="bbox 431 2078 2008 2170">
    <p class='ocr_par' dir='ltr' id='par_1_35' title="bbox 431 2078 2008 2170">
     <span class='ocr_line' id='line_1_36' title="bbox 431 2078 2008 2170; baseline 0.018 -40"><span class='ocrx_word' id='word_1_273' title='bbox 431 2078 726 2150; x_wconf 89' lang='lat' dir='ltr'><strong>discipulos</strong></span> <span class='ocrx_word' id='word_1_274' title='bbox 774 2084 987 2142; x_wconf 90' lang='lat' dir='ltr'><strong>Domini</strong></span> <span class='ocrx_word' id='word_1_275' title='bbox 1021 2098 1237 2146; x_wconf 87' lang='lat' dir='ltr'><strong>tumens</strong></span> <span class='ocrx_word' id='word_1_276' title='bbox 1281 2102 1337 2148; x_wconf 92' lang='lat' dir='ltr'><strong>et</strong></span> <span class='ocrx_word' id='word_1_277' title='bbox 1393 2109 1675 2167; x_wconf 84' lang='lat' dir='ltr'><strong>arrogans,</strong></span> <span class='ocrx_word' id='word_1_278' title='bbox 1712 2100 2008 2170; x_wconf 67' lang='lat' dir='ltr'><strong>Pharisaee,</strong></span> 
     </span>
    </p>
   </div>
   <div class='ocr_carea' id='block_1_36' title="bbox 429 2171 2012 2260">
    <p class='ocr_par' dir='ltr' id='par_1_36' title="bbox 429 2171 2012 2260">
     <span class='ocr_line' id='line_1_37' title="bbox 429 2171 2012 2260; baseline 0.019 -38"><span class='ocrx_word' id='word_1_279' title='bbox 429 2171 746 2237; x_wconf 87' lang='lat' dir='ltr'><strong>pestiferum</strong></span> <span class='ocrx_word' id='word_1_280' title='bbox 793 2179 1062 2246; x_wconf 71' lang='lat' dir='ltr'><strong>superbia:</strong></span> <span class='ocrx_word' id='word_1_281' title='bbox 1109 2183 1280 2248; x_wconf 90' lang='lat' dir='ltr'><strong>virus,</strong></span> <span class='ocrx_word' id='word_1_282' title='bbox 1341 2187 1486 2255; x_wconf 87' lang='lat' dir='ltr'><strong>quod</strong></span> <span class='ocrx_word' id='word_1_283' title='bbox 1539 2188 1594 2244; x_wconf 92' lang='lat' dir='ltr'><strong>in</strong></span> <span class='ocrx_word' id='word_1_284' title='bbox 1655 2203 1880 2260; x_wconf 89' lang='lat' dir='ltr'><strong>pectore</strong></span> <span class='ocrx_word' id='word_1_285' title='bbox 1919 2205 2012 2253; x_wconf 85' lang='lat' dir='ltr'><strong>tuo</strong></span> 
     </span>
    </p>
   </div>
   <div class='ocr_carea' id='block_1_37' title="bbox 431 2262 2009 2354">
    <p class='ocr_par' dir='ltr' id='par_1_37' title="bbox 431 2262 2009 2354">
     <span class='ocr_line' id='line_1_38' title="bbox 431 2262 2009 2354; baseline 0.02 -42"><span class='ocrx_word' id='word_1_286' title='bbox 431 2262 802 2330; x_wconf 89' lang='lat' dir='ltr'><strong>grassabatur,</strong></span> <span class='ocrx_word' id='word_1_287' title='bbox 845 2267 1076 2326; x_wconf 85' lang='lat' dir='ltr'><strong>eﬂ&#39;undis</strong></span> <span class='ocrx_word' id='word_1_288' title='bbox 1109 2289 1124 2326; x_wconf 89' lang='lat'><strong>:</strong></span> <span class='ocrx_word' id='word_1_289' title='bbox 1155 2284 1212 2328; x_wconf 90' lang='lat' dir='ltr'><strong>et</strong></span> <span class='ocrx_word' id='word_1_290' title='bbox 1262 2275 1515 2333; x_wconf 86' lang='lat' dir='ltr'><strong>elationis</strong></span> <span class='ocrx_word' id='word_1_291' title='bbox 1558 2293 1799 2349; x_wconf 89' lang='lat' dir='ltr'><strong>ventum,</strong></span> <span class='ocrx_word' id='word_1_292' title='bbox 1848 2301 2009 2354; x_wconf 89' lang='lat' dir='ltr'><strong>quem</strong></span> 
     </span>
    </p>
   </div>
   <div class='ocr_carea' id='block_1_38' title="bbox 428 2355 2006 2449">
    <p class='ocr_par' dir='ltr' id='par_1_38' title="bbox 428 2355 2006 2449">
     <span class='ocr_line' id='line_1_39' title="bbox 428 2355 2006 2449; baseline 0.018 -42"><span class='ocrx_word' id='word_1_293' title='bbox 428 2355 632 2410; x_wconf 90' lang='lat' dir='ltr'><strong>tumida</strong></span> <span class='ocrx_word' id='word_1_294' title='bbox 660 2368 840 2417; x_wconf 88' lang='lat' dir='ltr'><strong>mente</strong></span> <span class='ocrx_word' id='word_1_295' title='bbox 885 2377 1234 2434; x_wconf 87' lang='lat' dir='ltr'><strong>conceperas,</strong></span> <span class='ocrx_word' id='word_1_296' title='bbox 1267 2383 1364 2437; x_wconf 93' lang='lat' dir='ltr'><strong>per</strong></span> <span class='ocrx_word' id='word_1_297' title='bbox 1389 2369 1538 2427; x_wconf 89' lang='lat' dir='ltr'><strong>lividi</strong></span> <span class='ocrx_word' id='word_1_298' title='bbox 1593 2389 1658 2430; x_wconf 91' lang='lat' dir='ltr'><strong>ac</strong></span> <span class='ocrx_word' id='word_1_299' title='bbox 1707 2377 1846 2433; x_wconf 88' lang='lat' dir='ltr'><strong>male</strong></span> <span class='ocrx_word' id='word_1_300' title='bbox 1875 2395 2006 2449; x_wconf 88' lang='lat' dir='ltr'><strong>spu-</strong></span> 
     </span>
    </p>
   </div>
   <div class='ocr_carea' id='block_1_39' title="bbox 425 2449 2008 2538">
    <p class='ocr_par' dir='ltr' id='par_1_39' title="bbox 425 2449 2008 2538">
     <span class='ocr_line' id='line_1_40' title="bbox 425 2449 2008 2538; baseline 0.019 -41"><span class='ocrx_word' id='word_1_301' title='bbox 425 2453 630 2500; x_wconf 87' lang='lat' dir='ltr'><strong>mantts</strong></span> <span class='ocrx_word' id='word_1_302' title='bbox 657 2449 769 2503; x_wconf 90' lang='lat' dir='ltr'><strong>oris</strong></span> <span class='ocrx_word' id='word_1_303' title='bbox 813 2451 1086 2521; x_wconf 89' lang='lat' dir='ltr'><strong>spiramen</strong></span> <span class='ocrx_word' id='word_1_304' title='bbox 1133 2457 1405 2526; x_wconf 85' lang='lat' dir='ltr'><strong>exsuﬂlas,</strong></span> <span class='ocrx_word' id='word_1_305' title='bbox 1437 2479 1458 2514; x_wconf 84' lang='grc' dir='ltr'><strong>ι</strong></span> <span class='ocrx_word' id='word_1_306' title='bbox 1494 2461 1692 2530; x_wconf 84' lang='lat' dir='ltr'><strong>Quare,</strong></span> <span class='ocrx_word' id='word_1_307' title='bbox 1732 2465 2008 2538; x_wconf 88' lang='lat' dir='ltr'><strong>inquiens,</strong></span> 
     </span>
    </p>
   </div>
   <div class='ocr_carea' id='block_1_40' title="bbox 425 2539 2008 2632">
    <p class='ocr_par' dir='ltr' id='par_1_40' title="bbox 425 2539 2008 2632">
     <span class='ocr_line' id='line_1_41' title="bbox 425 2539 2008 2632; baseline 0.018 -42"><span class='ocrx_word' id='word_1_308' title='bbox 425 2551 548 2590; x_wconf 89' lang='lat' dir='ltr'><strong>cum</strong></span> <span class='ocrx_word' id='word_1_309' title='bbox 574 2539 875 2607; x_wconf 90' lang='lat' dir='ltr'><strong>publicanis</strong></span> <span class='ocrx_word' id='word_1_310' title='bbox 926 2553 980 2599; x_wconf 91' lang='lat' dir='ltr'><strong>et</strong></span> <span class='ocrx_word' id='word_1_311' title='bbox 1007 2551 1383 2616; x_wconf 89' lang='lat' dir='ltr'><strong>peccatoribus</strong></span> <span class='ocrx_word' id='word_1_312' title='bbox 1413 2555 1704 2612; x_wconf 86' lang='lat' dir='ltr'><strong>manducat</strong></span> <span class='ocrx_word' id='word_1_313' title='bbox 1747 2561 2008 2632; x_wconf 89' lang='lat' dir='ltr'><strong>magister</strong></span> 
     </span>
    </p>
   </div>
   <div class='ocr_carea' id='block_1_41' title="bbox 423 2630 2008 2714">
    <p class='ocr_par' dir='ltr' id='par_1_41' title="bbox 423 2630 2008 2714">
     <span class='ocr_line' id='line_1_42' title="bbox 423 2630 2008 2714; baseline 0.021 -34"><span class='ocrx_word' id='word_1_314' title='bbox 423 2631 653 2684; x_wconf 81' lang='lat' dir='ltr'><strong>vester?</strong></span> <span class='ocrx_word' id='word_1_315' title='bbox 693 2651 712 2685; x_wconf 71' lang='grc' dir='ltr'><strong>ι</strong></span> <span class='ocrx_word' id='word_1_316' title='bbox 745 2633 957 2704; x_wconf 71' lang='lat' dir='ltr'><strong>(Matth.</strong></span> <span class='ocrx_word' id='word_1_317' title='bbox 995 2630 1095 2709; x_wconf 88' lang='lat' dir='ltr'><strong>tx.)</strong></span> <span class='ocrx_word' id='word_1_318' title='bbox 1134 2639 1341 2700; x_wconf 88' lang='lat' dir='ltr'><strong>Idcirco</strong></span> <span class='ocrx_word' id='word_1_319' title='bbox 1366 2643 1525 2714; x_wconf 89' lang='lat' dir='ltr'><strong>plane</strong></span> <span class='ocrx_word' id='word_1_320' title='bbox 1545 2663 1668 2704; x_wconf 93' lang='lat' dir='ltr'><strong>cum</strong></span> <span class='ocrx_word' id='word_1_321' title='bbox 1693 2630 1892 2710; x_wconf 83' lang='lat' dir='ltr'><strong>talibus</strong></span> <span class='ocrx_word' id='word_1_322' title='bbox 1915 2669 2008 2712; x_wconf 90' lang='lat' dir='ltr'><strong>co-</strong></span> 
     </span>
    </p>
   </div>
   <div class='ocr_carea' id='block_1_42' title="bbox 423 2720 2007 2808">
    <p class='ocr_par' dir='ltr' id='par_1_42' title="bbox 423 2720 2007 2808">
     <span class='ocr_line' id='line_1_43' title="bbox 423 2720 2007 2808; baseline 0.02 -36"><span class='ocrx_word' id='word_1_323' title='bbox 423 2720 616 2787; x_wconf 87' lang='lat' dir='ltr'><strong>medit,</strong></span> <span class='ocrx_word' id='word_1_324' title='bbox 647 2732 706 2777; x_wconf 95' lang='lat' dir='ltr'><strong>ut</strong></span> <span class='ocrx_word' id='word_1_325' title='bbox 728 2725 794 2780; x_wconf 90' lang='lat' dir='ltr'><strong>de</strong></span> <span class='ocrx_word' id='word_1_326' title='bbox 824 2728 1129 2796; x_wconf 90' lang='lat' dir='ltr'><strong>publicanis</strong></span> <span class='ocrx_word' id='word_1_327' title='bbox 1148 2730 1345 2801; x_wconf 84' lang='lat' dir='ltr'><strong>justos,</strong></span> <span class='ocrx_word' id='word_1_328' title='bbox 1376 2737 1442 2792; x_wconf 89' lang='lat' dir='ltr'><strong>de</strong></span> <span class='ocrx_word' id='word_1_329' title='bbox 1479 2745 1859 2808; x_wconf 88' lang='lat' dir='ltr'><strong>peccatoribus</strong></span> <span class='ocrx_word' id='word_1_330' title='bbox 1881 2762 2007 2802; x_wconf 85' lang='lat' dir='ltr'><strong>san-</strong></span> 
     </span>
    </p>
   </div>
   <div class='ocr_carea' id='block_1_43' title="bbox 421 2811 2002 2895">
    <p class='ocr_par' dir='ltr' id='par_1_43' title="bbox 421 2811 2002 2895">
     <span class='ocr_line' id='line_1_44' title="bbox 421 2811 2002 2895; baseline 0.018 -32"><span class='ocrx_word' id='word_1_331' title='bbox 421 2819 564 2874; x_wconf 90' lang='lat' dir='ltr'><strong>ctos,</strong></span> <span class='ocrx_word' id='word_1_332' title='bbox 627 2811 692 2867; x_wconf 93' lang='lat' dir='ltr'><strong>de</strong></span> <span class='ocrx_word' id='word_1_333' title='bbox 724 2811 1035 2874; x_wconf 86' lang='lat' dir='ltr'><strong>criminosis</strong></span> <span class='ocrx_word' id='word_1_334' title='bbox 1083 2821 1272 2877; x_wconf 88' lang='lat' dir='ltr'><strong>reddat</strong></span> <span class='ocrx_word' id='word_1_335' title='bbox 1308 2827 1603 2895; x_wconf 87' lang='lat' dir='ltr'><strong>apostolos.</strong></span> <span class='ocrx_word' id='word_1_336' title='bbox 1647 2831 1817 2888; x_wconf 81' lang='lat' dir='ltr'><strong>Vocat</strong></span> <span class='ocrx_word' id='word_1_337' title='bbox 1858 2837 2002 2892; x_wconf 89' lang='lat' dir='ltr'><strong>enim</strong></span> 
     </span>
    </p>
   </div>
   <div class='ocr_carea' id='block_1_44' title="bbox 419 2911 2007 2994">
    <p class='ocr_par' dir='ltr' id='par_1_44' title="bbox 419 2911 2007 2994">
     <span class='ocr_line' id='line_1_45' title="bbox 419 2911 2007 2994; baseline 0.02 -40"><span class='ocrx_word' id='word_1_338' title='bbox 419 2911 759 2970; x_wconf 84' lang='lat' dir='ltr'><strong>peccatores,</strong></span> <span class='ocrx_word' id='word_1_339' title='bbox 788 2917 847 2962; x_wconf 92' lang='lat' dir='ltr'><strong>ut</strong></span> <span class='ocrx_word' id='word_1_340' title='bbox 871 2925 966 2964; x_wconf 89' lang='lat' dir='ltr'><strong>eos</strong></span> <span class='ocrx_word' id='word_1_341' title='bbox 1016 2914 1234 2983; x_wconf 90' lang='lat' dir='ltr'><strong>pr0pria</strong></span> <span class='ocrx_word' id='word_1_342' title='bbox 1282 2917 1483 2974; x_wconf 88' lang='lat' dir='ltr'><strong>virtute</strong></span> <span class='ocrx_word' id='word_1_343' title='bbox 1528 2919 1866 2994; x_wconf 85' lang='lat' dir='ltr'><strong>justilicans,</strong></span> <span class='ocrx_word' id='word_1_344' title='bbox 1894 2928 2007 2984; x_wconf 82' lang='lat' dir='ltr'><strong>elli-</strong></span> 
     </span>
    </p>
   </div>
   <div class='ocr_carea' id='block_1_45' title="bbox 419 2991 2002 3076">
    <p class='ocr_par' dir='ltr' id='par_1_45' title="bbox 419 2991 2002 3076">
     <span class='ocr_line' id='line_1_46' title="bbox 419 2991 2002 3076; baseline 0.02 -31"><span class='ocrx_word' id='word_1_345' title='bbox 419 2991 531 3047; x_wconf 88' lang='lat' dir='ltr'><strong>ciat</strong></span> <span class='ocrx_word' id='word_1_346' title='bbox 573 2994 908 3054; x_wconf 90' lang='lat' dir='ltr'><strong>innocentes.</strong></span> <span class='ocrx_word' id='word_1_347' title='bbox 949 3000 1039 3057; x_wconf 89' lang='lat' dir='ltr'><strong>Sic</strong></span> <span class='ocrx_word' id='word_1_348' title='bbox 1067 3004 1348 3073; x_wconf 91' lang='lat' dir='ltr'><strong>nimirum,</strong></span> <span class='ocrx_word' id='word_1_349' title='bbox 1401 3010 1483 3065; x_wconf 92' lang='lat' dir='ltr'><strong>sic</strong></span> <span class='ocrx_word' id='word_1_350' title='bbox 1513 3012 1640 3070; x_wconf 84' lang='lat' dir='ltr'><strong>alibi</strong></span> <span class='ocrx_word' id='word_1_351' title='bbox 1689 3017 1817 3073; x_wconf 89' lang='lat' dir='ltr'><strong>dum</strong></span> <span class='ocrx_word' id='word_1_352' title='bbox 1853 2991 2002 3076; x_wconf 86' lang='lat' dir='ltr'><strong>bona</strong></span> 
     </span>
    </p>
   </div>
   <div class='ocr_carea' id='block_1_46' title="bbox 420 3086 2076 3210">
    <p class='ocr_par' dir='ltr' id='par_1_46' title="bbox 420 3086 2076 3210">
     <span class='ocr_line' id='line_1_47' title="bbox 420 3086 2076 3210; baseline 0.02 -74"><span class='ocrx_word' id='word_1_353' title='bbox 420 3093 536 3147; x_wconf 91' lang='lat' dir='ltr'><strong>tua,</strong></span> <span class='ocrx_word' id='word_1_354' title='bbox 582 3086 879 3158; x_wconf 69' lang='lat' dir='ltr'><strong>Pharisase,</strong></span> <span class='ocrx_word' id='word_1_355' title='bbox 940 3093 993 3148; x_wconf 91' lang='lat' dir='ltr'><strong>in</strong></span> <span class='ocrx_word' id='word_1_356' title='bbox 1049 3099 1249 3168; x_wconf 90' lang='lat' dir='ltr'><strong>templo</strong></span> <span class='ocrx_word' id='word_1_357' title='bbox 1294 3105 1644 3172; x_wconf 86' lang='lat' dir='ltr'><strong>constitutus,</strong></span> <span class='ocrx_word' id='word_1_358' title='bbox 1687 3124 2076 3210; x_wconf 75' lang='lat' dir='ltr'><strong>arroganterc</strong></span> 
     </span>
     <span class='ocr_line' id='line_1_48' title="bbox 421 3183 1941 3210; baseline 0 0"><span class='ocrx_word' id='word_1_359' title='bbox 421 3187 704 3210; x_wconf 60' lang='lat' dir='ltr'><strong>nnnniunae</strong></span> <span class='ocrx_word' id='word_1_360' title='bbox 772 3191 822 3210; x_wconf 69' lang='lat' dir='ltr'><strong>II.</strong></span> <span class='ocrx_word' id='word_1_361' title='bbox 873 3183 1099 3210; x_wconf 57' lang='grc' dir='ltr'><strong>Αἰαίη-η...</strong></span> <span class='ocrx_word' id='word_1_362' title='bbox 1141 3191 1343 3210; x_wconf 35' lang='grc' dir='ltr'><strong>..ηιιθγμ</strong></span> <span class='ocrx_word' id='word_1_363' title='bbox 1565 3205 1577 3210; x_wconf 77' lang='grc'><strong>-</strong></span> <span class='ocrx_word' id='word_1_364' title='bbox 1759 3200 1782 3210; x_wconf 66' lang='grc' dir='ltr'><strong>ρ</strong></span> <span class='ocrx_word' id='word_1_365' title='bbox 1927 3202 1941 3210; x_wconf 88' lang='grc'><strong>.</strong></span> 
     </span>
    </p>
   </div>
   <div class='ocr_carea' id='block_1_47' title="bbox 421 3183 1999 3270">
    <p class='ocr_par' dir='ltr' id='par_1_47' title="bbox 421 3183 1999 3270">
     <span class='ocr_line' id='line_1_49' title="bbox 421 3183 1999 3270; baseline 0.02 -43"><span class='ocrx_word' id='word_1_366' title='bbox 421 3187 730 3244; x_wconf 86' lang='lat' dir='ltr'><strong>enumeras,</strong></span> <span class='ocrx_word' id='word_1_367' title='bbox 770 3191 826 3236; x_wconf 89' lang='lat' dir='ltr'><strong>et</strong></span> <span class='ocrx_word' id='word_1_368' title='bbox 872 3183 1101 3241; x_wconf 87' lang='lat' dir='ltr'><strong>alterum</strong></span> <span class='ocrx_word' id='word_1_369' title='bbox 1141 3191 1508 3261; x_wconf 91' lang='lat' dir='ltr'><strong>publicanum,</strong></span> <span class='ocrx_word' id='word_1_370' title='bbox 1563 3205 1614 3252; x_wconf 92' lang='lat' dir='ltr'><strong>te</strong></span> <span class='ocrx_word' id='word_1_371' title='bbox 1642 3200 1999 3270; x_wconf 68' lang='lat' dir='ltr'><strong>prtefcreudo,</strong></span> 
     </span>
    </p>
   </div>
   <div class='ocr_carea' id='block_1_48' title="bbox 423 3267 2001 3368">
    <p class='ocr_par' dir='ltr' id='par_1_48' title="bbox 423 3267 2001 3368">
     <span class='ocr_line' id='line_1_50' title="bbox 423 3267 2001 3368; baseline 0.022 -50"><span class='ocrx_word' id='word_1_372' title='bbox 423 3267 777 3335; x_wconf 84' lang='lat' dir='ltr'><strong>condemnas,</strong></span> <span class='ocrx_word' id='word_1_373' title='bbox 813 3283 869 3329; x_wconf 90' lang='lat' dir='ltr'><strong>et</strong></span> <span class='ocrx_word' id='word_1_374' title='bbox 909 3275 999 3332; x_wconf 89' lang='lat' dir='ltr'><strong>ille</strong></span> <span class='ocrx_word' id='word_1_375' title='bbox 1027 3281 1093 3334; x_wconf 91' lang='lat' dir='ltr'><strong>de</strong></span> <span class='ocrx_word' id='word_1_376' title='bbox 1135 3291 1320 3340; x_wconf 91' lang='lat' dir='ltr'><strong>reatus</strong></span> <span class='ocrx_word' id='word_1_377' title='bbox 1350 3286 1433 3341; x_wconf 92' lang='lat' dir='ltr'><strong>sui</strong></span> <span class='ocrx_word' id='word_1_378' title='bbox 1488 3287 1748 3348; x_wconf 84' lang='lat' dir='ltr'><strong>barathro</strong></span> <span class='ocrx_word' id='word_1_379' title='bbox 1775 3295 1842 3350; x_wconf 90' lang='lat' dir='ltr'><strong>ad</strong></span> <span class='ocrx_word' id='word_1_380' title='bbox 1871 3312 2001 3368; x_wconf 93' lang='lat' dir='ltr'><strong>pro-</strong></span> 
     </span>
    </p>
   </div>
   <div class='ocr_carea' id='block_1_49' title="bbox 416 3357 1999 3447">
    <p class='ocr_par' dir='ltr' id='par_1_49' title="bbox 416 3357 1999 3447">
     <span class='ocr_line' id='line_1_51' title="bbox 416 3357 1999 3447; baseline 0.023 -42"><span class='ocrx_word' id='word_1_381' title='bbox 416 3357 730 3412; x_wconf 84' lang='lat' dir='ltr'><strong>merendam</strong></span> <span class='ocrx_word' id='word_1_382' title='bbox 758 3363 970 3419; x_wconf 89' lang='lat' dir='ltr'><strong>veniam</strong></span> <span class='ocrx_word' id='word_1_383' title='bbox 999 3367 1333 3436; x_wconf 87' lang='lat' dir='ltr'><strong>justiﬂcatus</strong></span> <span class='ocrx_word' id='word_1_384' title='bbox 1359 3379 1627 3447; x_wconf 88' lang='lat' dir='ltr'><strong>ascendit,</strong></span> <span class='ocrx_word' id='word_1_385' title='bbox 1663 3392 1716 3438; x_wconf 90' lang='lat' dir='ltr'><strong>et</strong></span> <span class='ocrx_word' id='word_1_386' title='bbox 1759 3393 1813 3438; x_wconf 87' lang='lat' dir='ltr'><strong>tu</strong></span> <span class='ocrx_word' id='word_1_387' title='bbox 1843 3357 1999 3441; x_wconf 46' lang='lat' dir='ltr'><strong>a&#39;fal&#39;</strong></span> 
     </span>
    </p>
   </div>
   <div class='ocr_carea' id='block_1_50' title="bbox 417 3444 1999 3536">
    <p class='ocr_par' dir='ltr' id='par_1_50' title="bbox 417 3444 1999 3536">
     <span class='ocr_line' id='line_1_52' title="bbox 417 3444 1999 3536; baseline 0.025 -42"><span class='ocrx_word' id='word_1_388' title='bbox 417 3457 492 3496; x_wconf 71' lang='lat'><strong>8.1?</strong></span> <span class='ocrx_word' id='word_1_389' title='bbox 513 3444 745 3512; x_wconf 73' lang='lat' dir='ltr'><strong>iustitia:</strong></span> <span class='ocrx_word' id='word_1_390' title='bbox 773 3457 877 3506; x_wconf 71' lang='lat' dir='ltr'><strong>tute</strong></span> <span class='ocrx_word' id='word_1_391' title='bbox 910 3454 1147 3514; x_wconf 89' lang='lat' dir='ltr'><strong>culmine</strong></span> <span class='ocrx_word' id='word_1_392' title='bbox 1178 3469 1306 3517; x_wconf 88' lang='lat' dir='ltr'><strong>ante</strong></span> <span class='ocrx_word' id='word_1_393' title='bbox 1329 3444 1714 3536; x_wconf 83' lang='lat' dir='ltr'><strong>omnipotentis</strong></span> <span class='ocrx_word' id='word_1_394' title='bbox 1748 3471 1840 3528; x_wconf 88' lang='lat' dir='ltr'><strong>Dei</strong></span> <span class='ocrx_word' id='word_1_395' title='bbox 1871 3489 1999 3532; x_wconf 88' lang='lat' dir='ltr'><strong>ocu-</strong></span> 
     </span>
    </p>
   </div>
   <div class='ocr_carea' id='block_1_51' title="bbox 416 3535 1381 3613">
    <p class='ocr_par' dir='ltr' id='par_1_51' title="bbox 416 3535 1381 3613">
     <span class='ocr_line' id='line_1_53' title="bbox 416 3535 1381 3613; baseline 0.019 -24"><span class='ocrx_word' id='word_1_396' title='bbox 416 3535 498 3590; x_wconf 92' lang='lat' dir='ltr'><strong>los</strong></span> <span class='ocrx_word' id='word_1_397' title='bbox 529 3537 816 3598; x_wconf 77' lang='lat' dir='ltr'><strong>infeliciter</strong></span> <span class='ocrx_word' id='word_1_398' title='bbox 843 3546 1119 3602; x_wconf 80' lang='lat' dir='ltr'><strong>corruisti.</strong></span> <span class='ocrx_word' id='word_1_399' title='bbox 1376 3607 1381 3613; x_wconf 77' lang='grc'><em>,</em></span> 
     </span>
    </p>
   </div>
   <div class='ocr_carea' id='block_1_52' title="bbox 489 3625 1997 3723">
    <p class='ocr_par' dir='ltr' id='par_1_52' title="bbox 489 3625 1997 3723">
     <span class='ocr_line' id='line_1_54' title="bbox 489 3625 1997 3723; baseline 0.021 -44"><span class='ocrx_word' id='word_1_400' title='bbox 489 3625 600 3682; x_wconf 89' lang='lat' dir='ltr'><strong>lloc</strong></span> <span class='ocrx_word' id='word_1_401' title='bbox 646 3629 827 3702; x_wconf 86' lang='lat' dir='ltr'><strong>itaque</strong></span> <span class='ocrx_word' id='word_1_402' title='bbox 870 3637 1030 3692; x_wconf 83' lang='lat' dir='ltr'><strong>modo</strong></span> <span class='ocrx_word' id='word_1_403' title='bbox 1062 3637 1190 3693; x_wconf 90' lang='lat' dir='ltr'><strong>dum</strong></span> <span class='ocrx_word' id='word_1_404' title='bbox 1222 3641 1289 3697; x_wconf 91' lang='lat' dir='ltr'><strong>de</strong></span> <span class='ocrx_word' id='word_1_405' title='bbox 1335 3642 1518 3702; x_wconf 86' lang='lat' dir='ltr'><strong>fucato</strong></span> <span class='ocrx_word' id='word_1_406' title='bbox 1547 3663 1732 3707; x_wconf 64' lang='lat' dir='ltr'><strong>vacua:</strong></span> <span class='ocrx_word' id='word_1_407' title='bbox 1771 3653 1997 3723; x_wconf 71' lang='lat' dir='ltr'><strong>iustitiae</strong></span> 
     </span>
    </p>
   </div>
   <div class='ocr_carea' id='block_1_53' title="bbox 412 3721 1999 3802">
    <p class='ocr_par' dir='ltr' id='par_1_53' title="bbox 412 3721 1999 3802">
     <span class='ocr_line' id='line_1_55' title="bbox 412 3721 1999 3802; baseline 0.021 -33"><span class='ocrx_word' id='word_1_408' title='bbox 412 3727 610 3774; x_wconf 84' lang='lat' dir='ltr'><strong>vestrae</strong></span> <span class='ocrx_word' id='word_1_409' title='bbox 635 3721 813 3778; x_wconf 90' lang='lat' dir='ltr'><strong>nitore</strong></span> <span class='ocrx_word' id='word_1_410' title='bbox 839 3729 1184 3796; x_wconf 70' lang='lat' dir='ltr'><strong>praesumitis,</strong></span> <span class='ocrx_word' id='word_1_411' title='bbox 1210 3741 1264 3786; x_wconf 78' lang='lat' dir='ltr'><strong>et</strong></span> <span class='ocrx_word' id='word_1_412' title='bbox 1289 3745 1518 3792; x_wconf 70' lang='lat' dir='ltr'><strong>caeteros</strong></span> <span class='ocrx_word' id='word_1_413' title='bbox 1568 3741 1636 3796; x_wconf 91' lang='lat' dir='ltr'><strong>de</strong></span> <span class='ocrx_word' id='word_1_414' title='bbox 1673 3721 1784 3798; x_wconf 75' lang='lat' dir='ltr'><strong>suis</strong></span> <span class='ocrx_word' id='word_1_415' title='bbox 1814 3759 1999 3802; x_wconf 84' lang='lat' dir='ltr'><strong>exces-</strong></span> 
     </span>
    </p>
   </div>
   <div class='ocr_carea' id='block_1_54' title="bbox 413 3808 1996 3907">
    <p class='ocr_par' dir='ltr' id='par_1_54' title="bbox 413 3808 1996 3907">
     <span class='ocr_line' id='line_1_56' title="bbox 413 3808 1996 3907; baseline 0.021 -47"><span class='ocrx_word' id='word_1_416' title='bbox 413 3808 566 3861; x_wconf 82' lang='lat' dir='ltr'><strong>sibus</strong></span> <span class='ocrx_word' id='word_1_417' title='bbox 587 3808 906 3878; x_wconf 85' lang='lat' dir='ltr'><strong>jndicabiles</strong></span> <span class='ocrx_word' id='word_1_418' title='bbox 928 3818 1315 3889; x_wconf 84' lang='lat' dir='ltr'><strong>submoruetis,</strong></span> <span class='ocrx_word' id='word_1_419' title='bbox 1343 3833 1397 3880; x_wconf 91' lang='lat' dir='ltr'><strong>et</strong></span> <span class='ocrx_word' id='word_1_420' title='bbox 1437 3827 1648 3902; x_wconf 83' lang='lat' dir='ltr'><strong>justitia</strong></span> <span class='ocrx_word' id='word_1_421' title='bbox 1684 3843 1860 3889; x_wconf 90' lang='lat' dir='ltr'><strong>vestra</strong></span> <span class='ocrx_word' id='word_1_422' title='bbox 1901 3854 1996 3907; x_wconf 90' lang='lat' dir='ltr'><strong>per</strong></span> 
     </span>
    </p>
   </div>
   <div class='ocr_carea' id='block_1_55' title="bbox 413 3899 1994 3996">
    <p class='ocr_par' dir='ltr' id='par_1_55' title="bbox 413 3899 1994 3996">
     <span class='ocr_line' id='line_1_57' title="bbox 413 3899 1994 3996; baseline 0.018 -43"><span class='ocrx_word' id='word_1_423' title='bbox 413 3899 705 3957; x_wconf 86' lang='lat' dir='ltr'><strong>elationem</strong></span> <span class='ocrx_word' id='word_1_424' title='bbox 761 3905 814 3960; x_wconf 92' lang='lat' dir='ltr'><strong>in</strong></span> <span class='ocrx_word' id='word_1_425' title='bbox 853 3918 1136 3977; x_wconf 92' lang='lat' dir='ltr'><strong>peccatum</strong></span> <span class='ocrx_word' id='word_1_426' title='bbox 1167 3916 1418 3980; x_wconf 89' lang='lat' dir='ltr'><strong>vertitur,</strong></span> <span class='ocrx_word' id='word_1_427' title='bbox 1441 3899 1505 3974; x_wconf 85' lang='lat' dir='ltr'><strong>et</strong></span> <span class='ocrx_word' id='word_1_428' title='bbox 1559 3920 1772 3978; x_wconf 90' lang='lat' dir='ltr'><strong>illorum</strong></span> <span class='ocrx_word' id='word_1_429' title='bbox 1802 3899 1994 3996; x_wconf 78' lang='lat' dir='ltr'><strong>perpe-</strong></span> 
     </span>
    </p>
   </div>
   <div class='ocr_carea' id='block_1_56' title="bbox 415 3995 1995 4082">
    <p class='ocr_par' dir='ltr' id='par_1_56' title="bbox 415 3995 1995 4082">
     <span class='ocr_line' id='line_1_58' title="bbox 415 3995 1995 4082; baseline 0.018 -39"><span class='ocrx_word' id='word_1_430' title='bbox 415 4000 558 4045; x_wconf 89' lang='lat' dir='ltr'><strong>trata</strong></span> <span class='ocrx_word' id='word_1_431' title='bbox 591 3995 828 4064; x_wconf 90' lang='lat' dir='ltr'><strong>nequitia</strong></span> <span class='ocrx_word' id='word_1_432' title='bbox 852 3997 919 4051; x_wconf 89' lang='lat' dir='ltr'><strong>ad</strong></span> <span class='ocrx_word' id='word_1_433' title='bbox 946 3999 1295 4059; x_wconf 90' lang='lat' dir='ltr'><strong>obtinendam</strong></span> <span class='ocrx_word' id='word_1_434' title='bbox 1313 4007 1522 4062; x_wconf 88' lang='lat' dir='ltr'><strong>veniam</strong></span> <span class='ocrx_word' id='word_1_435' title='bbox 1557 4027 1655 4082; x_wconf 91' lang='lat' dir='ltr'><strong>per</strong></span> <span class='ocrx_word' id='word_1_436' title='bbox 1676 3995 1995 4072; x_wconf 84' lang='lat' dir='ltr'><strong>humilitatis</strong></span> 
     </span>
    </p>
   </div>
   <div class='ocr_carea' id='block_1_57' title="bbox 408 4083 1989 4188">
    <p class='ocr_par' dir='ltr' id='par_1_57' title="bbox 408 4083 1989 4188">
     <span class='ocr_line' id='line_1_59' title="bbox 408 4083 1989 4188; baseline 0.02 -56"><span class='ocrx_word' id='word_1_437' title='bbox 408 4083 642 4152; x_wconf 87' lang='lat' dir='ltr'><strong>gratiam</strong></span> <span class='ocrx_word' id='word_1_438' title='bbox 671 4097 974 4156; x_wconf 89' lang='lat' dir='ltr'><strong>reparatur.</strong></span> <span class='ocrx_word' id='word_1_439' title='bbox 1009 4091 1162 4188; x_wconf 59' lang='lat' dir='ltr'><strong>Ulnde</strong></span> <span class='ocrx_word' id='word_1_440' title='bbox 1186 4103 1240 4149; x_wconf 91' lang='lat' dir='ltr'><strong>et</strong></span> <span class='ocrx_word' id='word_1_441' title='bbox 1283 4111 1380 4166; x_wconf 93' lang='lat' dir='ltr'><strong>per</strong></span> <span class='ocrx_word' id='word_1_442' title='bbox 1401 4102 1716 4170; x_wconf 90' lang='lat' dir='ltr'><strong>prophetam</strong></span> <span class='ocrx_word' id='word_1_443' title='bbox 1746 4104 1946 4162; x_wconf 87' lang='lat' dir='ltr'><strong>dicitur</strong></span> <span class='ocrx_word' id='word_1_444' title='bbox 1975 4127 1989 4164; x_wconf 90' lang='lat'><strong>:</strong></span> 
     </span>
    </p>
   </div>
   <div class='ocr_carea' id='block_1_58' title="bbox 415 4173 1992 4252">
    <p class='ocr_par' dir='ltr' id='par_1_58' title="bbox 415 4173 1992 4252">
     <span class='ocr_line' id='line_1_60' title="bbox 415 4173 1992 4252; baseline 0.017 -27"><span class='ocrx_word' id='word_1_445' title='bbox 415 4190 435 4224; x_wconf 78' lang='grc' dir='ltr'><strong>ι</strong></span> <span class='ocrx_word' id='word_1_446' title='bbox 478 4173 545 4227; x_wconf 85' lang='lat' dir='ltr'><strong>Et</strong></span> <span class='ocrx_word' id='word_1_447' title='bbox 574 4175 678 4230; x_wconf 89' lang='lat' dir='ltr'><strong>erit</strong></span> <span class='ocrx_word' id='word_1_448' title='bbox 703 4177 974 4234; x_wconf 88' lang='lat' dir='ltr'><strong>desertum</strong></span> <span class='ocrx_word' id='word_1_449' title='bbox 1012 4173 1065 4236; x_wconf 81' lang='lat' dir='ltr'><strong>it&#39;t</strong></span> <span class='ocrx_word' id='word_1_450' title='bbox 1120 4182 1397 4252; x_wconf 87' lang='lat' dir='ltr'><strong>Charmel,</strong></span> <span class='ocrx_word' id='word_1_451' title='bbox 1427 4199 1479 4244; x_wconf 87' lang='lat' dir='ltr'><strong>et</strong></span> <span class='ocrx_word' id='word_1_452' title='bbox 1521 4191 1769 4248; x_wconf 87' lang='lat' dir='ltr'><strong>Charmel</strong></span> <span class='ocrx_word' id='word_1_453' title='bbox 1807 4196 1860 4250; x_wconf 90' lang='lat' dir='ltr'><strong>in</strong></span> <span class='ocrx_word' id='word_1_454' title='bbox 1888 4197 1992 4251; x_wconf 92' lang='lat' dir='ltr'><strong>sal-</strong></span> 
     </span>
    </p>
   </div>
   <div class='ocr_carea' id='block_1_59' title="bbox 406 4270 1993 4347">
    <p class='ocr_par' dir='ltr' id='par_1_59' title="bbox 406 4270 1993 4347">
     <span class='ocr_line' id='line_1_61' title="bbox 406 4270 1993 4347; baseline 0.016 -30"><span class='ocrx_word' id='word_1_455' title='bbox 406 4272 523 4319; x_wconf 88' lang='lat' dir='ltr'><strong>tum</strong></span> <span class='ocrx_word' id='word_1_456' title='bbox 562 4270 904 4336; x_wconf 89' lang='lat' dir='ltr'><strong>reputabitttr</strong></span> <span class='ocrx_word' id='word_1_457' title='bbox 945 4271 1076 4340; x_wconf 77' lang='lat' dir='ltr'><strong>(lsa.</strong></span> <span class='ocrx_word' id='word_1_458' title='bbox 1135 4277 1308 4347; x_wconf 80' lang='lat' dir='ltr'><strong>xxix).</strong></span> <span class='ocrx_word' id='word_1_459' title='bbox 1353 4301 1372 4331; x_wconf 76' lang='grc' dir='ltr'><strong><em>ο</em></strong></span> <span class='ocrx_word' id='word_1_460' title='bbox 1416 4279 1554 4346; x_wconf 85' lang='lat' dir='ltr'><strong>Quid</strong></span> <span class='ocrx_word' id='word_1_461' title='bbox 1589 4283 1794 4340; x_wconf 87' lang='lat' dir='ltr'><strong>scilicet</strong></span> <span class='ocrx_word' id='word_1_462' title='bbox 1837 4287 1993 4342; x_wconf 79' lang='lat' dir='ltr'><strong>intel-</strong></span> 
     </span>
    </p>
   </div>
   <div class='ocr_carea' id='block_1_60' title="bbox 408 4355 1988 4447">
    <p class='ocr_par' dir='ltr' id='par_1_60' title="bbox 408 4355 1988 4447">
     <span class='ocr_line' id='line_1_62' title="bbox 408 4355 1988 4447; baseline 0.015 -37"><span class='ocrx_word' id='word_1_463' title='bbox 408 4355 612 4426; x_wconf 90' lang='lat' dir='ltr'><strong>ligatur</strong></span> <span class='ocrx_word' id='word_1_464' title='bbox 641 4375 738 4428; x_wconf 92' lang='lat' dir='ltr'><strong>per</strong></span> <span class='ocrx_word' id='word_1_465' title='bbox 763 4361 1058 4429; x_wconf 79' lang='lat' dir='ltr'><strong>desertum,</strong></span> <span class='ocrx_word' id='word_1_466' title='bbox 1098 4366 1200 4440; x_wconf 88' lang='lat' dir='ltr'><strong>nisi</strong></span> <span class='ocrx_word' id='word_1_467' title='bbox 1229 4369 1319 4437; x_wconf 91' lang='lat' dir='ltr'><strong>qui</strong></span> <span class='ocrx_word' id='word_1_468' title='bbox 1351 4369 1401 4424; x_wconf 90' lang='lat' dir='ltr'><strong>in</strong></span> <span class='ocrx_word' id='word_1_469' title='bbox 1429 4373 1610 4428; x_wconf 88' lang='lat' dir='ltr'><strong>carnis</strong></span> <span class='ocrx_word' id='word_1_470' title='bbox 1639 4390 1750 4429; x_wconf 55' lang='lat' dir='ltr'><strong>sua!</strong></span> <span class='ocrx_word' id='word_1_471' title='bbox 1780 4376 1988 4447; x_wconf 87' lang='lat' dir='ltr'><strong>legibus</strong></span> 
     </span>
    </p>
   </div>
   <div class='ocr_carea' id='block_1_61' title="bbox 2183 1972 3696 2059">
    <p class='ocr_par' dir='ltr' id='par_1_61' title="bbox 2183 1972 3696 2059">
     <span class='ocr_line' id='line_1_63' title="bbox 2183 1972 3696 2059; baseline 0.013 -34"><span class='ocrx_word' id='word_1_472' title='bbox 2183 1972 2355 2038; x_wconf 92' lang='lat' dir='ltr'><strong>Quam</strong></span> <span class='ocrx_word' id='word_1_473' title='bbox 2387 1974 2547 2030; x_wconf 88' lang='lat' dir='ltr'><strong>fortis</strong></span> <span class='ocrx_word' id='word_1_474' title='bbox 2572 1987 2627 2032; x_wconf 89' lang='lat' dir='ltr'><strong>et</strong></span> <span class='ocrx_word' id='word_1_475' title='bbox 2659 1978 2833 2033; x_wconf 89' lang='lat' dir='ltr'><strong>valida</strong></span> <span class='ocrx_word' id='word_1_476' title='bbox 2866 1996 3058 2038; x_wconf 88' lang='lat' dir='ltr'><strong>manus</strong></span> <span class='ocrx_word' id='word_1_477' title='bbox 3101 1985 3261 2056; x_wconf 86' lang='lat' dir='ltr'><strong>hnj&#39;us</strong></span> <span class='ocrx_word' id='word_1_478' title='bbox 3285 1987 3524 2043; x_wconf 65' lang='lat' dir='ltr'><strong>caelestis</strong></span> <span class='ocrx_word' id='word_1_479' title='bbox 3547 1991 3696 2059; x_wconf 84' lang='lat' dir='ltr'><strong>agri-</strong></span> 
     </span>
    </p>
   </div>
   <div class='ocr_carea' id='block_1_62' title="bbox 2113 2061 3697 2147">
    <p class='ocr_par' dir='ltr' id='par_1_62' title="bbox 2113 2061 3697 2147">
     <span class='ocr_line' id='line_1_64' title="bbox 2113 2061 3697 2147; baseline 0.012 -32"><span class='ocrx_word' id='word_1_480' title='bbox 2113 2061 2246 2116; x_wconf 67' lang='lat' dir='ltr'><strong>cola:</strong></span> <span class='ocrx_word' id='word_1_481' title='bbox 2272 2064 2285 2116; x_wconf 93' lang='lat'><strong>!</strong></span> <span class='ocrx_word' id='word_1_482' title='bbox 2319 2063 2582 2120; x_wconf 82' lang='lat' dir='ltr'><strong>Arborem</strong></span> <span class='ocrx_word' id='word_1_483' title='bbox 2607 2067 2816 2123; x_wconf 86' lang='lat' dir='ltr'><strong>scilicet</strong></span> <span class='ocrx_word' id='word_1_484' title='bbox 2848 2079 3004 2124; x_wconf 74' lang='lat' dir='ltr'><strong>terra:</strong></span> <span class='ocrx_word' id='word_1_485' title='bbox 3027 2073 3287 2130; x_wconf 75' lang='lat' dir='ltr'><strong>radicitus</strong></span> <span class='ocrx_word' id='word_1_486' title='bbox 3316 2077 3697 2147; x_wconf 65' lang='lat' dir='ltr'><strong>inhaerentem,</strong></span> 
     </span>
    </p>
   </div>
   <div class='ocr_carea' id='block_1_63' title="bbox 2111 2154 3693 2237">
    <p class='ocr_par' dir='ltr' id='par_1_63' title="bbox 2111 2154 3693 2237">
     <span class='ocr_line' id='line_1_65' title="bbox 2111 2154 3693 2237; baseline 0.012 -32"><span class='ocrx_word' id='word_1_487' title='bbox 2111 2162 2167 2205; x_wconf 90' lang='lat' dir='ltr'><strong>et</strong></span> <span class='ocrx_word' id='word_1_488' title='bbox 2201 2154 2490 2211; x_wconf 73' lang='lat' dir='ltr'><strong>mundana:</strong></span> <span class='ocrx_word' id='word_1_489' title='bbox 2525 2159 2979 2228; x_wconf 69' lang='lat' dir='ltr'><strong>concupiscentia:</strong></span> <span class='ocrx_word' id='word_1_490' title='bbox 3009 2165 3273 2221; x_wconf 81' lang='lat' dir='ltr'><strong>tenaciter</strong></span> <span class='ocrx_word' id='word_1_491' title='bbox 3323 2167 3693 2237; x_wconf 86' lang='lat' dir='ltr'><strong>incubantem,</strong></span> 
     </span>
    </p>
   </div>
   <div class='ocr_carea' id='block_1_64' title="bbox 2112 2249 3700 2324">
    <p class='ocr_par' dir='ltr' id='par_1_64' title="bbox 2112 2249 3700 2324">
     <span class='ocr_line' id='line_1_66' title="bbox 2112 2249 3700 2324; baseline 0.013 -26"><span class='ocrx_word' id='word_1_492' title='bbox 2112 2259 2234 2299; x_wconf 89' lang='lat' dir='ltr'><strong>mox</strong></span> <span class='ocrx_word' id='word_1_493' title='bbox 2265 2254 2324 2300; x_wconf 91' lang='lat' dir='ltr'><strong>ut</strong></span> <span class='ocrx_word' id='word_1_494' title='bbox 2373 2249 2671 2315; x_wconf 86' lang='lat' dir='ltr'><strong>concussit,</strong></span> <span class='ocrx_word' id='word_1_495' title='bbox 2716 2251 2932 2317; x_wconf 90' lang='lat' dir='ltr'><strong>evulsit,</strong></span> <span class='ocrx_word' id='word_1_496' title='bbox 2978 2257 3300 2324; x_wconf 88' lang='lat' dir='ltr'><strong>asportavit,</strong></span> <span class='ocrx_word' id='word_1_497' title='bbox 3354 2260 3493 2315; x_wconf 89' lang='lat' dir='ltr'><strong>etin</strong></span> <span class='ocrx_word' id='word_1_498' title='bbox 3546 2271 3700 2317; x_wconf 77' lang='lat' dir='ltr'><strong>terra</strong></span> 
     </span>
    </p>
   </div>
   <div class='ocr_carea' id='block_1_65' title="bbox 2110 2335 3690 2417">
    <p class='ocr_par' dir='ltr' id='par_1_65' title="bbox 2110 2335 3690 2417">
     <span class='ocr_line' id='line_1_67' title="bbox 2110 2335 3690 2417; baseline 0.011 -27"><span class='ocrx_word' id='word_1_499' title='bbox 2110 2335 2409 2392; x_wconf 84' lang='lat' dir='ltr'><strong>viventium</strong></span> <span class='ocrx_word' id='word_1_500' title='bbox 2439 2341 2877 2410; x_wconf 89' lang='lat' dir='ltr'><strong>transplantavit.</strong></span> <span class='ocrx_word' id='word_1_501' title='bbox 2909 2341 3024 2399; x_wconf 32' lang='lat' dir='ltr'><strong>Ubi;</strong></span> <span class='ocrx_word' id='word_1_502' title='bbox 3059 2347 3315 2403; x_wconf 81' lang='lat' dir='ltr'><strong>videlicet</strong></span> <span class='ocrx_word' id='word_1_503' title='bbox 3344 2368 3365 2401; x_wconf 78' lang='grc' dir='ltr'><strong>ι</strong></span> <span class='ocrx_word' id='word_1_504' title='bbox 3394 2348 3596 2417; x_wconf 85' lang='lat' dir='ltr'><strong>justus,</strong></span> <span class='ocrx_word' id='word_1_505' title='bbox 3627 2361 3690 2408; x_wconf 79' lang='lat' dir='ltr'><strong>ut</strong></span> 
     </span>
    </p>
   </div>
   <div class='ocr_carea' id='block_1_66' title="bbox 2107 2426 3694 2509">
    <p class='ocr_par' dir='ltr' id='par_1_66' title="bbox 2107 2426 3694 2509">
     <span class='ocr_line' id='line_1_68' title="bbox 2107 2426 3694 2509; baseline 0.012 -31"><span class='ocrx_word' id='word_1_506' title='bbox 2107 2426 2286 2496; x_wconf 88' lang='lat' dir='ltr'><strong>palma</strong></span> <span class='ocrx_word' id='word_1_507' title='bbox 2315 2427 2522 2484; x_wconf 91' lang='lat' dir='ltr'><strong>ﬂorebit</strong></span> <span class='ocrx_word' id='word_1_508' title='bbox 2551 2439 2608 2485; x_wconf 91' lang='lat' dir='ltr'><strong>et</strong></span> <span class='ocrx_word' id='word_1_509' title='bbox 2627 2431 2766 2486; x_wconf 88' lang='lat' dir='ltr'><strong>sicut</strong></span> <span class='ocrx_word' id='word_1_510' title='bbox 2798 2432 2994 2488; x_wconf 88' lang='lat' dir='ltr'><strong>cedrus</strong></span> <span class='ocrx_word' id='word_1_511' title='bbox 3029 2435 3217 2491; x_wconf 72' lang='lat' dir='ltr'><strong>bibani</strong></span> <span class='ocrx_word' id='word_1_512' title='bbox 3249 2439 3694 2509; x_wconf 72' lang='lat' dir='ltr'><strong>mnltiplicabitur</strong></span> 
     </span>
    </p>
   </div>
   <div class='ocr_carea' id='block_1_67' title="bbox 2109 2518 3693 2598">
    <p class='ocr_par' dir='ltr' id='par_1_67' title="bbox 2109 2518 3693 2598">
     <span class='ocr_line' id='line_1_69' title="bbox 2109 2518 3693 2598; baseline 0.013 -27"><span class='ocrx_word' id='word_1_513' title='bbox 2109 2518 2282 2592; x_wconf 67' lang='lat' dir='ltr'><strong>(Paul.</strong></span> <span class='ocrx_word' id='word_1_514' title='bbox 2309 2523 2441 2594; x_wconf 71' lang='lat' dir='ltr'><strong>XCI).</strong></span> <span class='ocrx_word' id='word_1_515' title='bbox 2489 2543 2509 2576; x_wconf 75' lang='grc' dir='ltr'><strong>ι</strong></span> <span class='ocrx_word' id='word_1_516' title='bbox 2551 2524 2649 2580; x_wconf 87' lang='lat' dir='ltr'><strong>Cui</strong></span> <span class='ocrx_word' id='word_1_517' title='bbox 2682 2527 2938 2583; x_wconf 88' lang='lat' dir='ltr'><strong>nimirum</strong></span> <span class='ocrx_word' id='word_1_518' title='bbox 2967 2545 3065 2598; x_wconf 90' lang='lat' dir='ltr'><strong>per</strong></span> <span class='ocrx_word' id='word_1_519' title='bbox 3108 2531 3540 2590; x_wconf 86' lang='lat' dir='ltr'><strong>immutationem</strong></span> <span class='ocrx_word' id='word_1_520' title='bbox 3563 2538 3693 2592; x_wconf 66' lang='lat' dir='ltr'><strong>del-</strong></span> 
     </span>
    </p>
   </div>
   <div class='ocr_carea' id='block_1_68' title="bbox 2108 2613 3695 2690">
    <p class='ocr_par' dir='ltr' id='par_1_68' title="bbox 2108 2613 3695 2690">
     <span class='ocr_line' id='line_1_70' title="bbox 2108 2613 3695 2690; baseline 0.009 -24"><span class='ocrx_word' id='word_1_521' title='bbox 2108 2619 2206 2668; x_wconf 76' lang='lat' dir='ltr'><strong>trte</strong></span> <span class='ocrx_word' id='word_1_522' title='bbox 2228 2613 2439 2670; x_wconf 86' lang='lat' dir='ltr'><strong>Excelsi</strong></span> <span class='ocrx_word' id='word_1_523' title='bbox 2461 2631 2698 2687; x_wconf 87' lang='lat' dir='ltr'><strong>congrua</strong></span> <span class='ocrx_word' id='word_1_524' title='bbox 2726 2616 3077 2688; x_wconf 88' lang='lat' dir='ltr'><strong>dispositione</strong></span> <span class='ocrx_word' id='word_1_525' title='bbox 3095 2621 3346 2677; x_wconf 71' lang='lat' dir='ltr'><strong>collatum</strong></span> <span class='ocrx_word' id='word_1_526' title='bbox 3367 2632 3484 2690; x_wconf 82' lang='lat' dir='ltr'><strong>est,</strong></span> <span class='ocrx_word' id='word_1_527' title='bbox 3497 2633 3566 2679; x_wconf 72' lang='lat' dir='ltr'><strong>ut</strong></span> <span class='ocrx_word' id='word_1_528' title='bbox 3583 2641 3695 2681; x_wconf 72' lang='lat' dir='ltr'><strong>non</strong></span> 
     </span>
    </p>
   </div>
   <div class='ocr_carea' id='block_1_69' title="bbox 2106 2695 3690 2774">
    <p class='ocr_par' dir='ltr' id='par_1_69' title="bbox 2106 2695 3690 2774">
     <span class='ocr_line' id='line_1_71' title="bbox 2106 2695 3690 2774; baseline 0.01 -18"><span class='ocrx_word' id='word_1_529' title='bbox 2106 2695 2269 2758; x_wconf 81' lang='lat' dir='ltr'><strong>modo</strong></span> <span class='ocrx_word' id='word_1_530' title='bbox 2319 2706 2666 2774; x_wconf 73' lang='lat' dir='ltr'><strong>praedicandi,</strong></span> <span class='ocrx_word' id='word_1_531' title='bbox 2697 2710 2791 2764; x_wconf 89' lang='lat' dir='ltr'><strong>sed</strong></span> <span class='ocrx_word' id='word_1_532' title='bbox 2841 2719 2896 2765; x_wconf 92' lang='lat' dir='ltr'><strong>et</strong></span> <span class='ocrx_word' id='word_1_533' title='bbox 2939 2713 3212 2768; x_wconf 87' lang='lat' dir='ltr'><strong>scribendi</strong></span> <span class='ocrx_word' id='word_1_534' title='bbox 3265 2716 3553 2771; x_wconf 81' lang='lat' dir='ltr'><strong>sortiretur</strong></span> <span class='ocrx_word' id='word_1_535' title='bbox 3573 2717 3690 2772; x_wconf 83' lang='lat' dir='ltr'><strong>olli-</strong></span> 
     </span>
    </p>
   </div>
   <div class='ocr_carea' id='block_1_70' title="bbox 2106 2793 3686 2875">
    <p class='ocr_par' dir='ltr' id='par_1_70' title="bbox 2106 2793 3686 2875">
     <span class='ocr_line' id='line_1_72' title="bbox 2106 2793 3686 2875; baseline 0.008 -27"><span class='ocrx_word' id='word_1_536' title='bbox 2106 2793 2271 2858; x_wconf 91' lang='lat' dir='ltr'><strong>cium,</strong></span> <span class='ocrx_word' id='word_1_537' title='bbox 2309 2795 2497 2866; x_wconf 87' lang='lat' dir='ltr'><strong>sicque</strong></span> <span class='ocrx_word' id='word_1_538' title='bbox 2545 2809 2848 2854; x_wconf 88' lang='lat' dir='ltr'><strong>mereretur</strong></span> <span class='ocrx_word' id='word_1_539' title='bbox 2900 2801 3138 2857; x_wconf 90' lang='lat' dir='ltr'><strong>humano</strong></span> <span class='ocrx_word' id='word_1_540' title='bbox 3180 2805 3364 2875; x_wconf 87' lang='lat' dir='ltr'><strong>generi</strong></span> <span class='ocrx_word' id='word_1_541' title='bbox 3409 2806 3686 2862; x_wconf 65' lang='lat' dir='ltr'><strong>celestem</strong></span> 
     </span>
    </p>
   </div>
   <div class='ocr_carea' id='block_1_71' title="bbox 2107 2883 3686 2966">
    <p class='ocr_par' dir='ltr' id='par_1_71' title="bbox 2107 2883 3686 2966">
     <span class='ocr_line' id='line_1_73' title="bbox 2107 2883 3686 2966; baseline 0.011 -30"><span class='ocrx_word' id='word_1_542' title='bbox 2107 2883 2419 2940; x_wconf 89' lang='lat' dir='ltr'><strong>ministrare</strong></span> <span class='ocrx_word' id='word_1_543' title='bbox 2449 2886 3074 2957; x_wconf 88' lang='lat' dir='ltr'><strong>thesaurum.Qttatenus</strong></span> <span class='ocrx_word' id='word_1_544' title='bbox 3097 2893 3188 2964; x_wconf 91' lang='lat' dir='ltr'><strong>qui</strong></span> <span class='ocrx_word' id='word_1_545' title='bbox 3219 2895 3420 2950; x_wconf 86' lang='lat' dir='ltr'><strong>terreni</strong></span> <span class='ocrx_word' id='word_1_546' title='bbox 3448 2907 3686 2966; x_wconf 66' lang='lat' dir='ltr'><strong>quaestus</strong></span> 
     </span>
    </p>
   </div>
   <div class='ocr_carea' id='block_1_72' title="bbox 2106 2974 3688 3062">
    <p class='ocr_par' dir='ltr' id='par_1_72' title="bbox 2106 2974 3688 3062">
     <span class='ocr_line' id='line_1_74' title="bbox 2106 2974 3688 3062; baseline 0.011 -33"><span class='ocrx_word' id='word_1_547' title='bbox 2106 2974 2257 3030; x_wconf 91' lang='lat' dir='ltr'><strong>lucra</strong></span> <span class='ocrx_word' id='word_1_548' title='bbox 2305 2988 2729 3050; x_wconf 87' lang='lat' dir='ltr'><strong>contempserat,</strong></span> <span class='ocrx_word' id='word_1_549' title='bbox 2773 2983 3075 3040; x_wconf 58' lang='lat' dir='ltr'><strong>caelestium</strong></span> <span class='ocrx_word' id='word_1_550' title='bbox 3108 2986 3429 3044; x_wconf 90' lang='lat' dir='ltr'><strong>talentorum</strong></span> <span class='ocrx_word' id='word_1_551' title='bbox 3469 2989 3688 3062; x_wconf 86' lang='lat' dir='ltr'><strong>dispen-</strong></span> 
     </span>
    </p>
   </div>
   <div class='ocr_carea' id='block_1_73' title="bbox 2108 3071 3684 3152">
    <p class='ocr_par' dir='ltr' id='par_1_73' title="bbox 2108 3071 3684 3152">
     <span class='ocr_line' id='line_1_75' title="bbox 2108 3071 3684 3152; baseline 0.012 -33"><span class='ocrx_word' id='word_1_552' title='bbox 2108 3075 2257 3121; x_wconf 89' lang='lat' dir='ltr'><strong>sator</strong></span> <span class='ocrx_word' id='word_1_553' title='bbox 2285 3071 2564 3138; x_wconf 81' lang='lat' dir='ltr'><strong>existeret,</strong></span> <span class='ocrx_word' id='word_1_554' title='bbox 2596 3080 2652 3127; x_wconf 90' lang='lat' dir='ltr'><strong>et</strong></span> <span class='ocrx_word' id='word_1_555' title='bbox 2691 3073 2972 3130; x_wconf 89' lang='lat' dir='ltr'><strong>thesauros</strong></span> <span class='ocrx_word' id='word_1_556' title='bbox 3011 3077 3249 3134; x_wconf 64' lang='lat' dir='ltr'><strong>celestis</strong></span> <span class='ocrx_word' id='word_1_557' title='bbox 3296 3079 3519 3150; x_wconf 90' lang='lat' dir='ltr'><strong>eloquii,</strong></span> <span class='ocrx_word' id='word_1_558' title='bbox 3547 3097 3684 3152; x_wconf 80' lang='lat' dir='ltr'><strong>quos</strong></span> 
     </span>
    </p>
   </div>
   <div class='ocr_carea' id='block_1_74' title="bbox 2108 3155 3685 3238">
    <p class='ocr_par' dir='ltr' id='par_1_74' title="bbox 2108 3155 3685 3238">
     <span class='ocr_line' id='line_1_76' title="bbox 2108 3155 3685 3238; baseline 0.012 -29"><span class='ocrx_word' id='word_1_559' title='bbox 2108 3155 2497 3224; x_wconf 85' lang='lat' dir='ltr'><strong>impartiendos</strong></span> <span class='ocrx_word' id='word_1_560' title='bbox 2534 3155 2838 3232; x_wconf 74' lang='lat' dir='ltr'><strong>acceperat,</strong></span> <span class='ocrx_word' id='word_1_561' title='bbox 2882 3164 3111 3221; x_wconf 81' lang='lat' dir='ltr'><strong>fideliter</strong></span> <span class='ocrx_word' id='word_1_562' title='bbox 3143 3178 3416 3238; x_wconf 77' lang='lat' dir='ltr'><strong>erogaret.</strong></span> <span class='ocrx_word' id='word_1_563' title='bbox 3449 3169 3519 3226; x_wconf 90' lang='lat' dir='ltr'><strong>Ut</strong></span> <span class='ocrx_word' id='word_1_564' title='bbox 3542 3171 3685 3227; x_wconf 85' lang='lat' dir='ltr'><strong>sicut</strong></span> 
     </span>
    </p>
   </div>
   <div class='ocr_carea' id='block_1_75' title="bbox 2104 3247 3685 3330">
    <p class='ocr_par' dir='ltr' id='par_1_75' title="bbox 2104 3247 3685 3330">
     <span class='ocr_line' id='line_1_77' title="bbox 2104 3247 3685 3330; baseline 0.011 -29"><span class='ocrx_word' id='word_1_565' title='bbox 2104 3247 2433 3319; x_wconf 79' lang='lat' dir='ltr'><strong>Redemptor</strong></span> <span class='ocrx_word' id='word_1_566' title='bbox 2458 3261 2646 3308; x_wconf 91' lang='lat' dir='ltr'><strong>noster</strong></span> <span class='ocrx_word' id='word_1_567' title='bbox 2677 3254 3037 3322; x_wconf 87' lang='lat' dir='ltr'><strong>piscatoribus</strong></span> <span class='ocrx_word' id='word_1_568' title='bbox 3078 3258 3192 3314; x_wconf 90' lang='lat' dir='ltr'><strong>suis</strong></span> <span class='ocrx_word' id='word_1_569' title='bbox 3217 3271 3343 3315; x_wconf 88' lang='lat' dir='ltr'><strong>ante</strong></span> <span class='ocrx_word' id='word_1_570' title='bbox 3385 3260 3497 3330; x_wconf 84' lang='lat' dir='ltr'><strong>jam</strong></span> <span class='ocrx_word' id='word_1_571' title='bbox 3533 3264 3685 3320; x_wconf 80' lang='lat' dir='ltr'><strong>dixe-</strong></span> 
     </span>
    </p>
   </div>
   <div class='ocr_carea' id='block_1_76' title="bbox 2102 3343 3684 3424">
    <p class='ocr_par' dir='ltr' id='par_1_76' title="bbox 2102 3343 3684 3424">
     <span class='ocr_line' id='line_1_78' title="bbox 2102 3343 3684 3424; baseline 0.013 -31"><span class='ocrx_word' id='word_1_572' title='bbox 2102 3349 2188 3394; x_wconf 91' lang='lat' dir='ltr'><strong>rat</strong></span> <span class='ocrx_word' id='word_1_573' title='bbox 2219 3358 2233 3394; x_wconf 88' lang='lat'><strong>:</strong></span> <span class='ocrx_word' id='word_1_574' title='bbox 2279 3360 2298 3393; x_wconf 76' lang='grc' dir='ltr'><strong>ι</strong></span> <span class='ocrx_word' id='word_1_575' title='bbox 2336 3343 2528 3399; x_wconf 76' lang='lat' dir='ltr'><strong>Venite</strong></span> <span class='ocrx_word' id='word_1_576' title='bbox 2555 3355 2676 3414; x_wconf 89' lang='lat' dir='ltr'><strong>post</strong></span> <span class='ocrx_word' id='word_1_577' title='bbox 2707 3361 2814 3410; x_wconf 93' lang='lat' dir='ltr'><strong>me,</strong></span> <span class='ocrx_word' id='word_1_578' title='bbox 2843 3356 2898 3402; x_wconf 92' lang='lat' dir='ltr'><strong>et</strong></span> <span class='ocrx_word' id='word_1_579' title='bbox 2935 3348 3132 3404; x_wconf 89' lang='lat' dir='ltr'><strong>faciam</strong></span> <span class='ocrx_word' id='word_1_580' title='bbox 3161 3366 3255 3407; x_wconf 90' lang='lat' dir='ltr'><strong>vos</strong></span> <span class='ocrx_word' id='word_1_581' title='bbox 3284 3353 3399 3408; x_wconf 81' lang='lat' dir='ltr'><strong>ﬁeri</strong></span> <span class='ocrx_word' id='word_1_582' title='bbox 3445 3353 3684 3424; x_wconf 79' lang='lat' dir='ltr'><strong>piscato-</strong></span> 
     </span>
    </p>
   </div>
   <div class='ocr_carea' id='block_1_77' title="bbox 2101 3431 3682 3511">
    <p class='ocr_par' dir='ltr' id='par_1_77' title="bbox 2101 3431 3682 3511">
     <span class='ocr_line' id='line_1_79' title="bbox 2101 3431 3682 3511; baseline 0.011 -27"><span class='ocrx_word' id='word_1_583' title='bbox 2101 3446 2190 3485; x_wconf 91' lang='lat' dir='ltr'><strong>res</strong></span> <span class='ocrx_word' id='word_1_584' title='bbox 2241 3431 2518 3487; x_wconf 89' lang='lat' dir='ltr'><strong>hominum</strong></span> <span class='ocrx_word' id='word_1_585' title='bbox 2571 3434 2786 3505; x_wconf 76' lang='lat' dir='ltr'><strong>(Mattlt.</strong></span> <span class='ocrx_word' id='word_1_586' title='bbox 2846 3437 2944 3508; x_wconf 90' lang='lat' dir='ltr'><strong>tv),</strong></span> <span class='ocrx_word' id='word_1_587' title='bbox 2984 3457 3001 3489; x_wconf 72' lang='grc' dir='ltr'><strong>ι</strong></span> <span class='ocrx_word' id='word_1_588' title='bbox 3035 3439 3115 3494; x_wconf 91' lang='lat' dir='ltr'><strong>sic</strong></span> <span class='ocrx_word' id='word_1_589' title='bbox 3160 3440 3247 3495; x_wconf 90' lang='lat' dir='ltr'><strong>isti</strong></span> <span class='ocrx_word' id='word_1_590' title='bbox 3284 3443 3682 3511; x_wconf 84' lang='lat' dir='ltr'><strong>quodammodo</strong></span> 
     </span>
    </p>
   </div>
   <div class='ocr_carea' id='block_1_78' title="bbox 2098 3520 3681 3602">
    <p class='ocr_par' dir='ltr' id='par_1_78' title="bbox 2098 3520 3681 3602">
     <span class='ocr_line' id='line_1_80' title="bbox 2098 3520 3681 3602; baseline 0.011 -28"><span class='ocrx_word' id='word_1_591' title='bbox 2098 3520 2305 3576; x_wconf 88' lang='lat' dir='ltr'><strong>diceret</strong></span> <span class='ocrx_word' id='word_1_592' title='bbox 2334 3539 2348 3574; x_wconf 86' lang='lat'><strong><em>:</em></strong></span> <span class='ocrx_word' id='word_1_593' title='bbox 2377 3521 2478 3589; x_wconf 89' lang='lat' dir='ltr'><strong>Qui</strong></span> <span class='ocrx_word' id='word_1_594' title='bbox 2528 3522 2692 3580; x_wconf 90' lang='lat' dir='ltr'><strong>lueris</strong></span> <span class='ocrx_word' id='word_1_595' title='bbox 2741 3529 3126 3596; x_wconf 88' lang='lat' dir='ltr'><strong>temporalibus</strong></span> <span class='ocrx_word' id='word_1_596' title='bbox 3166 3530 3362 3597; x_wconf 85' lang='lat' dir='ltr'><strong>inhias,</strong></span> <span class='ocrx_word' id='word_1_597' title='bbox 3409 3534 3500 3602; x_wconf 92' lang='lat' dir='ltr'><strong>qui</strong></span> <span class='ocrx_word' id='word_1_598' title='bbox 3531 3543 3681 3592; x_wconf 83' lang='lat' dir='ltr'><strong>certe</strong></span> 
     </span>
    </p>
   </div>
   <div class='ocr_carea' id='block_1_79' title="bbox 2097 3612 3680 3692">
    <p class='ocr_par' dir='ltr' id='par_1_79' title="bbox 2097 3612 3680 3692">
     <span class='ocr_line' id='line_1_81' title="bbox 2097 3612 3680 3692; baseline 0.012 -28"><span class='ocrx_word' id='word_1_599' title='bbox 2097 3620 2157 3665; x_wconf 88' lang='lat' dir='ltr'><strong>ut</strong></span> <span class='ocrx_word' id='word_1_600' title='bbox 2183 3626 2318 3667; x_wconf 80' lang='lat' dir='ltr'><strong>auro</strong></span> <span class='ocrx_word' id='word_1_601' title='bbox 2349 3612 2434 3668; x_wconf 90' lang='lat' dir='ltr'><strong>vel</strong></span> <span class='ocrx_word' id='word_1_602' title='bbox 2462 3624 2689 3686; x_wconf 89' lang='lat' dir='ltr'><strong>argento</strong></span> <span class='ocrx_word' id='word_1_603' title='bbox 2715 3617 2904 3674; x_wconf 90' lang='lat' dir='ltr'><strong>diteris</strong></span> <span class='ocrx_word' id='word_1_604' title='bbox 2952 3621 3298 3690; x_wconf 87' lang='lat' dir='ltr'><strong>impatienter</strong></span> <span class='ocrx_word' id='word_1_605' title='bbox 3321 3625 3570 3692; x_wconf 87' lang='lat' dir='ltr'><strong>anhelas,</strong></span> <span class='ocrx_word' id='word_1_606' title='bbox 3590 3645 3680 3686; x_wconf 76' lang='lat' dir='ltr'><strong>me</strong></span> 
     </span>
    </p>
   </div>
   <div class='ocr_carea' id='block_1_80' title="bbox 2095 3704 3678 3780">
    <p class='ocr_par' dir='ltr' id='par_1_80' title="bbox 2095 3704 3678 3780">
     <span class='ocr_line' id='line_1_82' title="bbox 2095 3704 3678 3780; baseline 0.013 -26"><span class='ocrx_word' id='word_1_607' title='bbox 2095 3704 2418 3771; x_wconf 89' lang='lat' dir='ltr'><strong>quantocius</strong></span> <span class='ocrx_word' id='word_1_608' title='bbox 2445 3721 2695 3776; x_wconf 77' lang='lat' dir='ltr'><strong>sequere,</strong></span> <span class='ocrx_word' id='word_1_609' title='bbox 2727 3724 2963 3780; x_wconf 80' lang='lat' dir='ltr'><strong>moxque</strong></span> <span class='ocrx_word' id='word_1_610' title='bbox 3002 3721 3054 3767; x_wconf 90' lang='lat' dir='ltr'><strong>te</strong></span> <span class='ocrx_word' id='word_1_611' title='bbox 3100 3711 3296 3768; x_wconf 89' lang='lat' dir='ltr'><strong>faciam</strong></span> <span class='ocrx_word' id='word_1_612' title='bbox 3345 3716 3678 3774; x_wconf 78' lang='lat' dir='ltr'><strong>immortales</strong></span> 
     </span>
    </p>
   </div>
   <div class='ocr_carea' id='block_1_81' title="bbox 2095 3794 3672 3877">
    <p class='ocr_par' dir='ltr' id='par_1_81' title="bbox 2095 3794 3672 3877">
     <span class='ocr_line' id='line_1_83' title="bbox 2095 3794 3672 3877; baseline 0.011 -31"><span class='ocrx_word' id='word_1_613' title='bbox 2095 3794 2316 3861; x_wconf 88' lang='lat' dir='ltr'><strong>superni</strong></span> <span class='ocrx_word' id='word_1_614' title='bbox 2341 3796 2489 3864; x_wconf 88' lang='lat' dir='ltr'><strong>regni</strong></span> <span class='ocrx_word' id='word_1_615' title='bbox 2519 3797 2734 3853; x_wconf 85' lang='lat' dir='ltr'><strong>divitias</strong></span> <span class='ocrx_word' id='word_1_616' title='bbox 2763 3815 2861 3870; x_wconf 91' lang='lat' dir='ltr'><strong>per</strong></span> <span class='ocrx_word' id='word_1_617' title='bbox 2880 3803 3064 3858; x_wconf 90' lang='lat' dir='ltr'><strong>mundi</strong></span> <span class='ocrx_word' id='word_1_618' title='bbox 3087 3801 3425 3860; x_wconf 87' lang='lat' dir='ltr'><strong>latitudinem</strong></span> <span class='ocrx_word' id='word_1_619' title='bbox 3457 3807 3672 3877; x_wconf 73' lang='lat' dir='ltr'><strong>dispen-</strong></span> 
     </span>
    </p>
   </div>
   <div class='ocr_carea' id='block_1_82' title="bbox 2094 3883 3674 3959">
    <p class='ocr_par' dir='ltr' id='par_1_82' title="bbox 2094 3883 3674 3959">
     <span class='ocr_line' id='line_1_84' title="bbox 2094 3883 3674 3959; baseline 0.01 -23"><span class='ocrx_word' id='word_1_620' title='bbox 2094 3897 2238 3938; x_wconf 90' lang='lat' dir='ltr'><strong>sare.</strong></span> <span class='ocrx_word' id='word_1_621' title='bbox 2278 3883 2358 3936; x_wconf 83' lang='lat' dir='ltr'><strong>Tu</strong></span> <span class='ocrx_word' id='word_1_622' title='bbox 2387 3883 2596 3940; x_wconf 88' lang='lat' dir='ltr'><strong>scilicet</strong></span> <span class='ocrx_word' id='word_1_623' title='bbox 2624 3903 2819 3942; x_wconf 90' lang='lat' dir='ltr'><strong>aurum</strong></span> <span class='ocrx_word' id='word_1_624' title='bbox 2867 3890 3068 3959; x_wconf 65' lang='lat' dir='ltr'><strong>quieris</strong></span> <span class='ocrx_word' id='word_1_625' title='bbox 3102 3907 3225 3947; x_wconf 87' lang='lat' dir='ltr'><strong>cum</strong></span> <span class='ocrx_word' id='word_1_626' title='bbox 3258 3895 3471 3949; x_wconf 60' lang='lat' dir='ltr'><strong>sacultr</strong></span> <span class='ocrx_word' id='word_1_627' title='bbox 3498 3904 3674 3952; x_wconf 78' lang='lat' dir='ltr'><strong>trans-</strong></span> 
     </span>
    </p>
   </div>
   <div class='ocr_carea' id='block_1_83' title="bbox 2094 3971 3673 4056">
    <p class='ocr_par' dir='ltr' id='par_1_83' title="bbox 2094 3971 3673 4056">
     <span class='ocr_line' id='line_1_85' title="bbox 2094 3971 3673 4056; baseline 0.01 -30"><span class='ocrx_word' id='word_1_628' title='bbox 2094 3971 2320 4037; x_wconf 90' lang='lat' dir='ltr'><strong>iturum,</strong></span> <span class='ocrx_word' id='word_1_629' title='bbox 2352 3983 2410 4028; x_wconf 92' lang='lat' dir='ltr'><strong>et</strong></span> <span class='ocrx_word' id='word_1_630' title='bbox 2451 3989 2553 4044; x_wconf 89' lang='lat' dir='ltr'><strong>ego</strong></span> <span class='ocrx_word' id='word_1_631' title='bbox 2603 3976 2698 4032; x_wconf 91' lang='lat' dir='ltr'><strong>tibi</strong></span> <span class='ocrx_word' id='word_1_632' title='bbox 2751 3977 3028 4048; x_wconf 82' lang='lat' dir='ltr'><strong>Evangelii</strong></span> <span class='ocrx_word' id='word_1_633' title='bbox 3064 3983 3378 4038; x_wconf 83' lang='lat' dir='ltr'><strong>thesaurum</strong></span> <span class='ocrx_word' id='word_1_634' title='bbox 3413 3984 3553 4040; x_wconf 81' lang='lat' dir='ltr'><strong>dabo</strong></span> <span class='ocrx_word' id='word_1_635' title='bbox 3577 4001 3673 4056; x_wconf 69' lang='lat' dir='ltr'><strong>per</strong></span> 
     </span>
    </p>
   </div>
   <div class='ocr_carea' id='block_1_84' title="bbox 2093 4063 3378 4138">
    <p class='ocr_par' dir='ltr' id='par_1_84' title="bbox 2093 4063 3378 4138">
     <span class='ocr_line' id='line_1_86' title="bbox 2093 4063 3378 4138; baseline 0.011 -25"><span class='ocrx_word' id='word_1_636' title='bbox 2093 4069 2287 4115; x_wconf 89' lang='lat' dir='ltr'><strong>cuncta</strong></span> <span class='ocrx_word' id='word_1_637' title='bbox 2313 4063 2500 4131; x_wconf 79' lang='lat' dir='ltr'><strong>procul</strong></span> <span class='ocrx_word' id='word_1_638' title='bbox 2524 4065 2691 4120; x_wconf 90' lang='lat' dir='ltr'><strong>dubio</strong></span> <span class='ocrx_word' id='word_1_639' title='bbox 2721 4068 2914 4121; x_wconf 62' lang='lat' dir='ltr'><strong>steeula</strong></span> <span class='ocrx_word' id='word_1_640' title='bbox 2942 4083 3378 4138; x_wconf 88' lang='lat' dir='ltr'><strong>permansurum.</strong></span> 
     </span>
    </p>
   </div>
   <div class='ocr_carea' id='block_1_85' title="bbox 2162 4189 3676 4277">
    <p class='ocr_par' dir='ltr' id='par_1_85' title="bbox 2162 4189 3676 4277">
     <span class='ocr_line' id='line_1_87' title="bbox 2162 4189 3676 4277; baseline 0.012 -33"><span class='ocrx_word' id='word_1_641' title='bbox 2162 4189 2297 4246; x_wconf 83' lang='lat' dir='ltr'><strong>Hinc</strong></span> <span class='ocrx_word' id='word_1_642' title='bbox 2331 4193 2472 4249; x_wconf 86' lang='lat' dir='ltr'><strong>forte</strong></span> <span class='ocrx_word' id='word_1_643' title='bbox 2501 4203 2585 4249; x_wconf 89' lang='lat' dir='ltr'><strong>est</strong></span> <span class='ocrx_word' id='word_1_644' title='bbox 2633 4197 2775 4265; x_wconf 91' lang='lat' dir='ltr'><strong>quod</strong></span> <span class='ocrx_word' id='word_1_645' title='bbox 2825 4198 2891 4253; x_wconf 88' lang='lat' dir='ltr'><strong>de</strong></span> <span class='ocrx_word' id='word_1_646' title='bbox 2940 4198 3102 4254; x_wconf 88' lang='lat' dir='ltr'><strong>ﬂuvio</strong></span> <span class='ocrx_word' id='word_1_647' title='bbox 3143 4201 3230 4256; x_wconf 89' lang='lat' dir='ltr'><strong>illo</strong></span> <span class='ocrx_word' id='word_1_648' title='bbox 3277 4205 3676 4277; x_wconf 79' lang='lat' dir='ltr'><strong>paratlisi,.qui.</strong></span> 
     </span>
    </p>
   </div>
   <div class='ocr_carea' id='block_1_86' title="bbox 2091 4282 3670 4366">
    <p class='ocr_par' dir='ltr' id='par_1_86' title="bbox 2091 4282 3670 4366">
     <span class='ocr_line' id='line_1_88' title="bbox 2091 4282 3670 4366; baseline 0.013 -32"><span class='ocrx_word' id='word_1_649' title='bbox 2091 4282 2232 4352; x_wconf 89' lang='lat' dir='ltr'><strong>apud</strong></span> <span class='ocrx_word' id='word_1_650' title='bbox 2272 4283 2525 4339; x_wconf 82' lang='lat' dir='ltr'><strong>Genesim</strong></span> <span class='ocrx_word' id='word_1_651' title='bbox 2560 4285 2757 4342; x_wconf 87' lang='lat' dir='ltr'><strong>Phison</strong></span> <span class='ocrx_word' id='word_1_652' title='bbox 2786 4290 3102 4358; x_wconf 88' lang='lat' dir='ltr'><strong>appellatur,</strong></span> <span class='ocrx_word' id='word_1_653' title='bbox 3128 4293 3198 4347; x_wconf 90' lang='lat' dir='ltr'><strong>ita</strong></span> <span class='ocrx_word' id='word_1_654' title='bbox 3228 4293 3422 4364; x_wconf 83' lang='lat' dir='ltr'><strong>legitur</strong></span> <span class='ocrx_word' id='word_1_655' title='bbox 3446 4295 3670 4366; x_wconf 73' lang='lat' dir='ltr'><strong>:,t.Quia</strong></span> 
     </span>
    </p>
   </div>
   <div class='ocr_carea' id='block_1_87' title="bbox 2087 4373 3670 4460">
    <p class='ocr_par' dir='ltr' id='par_1_87' title="bbox 2087 4373 3670 4460">
     <span class='ocr_line' id='line_1_89' title="bbox 2087 4373 3670 4460; baseline 0.009 -35"><span class='ocrx_word' id='word_1_656' title='bbox 2087 4373 2516 4430; x_wconf 88' lang='lat' dir='ltr'><strong>circuitomnem</strong></span> <span class='ocrx_word' id='word_1_657' title='bbox 2549 4384 2746 4431; x_wconf 91' lang='lat' dir='ltr'><strong>terram</strong></span> <span class='ocrx_word' id='word_1_658' title='bbox 2777 4379 3010 4446; x_wconf 87' lang='lat' dir='ltr'><strong>Evilath,</strong></span> <span class='ocrx_word' id='word_1_659' title='bbox 3041 4381 3128 4435; x_wconf 83' lang='lat' dir='ltr'><strong>tibi</strong></span> <span class='ocrx_word' id='word_1_660' title='bbox 3176 4384 3419 4437; x_wconf 88' lang='lat' dir='ltr'><strong>nascitur</strong></span> <span class='ocrx_word' id='word_1_661' title='bbox 3438 4401 3670 4460; x_wconf 72' lang='lat' dir='ltr'><strong>aurum;</strong></span> 
     </span>
    </p>
   </div>
   <div class='ocr_carea' id='block_1_88' title="bbox 407 4447 3665 4562">
    <p class='ocr_par' dir='ltr' id='par_1_88' title="bbox 407 4447 3665 4562">
     <span class='ocr_line' id='line_1_90' title="bbox 407 4447 3665 4562; baseline 0.009 -62"><span class='ocrx_word' id='word_1_662' title='bbox 407 4447 619 4511; x_wconf 71' lang='lat' dir='ltr'><strong>vivunt,</strong></span> <span class='ocrx_word' id='word_1_663' title='bbox 645 4451 734 4519; x_wconf 91' lang='lat' dir='ltr'><strong>qni</strong></span> <span class='ocrx_word' id='word_1_664' title='bbox 763 4452 1093 4522; x_wconf 87' lang='lat' dir='ltr'><strong>voluptatum</strong></span> <span class='ocrx_word' id='word_1_665' title='bbox 1142 4471 1362 4513; x_wconf 91' lang='lat' dir='ltr'><strong>suarum</strong></span> <span class='ocrx_word' id='word_1_666' title='bbox 1406 4459 1677 4518; x_wconf 91' lang='lat' dir='ltr'><strong>illecebris</strong></span> <span class='ocrx_word' id='word_1_667' title='bbox 1719 4467 1980 4532; x_wconf 90' lang='lat' dir='ltr'><strong>serviunt,</strong></span> <span class='ocrx_word' id='word_1_668' title='bbox 2012 4503 2061 4562; x_wconf 73' lang='grc' dir='ltr'>υ</span> <span class='ocrx_word' id='word_1_669' title='bbox 2088 4473 2144 4518; x_wconf 92' lang='lat' dir='ltr'><strong>et</strong></span> <span class='ocrx_word' id='word_1_670' title='bbox 2167 4479 2358 4519; x_wconf 89' lang='lat' dir='ltr'><strong>aurum</strong></span> <span class='ocrx_word' id='word_1_671' title='bbox 2382 4474 2542 4521; x_wconf 63' lang='lat' dir='ltr'><strong>terrae</strong></span> <span class='ocrx_word' id='word_1_672' title='bbox 2566 4467 2709 4522; x_wconf 90' lang='lat' dir='ltr'><strong>illius</strong></span> <span class='ocrx_word' id='word_1_673' title='bbox 2730 4470 2991 4562; x_wconf 72' lang='lat' dir='ltr'><strong>optimum</strong></span> <span class='ocrx_word' id='word_1_674' title='bbox 3021 4481 3106 4525; x_wconf 87' lang='lat' dir='ltr'><strong>est</strong></span> <span class='ocrx_word' id='word_1_675' title='bbox 3131 4471 3286 4562; x_wconf 58' lang='lat' dir='ltr'><strong>(Gem</strong></span> <span class='ocrx_word' id='word_1_676' title='bbox 3331 4473 3469 4562; x_wconf 15' lang='lat' dir='ltr'><strong>lt).rt</strong></span> <span class='ocrx_word' id='word_1_677' title='bbox 3505 4475 3665 4562; x_wconf 73' lang='lat' dir='ltr'><strong>Sicut</strong></span> 
     </span>
     <span class='ocr_line' id='line_1_91' title="bbox 410 4540 2567 4562; baseline 0.01 -15"><span class='ocrx_word' id='word_1_678' title='bbox 410 4549 458 4562; x_wconf 42' lang='grc' dir='ltr'><strong>Δ,</strong></span> <span class='ocrx_word' id='word_1_679' title='bbox 501 4540 617 4562; x_wconf 35' lang='grc' dir='ltr'><strong>,η-</strong></span> <span class='ocrx_word' id='word_1_680' title='bbox 985 4545 996 4558; x_wconf 91' lang='grc'><strong>.</strong></span> <span class='ocrx_word' id='word_1_681' title='bbox 1125 4548 1176 4562; x_wconf 87' lang='grc'><strong>,.</strong></span> <span class='ocrx_word' id='word_1_682' title='bbox 1902 4558 1916 4562; x_wconf 80' lang='grc'><strong>-</strong></span> <span class='ocrx_word' id='word_1_683' title='bbox 2157 4551 2169 4562; x_wconf 93' lang='grc'><strong><em>.</em></strong></span> <span class='ocrx_word' id='word_1_684' title='bbox 2260 4551 2355 4562; x_wconf 76' lang='grc'><strong>-..</strong></span> <span class='ocrx_word' id='word_1_685' title='bbox 2555 4555 2567 4562; x_wconf 92' lang='grc'><strong>.</strong></span> 
     </span>
    </p>
   </div>
   <div class='ocr_carea' id='block_1_89' title="bbox 409 4540 1980 4621">
    <p class='ocr_par' dir='ltr' id='par_1_89' title="bbox 409 4540 1980 4621">
     <span class='ocr_line' id='line_1_92' title="bbox 409 4540 1980 4621; baseline 0.013 -29"><span class='ocrx_word' id='word_1_686' title='bbox 409 4549 461 4592; x_wconf 88' lang='lat' dir='ltr'><strong>et</strong></span> <span class='ocrx_word' id='word_1_687' title='bbox 495 4540 622 4594; x_wconf 89' lang='lat' dir='ltr'><strong>dum</strong></span> <span class='ocrx_word' id='word_1_688' title='bbox 672 4541 800 4596; x_wconf 90' lang='lat' dir='ltr'><strong>nulli</strong></span> <span class='ocrx_word' id='word_1_689' title='bbox 831 4544 997 4599; x_wconf 85' lang='lat' dir='ltr'><strong>divini</strong></span> <span class='ocrx_word' id='word_1_690' title='bbox 1027 4548 1176 4602; x_wconf 86' lang='lat' dir='ltr'><strong>verbi</strong></span> <span class='ocrx_word' id='word_1_691' title='bbox 1203 4564 1449 4606; x_wconf 88' lang='lat' dir='ltr'><strong>vomeres</strong></span> <span class='ocrx_word' id='word_1_692' title='bbox 1474 4567 1661 4608; x_wconf 91' lang='lat' dir='ltr'><strong>eorum</strong></span> <span class='ocrx_word' id='word_1_693' title='bbox 1689 4571 1802 4621; x_wconf 91' lang='lat' dir='ltr'><strong>cor,</strong></span> <span class='ocrx_word' id='word_1_694' title='bbox 1834 4558 1980 4613; x_wconf 89' lang='lat' dir='ltr'><strong>velut</strong></span> 
     </span>
    </p>
   </div>
   <div class='ocr_carea' id='block_1_90' title="bbox 405 4631 1978 4714">
    <p class='ocr_par' dir='ltr' id='par_1_90' title="bbox 405 4631 1978 4714">
     <span class='ocr_line' id='line_1_93' title="bbox 405 4631 1978 4714; baseline 0.015 -33"><span class='ocrx_word' id='word_1_695' title='bbox 405 4641 595 4683; x_wconf 78' lang='lat' dir='ltr'><strong>arvum</strong></span> <span class='ocrx_word' id='word_1_696' title='bbox 622 4631 904 4700; x_wconf 89' lang='lat' dir='ltr'><strong>rationale,</strong></span> <span class='ocrx_word' id='word_1_697' title='bbox 929 4636 1267 4704; x_wconf 87' lang='lat' dir='ltr'><strong>persulcant,</strong></span> <span class='ocrx_word' id='word_1_698' title='bbox 1284 4640 1460 4695; x_wconf 90' lang='lat' dir='ltr'><strong>nullas</strong></span> <span class='ocrx_word' id='word_1_699' title='bbox 1480 4643 1742 4698; x_wconf 89' lang='lat' dir='ltr'><strong>bonorum</strong></span> <span class='ocrx_word' id='word_1_700' title='bbox 1757 4661 1978 4714; x_wconf 89' lang='lat' dir='ltr'><strong>operum</strong></span> 
     </span>
    </p>
   </div>
   <div class='ocr_carea' id='block_1_91' title="bbox 405 4724 1981 4793">
    <p class='ocr_par' dir='ltr' id='par_1_91' title="bbox 405 4724 1981 4793">
     <span class='ocr_line' id='line_1_94' title="bbox 405 4724 1981 4793; baseline 0.015 -22"><span class='ocrx_word' id='word_1_701' title='bbox 405 4729 616 4788; x_wconf 84' lang='lat' dir='ltr'><strong>segetes</strong></span> <span class='ocrx_word' id='word_1_702' title='bbox 645 4724 980 4792; x_wconf 90' lang='lat' dir='ltr'><strong>germinant;</strong></span> <span class='ocrx_word' id='word_1_703' title='bbox 1018 4728 1158 4780; x_wconf 87' lang='lat' dir='ltr'><strong>unde</strong></span> <span class='ocrx_word' id='word_1_704' title='bbox 1188 4730 1394 4784; x_wconf 89' lang='lat' dir='ltr'><strong>scilicet</strong></span> <span class='ocrx_word' id='word_1_705' title='bbox 1439 4732 1490 4785; x_wconf 91' lang='lat' dir='ltr'><strong>in</strong></span> <span class='ocrx_word' id='word_1_706' title='bbox 1522 4735 1832 4789; x_wconf 78' lang='lat' dir='ltr'><strong>ctelestihus</strong></span> <span class='ocrx_word' id='word_1_707' title='bbox 1861 4739 1981 4793; x_wconf 86' lang='lat' dir='ltr'><strong>hor-</strong></span> 
     </span>
    </p>
   </div>
   <div class='ocr_carea' id='block_1_92' title="bbox 404 4809 1976 4893">
    <p class='ocr_par' dir='ltr' id='par_1_92' title="bbox 404 4809 1976 4893">
     <span class='ocr_line' id='line_1_95' title="bbox 404 4809 1976 4893; baseline 0.013 -32"><span class='ocrx_word' id='word_1_708' title='bbox 404 4809 515 4864; x_wconf 83' lang='lat' dir='ltr'><strong>reis</strong></span> <span class='ocrx_word' id='word_1_709' title='bbox 547 4809 814 4867; x_wconf 85' lang='lat' dir='ltr'><strong>frumenta</strong></span> <span class='ocrx_word' id='word_1_710' title='bbox 858 4819 1188 4871; x_wconf 82' lang='lat' dir='ltr'><strong>recondunt?</strong></span> <span class='ocrx_word' id='word_1_711' title='bbox 1223 4819 1361 4887; x_wconf 91' lang='lat' dir='ltr'><strong>Quid</strong></span> <span class='ocrx_word' id='word_1_712' title='bbox 1401 4837 1530 4876; x_wconf 89' lang='lat' dir='ltr'><strong>vero</strong></span> <span class='ocrx_word' id='word_1_713' title='bbox 1565 4839 1663 4893; x_wconf 84' lang='lat' dir='ltr'><strong>per</strong></span> <span class='ocrx_word' id='word_1_714' title='bbox 1704 4826 1976 4893; x_wconf 87' lang='lat' dir='ltr'><strong>Charmel,</strong></span> 
     </span>
    </p>
   </div>
   <div class='ocr_carea' id='block_1_93' title="bbox 401 4902 1976 4978">
    <p class='ocr_par' dir='ltr' id='par_1_93' title="bbox 401 4902 1976 4978">
     <span class='ocr_line' id='line_1_96' title="bbox 401 4902 1976 4978; baseline 0.015 -26"><span class='ocrx_word' id='word_1_715' title='bbox 401 4902 494 4969; x_wconf 83' lang='lat' dir='ltr'><strong>qui</strong></span> <span class='ocrx_word' id='word_1_716' title='bbox 512 4904 730 4958; x_wconf 80' lang='lat' dir='ltr'><strong>scientia</strong></span> <span class='ocrx_word' id='word_1_717' title='bbox 771 4923 904 4961; x_wconf 78' lang='lat' dir='ltr'><strong>uera:</strong></span> <span class='ocrx_word' id='word_1_718' title='bbox 929 4909 1340 4965; x_wconf 76' lang='lat' dir='ltr'><strong>circumcisiom&#39;s</strong></span> <span class='ocrx_word' id='word_1_719' title='bbox 1367 4913 1589 4978; x_wconf 82' lang='lat' dir='ltr'><strong>dicitur,</strong></span> <span class='ocrx_word' id='word_1_720' title='bbox 1644 4917 1746 4972; x_wconf 87' lang='lat' dir='ltr'><strong>nisi</strong></span> <span class='ocrx_word' id='word_1_721' title='bbox 1778 4917 1851 4972; x_wconf 92' lang='lat' dir='ltr'><strong>illi</strong></span> <span class='ocrx_word' id='word_1_722' title='bbox 1881 4919 1976 4975; x_wconf 84' lang='lat' dir='ltr'><strong>de-</strong></span> 
     </span>
    </p>
   </div>
   <div class='ocr_carea' id='block_1_94' title="bbox 403 4992 1974 5075">
    <p class='ocr_par' dir='ltr' id='par_1_94' title="bbox 403 4992 1974 5075">
     <span class='ocr_line' id='line_1_97' title="bbox 403 4992 1974 5075; baseline 0.014 -32"><span class='ocrx_word' id='word_1_723' title='bbox 403 4992 533 5046; x_wconf 85' lang='lat' dir='ltr'><strong>bent</strong></span> <span class='ocrx_word' id='word_1_724' title='bbox 580 4993 828 5065; x_wconf 91' lang='lat' dir='ltr'><strong>intelligi,</strong></span> <span class='ocrx_word' id='word_1_725' title='bbox 884 4999 973 5066; x_wconf 91' lang='lat' dir='ltr'><strong>qui</strong></span> <span class='ocrx_word' id='word_1_726' title='bbox 1007 5014 1101 5067; x_wconf 90' lang='lat' dir='ltr'><strong>per</strong></span> <span class='ocrx_word' id='word_1_727' title='bbox 1127 4999 1358 5055; x_wconf 79' lang='lat' dir='ltr'><strong>nitorem</strong></span> <span class='ocrx_word' id='word_1_728' title='bbox 1385 5005 1672 5061; x_wconf 80' lang='lat' dir='ltr'><strong>exterioris</strong></span> <span class='ocrx_word' id='word_1_729' title='bbox 1694 5006 1917 5075; x_wconf 76' lang='lat' dir='ltr'><strong>iustitia:</strong></span> <span class='ocrx_word' id='word_1_730' title='bbox 1945 5027 1974 5065; x_wconf 69' lang='grc' dir='ltr'><strong>ι</strong></span> 
     </span>
    </p>
   </div>
   <div class='ocr_carea' id='block_1_95' title="bbox 404 5081 1977 5159">
    <p class='ocr_par' dir='ltr' id='par_1_95' title="bbox 404 5081 1977 5159">
     <span class='ocr_line' id='line_1_98' title="bbox 404 5081 1977 5159; baseline 0.015 -28"><span class='ocrx_word' id='word_1_731' title='bbox 404 5081 716 5137; x_wconf 88' lang='lat' dir='ltr'><strong>carnalibus</strong></span> <span class='ocrx_word' id='word_1_732' title='bbox 744 5085 995 5141; x_wconf 85' lang='lat' dir='ltr'><strong>videntur</strong></span> <span class='ocrx_word' id='word_1_733' title='bbox 1019 5089 1274 5157; x_wconf 83' lang='lat' dir='ltr'><strong>operibus</strong></span> <span class='ocrx_word' id='word_1_734' title='bbox 1322 5093 1653 5159; x_wconf 90' lang='lat' dir='ltr'><strong>circumcisi,</strong></span> <span class='ocrx_word' id='word_1_735' title='bbox 1677 5106 1734 5152; x_wconf 88' lang='lat' dir='ltr'><strong>et</strong></span> <span class='ocrx_word' id='word_1_736' title='bbox 1783 5099 1847 5154; x_wconf 87' lang='lat' dir='ltr'><strong>de</strong></span> <span class='ocrx_word' id='word_1_737' title='bbox 1871 5102 1977 5156; x_wconf 79' lang='lat' dir='ltr'><strong>cir-</strong></span> 
     </span>
    </p>
   </div>
   <div class='ocr_carea' id='block_1_96' title="bbox 401 5171 1978 5251">
    <p class='ocr_par' dir='ltr' id='par_1_96' title="bbox 401 5171 1978 5251">
     <span class='ocr_line' id='line_1_99' title="bbox 401 5171 1978 5251; baseline 0.013 -28"><span class='ocrx_word' id='word_1_738' title='bbox 401 5171 750 5228; x_wconf 90' lang='lat' dir='ltr'><strong>cumcisionis</strong></span> <span class='ocrx_word' id='word_1_739' title='bbox 792 5175 1032 5244; x_wconf 82' lang='lat' dir='ltr'><strong>ejusdem</strong></span> <span class='ocrx_word' id='word_1_740' title='bbox 1075 5179 1230 5246; x_wconf 90' lang='lat' dir='ltr'><strong>quasi</strong></span> <span class='ocrx_word' id='word_1_741' title='bbox 1294 5181 1552 5251; x_wconf 79' lang='lat' dir='ltr'><strong>singulari</strong></span> <span class='ocrx_word' id='word_1_742' title='bbox 1609 5177 1714 5240; x_wconf 59' lang='lat' dir='ltr'><strong>n‘on</strong></span> <span class='ocrx_word' id='word_1_743' title='bbox 1763 5198 1978 5244; x_wconf 88' lang='lat' dir='ltr'><strong>cessant</strong></span> 
     </span>
    </p>
   </div>
   <div class='ocr_carea' id='block_1_97' title="bbox 401 5259 1976 5344">
    <p class='ocr_par' dir='ltr' id='par_1_97' title="bbox 401 5259 1976 5344">
     <span class='ocr_line' id='line_1_100' title="bbox 401 5259 1976 5344; baseline 0.014 -31"><span class='ocrx_word' id='word_1_744' title='bbox 401 5259 626 5314; x_wconf 86' lang='lat' dir='ltr'><strong>scientia</strong></span> <span class='ocrx_word' id='word_1_745' title='bbox 652 5261 896 5329; x_wconf 84' lang='lat' dir='ltr'><strong>gloriari,</strong></span> <span class='ocrx_word' id='word_1_746' title='bbox 925 5277 977 5320; x_wconf 92' lang='lat' dir='ltr'><strong>et</strong></span> <span class='ocrx_word' id='word_1_747' title='bbox 994 5267 1118 5322; x_wconf 84' lang='lat' dir='ltr'><strong>dum</strong></span> <span class='ocrx_word' id='word_1_748' title='bbox 1137 5284 1242 5322; x_wconf 90' lang='lat' dir='ltr'><strong>non</strong></span> <span class='ocrx_word' id='word_1_749' title='bbox 1273 5271 1682 5344; x_wconf 90' lang='lat' dir='ltr'><strong>qualiscunque.</strong></span> <span class='ocrx_word' id='word_1_750' title='bbox 1713 5279 1807 5332; x_wconf 87' lang='lat' dir='ltr'><strong>sed</strong></span> <span class='ocrx_word' id='word_1_751' title='bbox 1836 5294 1976 5334; x_wconf 74' lang='lat' dir='ltr'><strong>vera:</strong></span> 
     </span>
    </p>
   </div>
   <div class='ocr_carea' id='block_1_98' title="bbox 399 5350 1974 5434">
    <p class='ocr_par' dir='ltr' id='par_1_98' title="bbox 399 5350 1974 5434">
     <span class='ocr_line' id='line_1_101' title="bbox 399 5350 1974 5434; baseline 0.013 -32"><span class='ocrx_word' id='word_1_752' title='bbox 399 5350 834 5409; x_wconf 88' lang='lat' dir='ltr'><strong>circnmcisionis</strong></span> <span class='ocrx_word' id='word_1_753' title='bbox 919 5371 1030 5411; x_wconf 66' lang='lat' dir='ltr'><strong>sua:</strong></span> <span class='ocrx_word' id='word_1_754' title='bbox 1095 5359 1378 5416; x_wconf 89' lang='lat' dir='ltr'><strong>scientiam</strong></span> <span class='ocrx_word' id='word_1_755' title='bbox 1455 5375 1756 5434; x_wconf 87' lang='lat' dir='ltr'><strong>arrogant,</strong></span> <span class='ocrx_word' id='word_1_756' title='bbox 1839 5369 1974 5424; x_wconf 83' lang='lat' dir='ltr'><strong>alios</strong></span> 
     </span>
    </p>
   </div>
   <div class='ocr_carea' id='block_1_99' title="bbox 399 5441 1972 5514">
    <p class='ocr_par' dir='ltr' id='par_1_99' title="bbox 399 5441 1972 5514">
     <span class='ocr_line' id='line_1_102' title="bbox 399 5441 1972 5514; baseline 0.015 -23"><span class='ocrx_word' id='word_1_757' title='bbox 399 5441 799 5508; x_wconf 85' lang='lat' dir='ltr'><strong>quodammodo</strong></span> <span class='ocrx_word' id='word_1_758' title='bbox 826 5445 899 5500; x_wconf 87' lang='lat' dir='ltr'><strong>de</strong></span> <span class='ocrx_word' id='word_1_759' title='bbox 943 5464 1049 5502; x_wconf 91' lang='lat' dir='ltr'><strong>non</strong></span> <span class='ocrx_word' id='word_1_760' title='bbox 1085 5464 1227 5506; x_wconf 73' lang='lat' dir='ltr'><strong>verte</strong></span> <span class='ocrx_word' id='word_1_761' title='bbox 1268 5451 1701 5510; x_wconf 91' lang='lat' dir='ltr'><strong>circumcisionis</strong></span> <span class='ocrx_word' id='word_1_762' title='bbox 1741 5457 1972 5514; x_wconf 83' lang='lat' dir='ltr'><strong>falsitate</strong></span> 
     </span>
    </p>
   </div>
   <div class='ocr_carea' id='block_1_100' title="bbox 398 5531 805 5608">
    <p class='ocr_par' dir='ltr' id='par_1_100' title="bbox 398 5531 805 5608">
     <span class='ocr_line' id='line_1_103' title="bbox 398 5531 805 5608; baseline 0.025 -25"><span class='ocrx_word' id='word_1_763' title='bbox 398 5531 761 5608; x_wconf 87' lang='lat' dir='ltr'><strong>condemnant</strong></span> <span class='ocrx_word' id='word_1_764' title='bbox 781 5534 805 5593; x_wconf 65' lang='grc' dir='ltr'><strong>ἲ</strong></span> 
     </span>
    </p>
   </div>
   <div class='ocr_carea' id='block_1_101' title="bbox 469 5622 1970 5698">
    <p class='ocr_par' dir='ltr' id='par_1_101' title="bbox 469 5622 1970 5698">
     <span class='ocr_line' id='line_1_104' title="bbox 469 5622 1970 5698; baseline 0.011 -25"><span class='ocrx_word' id='word_1_765' title='bbox 469 5622 750 5678; x_wconf 80' lang='lat' dir='ltr'><strong>Desertum</strong></span> <span class='ocrx_word' id='word_1_766' title='bbox 798 5639 929 5694; x_wconf 87' lang='lat' dir='ltr'><strong>ergo</strong></span> <span class='ocrx_word' id='word_1_767' title='bbox 967 5627 1020 5682; x_wconf 92' lang='lat' dir='ltr'><strong>in</strong></span> <span class='ocrx_word' id='word_1_768' title='bbox 1067 5627 1315 5684; x_wconf 89' lang='lat' dir='ltr'><strong>Charmel</strong></span> <span class='ocrx_word' id='word_1_769' title='bbox 1360 5633 1608 5698; x_wconf 91' lang='lat' dir='ltr'><strong>vertitur,</strong></span> <span class='ocrx_word' id='word_1_770' title='bbox 1639 5643 1694 5688; x_wconf 91' lang='lat' dir='ltr'><strong>et</strong></span> <span class='ocrx_word' id='word_1_771' title='bbox 1721 5635 1970 5690; x_wconf 86' lang='lat' dir='ltr'><strong>Charmel</strong></span> 
     </span>
    </p>
   </div>
   <div class='ocr_carea' id='block_1_102' title="bbox 399 5709 1976 5794">
    <p class='ocr_par' dir='ltr' id='par_1_102' title="bbox 399 5709 1976 5794">
     <span class='ocr_line' id='line_1_105' title="bbox 399 5709 1976 5794; baseline 0.01 -27"><span class='ocrx_word' id='word_1_772' title='bbox 399 5709 456 5767; x_wconf 83' lang='lat' dir='ltr'><strong>iu</strong></span> <span class='ocrx_word' id='word_1_773' title='bbox 482 5711 677 5771; x_wconf 75' lang='lat' dir='ltr'><strong>saltum</strong></span> <span class='ocrx_word' id='word_1_774' title='bbox 719 5717 1025 5773; x_wconf 89' lang='lat' dir='ltr'><strong>econtrario</strong></span> <span class='ocrx_word' id='word_1_775' title='bbox 1063 5729 1366 5791; x_wconf 87' lang='lat' dir='ltr'><strong>reputatur,</strong></span> <span class='ocrx_word' id='word_1_776' title='bbox 1411 5739 1532 5780; x_wconf 90' lang='lat' dir='ltr'><strong>cttut</strong></span> <span class='ocrx_word' id='word_1_777' title='bbox 1581 5732 1636 5779; x_wconf 90' lang='lat' dir='ltr'><strong>et</strong></span> <span class='ocrx_word' id='word_1_778' title='bbox 1661 5735 1976 5794; x_wconf 86' lang='lat' dir='ltr'><strong>peccatores</strong></span> 
     </span>
    </p>
   </div>
   <div class='ocr_carea' id='block_1_103' title="bbox 2085 4551 3666 4630">
    <p class='ocr_par' dir='ltr' id='par_1_103' title="bbox 2085 4551 3666 4630">
     <span class='ocr_line' id='line_1_106' title="bbox 2085 4551 3666 4630; baseline 0.009 -27"><span class='ocrx_word' id='word_1_779' title='bbox 2085 4551 2228 4604; x_wconf 91' lang='lat' dir='ltr'><strong>enim</strong></span> <span class='ocrx_word' id='word_1_780' title='bbox 2260 4551 2458 4608; x_wconf 82' lang='lat' dir='ltr'><strong>Phison</strong></span> <span class='ocrx_word' id='word_1_781' title='bbox 2485 4555 2695 4624; x_wconf 90' lang='lat' dir='ltr'><strong>primus</strong></span> <span class='ocrx_word' id='word_1_782' title='bbox 2731 4565 2812 4610; x_wconf 90' lang='lat' dir='ltr'><strong>est</strong></span> <span class='ocrx_word' id='word_1_783' title='bbox 2843 4555 3122 4612; x_wconf 90' lang='lat' dir='ltr'><strong>ﬂuviorum</strong></span> <span class='ocrx_word' id='word_1_784' title='bbox 3153 4560 3220 4613; x_wconf 90' lang='lat' dir='ltr'><strong>de</strong></span> <span class='ocrx_word' id='word_1_785' title='bbox 3250 4561 3482 4630; x_wconf 90' lang='lat' dir='ltr'><strong>paradisi</strong></span> <span class='ocrx_word' id='word_1_786' title='bbox 3515 4561 3666 4621; x_wconf 79' lang='lat' dir='ltr'><strong>fonte</strong></span> 
     </span>
    </p>
   </div>
   <div class='ocr_carea' id='block_1_104' title="bbox 2083 4642 3660 4716">
    <p class='ocr_par' dir='ltr' id='par_1_104' title="bbox 2083 4642 3660 4716">
     <span class='ocr_line' id='line_1_107' title="bbox 2083 4642 3660 4716; baseline 0.008 -24"><span class='ocrx_word' id='word_1_787' title='bbox 2083 4642 2512 4711; x_wconf 88' lang='lat' dir='ltr'><strong>procedentium,</strong></span> <span class='ocrx_word' id='word_1_788' title='bbox 2541 4643 2614 4697; x_wconf 91' lang='lat' dir='ltr'><strong>ita</strong></span> <span class='ocrx_word' id='word_1_789' title='bbox 2648 4644 2705 4697; x_wconf 91' lang='grc' dir='ltr'><strong>Β.</strong></span> <span class='ocrx_word' id='word_1_790' title='bbox 2739 4643 3022 4699; x_wconf 78' lang='lat' dir='ltr'><strong>Matthtetts</strong></span> <span class='ocrx_word' id='word_1_791' title='bbox 3069 4646 3209 4700; x_wconf 90' lang='lat' dir='ltr'><strong>inter</strong></span> <span class='ocrx_word' id='word_1_792' title='bbox 3237 4647 3470 4716; x_wconf 85' lang='lat' dir='ltr'><strong>reliquos</strong></span> <span class='ocrx_word' id='word_1_793' title='bbox 3496 4665 3660 4705; x_wconf 83' lang='lat' dir='ltr'><strong>cvan-</strong></span> 
     </span>
    </p>
   </div>
   <div class='ocr_carea' id='block_1_105' title="bbox 2083 4729 3659 4810">
    <p class='ocr_par' dir='ltr' id='par_1_105' title="bbox 2083 4729 3659 4810">
     <span class='ocr_line' id='line_1_108' title="bbox 2083 4729 3659 4810; baseline 0.007 -24"><span class='ocrx_word' id='word_1_794' title='bbox 2083 4733 2304 4802; x_wconf 86' lang='lat' dir='ltr'><strong>gelistas</strong></span> <span class='ocrx_word' id='word_1_795' title='bbox 2356 4734 2590 4803; x_wconf 91' lang='lat' dir='ltr'><strong>primum</strong></span> <span class='ocrx_word' id='word_1_796' title='bbox 2637 4736 2850 4790; x_wconf 91' lang='lat' dir='ltr'><strong>obtinet</strong></span> <span class='ocrx_word' id='word_1_797' title='bbox 2882 4729 3079 4792; x_wconf 86' lang='lat' dir='ltr'><strong>locum.</strong></span> <span class='ocrx_word' id='word_1_798' title='bbox 3135 4739 3281 4793; x_wconf 90' lang='lat' dir='ltr'><strong>Satis</strong></span> <span class='ocrx_word' id='word_1_799' title='bbox 3305 4755 3435 4810; x_wconf 90' lang='lat' dir='ltr'><strong>ergo</strong></span> <span class='ocrx_word' id='word_1_800' title='bbox 3460 4756 3659 4797; x_wconf 72' lang='lat' dir='ltr'><strong>conve~</strong></span> 
     </span>
    </p>
   </div>
   <div class='ocr_carea' id='block_1_106' title="bbox 2083 4825 3667 4901">
    <p class='ocr_par' dir='ltr' id='par_1_106' title="bbox 2083 4825 3667 4901">
     <span class='ocr_line' id='line_1_109' title="bbox 2083 4825 3667 4901; baseline 0.009 -23"><span class='ocrx_word' id='word_1_801' title='bbox 2083 4825 2238 4880; x_wconf 91' lang='lat' dir='ltr'><strong>niens</strong></span> <span class='ocrx_word' id='word_1_802' title='bbox 2262 4835 2367 4890; x_wconf 92' lang='lat' dir='ltr'><strong>est,</strong></span> <span class='ocrx_word' id='word_1_803' title='bbox 2411 4835 2466 4880; x_wconf 90' lang='lat' dir='ltr'><strong>et</strong></span> <span class='ocrx_word' id='word_1_804' title='bbox 2495 4827 2700 4882; x_wconf 69' lang='lat' dir='ltr'><strong>intima:</strong></span> <span class='ocrx_word' id='word_1_805' title='bbox 2755 4829 2948 4882; x_wconf 92' lang='lat' dir='ltr'><strong>rationi</strong></span> <span class='ocrx_word' id='word_1_806' title='bbox 2977 4830 3256 4899; x_wconf 89' lang='lat' dir='ltr'><strong>aptissime</strong></span> <span class='ocrx_word' id='word_1_807' title='bbox 3290 4833 3558 4901; x_wconf 87' lang='lat' dir='ltr'><strong>congruit,</strong></span> <span class='ocrx_word' id='word_1_808' title='bbox 3599 4843 3667 4892; x_wconf 75' lang='lat' dir='ltr'><strong>ut</strong></span> 
     </span>
    </p>
   </div>
   <div class='ocr_carea' id='block_1_107' title="bbox 2082 4914 3666 4988">
    <p class='ocr_par' dir='ltr' id='par_1_107' title="bbox 2082 4914 3666 4988">
     <span class='ocr_line' id='line_1_110' title="bbox 2082 4914 3666 4988; baseline 0.006 -22"><span class='ocrx_word' id='word_1_809' title='bbox 2082 4914 2224 4967; x_wconf 89' lang='lat' dir='ltr'><strong>sicut</strong></span> <span class='ocrx_word' id='word_1_810' title='bbox 2247 4915 2387 4984; x_wconf 91' lang='lat' dir='ltr'><strong>apud</strong></span> <span class='ocrx_word' id='word_1_811' title='bbox 2415 4914 2614 4970; x_wconf 87' lang='lat' dir='ltr'><strong>Phison</strong></span> <span class='ocrx_word' id='word_1_812' title='bbox 2643 4917 2905 4986; x_wconf 80' lang='lat' dir='ltr'><strong>Optimum</strong></span> <span class='ocrx_word' id='word_1_813' title='bbox 2946 4918 3214 4988; x_wconf 79' lang='lat' dir='ltr'><strong>reperitur</strong></span> <span class='ocrx_word' id='word_1_814' title='bbox 3247 4936 3459 4986; x_wconf 77' lang='lat' dir='ltr'><strong>aurum,</strong></span> <span class='ocrx_word' id='word_1_815' title='bbox 3491 4922 3570 4976; x_wconf 90' lang='lat' dir='ltr'><strong>sic</strong></span> <span class='ocrx_word' id='word_1_816' title='bbox 3603 4931 3666 4976; x_wconf 70' lang='lat' dir='ltr'><strong>et</strong></span> 
     </span>
    </p>
   </div>
   <div class='ocr_carea' id='block_1_108' title="bbox 2082 5005 3660 5080">
    <p class='ocr_par' dir='ltr' id='par_1_108' title="bbox 2082 5005 3660 5080">
     <span class='ocr_line' id='line_1_111' title="bbox 2082 5005 3660 5080; baseline 0.006 -24"><span class='ocrx_word' id='word_1_817' title='bbox 2082 5005 2223 5074; x_wconf 89' lang='lat' dir='ltr'><strong>apud</strong></span> <span class='ocrx_word' id='word_1_818' title='bbox 2250 5006 2395 5061; x_wconf 88' lang='lat' dir='ltr'><strong>hunc</strong></span> <span class='ocrx_word' id='word_1_819' title='bbox 2435 5006 2806 5062; x_wconf 81' lang='lat' dir='ltr'><strong>beatissimum</strong></span> <span class='ocrx_word' id='word_1_820' title='bbox 2854 5007 3148 5079; x_wconf 74' lang='lat' dir='ltr'><strong>evangelici</strong></span> <span class='ocrx_word' id='word_1_821' title='bbox 3176 5011 3382 5065; x_wconf 88' lang='lat' dir='ltr'><strong>ordinis</strong></span> <span class='ocrx_word' id='word_1_822' title='bbox 3408 5011 3660 5080; x_wconf 74' lang='lat' dir='ltr'><strong>primice-</strong></span> 
     </span>
    </p>
   </div>
   <div class='ocr_carea' id='block_1_109' title="bbox 2083 5093 3657 5164">
    <p class='ocr_par' dir='ltr' id='par_1_109' title="bbox 2083 5093 3657 5164">
     <span class='ocr_line' id='line_1_112' title="bbox 2083 5093 3657 5164; baseline 0.006 -19"><span class='ocrx_word' id='word_1_823' title='bbox 2083 5093 2221 5145; x_wconf 89' lang='lat' dir='ltr'><strong>rium</strong></span> <span class='ocrx_word' id='word_1_824' title='bbox 2266 5093 2634 5164; x_wconf 84' lang='lat' dir='ltr'><strong>intelligamus</strong></span> <span class='ocrx_word' id='word_1_825' title='bbox 2672 5095 2850 5152; x_wconf 76' lang='lat' dir='ltr'><strong>inesse</strong></span> <span class='ocrx_word' id='word_1_826' title='bbox 2881 5095 3117 5150; x_wconf 89' lang='lat' dir='ltr'><strong>thesauri</strong></span> <span class='ocrx_word' id='word_1_827' title='bbox 3165 5098 3416 5153; x_wconf 63' lang='lat' dir='ltr'><strong>celestis.</strong></span> <span class='ocrx_word' id='word_1_828' title='bbox 3452 5099 3657 5154; x_wconf 68' lang='lat' dir='ltr'><strong>income-</strong></span> 
     </span>
    </p>
   </div>
   <div class='ocr_carea' id='block_1_110' title="bbox 2080 5182 3657 5256">
    <p class='ocr_par' dir='ltr' id='par_1_110' title="bbox 2080 5182 3657 5256">
     <span class='ocr_line' id='line_1_113' title="bbox 2080 5182 3657 5256; baseline 0.006 -22"><span class='ocrx_word' id='word_1_829' title='bbox 2080 5182 2441 5250; x_wconf 89' lang='lat' dir='ltr'><strong>prchensibile</strong></span> <span class='ocrx_word' id='word_1_830' title='bbox 2470 5193 2887 5239; x_wconf 88' lang='lat' dir='ltr'><strong>sacramentum.</strong></span> <span class='ocrx_word' id='word_1_831' title='bbox 2921 5185 3017 5240; x_wconf 85' lang='lat' dir='ltr'><strong>Cui</strong></span> <span class='ocrx_word' id='word_1_832' title='bbox 3067 5186 3310 5256; x_wconf 78' lang='lat' dir='ltr'><strong>profecto</strong></span> <span class='ocrx_word' id='word_1_833' title='bbox 3334 5189 3657 5245; x_wconf 61' lang='lat' dir='ltr'><strong>conveniens-</strong></span> 
     </span>
    </p>
   </div>
   <div class='ocr_carea' id='block_1_111' title="bbox 2083 5273 3654 5345">
    <p class='ocr_par' dir='ltr' id='par_1_111' title="bbox 2083 5273 3654 5345">
     <span class='ocr_line' id='line_1_114' title="bbox 2083 5273 3654 5345; baseline 0.006 -20"><span class='ocrx_word' id='word_1_834' title='bbox 2083 5281 2164 5327; x_wconf 86' lang='lat' dir='ltr'><strong>ter</strong></span> <span class='ocrx_word' id='word_1_835' title='bbox 2187 5280 2436 5341; x_wconf 74' lang='lat' dir='ltr'><strong>aptatur,</strong></span> <span class='ocrx_word' id='word_1_836' title='bbox 2485 5274 2625 5345; x_wconf 80' lang='lat' dir='ltr'><strong>quod</strong></span> <span class='ocrx_word' id='word_1_837' title='bbox 2673 5290 2770 5343; x_wconf 88' lang='lat' dir='ltr'><strong>per</strong></span> <span class='ocrx_word' id='word_1_838' title='bbox 2818 5273 3158 5330; x_wconf 83' lang='lat' dir='ltr'><strong>Salomonem</strong></span> <span class='ocrx_word' id='word_1_839' title='bbox 3187 5277 3424 5332; x_wconf 79' lang='lat' dir='ltr'><strong>dicitur:</strong></span> <span class='ocrx_word' id='word_1_840' title='bbox 3463 5280 3654 5334; x_wconf 68' lang='grc' dir='ltr'><strong>..τυθ-</strong></span> 
     </span>
    </p>
   </div>
   <div class='ocr_carea' id='block_1_112' title="bbox 2081 5362 3647 5440">
    <p class='ocr_par' dir='ltr' id='par_1_112' title="bbox 2081 5362 3647 5440">
     <span class='ocr_line' id='line_1_115' title="bbox 2081 5362 3647 5440; baseline 0.006 -26"><span class='ocrx_word' id='word_1_841' title='bbox 2081 5376 2275 5416; x_wconf 89' lang='lat' dir='ltr'><strong>saurus</strong></span> <span class='ocrx_word' id='word_1_842' title='bbox 2299 5362 2669 5416; x_wconf 86' lang='lat' dir='ltr'><strong>desiderabilis</strong></span> <span class='ocrx_word' id='word_1_843' title='bbox 2682 5364 2970 5432; x_wconf 88' lang='lat' dir='ltr'><strong>requiescit</strong></span> <span class='ocrx_word' id='word_1_844' title='bbox 2988 5366 3041 5419; x_wconf 82' lang='lat' dir='ltr'><strong>in</strong></span> <span class='ocrx_word' id='word_1_845' title='bbox 3057 5382 3150 5424; x_wconf 80' lang='lat' dir='ltr'><strong>ore</strong></span> <span class='ocrx_word' id='word_1_846' title='bbox 3176 5367 3446 5436; x_wconf 49' lang='lat' dir='ltr'><strong>sapientis~</strong></span> <span class='ocrx_word' id='word_1_847' title='bbox 3461 5364 3647 5440; x_wconf 62' lang='lat' dir='ltr'><strong>(Prom.</strong></span> 
     </span>
    </p>
   </div>
   <div class='ocr_carea' id='block_1_113' title="bbox 2080 5452 3653 5521">
    <p class='ocr_par' dir='ltr' id='par_1_113' title="bbox 2080 5452 3653 5521">
     <span class='ocr_line' id='line_1_116' title="bbox 2080 5452 3653 5521; baseline 0.004 -14"><span class='ocrx_word' id='word_1_848' title='bbox 2080 5452 2213 5521; x_wconf 72' lang='lat' dir='ltr'><strong>xxi).</strong></span> <span class='ocrx_word' id='word_1_849' title='bbox 2249 5471 2269 5504; x_wconf 77' lang='grc' dir='ltr'><strong>ι</strong></span> <span class='ocrx_word' id='word_1_850' title='bbox 2297 5452 2396 5510; x_wconf 88' lang='lat' dir='ltr'><strong>Ubi</strong></span> <span class='ocrx_word' id='word_1_851' title='bbox 2421 5453 2630 5510; x_wconf 81' lang='lat' dir='ltr'><strong>scilicet</strong></span> <span class='ocrx_word' id='word_1_852' title='bbox 2653 5468 2760 5508; x_wconf 89' lang='lat' dir='ltr'><strong>non</strong></span> <span class='ocrx_word' id='word_1_853' title='bbox 2785 5454 2927 5509; x_wconf 79' lang='lat' dir='ltr'><strong>fulva</strong></span> <span class='ocrx_word' id='word_1_854' title='bbox 2967 5456 3469 5513; x_wconf 78' lang='lat' dir='ltr'><strong>carnalibusoculis</strong></span> <span class='ocrx_word' id='word_1_855' title='bbox 3514 5473 3653 5513; x_wconf 77' lang='lat' dir='ltr'><strong>vena</strong></span> 
     </span>
    </p>
   </div>
   <div class='ocr_carea' id='block_1_114' title="bbox 2081 5543 3648 5618">
    <p class='ocr_par' dir='ltr' id='par_1_114' title="bbox 2081 5543 3648 5618">
     <span class='ocr_line' id='line_1_117' title="bbox 2081 5543 3648 5618; baseline 0.003 -18"><span class='ocrx_word' id='word_1_856' title='bbox 2081 5543 2280 5600; x_wconf 88' lang='lat' dir='ltr'><strong>mctalli</strong></span> <span class='ocrx_word' id='word_1_857' title='bbox 2308 5545 2572 5602; x_wconf 81' lang='lat' dir='ltr'><strong>vibrantis</strong></span> <span class='ocrx_word' id='word_1_858' title='bbox 2621 5544 2870 5611; x_wconf 85' lang='lat' dir='ltr'><strong>irradiat,</strong></span> <span class='ocrx_word' id='word_1_859' title='bbox 2919 5547 3014 5602; x_wconf 88' lang='lat' dir='ltr'><strong>sed</strong></span> <span class='ocrx_word' id='word_1_860' title='bbox 3044 5548 3302 5618; x_wconf 77' lang='lat' dir='ltr'><strong>mysticus</strong></span> <span class='ocrx_word' id='word_1_861' title='bbox 3346 5549 3648 5605; x_wconf 88' lang='lat' dir='ltr'><strong>intellectus</strong></span> 
     </span>
    </p>
   </div>
   <div class='ocr_carea' id='block_1_115' title="bbox 2079 5636 3646 5706">
    <p class='ocr_par' dir='ltr' id='par_1_115' title="bbox 2079 5636 3646 5706">
     <span class='ocr_line' id='line_1_118' title="bbox 2079 5636 3646 5706; baseline 0.005 -17"><span class='ocrx_word' id='word_1_862' title='bbox 2079 5636 2276 5690; x_wconf 85' lang='lat' dir='ltr'><strong>vivilici</strong></span> <span class='ocrx_word' id='word_1_863' title='bbox 2309 5637 2529 5706; x_wconf 87' lang='lat' dir='ltr'><strong>spiritus</strong></span> <span class='ocrx_word' id='word_1_864' title='bbox 2562 5637 2847 5706; x_wconf 88' lang='lat' dir='ltr'><strong>splendore</strong></span> <span class='ocrx_word' id='word_1_865' title='bbox 2878 5649 3146 5694; x_wconf 78' lang='lat' dir='ltr'><strong>coruscat.</strong></span> <span class='ocrx_word' id='word_1_866' title='bbox 3172 5639 3279 5695; x_wconf 78' lang='lat' dir='ltr'><strong>Nec</strong></span> <span class='ocrx_word' id='word_1_867' title='bbox 3325 5658 3514 5696; x_wconf 89' lang='lat' dir='ltr'><strong>aurutn</strong></span> <span class='ocrx_word' id='word_1_868' title='bbox 3544 5643 3646 5697; x_wconf 85' lang='lat' dir='ltr'><strong>hoc</strong></span> 
     </span>
    </p>
   </div>
   <div class='ocr_carea' id='block_1_116' title="bbox 2081 5728 3648 5801">
    <p class='ocr_par' dir='ltr' id='par_1_116' title="bbox 2081 5728 3648 5801">
     <span class='ocr_line' id='line_1_119' title="bbox 2081 5728 3648 5801; baseline 0.003 -17"><span class='ocrx_word' id='word_1_869' title='bbox 2081 5728 2410 5785; x_wconf 79' lang='lat' dir='ltr'><strong>nutantibus.</strong></span> <span class='ocrx_word' id='word_1_870' title='bbox 2453 5728 2696 5785; x_wconf 83' lang='lat' dir='ltr'><strong>lancibus</strong></span> <span class='ocrx_word' id='word_1_871' title='bbox 2726 5739 2935 5801; x_wconf 88' lang='lat' dir='ltr'><strong>emptor</strong></span> <span class='ocrx_word' id='word_1_872' title='bbox 2961 5732 3266 5798; x_wconf 87' lang='lat' dir='ltr'><strong>attrutinat,</strong></span> <span class='ocrx_word' id='word_1_873' title='bbox 3304 5734 3648 5790; x_wconf 31' lang='lat' dir='ltr'><strong>sedsauditot:</strong></span> 
     </span>
    </p>
   </div>
  </div>
