2032 3104
175 136 228 164 793

176 242 252 266 terna
265 236 321 266 ﬁda
331 238 481 269 securitate
495 238 622 268 conlidit.

210 281 244 309 Et
257 281 311 310 hoc
325 282 406 310 modo
419 281 490 312 forte
505 282 576 311 valet
588 282 715 318 intelligi,
731 282 803 318 quod
822 282 972 319 Apostolus

176 327 230 356 ait:
246 336 256 354 ι
273 327 351 360 Volo,
366 327 465 363 inquit.
479 327 506 356 in
522 327 642 358 Ecclesia
653 328 774 364 quinque
788 328 871 357 verba
886 336 971 356 sensu

177 374 418 410 meo-loqui,th
430 374 500 403 alios
515 374 660 408 instruant,
674 381 758 409 qua.
781 374 874 403 decem
887 374 971 402 millia

177 419 204 447 in
219 419 311 456 lingua
322 418 348 454 (1
362 418 426 449 Cor.
441 419 510 454 xlv).
526 428 539 446 ω
552 419 581 449 Id
590 424 642 452 est.
655 419 751 449 utilius
760 419 855 454 judico
862 419 971 454 passio-

177 472 240 493 nem
264 465 381 497 Domini,
405 472 465 499 quae
480 465 605 493 videlicet
628 466 748 501 quinque
771 469 971 500 cstproonrata

179 513 351 545 vulneribus,
371 517 399 540 et
423 513 506 541 corde
525 521 689 548 cognoscere
714 519 741 541 et
764 514 832 541 alios
846 514 970 547 educere,

179 566 260 593 quam
268 558 358 593 legem
372 563 502 590 veterem,
521 566 581 594 quae
593 567 642 593 per
665 559 825 594 Dccalognm
844 560 905 587 data
919 564 970 591 est,

180 603 374 638 multiplicibus
384 603 475 631 verbis
495 604 528 631 ad
542 605 738 631 ostentationes
760 604 880 631 inaniter
903 612 971 639 pra:-

181 649 283 678 tlicare.
304 649 369 678 Haec
394 649 521 676 nimirum
546 649 666 684 quinque
693 649 775 677 verba
800 649 852 676 illis
868 649 973 677 loeutus

180 694 280 726 fuerat.
296 694 394 729 quibus
410 693 579 728 postmodum
601 694 709 721 aiebat:
728 703 738 719 ι
758 694 830 720 Nihil
846 701 888 721 me
901 693 973 728 judi-

181 740 241 767 cavi
255 740 326 766 scire
345 739 418 766 inter
443 746 502 771 vos,
528 738 580 765 nisi
593 738 730 766 Christum
744 738 847 771 Jesum,
860 744 885 766 et
902 740 973 766 hunc

180 784 340 813 cruciﬁxum
350 784 378 820 (I
393 784 453 812 Cor.
470 784 511 819 tt).
529 794 539 811 ι
557 784 642 811 Porro
663 790 752 811 autem
769 785 839 812 sicut
855 784 881 811 in
894 793 973 819 para-

180 832 239 859 diso
252 836 371 866 quatuor
382 830 537 859 ﬂuminibus
547 838 580 858 ex
595 838 648 858 uno
664 830 740 857 fonte
753 830 970 865 procedentibus,

175 877 301 911 quinque
312 876 412 904 ﬂuenta
425 881 499 909 sunt,
512 884 573 911 quae
587 876 670 904 totius
685 877 776 904 mundi
799 876 968 903 latitudinem
987 876 1009 906 Β

176 922 305 957 irrigant,
318 922 357 950 sic
370 923 403 950 de
417 922 546 956 paradiso
560 921 693 948 Dominici
716 921 838 956 corporis
852 921 985 956 ιμιίιιίιιιες

176 967 296 1002 partitus
310 974 392 994 cruor
406 966 516 999 cmusit,
527 966 573 1001 qui
585 966 709 993 videlicet
734 966 844 993 humani
865 966 973 1001 generis

178 1013 385 1047 inquinamenta
409 1012 544 1047 purgavit.
566 1012 646 1047 273
669 1011 827 1047 Quanquam
851 1020 899 1047 per
913 1012 973 1039 illos

177 1058 298 1093 paradisi
322 1058 453 1093 gurgites,
470 1057 515 1092 qui
538 1065 570 1084 ex
586 1057 665 1084 unius
689 1056 772 1084 fontis
787 1057 891 1092 origine
908 1065 972 1091 pro-

179 1104 274 1137 dcunt,
290 1104 350 1131 luce
363 1104 466 1131 clarius
486 1103 557 1131 beati
574 1103 745 1138 evangelista
759 1103 910 1138 signantur,
927 1103 972 1137 qui

180 1149 309 1176 nimirum
323 1149 356 1176 de
368 1149 469 1176 Christi
484 1148 651 1183 plenitudine
674 1147 913 1185 proﬁuseruntJn
927 1148 973 1175 illo

177 1198 312 1229 praeterea
327 1193 416 1221 l'rome
438 1193 489 1221 loti
510 1199 584 1225 sunt,
600 1194 754 1228 quicunque
765 1193 972 1220 commissorum

180 1240 288 1267 veniam
302 1244 368 1267 sunt
386 1240 535 1268 consecuti.
561 1239 620 1274 Ipse
643 1239 752 1274 quippe,
767 1239 837 1266 sicut
854 1238 974 1266 Joannes

179 1286 228 1315 ait.
243 1290 286 1313 est
299 1286 456 1321 propitiatio
471 1293 520 1321 pro
545 1285 666 1320 peccatis
685 1285 801 1317 nostris;
817 1285 861 1312 ubi
882 1289 909 1311 et
931 1293 974 1312 se-

179 1331 294 1367 quitur:
309 1340 318 1357 l
336 1330 394 1360 Non
410 1339 459 1366 pro
475 1331 576 1358 nostris
590 1335 682 1357 autem
699 1335 813 1361 tantum,
826 1330 873 1357 sed
883 1334 912 1357 et
925 1338 974 1364 pro

180 1378 265 1406 totius
279 1376 409 1412 mundi“
424 1376 505 1404 Joan.
515 1376 559 1411 ιι).
578 1386 587 1402 ι
609 1376 679 1403 Hinc
693 1375 817 1410 estquod
830 1376 974 1403 Pharisxt-is

179 1423 377 1452 misenicordite
404 1424 506 1450 viscera
533 1422 728 1455 nescientibus,
752 1423 817 1449 ait:
840 1431 849 1447 I
873 1422 975 1449 Euutes

180 1475 272 1498 autem
286 1469 383 1498 discite
395 1469 458 1504 quid
476 1473 517 1496 est
530 1477 537 1495 :
552 1467 765 1496 Misericordiam
788 1466 858 1498 volo,
874 1471 902 1494 et
916 1473 969 1493 non

180 1516 344 1546 sacriﬁcium
358 1515 465 1548 (Matth.
478 1514 528 1548 ιιι).
552 1523 562 1540 ι

844 135 963 165 8εῆΜο
981 135 1034 163 Lll.
1548 157 1550 160 ,

175 191 318 225 tuit,et:in
330 199 449 227 easpem
472 199 550 221 suam
566 192 714 226 collocatus,
726 191 758 223 de
770 192 855 231 gloria
867 192 968 229 sentpi—
978 196 1005 226 Λ
1019 192 1086 220 mini
1114 192 1174 220 sine
1192 191 1311 227 .quesela
1330 190 1412 227 (Lac.
1440 191 1476 227 ος
1493 199 1545 219 non
1570 191 1687 227 denique
1705 191 1809 220 Natu:-

1751 137 1803 166 79!

1020 238 1135 270 naolem,
1149 237 1177 265 in
1197 244 1252 273 quo
1260 236 1341 265 dolus
1353 244 1407 265 non
1418 241 1481 265 erat
1491 237 1576 272 etqui
1588 244 1682 264 verum
1697 244 1727 265 se
1741 244 1811 272 pra:—

1019 279 1102 314 beht
1120 282 1269 311 lsraeiitatn
1281 282 1376 316 (loco.
1388 283 1426 318 1);
1448 290 1502 310 non
1515 286 1590 311 cene
1599 281 1769 320 Simeonem,
1781 284 1810 310 in

1020 336 1074 364 quo
1093 328 1214 364 Spiritus
1228 333 1338 357 sanctus
1354 332 1430 361 ποι-ιιι,
1444 328 1489 356 cui
1498 328 1584 356 etiam
1596 327 1734 355 Christum
1756 328 1809 355 Do-

1020 374 1135 408 minum,
1153 379 1300 410 antequam
1325 378 1486 407 moreretur,
1512 374 1658 402 videndum
1673 381 1733 401 esse
1748 381 1812 409 pro-

1015 421 1133 460 ¹πήξει-ιιι
1144 420 1222 456 (Lac.
1237 421 1267 455 ιι)
1279 429 1287 454 ;
1300 428 1353 448 non
1362 428 1399 448 ex
1425 420 1468 448 his
1485 420 1530 448 vel
1544 418 1698 455 huiusmodi
1714 427 1809 454 quem-

1020 465 1086 494 libet
1103 468 1138 495 ad
1157 466 1313 501 apostolicae
1338 465 1477 503 dignitatis
1501 465 1607 493 culmen
1633 464 1723 492 evexit
1737 484 1744 497 ,
1763 462 1811 492 sed

1021 511 1158 547 simplices
1167 512 1257 548 potius
1269 519 1301 540 ac
1317 516 1474 548 peccatores
1487 512 1539 539 hoc
1550 511 1736 539 sublimandos
1748 518 1810 538 esse

1019 557 1129 593 fastigio
1137 558 1295 593 .judicavit;
1316 563 1346 586 ut
1360 559 1546 593 unusquisque
1566 566 1661 586 eorum
1676 556 1812 585 veraciter

1019 603 1096 631 dicat
1114 611 1122 631 :
1141 613 1151 630 ι
1168 603 1263 632 Gratia
1275 604 1321 631 Dei
1333 612 1392 632 sum
1406 603 1433 631 id
1450 604 1523 639 quod
1538 611 1598 631 sum
1615 602 1640 639 (1
1655 602 1717 630 Cor.
1729 602 1786 638 xv),
1799 596 1825 628 ι’

1021 653 1157 684 quatenus
1167 649 1385 684 quodldsumma
1399 649 1519 684 provecti
1536 653 1613 681 sunt,
1629 655 1681 675 non
1693 647 1812 683 propriis

1022 694 1161 722 nutribant
1179 695 1293 728 mitis,
1318 695 1366 722 sed
1381 695 1475 730 gratiae
1498 695 1587 729 potitus
1608 693 1810 722 clementissimi

1023 739 1150 774 deputent
1161 739 1298 774 largitoris
1310 748 1317 771 ;
1329 740 1371 767 cui
1383 740 1418 767 sit
1428 740 1523 775 glutis,
1533 742 1615 767 decus
1627 744 1655 767 et
1668 739 1811 774 imperium

1023 783 1261 812 inomuiasacuia
1273 784 1444 812 saeculorum.
1463 785 1559 812 Atlicn.

1319 841 1437 873 SERMO
1457 841 1511 869 ιι11.

1163 896 1197 916 ΒΕ
1216 896 1318 919 δικετο
1337 896 1469 916 ΙΙΙοιιΑΕιΕ
1488 895 1670 917 Αιιειιλιιςιιο.

1321 925 1399 959 (xxix
1428 924 1518 958 serv.)

1057 969 1136 998 Cinea
1156 977 1251 997 rerum
1264 969 1404 997 cardinem
1419 976 1569 1001 versamur,
1583 973 1612 997 et
1633 968 1812 1004 magniﬁcen-

1023 1015 1087 1042 tiam
1102 1014 1332 1050 opernm'Domini
1346 1014 1416 1050 stylo
1430 1015 1619 1050 prosequimur
1633 1013 1715 1049 274
1727 1014 1814 1047 impo-

1022 1060 1087 1093 lito;
1108 1068 1159 1088 nec
1170 1065 1212 1088 est
1229 1061 1422 1095 prrsumptio,
1438 1059 1484 1087 sed
1498 1060 1616 1092 devotio,
1628 1059 1690 1094 quia
1705 1066 1759 1086 non
1774 1063 1814 1086 te-

1023 1106 1133 1134 merarii
1153 1110 1335 1137 scrutatores.
1354 1105 1403 1133 sed
1419 1105 1455 1140 pii
1471 1104 1622 1139 pulsatores
1647 1103 1811 1131 accedimus.

1020 1150 1230 1178 Honoraverunt
1257 1150 1392 1185 siquidem
1415 1149 1514 1186 stylum
1538 1148 1666 1182 maiestas
1685 1147 1814 1182 Virginis,

1024 1200 1051 1223 et
1064 1195 1182 1231 dignitas
1194 1195 1292 1226 crucis,
1306 1199 1334 1222 et
1348 1199 1493 1229 utrumque
1505 1193 1726 1230 pnesumpsimus
1740 1197 1814 1219 utro-

1019 1248 1077 1276 que
1095 1239 1209 1269 saluati.
1236 1240 1311 1268 Nunc
1326 1240 1359 1267 ad
1381 1239 1491 1275 angelos
1507 1246 1661 1266 sernmnem
1676 1237 1812 1266 convertio

1018 1294 1095 1320 .mus,
1113 1290 1141 1314 et
1162 1286 1233 1314 illius
1253 1286 1372 1321 purioris
1386 1290 1491 1313 natum
1504 1284 1720 1319 contemplamur
1732 1282 1801 1318 origi

1017 1339 1097 1364 nem,
1112 1336 1140 1359 ot
1157 1331 1210 1359 hoc
1232 1331 1341 1366 quidem
1356 1330 1559 1358 convenienter.
1577 1329 1606 1357 In
1626 1329 1721 1364 primis
1735 1335 1813 1355 nam-

1019 1386 1078 1413 que
1086 1378 1156 1406 locis
1166 1378 1216 1405 ‘iila
1232 1378 1285 1406 duo
1306 1377 1393 1413 prima
1407 1377 1561 1413 posuimus,
1576 1384 1636 1410 qua:
1648 1375 1699 1402 sibi
1712 1374 1813 1411 prima-

1025 1428 1081 1451 tum
1102 1423 1243 1451 vindicant
1268 1423 1294 1450 in
1310 1430 1400 1450 rerum
1422 1421 1566 1449 creaturis.
1588 1420 1709 1448 Tertium
1721 1424 1814 1447 autem

1019 1470 1113 1497 locum
1143 1469 1295 1497 sortiuntur
1327 1468 1426 1504 angeli,
1460 1468 1531 1498 sicut
1554 1467 1583 1495 in
1613 1467 1693 1499 coelo,
1721 1466 1758 1494 ita
1788 1466 1815 1493 in

1022 1515 1137 1551 scripto,
1159 1514 1294 1550 sentitque
1317 1514 1407 1541 anima
1422 1513 1494 1549 quod
1518 1512 1639 1542 continet
1664 1511 1772 1547 pagina,
1786 1516 1815 1538 et

218 1561 324 1594 Videte,
350 1547 447 1587 fratres
466 1558 630 1591 charissimi,
656 1558 747 1585 videte
774 1557 969 1592 redemptionis
985 1547 1007 1577 (ἶ
1024 1547 1170 1587 auctoritas
1197 1547 1302 1586 ratione
1324 1547 1453 1586 munitur.
1471 1558 1552 1587 Beata
1569 1558 1612 1585 illa
1627 1557 1702 1594 regio
1717 1564 1814 1592 snper-

180 1608 307 1636 humame
321 1605 485 1641 pontiﬁcem,
499 1604 587 1631 videte
606 1608 707 1632 nostra:
720 1603 816 1631 salutis
832 1607 970 1630 auctorem

181 1661 232 1688 pro
243 1652 323 1679 nobis
336 1656 465 1684 stantem,
477 1654 608 1678 etcontra
621 1649 720 1677 diaboli
735 1650 855 1676 membra
868 1649 973 1676 fortiter

180 1700 367 1727 dimicantem.
384 1699 422 1726 De
446 1698 490 1725 illo
505 1697 583 1732 plane
605 1696 670 1724 dicit
683 1695 830 1731 Apostolus
845 1703 856 1722 ι
873 1704 885 1720 ι
902 1695 974 1728 Quo-

182 1745 258 1774 niam
278 1744 383 1772 assistit
398 1743 486 1770 vultui
502 1743 593 1769 Patris
611 1746 639 1769 et
653 1741 808 1775 interpellat
835 1747 883 1775 pro
897 1739 973 1766 nobis

182 1790 274 1826 (Rom.
289 1789 360 1824 vnt).
379 1799 388 1815 ι
404 1789 461 1816 lllic
475 1792 549 1815 certe
562 1794 611 1822 per
638 1786 816 1814 humanitatis
830 1789 974 1819 assumpta:

183 1836 345 1872 mysterium
357 1842 405 1870 pro
415 1833 494 1861 nobis
507 1832 708 1864 intervenit,hic
722 1839 770 1858 sua
786 1830 974 1858 misericordia

183 1881 384 1913 accusantium,
408 1884 437 1907 et
452 1879 606 1906 immaniter
616 1876 817 1905 roblatrantium
840 1883 887 1903 ora
908 1882 975 1902 cori-

183 1926 291 1954 oludit:
312 1929 339 1952 et
351 1924 424 1959 quia,
439 1924 510 1951 sicut
531 1923 602 1950 idem
615 1921 734 1949 Joannes
752 1920 789 1947 ait
806 1929 812 1948 :
829 1929 839 1946 ι
853 1919 975 1947 Advoca-

185 1977 243 1999 tum
257 1970 398 2002 habemus,
411 1969 503 1997 .lesum
514 1968 652 1995 Christum
659 1966 764 2001 justum
776 1965 802 2001 (Ι
813 1965 894 1992 Ιοιιη.
907 1963 952 1999 ιι),
963 1973 972 1990 i

184 2016 265 2053 quasi
291 2015 441 2044 advocatus
462 2021 513 2049 pro
541 2012 620 2040 nobis
640 2012 667 2039 in
689 2010 815 2039 examine
832 2009 929 2044 litigat,
949 2013 977 2036 et

185 2061 306 2098 propriis
331 2059 540 2095 allegationibus
566 2056 770 2092 obloquentium
788 2055 866 2082 nobis
892 2061 975 2087 argu-

187 2113 280 2136 menta
297 2107 469 2134 condemnat.
485 2104 561 2132 Unde
575 2108 716 2138 postquam
731 2102 884 2128 nescientes
898 2100 977 2127 mise-

188 2153 335 2182 ricordiam
348 2152 382 2179 ad
399 2151 554 2178 discendam
569 2147 783 2176 misericordiam
801 2146 977 2177 destinasset,

188 2199 284 2228 dicens
299 2207 307 2225 :
324 2207 334 2224 ι
353 2197 458 2225 Enntes
476 2195 583 2227 discite,
598 2194 663 2228 quid
677 2198 719 2220 est
737 2202 744 2220 :
761 2192 975 2219 Misericordiam

187 2243 261 2275 volo,
276 2247 366 2270 etnon
377 2240 542 2268 sacriﬁcium
556 2238 662 2274 (Manli.
674 2243 727 2272 Ix);
744 2247 753 2263 ι
768 2244 829 2263 mox
841 2236 875 2263 ad
886 2236 978 2263 defen-

188 2289 296 2318 sionem
319 2287 443 2322 iustitiae,
462 2291 490 2313 et
513 2290 614 2313 nostra:
644 2283 729 2319 partis
750 2282 880 2309 auxilium
906 2281 978 2308 aliud

189 2336 273 2364 etiam
302 2334 408 2362 invicta:
434 2332 548 2360 rationis
582 2330 673 2358 intulit
708 2333 906 2364 argumentum.
935 2327 980 2354 Ait

190 2382 283 2410 enim:
303 2390 313 2407 ι
343 2380 400 2408 Non
424 2379 497 2407 enim
523 2377 584 2405 veni
599 2375 805 2411 vocarejustos,
819 2374 865 2401 sed
885 2380 980 2407 pecca-

192 2433 266 2455 tores
280 2426 385 2462 (Mitt).
406 2435 415 2451 ι
430 2426 469 2452 Ac
484 2425 506 2451 si
523 2424 596 2451 dicat
611 2431 618 2449 :
635 2422 692 2449 Non
708 2422 768 2449 veni
784 2427 882 2448 vocare
892 2419 981 2454 iustos

192 2473 238 2508 qui
255 2472 379 2500 videlicet
389 2471 415 2498 in
430 2475 522 2498 nostra
535 2477 586 2496 non
601 2472 681 2501 sunt,
697 2467 744 2494 sed
759 2470 916 2502 peccatores
936 2464 981 2499 qni

191 2526 288 2547 omnes
311 2517 492 2546 communiter
507 2519 579 2542 sunt.
598 2523 608 2540 ι
629 2513 730 2541 Omnes
751 2514 835 2543 enim,
860 2512 931 2540 sicut
945 2511 984 2538 ait

194 2563 348 2599 Apostolus,
356 2565 546 2597 peccaverunt,
553 2564 580 2587 et
586 2565 665 2595 egent
677 2558 761 2594 gloria
774 2558 819 2585 Dei
829 2557 982 2593 (Rom.ttt).t

231 2608 315 2636 Porro
326 2612 417 2634 autem
439 2611 469 2633 ut
483 2606 588 2633 ﬁrmam
606 2611 680 2640 spem
695 2603 883 2638 peccatoribus
895 2603 984 2634 daret,

195 2660 250 2681 non
262 2651 320 2680 illos
332 2652 366 2679 ad
376 2650 542 2686 apostolatus
555 2649 661 2677 culmen
674 2647 764 2683 elegit,
775 2646 983 2681 qui‘credeban-

196 2703 241 2726 tur
255 2698 326 2725 inter
338 2697 462 2725 homines
475 2695 539 2730 justi
555 2700 583 2723 et
592 2694 682 2729 aliqua
695 2693 840 2721 sanctitate
852 2692 982 2720 videban-

197 2749 241 2772 tur
266 2743 398 2779 insignes,
423 2743 470 2770 sed
490 2742 532 2769 vel
559 2742 668 2777 ignaros
684 2741 811 2775 iustitiae,
837 2738 878 2766 vel
900 2738 983 2765 etiam

197 2794 362 2825 peccatores.
377 2788 445 2816 Hinc
458 2792 499 2815 est
511 2787 582 2823 quod
598 2794 650 2814 non
662 2785 832 2816 Zachariam,
851 2783 896 2818 qui
912 2783 984 2810 ince-

198 2836 278 2864 debat
300 2836 330 2864 in
345 2835 470 2863 omnibus
485 2833 619 2861 mandatis
630 2837 658 2859 et
675 2830 914 2869 justiﬁeationibos
928 2829 982 2857 Do-

1024 1613 1119 1632 nnrnm
1133 1605 1273 1636 virtutum,
1288 1605 1317 1632 in
1328 1611 1381 1639 qna
1392 1604 1487 1632 felices
1496 1604 1610 1639 spiritus
1619 1602 1816 1631 circumvolant

1019 1651 1167 1678 Dominum
1187 1650 1324 1683 'Sabaolh,
1341 1655 1369 1678 et
1385 1650 1495 1679 sublimi
1520 1657 1671 1685 pennarum
1685 1648 1815 1684 applausu

1025 1696 1051 1723 in
1075 1696 1172 1731 plateis
1195 1703 1320 1731 supernae
1340 1694 1510 1723 Hierusalem
1528 1702 1536 1722 :
1551 1695 1679 1727 Sanctus,
1694 1697 1815 1725 sanctus,

1022 1747 1135 1769 sanctus
1156 1741 1229 1769 clara
1251 1749 1318 1769 voce
1344 1742 1502 1769 decantant.
1521 1749 1531 1767 ι
1557 1740 1630 1772 Vidi,
1646 1739 1734 1774 inquit
1754 1747 1817 1774 pro-

1025 1789 1118 1825 pheta,
1138 1788 1281 1816 Dominum
1307 1788 1446 1816 sedentem
1462 1794 1544 1822 super
1566 1786 1663 1817 solium
1678 1784 1815 1813 excelsum

1024 1839 1051 1862 et
1066 1833 1211 1866 elevatum,
1233 1837 1260 1861 et
1273 1833 1351 1868 plena
1377 1837 1437 1861 erat
1457 1832 1546 1861 ornuis
1574 1837 1646 1859 terra
1673 1830 1817 1865 majestate

1025 1878 1094 1913 ejus,
1105 1883 1134 1906 et
1146 1886 1190 1912 ea,
1203 1886 1264 1913 quae
1278 1878 1328 1906 sub
1346 1878 1404 1915 ipso
1416 1882 1506 1910 erant,
1521 1875 1815 1912 replebanttemplum.

1025 1924 1169 1959 Serapbim
1196 1924 1306 1952 stabant
1331 1931 1413 1959 super
1435 1923 1511 1956 illud,
1527 1931 1575 1952 sex
1588 1923 1638 1950 alte
1653 1922 1710 1954 uni,
1721 1926 1751 1951 et
1766 1928 1816 1951 se:

1027 1970 1076 1998 alte
1087 1970 1165 1998 alteri
1178 1969 1246 2007 (ιω.
1263 1969 1312 2005 vt).
1328 1978 1339 1996 ι
1354 1969 1465 2006 Singula
1479 1969 1530 1996 ista
1542 1969 1625 1997 verba
1639 1976 1688 1997 suo
1699 1967 1820 2003 inuidere

1026 2015 1123 2044 librata
1139 2020 1214 2049 sunt,
1238 2019 1266 2043 et
1279 2014 1514 2051 diligentissimam
1529 2018 1654 2050 qnzerunt
1669 2013 1821 2048 expositio—

1027 2069 1089 2089 nem
1102 2081 1109 2094 ,
1125 2060 1202 2096 cujus
1224 2068 1274 2088 nos
1291 2061 1424 2088 immunes
1447 2059 1600 2094 insipientia
1614 2064 1641 2086 eI
1658 2057 1814 2092 ineloquen-

1027 2106 1066 2133 tia
1081 2105 1155 2137 fecit,
1174 2105 1275 2140 aliquid
1291 2103 1467 2131 nihilominus
1479 2102 1623 2136 exculpere
1641 2100 1821 2133 tentabimus,

1028 2151 1049 2179 si
1063 2158 1116 2178 non
1132 2151 1168 2178 ita
1183 2150 1351 2182 solemniter,
1366 2148 1498 2176 veraciter
1514 2152 1614 2174 tamen.

1065 2196 1139 2223 Visio
1155 2196 1213 2222 haec
1231 2193 1380 2229 corporalis
1406 2201 1459 2221 non
1484 2197 1538 2224 est,
1568 2191 1610 2219 vel
1637 2189 1822 2226 phantasticis

1030 2239 1148 2268 involuta
1168 2239 1322 2273 praestigiis,
1337 2237 1385 2265 sed
1410 2236 1540 2272 spiritalis
1566 2240 1594 2262 et
1618 2243 1688 2270 pura
1702 2233 1823 2270 purioris

1031 2285 1216 2320 intelligentia:
1238 2284 1395 2312 desiderans
1415 2283 1601 2310 sanctitatem.
1623 2279 1699 2308 Hauc
1713 2288 1767 2307 non
1781 2279 1822 2307 vi-

1030 2331 1094 2357 dent
1107 2329 1158 2357 nisi
1181 2328 1315 2360 videntes,
1333 2332 1360 2354 et
1382 2327 1427 2362 qui
1443 2326 1535 2354 mundi
1557 2325 1699 2361 caliginem
1724 2331 1823 2359 super-

1030 2374 1129 2410 gressi,
1152 2372 1323 2408 splendorem
1351 2371 1501 2399 divinitatis
1535 2370 1700 2398 lucidissima
1731 2372 1822 2396 mente

1031 2420 1198 2456 suscipiunt.
1223 2419 1268 2451 Et,
1293 2423 1322 2447 ut
1335 2418 1456 2446 breviter
1468 2425 1527 2445 eam
1542 2417 1718 2449 diiﬁniamus,
1732 2414 1822 2450 Spiri-

1032 2471 1075 2493 tns
1090 2466 1137 2493 Dei
1163 2470 1259 2493 nostro
1281 2463 1387 2499 spiritui
1403 2463 1520 2493 dulciter
1537 2462 1687 2499 applicatus
1701 2461 1772 2489 hanc
1782 2459 1823 2488 εἷς

1033 2511 1088 2538 ﬁcit
1111 2510 1255 2542 visionem,
1281 2517 1344 2537 cum
1368 2516 1417 2536 nos
1442 2508 1475 2536 de
1507 2507 1678 2544 pnescieutia
1702 2505 1823 2534 cumulat

1032 2555 1196 2583 futurorum.
1215 2555 1276 2583 'Hoc
1299 2555 1383 2591 igitur
1401 2555 1482 2583 modo
1498 2554 1543 2582 ille
1562 2554 1644 2582 totius
1655 2553 1824 2592 prophetalis

1033 2600 1194 2636 eloquentia:
1219 2601 1304 2636 gloria
1338 2599 1416 2632 vidit.
1440 2599 1582 2627 Dominum
1610 2603 1639 2626 et
1664 2599 1818 2628 sedentem.

1034 2645 1120 2673 Filius
1137 2645 1184 2673 Dei
1207 2645 1317 2679 triginta
1341 2650 1370 2672 et
1382 2644 1468 2672 tribus
1481 2637 1569 2672 .annis
1594 2651 1689 2671 servus
1704 2643 1755 2671 fuit
1770 2650 1824 2671 non

1036 2692 1175 2724 Dominus,
1191 2691 1325 2723 minister,
1340 2698 1392 2718 non
1413 2690 1553 2725 magister,
1569 2689 1640 2721 vilis,
1656 2696 1709 2716 non
1724 2687 1824 2726 glorio-

1036 2744 1092 2769 sus,
1113 2742 1141 2764 et
1157 2736 1226 2764 licet
1248 2735 1347 2764 dixerit
1368 2735 1507 2771 discipulis
1534 2744 1540 2762 :
1566 2744 1575 2760 ι
1592 2734 1647 2764 Vos
1665 2734 1768 2762 vocatis
1781 2740 1825 2762 me

1036 2782 1164 2818 Magister
1186 2785 1212 2809 et
1228 2781 1353 2814 Domine,
1374 2785 1401 2808 et
1425 2781 1494 2809 bene
1515 2781 1620 2813 dicitis;
1641 2788 1700 2807 sum
1723 2779 1823 2807 etenim

1037 2827 1129 2860 (Joan.
1156 2827 1233 2859 xuii:
1265 2835 1276 2854 ι
1296 2826 1330 2856 Et
1358 2836 1364 2855 :
1388 2835 1398 2853 ‹
1415 2825 1471 2864 Ego
1490 2833 1549 2853 sum
1560 2825 1605 2854 lux
1622 2825 1715 2854 mundi
1730 2823 1822 2861 (lous.
