4064 6208
457 210 565 279 795
987 207 1046 263 S.
1089 206 1288 262 PETRI
1330 205 1610 262 DAMIANI
1647 204 1799 266 OPP.
1837 203 2016 259 PARS
2044 198 2175 260 SEU
2212 198 2448 263 TOMUS
2486 196 2550 252 ll.
2586 225 2655 237 —-
2694 187 3084 252 SEBMONES.
3582 190 3693 247 796

457 327 575 399 vm)
604 343 621 380 :
667 342 686 377 ι
718 322 873 397 pauci
901 330 1082 381 tamen
1118 322 1408 377 verborum
1432 319 1777 377 altitudinem
1807 327 2032 374 notave-
2057 322 2104 381 Α
2129 324 2185 372 et
2215 314 2442 383 sulphur
2460 310 2614 384 (Gen.
2643 310 2788 380 six);
2816 304 3410 399 [Egyptios‘submerslt
3441 304 3497 361 in
3516 305 3695 399 flucti-

401 410 421 479 "_
463 396 609 480 runt,
652 396 939 470 Pharismis
964 409 1346 472 invidentibus,
1378 409 1578 465 iudicis
1604 424 1711 465 non
1753 406 2023 464 credenti-
2124 407 2226 462 bus
2249 404 2445 477 (Exod.
2475 399 2995 473 xvi),lsraelitarum
3016 396 3279 452 cadavera
3316 397 3610 468 prostravit
3637 398 3691 453 in

416 514 429 529 ‘
458 506 581 571 bus,
608 512 661 558 et
689 503 835 557 illum
859 498 1206 571 arguentibus
1245 497 1701 569 pmsumptionis.
1741 496 1847 552 Sed
1872 504 2024 567 post-
2124 511 2329 561 eremo,
2355 494 2554 564 ubique
2588 489 2997 547 turbulentioris
3039 486 3251 542 Domini
3300 497 3697 558 repraesentans

457 612 620 667 qnam
668 594 963 649 resurrexit
1010 608 1040 646 a
1082 592 1330 659 mortuis,
1371 600 1426 647 et
1454 592 1509 646 in
1561 589 1868 660 triumphali
1899 589 2026 644 sede
2129 584 2454 654 imaginem;
2482 580 2551 636 ad
2591 590 2895 636 extremum
2923 576 3072 633 venit
3101 577 3215 646 ipse
3245 576 3297 631 in
3334 577 3475 632 nube
3497 586 3695 632 nostra:

466 699 709 754 receptus
753 692 854 748 est,
912 683 1251 751 imperatoria
1306 684 1522 737 decreta
1585 680 1863 749 propalata
1903 686 2029 733 sunt
2128 676 2312 733 carnis
2353 673 2595 743 abjectus
2625 670 2778 742 (Luc.
2806 670 2893 739 tt),
2938 678 2994 723 et
3037 667 3278 723 dolorum
3322 668 3610 739 particeps,
3638 678 3697 722 et

462 781 601 841 urbi,
641 778 861 845 fixitque
909 774 1214 832 Cruciﬁxus
1263 776 1315 828 in
1372 784 1541 827 totam
1574 774 1752 827 mundi
1792 770 2031 827 latitudi-

466 884 588 921 nem
628 882 741 921 suae
789 865 1168 920 dominationis
1222 864 1448 933 insigne.
1497 860 1617 915 iam
1680 859 2031 927 majestativis

464 960 772 1014 nominibus
814 957 1262 1012 circumfunditur
1291 956 1381 1010 ille
1409 971 1627 1024 pauper,
1658 966 1711 1008 et
1740 955 1951 1016 unicus,
1978 962 2036 1008 et

461 1048 735 1104 servilium
770 1048 1046 1103 nominum
1073 1046 1278 1101 vilitate
1328 1048 1552 1110 dimota,
1596 1046 1707 1099 Rex
1741 1060 1951 1114 regum,
1977 1052 2034 1099 et

465 1139 725 1195 Dominus
751 1139 1138 1193 dominantium
1166 1137 1329 1193 multa
1352 1138 1470 1191 luce
1495 1137 1859 1207 przefnlgurat.
1889 1136 2035 1190 Vidit

465 1246 594 1299 ergo
622 1246 744 1284 eum
773 1229 915 1283 filius
945 1230 1128 1290 Amos,
1157 1244 1263 1281 non
1296 1228 1575 1289 humilem,
1602 1227 1693 1281 sed
1716 1227 2032 1289 sublimem;

464 1337 572 1376 non
622 1321 944 1391 indicatum,
981 1322 1072 1375 sed
1097 1320 1368 1389 judicent;
1420 1335 1526 1375 non
1556 1320 1904 1389 opprobrium
1935 1320 2034 1373 bo-

465 1409 689 1471 minum,
723 1410 816 1463 sed
847 1408 1071 1478 gloriam
1097 1408 1431 1478 angelorum.

2129 766 2371 822 laborum
2405 764 2596 819 didicit
2624 760 2988 818 obedientiam
3013 775 3078 814 ex
3125 759 3210 815 bis
3255 773 3374 828 qua:
3396 754 3588 829 passus
3612 767 3697 814 est

2130 856 2317 927 (Hebr.
2348 855 2423 924 v).

2200 947 2582 1001 Consummata
2627 950 2807 997 autem
2853 940 3034 996 carnis
3060 938 3424 1008 susceptione,
3461 939 3701 996 elevatus

2131 1047 2215 1092 est
2242 1038 2297 1091 in
2340 1035 2561 1100 coelum,
2609 1044 2667 1089 et
2712 1034 2866 1089 sedet
2907 1048 2937 1086 a
2962 1032 3167 1087 dextris
3197 1031 3289 1085 Dei
3331 1018 3526 1102 (Marc.
3552 1034 3698 1101 xvi);

2133 1142 2233 1181 nec
2283 1134 2460 1181 tamen
2500 1125 2656 1180 sedet
2706 1123 2772 1177 ad
2812 1121 3060 1192 plenum,
3096 1121 3224 1190 quia
3279 1121 3487 1177 assistit
3526 1122 3704 1177 adhuc

2134 1214 2302 1269 vultui
2327 1213 2420 1269 Dei
2449 1228 2546 1283 pro
2571 1212 2747 1268 nobis.
2771 1211 2891 1267 Erit
2926 1219 3107 1265 autem
3136 1210 3184 1265 ei
3221 1210 3377 1264 tertia
3399 1211 3572 1265 sessio
3591 1210 3705 1281 glo-
3758 1198 3761 1201 ’

2135 1303 2299 1368 riosa,
2324 1317 2448 1357 cum
2474 1303 2644 1357 bonos
2689 1311 2745 1356 et
2774 1300 2944 1355 malos
2965 1298 3179 1354 diverso
3208 1299 3334 1363 line,
3367 1300 3705 1370 diversisque

2134 1394 2399 1449 clausuris
2454 1393 2733 1448 incluserit
2764 1391 2979 1463 (Matth.
3024 1390 3173 1462 xxv).
3217 1390 3437 1447 Sedebit
3466 1392 3520 1446 in
3575 1395 3707 1448 sede

542 1516 563 1548 ι
592 1496 902 1561 Sedentem,
932 1515 951 1550 ο
980 1497 1174 1565 inquit.
1203 1496 1494 1565 Triplicem
1511 1495 1741 1566 legimus
1767 1495 2039 1551 Creatoris
2138 1484 2436 1553 malimali-9
2485 1500 2616 1549 δυων
2653 1499 2776 1539 cum
2825 1498 2925 1538 "05
2955 1482 3186 1537 ῑτδιθτίι
3231 1483 3297 1537 ad
3329 1497 3409 1547 88.
3443 1500 3463 1535 ¢
3513 1492 3570 1538 el
3599 1485 3709 1539 efil

463 1587 782 1651 sessionem,
835 1601 994 1640 unam
1025 1594 1149 1657 post
1202 1586 1386 1640 mundi
1417 1582 1774 1647 creationem,
1820 1587 2038 1656 quando
2140 1578 2281 1632 Deus
2306 1577 2487 1632 omnia
2520 1577 2573 1631 in
2599 1576 2854 1632 omnibus
2876 1575 2927 1647 (ι
2958 1576 3081 1632 Cor.
3115 1575 3226 1641 xv).
3268 1590 3287 1626 ι
3327 1575 3509 1630 Prima
3536 1576 3709 1631 sessio

464 1676 729 1746 requievit
758 1677 826 1730 ah
850 1676 997 1732 omni
1047 1691 1212 1746 opere
1278 1676 1431 1746 quod
1469 1684 1713 1747 patrarat
1746 1673 1900 1745 (Gen.
1938 1676 2032 1746 ll);
2072 1663 2112 1719 Β
2139 1678 2223 1724 est
2264 1668 2453 1738 gratia:
2482 1682 2587 1737 qua
2616 1667 2786 1737 gratis
2814 1666 2996 1720 omnia
3026 1665 3184 1731 fecit;
3235 1666 3470 1721 secunda
3497 1666 3710 1721 miseri-

466 1767 626 1821 aliam
666 1778 789 1835 post
830 1765 1229 1830 ascensionem,
1278 1766 1493 1835 quando
1521 1774 1829 1834 assumptus
1874 1773 1957 1821 est
1982 1767 2035 1818 in
2137 1761 2358 1825 cordiae,
2386 1776 2492 1830 qua
2530 1773 2630 1814 nos
2661 1758 3082 1813 misericorditer
3113 1757 3373 1823 redemit;
3402 1758 3565 1813 tertia
3594 1757 3709 1827 glo-

466 1857 686 1919 cmlum,
727 1864 781 1910 et
799 1856 951 1912 sedet
976 1873 1008 1911 a
1057 1857 1265 1912 dextris
1290 1857 1382 1912 Dei
1411 1856 1606 1926 (Marc.
1639 1856 1787 1928 xvi);
1819 1857 2034 1912 tertiam

466 1958 591 2017 post
614 1948 1088 2015 resurrectionem,
1129 1964 1251 2003 cum
1277 1950 1477 2004 sederit
1507 1950 1559 2003 in
1584 1950 1712 2005 sede
1740 1948 2038 2018 majestatis

466 2056 602 2105 sum,
628 2050 683 2097 et
715 2055 812 2096 nos
851 2057 974 2096 cum
1004 2055 1071 2095 eo
1098 2041 1406 2097 sedehimus
1454 2040 1672 2113 (Matth.
1708 2040 1845 2111 xix).
1889 2039 2039 2095 Solet

467 2131 703 2201 quietem
749 2130 901 2185 labor
953 2131 1291 2200 praecedere,
1342 2132 1504 2186 statio
1555 2132 1873 2188 sessionem.
1933 2131 2039 2186 Sed

468 2221 684 2287 quando
741 2219 1006 2289 laboravit
1054 2221 1142 2275 illa
1191 2221 1468 2290 majestas,
1515 2238 1635 2293 quae
1663 2238 1764 2278 nec
1810 2216 2041 2278 afficitur

470 2308 741 2377 passione,
790 2324 890 2364 nec
940 2311 1120 2364 labore
1156 2310 1537 2380 distringitur?
1583 2313 1722 2367 Audi
1772 2313 2040 2380 quomodo

478 2398 641 2470 275
676 2400 939 2470 Plurimus
965 2402 1013 2456 ei
1044 2401 1196 2456 labor
1236 2402 1496 2468 incubuit,
1536 2420 1658 2460 cum
1692 2405 1841 2460 illum
1871 2405 2042 2474 pessi-

477 2502 625 2541 mum
658 2500 1099 2558 praesumptorem
1128 2491 1193 2545 de
1229 2492 1384 2547 cmlis
1429 2493 1499 2547 ad
1546 2491 1752 2547 inferna
1792 2494 2040 2559 detrusit,

474 2585 530 2632 et
562 2578 832 2633 hominem
867 2588 1088 2649 peccato
1127 2595 1263 2650 pene
1288 2581 1449 2636 simili
1477 2583 1947 2652 comprehensum,
1976 2582 2044 2637 de

475 2669 727 2737 paradiso
755 2669 1044 2738 voluptatis
1068 2672 1119 2723 in
1141 2686 1500 2726 :nrumuosum
1528 2672 1751 2728 immisit
1770 2672 2041 2729 exsilium.

472 2756 745 2822 Quantum
778 2768 931 2828 putas
957 2759 1241 2813 tumultum
1278 2761 1331 2814 in
1372 2761 1684 2818 caelestibus
1729 2760 2046 2819 elferbuisse

476 2846 714 2916 palatiis,
786 2864 909 2904 cum
964 2850 1210 2905 mortifer
1257 2851 1346 2905 ille
1398 2862 1639 2909 vastator
1692 2853 2046 2924 irreparabile

472 2937 755 2992 dissidium
778 2938 829 2992 in
862 2938 947 2992 illa
981 2939 1186 2994 caelesti
1208 2942 1356 2995 curia
1385 2942 1688 3009 fabricavit,
1713 2953 2042 3000 conventum

475 3028 735 3097 proscidit
770 3029 1095 3099 angelicum,
1156 3038 1212 3085 et
1257 3033 1472 3086 nomina
1529 3007 1800 3088 stellantia
1854 3049 2038 3089 secum
2071 3007 2114 3067 Ο

479 3117 648 3170 traxit
672 3117 724 3171 in
752 3118 1015 3173 mortem?
1043 3119 1273 3175 Desazvit
1312 3131 1440 3176 tunc
1480 3121 1879 3191 Omnipotentis
1905 3125 2041 3179 indi-

477 3207 682 3274 gnatio,
706 3216 925 3277 totaque
951 3209 1251 3266 divinitatis
1278 3212 1497 3265 dextera
1527 3227 1820 3281 percussus
1843 3224 1926 3271 est
1947 3215 2051 3271 ini-

477 3297 675 3362 micus,
698 3307 750 3352 et
781 3298 832 3352 in
860 3300 1175 3368 perditionis
1199 3300 1482 3356 devolutus
1520 3310 1603 3357 est
1629 3303 1903 3369 abyssum.

552 3385 688 3442 Huic
742 3397 849 3443 tam
880 3389 1030 3459 gravi
1073 3391 1290 3454 datuno,
1344 3400 1450 3444 tam
1505 3393 1745 3463 graviter
1782 3393 2051 3449 vindicato

481 3478 744 3533 successit
793 3486 850 3532 et
895 3479 1058 3533 aliud.
1103 3478 1353 3534 Peccavit
1397 3496 1633 3550 namque
1663 3482 1772 3547 ille,
1807 3483 1898 3550 qui
1925 3483 2052 3540 huic

484 3568 842 3624 resarciendte
871 3570 1040 3623 ruina:
1069 3568 1244 3623 fuerat
1277 3568 1624 3641 subrogatus,
1648 3582 1869 3642 propter
1889 3588 2049 3643 quem

483 3658 664 3712 omnia
742 3657 1083 3713 subcuelestia
1138 3656 1350 3713 fuerant
1417 3661 1731 3715 constituta.
1784 3661 2053 3719 Peccante

481 3756 661 3802 autem
707 3747 820 3815 illo,
863 3747 1088 3802 multum
1127 3747 1431 3817 splendoris
1479 3749 1705 3806 sidereis
1751 3751 2051 3807 detractqu

479 3824 564 3891 est
612 3837 964 3893 luminaribus
1019 3846 1296 3909 totamque
1332 3840 1723 3895 elementorum
1773 3842 2052 3896 materiam

480 3924 702 3981 infectio
736 3926 1062 3994 deploranda
1111 3926 1371 3982 confudit.
1405 3926 1651 3983 Nondqu
1694 3941 1916 3985 aversus
1936 3938 2055 3985 erat

480 4016 635 4071 furor
688 4017 921 4082 Domini,
954 4018 1049 4072 sed
1096 4018 1269 4074 adhuc
1324 4034 1514 4074 manus
1569 4018 1687 4088 ejus
1718 4030 1971 4087 extenta,
2000 4032 2056 4079 et

481 4108 757 4161 dexteram
780 4108 896 4176 ejus
919 4107 1176 4177 singulari
1200 4106 1422 4164 vulnere
1443 4108 1719 4177 fatigatam
1744 4112 2057 4179 provocavit

483 4194 540 4249 iu
567 4210 626 4249 se
657 4195 861 4264 fragilis
882 4202 938 4250 et
958 4195 1131 4250 lutosa
1148 4197 1471 4262 substantia,
1500 4198 1774 4268 sensitque
1802 4200 2055 4269 reliquias

485 4281 729 4338 fulminei
784 4283 985 4339 furoris
1031 4286 1198 4339 miser
1243 4286 1619 4352 homunculus,
1674 4298 1728 4343 et
1774 4292 2054 4359 personale

485 4374 737 4430 delictum
781 4376 1095 4447 proscripsit
1138 4377 1439 4434 universos.
1497 4379 1828 4436 Deturbatur
1890 4382 2053 4452 igitur

490 4468 808 4524 tumultibus
835 4467 1205 4538 frequentibus
1236 4470 1632 4526 rationabilinm
1659 4480 2056 4539 creaturarum,

489 4559 747 4615 Dominus
782 4559 1098 4627 majestatis,
1123 4569 1178 4615 et
1212 4577 1373 4631 super
1400 4561 1513 4617 suis
1541 4562 1784 4617 hostibus
1811 4562 2054 4617 vindica-

491 4660 595 4715 t.:s,
623 4653 875 4706 cadentes
897 4635 1114 4722 angelos
1138 4664 1261 4706 cum
1286 4653 1660 4722 desperatione
1684 4653 1980 4719 damnavit,
2006 4663 2061 4707 et

491 4743 764 4798 hominem
812 4745 1097 4815 castigavit
1140 4744 1193 4798 in
1223 4760 1340 4812 spe,
1364 4745 1662 4814 praevidens
1688 4754 1891 4813 quanta
1919 4745 2056 4799 bona

490 4836 559 4889 de
587 4834 728 4889 illius
755 4845 977 4905 peccato
1018 4843 1164 4890 esset
1205 4834 1462 4890 facturus.
1492 4835 1559 4890 Et
1590 4835 1659 4890 ob
1704 4836 1805 4889 hoc
1834 4834 2059 4890 forsitan

489 4927 791 4998 angelicum
844 4938 1125 4998 peccatum
1167 4927 1221 4982 in
1270 4927 1585 4998 ,Scripturis
1636 4942 1742 4982 non
1791 4927 2063 4982 invenitur

493 5033 827 5089 expressum,
880 5035 947 5073 ne
974 5018 1269 5086 Scripturaa
1309 5017 1661 5072 mandaretur
1685 5017 1831 5088 quod
1875 5033 2060 5072 emen-

493 5116 610 5169 ιι..τί
643 5131 749 5170 non
786 5122 1015 5185 poterat.
1075 5113 1358 5183 Requievit
1408 5128 1539 5184 ergo
1589 5112 1729 5168 Deus
1758 5112 2060 5168 rationabili

492 5205 604 5258 line
629 5203 793 5258 tantis
821 5202 976 5258 malis
1012 5203 1281 5273 imposito,
1309 5202 1405 5257 sed
1435 5218 1621 5258 rursus
1665 5212 1839 5258 tactus
1874 5200 2061 5258 dolore

491 5294 674 5348 cordis
702 5293 1045 5360 intrinsecus,
1076 5302 1130 5347 et
1152 5292 1491 5361 peccantium
1523 5294 1798 5348 hominum
1821 5293 2056 5348 enormi-

496 5391 604 5436 tate
635 5392 910 5454 gravatus,
938 5383 1136 5439 delevit
1160 5397 1321 5453 quem
1362 5392 1641 5439 creaverat
1679 5383 1975 5449 hominem,
2001 5391 2057 5437 et

497 5471 752 5526 diluvium
798 5473 1099 5528 inhabitare
1148 5470 1277 5527 fecit
1305 5468 1456 5540 (Gen.
1486 5471 1616 5544 vn);
1648 5487 1749 5528 nec
1798 5472 1903 5528 hoc
1926 5487 2058 5528 eon-

494 5571 701 5630 tentus,
728 5577 890 5634 super
909 5562 1198 5620 Sodomam
1227 5570 1283 5620 et
1308 5562 1662 5623 Gomorrham
1693 5562 1871 5632 ignem
1902 5562 2041 5635 pluit

2141 1851 2255 1913 riae,
2281 1865 2405 1904 cum
2458 1863 2555 1903 nos
2599 1846 2940 1918 glorificabit.
2980 1846 3215 1901 Attende
3245 1855 3427 1901 autem
3467 1846 3709 1901 sedentis

2138 1939 2364 2011 gloriam
2384 1946 2440 1993 et
2465 1936 2841 1992 excellentiam
2865 1936 3146 2001 sessionis,
3168 1935 3255 1990 ubi
3284 1935 3425 1988 nulla
3453 1944 3705 1989 creatura

2138 2032 2431 2086 consedere
2477 2028 2773 2100 prtesumit.
2828 2046 2847 2080 r
2901 2026 3216 2097 Seraphim,
3268 2025 3461 2096 inquit,
3493 2026 3715 2080 stabant

2140 2122 2278 2191 (Isa.
2305 2122 2407 2192 vr),
2461 2141 2479 2174 ι
2524 2136 2629 2175 non
2656 2120 2934 2176 sedebant.
2964 2136 2984 2170 ι
3026 2120 3143 2174 Vidi
3172 2118 3476 2181 Dominum,
3507 2128 3562 2173 et
3589 2118 3712 2172 uui-

2140 2230 2354 2270 versam
2401 2213 2646 2267 militiam
2682 2210 2803 2266 cmli
2848 2210 3193 2265 assisteutem
3220 2208 3270 2265 ei
3316 2207 3532 2279 (υἱώ),
3569 2225 3589 2260 ι
3634 2208 3713 2261 ait
3776 2282 3779 2283 ν

2141 2307 2400 2376 propheta
2432 2321 2446 2357 :
2479 2302 2823 2358 assistentem
2853 2300 3002 2365 dicit,
3036 2316 3141 2355 non
3175 2300 3473 2355 sedentem.
3501 2317 3521 2351 ι
3551 2298 3713 2353 Millia

2143 2396 2367 2450 millium
2413 2393 2797 2448 ministrabant
2825 2392 2897 2455 ei,
2925 2402 2981 2446 et
3020 2390 3202 2446 decies
3246 2389 3444 2445 millies
3484 2397 3713 2444 centena

2143 2488 2307 2542 millia
2338 2485 2663 2541 assistebant
2702 2483 2753 2538 ei
2795 2482 2959 2555 (Dan.
2990 2482 3111 2554 vu),
3143 2501 3161 2534 ι
3201 2480 3419 2536 Daniele
3460 2489 3713 2535 testante.

2148 2598 2166 2629 ι
2212 2579 2414 2632 Omnes
2456 2573 2633 2646 angeli
2679 2574 2896 2629 stabant
2944 2573 2996 2627 in
3042 2572 3269 2626 circuitu
3300 2570 3479 2625 throni
3528 2568 3714 2639 (Apoc.

2145 2670 2266 2739 vn),
2302 2686 2323 2721 ι
2349 2668 2426 2722 ait
2453 2665 2801 2736 evangelista.
2824 2664 2989 2735 276
3013 2664 3078 2719 Et
3101 2663 3228 2719 alibi
3259 2680 3273 2716 :
3300 2682 3320 2715 ι
3354 2660 3474 2717 Vidi
3501 2658 3715 2715 turbam

2147 2777 2418 2833 magnam,
2460 2775 2622 2831 quam
2649 2760 2994 2814 dinumerare
3025 2772 3184 2813 nemo
3206 2766 3421 2826 poterat
3446 2770 3513 2811 ex
3537 2754 3715 2808 omni-

2147 2854 2245 2907 bus
2265 2851 2495 2921 populis,
2513 2860 2569 2905 et
2584 2850 2800 2921 linguis,
2815 2857 3023 2904 stantes
3037 2859 3161 2903 ante
3182 2848 3432 2901 thronum
3452 2844 3503 2918 (1
3509 2844 3665 2914 bid).
3692 2864 3712 2899 ι

2148 2943 2254 2999 Sed
2282 2952 2338 2997 et
2378 2941 2541 3012 Virgo
2586 2926 2876 3011 singularis
2923 2948 3066 2994 astat
3113 2954 3147 2993 a
3182 2936 3391 2993 dextris
3434 2936 3491 2991 in
3519 2936 3717 2991 vestitu

2147 3032 2593 3102 deaurato-(Ptol.
2626 3032 2792 3094 xuv).
2822 3029 3126 3101 Hoysesmt
3142 3028 3320 3084 videat
3344 3034 3716 3082 transeuntem

2147 3125 2451 3188 Dominum,
2497 3130 2610 3177 stat
2658 3121 2711 3175 in
2770 3128 2921 3191 petra
2951 3116 3145 3189 (Exod.
3204 3118 3428 3183 χχχιιι),
3486 3126 3544 3172 et
3574 3115 3719 3172 Elia:

2146 3229 2255 3275 stat
2284 3219 2339 3274 in
2375 3226 2664 3286 conspectu
2700 3214 2935 3279 Domini,
2964 3222 3021 3268 et
3054 3212 3231 3268 omnis
3266 3220 3517 3267 creatura
3551 3210 3719 3279 impe-

2149 3312 2361 3367 ratoriae
2389 3307 2656 3380 majestati
2718 3305 2942 3361 assistit.
2976 3304 3138 3360 Solus
3176 3303 3265 3359 ille
3305 3302 3578 3372 transfuga
3609 3300 3722 3371 spi-

2147 3402 2320 3464 ritus,
2370 3397 2720 3454 dissensionis
2773 3394 3136 3465 principium,
3182 3392 3433 3462 princeps
3481 3388 3717 3451 malitia,

2148 3490 2414 3546 malorum
2452 3502 2685 3552 summa,
2710 3485 2881 3541 voluit
2923 3483 3238 3539 consedere.
3266 3480 3496 3546 Sedebo,
3524 3477 3719 3549 inquit,

2150 3583 2203 3637 in
2234 3589 2420 3636 monte
2442 3577 2750 3635 testamenti
2778 3575 2914 3644 (ιω.
2944 3575 3079 3645 xiv).
3104 3570 3309 3628 Omnes
3337 3578 3510 3636 stant,
3532 3584 3722 3623 omnes

2151 3672 2484 3737 ministrant,
2525 3678 2581 3724 et
2610 3678 2665 3723 tu
2716 3666 2867 3739 pacis
2898 3664 3135 3728 inimice,
3166 3662 3358 3717 sedere
3402 3658 3722 3730 prtesumis!

2151 3762 2270 3830 Ipse
2300 3761 2487 3825 Filius,
2542 3759 2682 3814 idem
2712 3757 2854 3826 quod
2897 3755 3079 3820 Pater,
3107 3753 3299 3809 sedere
3330 3750 3524 3816 nescit,
3551 3750 3725 3805 donec

2152 3854 2297 3908 dicat
2319 3853 2368 3908 ei
2405 3851 2567 3906 Pater
2596 3868 2610 3904 :
2646 3869 2664 3902 ι
2702 3850 2844 3905 Sede
2866 3865 2895 3902 a
2925 3847 3132 3902 dextris
3157 3846 3292 3901 meis
3319 3843 3493 3915 (Psal.
3524 3844 3659 3912 (ιιι).
3697 3860 3717 3893 ο

2154 3942 2340 3997 Talem
2386 3939 2519 3995 vidit
2546 3954 2670 3994 eum
2697 3938 2883 4003 Isaias,
2921 3945 2978 3991 et
3022 3936 3427 3991 Domiuatorem
3456 3934 3725 3988 universa

2156 4043 2316 4087 teme
2347 4042 2402 4087 et
2442 4032 2495 4085 in
2525 4045 2691 4085 aureo
2730 4029 2920 4083 throno
2950 4044 3062 4083 sua:
3086 4025 3384 4081 divinitatis
3423 4025 3722 4087 sedentem,

2157 4125 2208 4176 in
2240 4122 2326 4177 illa
2360 4121 2595 4177 secunda
2633 4121 2893 4187 sessione,
2924 4134 3031 4191 quo
3065 4133 3284 4175 carnem
3312 4125 3550 4171 nostram
3572 4114 3727 4170 caelis

2157 4213 2380 4268 invexit.

2229 4303 2484 4374 Sequitur
2520 4318 2586 4356 :1
2614 4302 2789 4373 Super
2818 4303 3009 4358 solium
3055 4302 3354 4357 excelsum.
3384 4317 3405 4351 ι
3438 4298 3725 4354 Excelsum

2154 4396 2345 4451 solium
2388 4394 2681 4465 angelicam
2708 4403 2952 4446 naturam
2978 4392 3247 4463 intellige,
3278 4392 3505 4461 primam
3540 4387 3729 4444 Omni-

2154 4484 2389 4555 potentis
2413 4484 2766 4548 creationem,
2797 4491 2852 4538 et
2876 4481 3133 4551 primaria
3156 4483 3419 4553 dignitate
3445 4480 3729 4550 praeditam

2156 4582 2495 4642 potestatem.
2520 4572 2696 4643 Super
2722 4574 2862 4628 hanc
2880 4572 3056 4639 sedet,
3110 4584 3164 4626 et
3191 4572 3565 4641 supervehitur
3591 4570 3733 4624 illius

2158 4661 2424 4731 Virginis,
2482 4671 2790 4731 susceptum
2841 4661 3115 4718 hominem
3162 4660 3441 4716 ordinibus
3479 4658 3736 4729 provehit

2160 4754 2496 4823 angelorum,
2543 4754 2667 4824 quia
2693 4754 2795 4809 etsi
2826 4753 3021 4808 melior
3068 4762 3155 4809 est
3182 4764 3400 4817 natura,
3430 4749 3625 4805 fortior
3649 4755 3737 4802 est

2162 4845 2369 4915 gratia;
2420 4845 2468 4900 si
2527 4860 2723 4916 magna
2767 4845 3036 4915 dignitas,
3092 4842 3264 4911 major
3308 4843 3403 4897 Dei
3455 4842 3732 4901 voluntas,

2162 4949 2325 5003 quam
2346 4934 2493 4990 omni
2523 4950 2663 4989 nexu
2692 4943 2896 4989 natum
2915 4949 3158 4988 summus
3183 4933 3271 4987 ille
3289 4932 3733 5004 philosophorum

2161 5027 2359 5083 astruit
2382 5026 2650 5083 altiorem.
2682 5027 2903 5082 Elevata
2926 5036 3011 5081 est
3039 5040 3170 5096 ergo
3212 5024 3611 5096 magniﬁcentia
3638 5022 3733 5077 Dei

2162 5133 2271 5172 non
2320 5115 2492 5171 solum
2520 5131 2683 5186 super
2723 5115 2890 5171 ctelos
2938 5113 3113 5186 (Psal.
3169 5113 3312 5183 vm),
3342 5114 3435 5169 sed
3469 5122 3525 5168 et
3571 5127 3736 5187 super

2166 5204 2403 5277 angelos,
2444 5206 2570 5275 quia
2602 5212 2751 5260 tanto
2795 5205 2984 5260 melior
3008 5204 3214 5275 angelis
3256 5202 3501 5265 effectus,
3530 5210 3736 5271 quanto

2167 5294 2503 5351 dili'erentius
2541 5308 2651 5363 prae
2688 5293 2794 5349 illis
2826 5307 3023 5350 nomen
3077 5293 3412 5349 haereditavit
3449 5292 3636 5363 (Hebr.
3666 5291 3731 5364 I).

2170 5383 2239 5442 Et
2260 5384 2416 5453 plena
2438 5392 2558 5441 erat
2581 5383 2863 5453 majestate
2885 5381 3004 5453 ejus
3030 5382 3206 5439 omnis
3232 5390 3396 5437 terra.
3422 5380 3537 5451 Ipse
3552 5380 3737 5436 Domi-

2171 5489 2272 5528 nus
2292 5472 2437 5526 Deus
2457 5475 2719 5531 noster.in
2748 5472 2999 5527 universa
3020 5481 3162 5527 terra
3178 5471 3382 5541 judicia
3411 5470 3528 5538 ejus
3558 5467 3729 5540 (Ρωι.

2170 5564 2301 5634 ειν),
2328 5561 2405 5617 ait
2425 5561 2729 5619 Psalmista.
2760 5561 2824 5619 Et
2845 5562 3112 5633 quomodo
3142 5576 3283 5620 nunc
3308 5569 3429 5633 post
3456 5561 3594 5619 hanc
3617 5559 3734 5630 ejus
