4064 6208
512 214 614 270 797

1854 218 2086 276 SEltMO
2128 221 2233 290 ιιι.
2880 238 2918 249 ~

2741 185 2761 199 ς
2825 179 2902 201 *Ὗ

3647 229 3758 292 798

512 331 868 388 elevationem
917 334 1112 390 asserit
1157 335 1422 406 Propheta
1468 351 1683 394 omnem
1738 347 1935 395 terram
1972 356 2087 395 ma-
2112 344 2166 407 Α
2192 341 2554 413 eumscriptus
2584 340 2671 397 ille
2700 340 2936 411 Spiritus
2962 351 3304 399 remanentes
3330 356 3541 399 summa
3573 360 3761 418 prose-

509 425 712 495 jestate
739 423 858 493 ejus
885 438 1007 480 esse
1033 426 1331 496 repletam?
1369 425 1541 499 (Psal.
1599 428 1774 500 Lm.)
1827 430 1933 484 Sed
1962 447 2086 485 cum

514 514 645 568 dicit
679 512 894 583 plenam
936 515 1239 584 majestate,
1277 517 1530 589 intelligit
1557 520 1740 575 dicere
1785 518 2089 590 majestatis

516 602 823 673 cognitione
849 618 1012 672 quam
1041 615 1167 660 ante
1210 604 1328 673 ejus
1357 607 1782 663 incarnationem
1832 619 1925 664 aut
1958 610 2088 666 nulli

515 701 849 758 meruerunt,
874 704 967 747 aut
987 694 1165 764 pauci.
1202 694 1307 750 Sed
1339 712 1482 752 nunc
1511 698 1579 752 ab
1617 708 1739 752 ortu
1763 698 1893 754 solis
1922 714 2090 770 usque

512 782 580 835 ad
609 796 862 837 occasum
889 797 1085 838 nomen
1132 783 1226 839 Dei
1256 799 1510 855 magnum
1537 785 1709 857 (Psal.
1738 786 1870 858 cm)
1897 789 2092 858 praedi-

512 879 669 926 catur
726 871 780 926 in
831 872 1100 941 gentibus,
1151 882 1384 943 suntque
1433 890 1621 931 onmes
1688 877 1946 933 docibiles
1992 878 2088 934 Dei

513 960 695 1033 (Joan.
747 964 846 1034 vt),
900 979 1038 1033 quos
1108 962 1226 1033 ejus
1286 965 1473 1020 unctio
1520 966 1677 1021 docet
1719 967 1785 1021 de
1842 968 2091 1024 omnibus

512 1050 561 1121 (1
598 1050 760 1106 Joan.
786 1054 870 1122 tt).
894 1052 1028 1106 Nam
1051 1055 1152 1110 etsi
1182 1055 1237 1108 in
1268 1053 1436 1110 lsrael
1458 1070 1709 1126 magnum
1731 1071 1924 1112 nomen
1951 1057 2088 1128 ejus,

512 1159 618 1196 non
650 1153 855 1199 tantum
877 1143 988 1213 jam
1018 1147 1109 1201 uni
1159 1146 1374 1219 angulo,
1423 1148 1519 1203 sed
1546 1148 1642 1204 toti
1670 1149 1870 1203 mundo
1899 1150 2091 1205 notitia
2154 1152 2160 1158 ’

511 1247 571 1287 se
599 1233 894 1288 divinitatis
915 1233 1131 1290 infudit.

585 1323 843 1392 Sequitur
873 1344 887 1379 :
927 1344 945 1377 ι
978 1326 1043 1380 Ει
1067 1342 1131 1381 ea
1177 1342 1298 1397 quae
1348 1327 1447 1383 sub
1473 1312 1590 1398 ipso
1616 1335 1775 1382 erant
1812 1326 2092 1397 replebant

515 1414 795 1485 templum.
832 1434 850 1468 ι
882 1415 1163 1487 Templum
1191 1417 1374 1487 accipe
1397 1418 1671 1472 civitatem
1702 1417 1797 1473 Dei
1835 1417 2091 1484 viventis,

512 1519 765 1573 sponsam
792 1505 929 1577 ejus,
966 1522 1087 1577 quae
1123 1522 1229 1562 non
1276 1508 1438 1563 habet
1477 1508 1769 1575 maculam,
1796 1523 1971 1579 neque
2002 1525 2093 1563 ru-

514 1611 634 1665 gam
671 1592 889 1666 (Ερὴει,
931 1597 1007 1667 v).
1054 1595 1167 1653 Sub
1206 1599 1322 1668 ipso
1350 1607 1477 1653 sunt
1521 1599 1849 1665 incarnatio,
1887 1599 2086 1670 passio,

2191 442 2349 489 cutus
2375 444 2456 490 est
2484 435 2754 509 largitate,
2784 436 2922 491 dans
2959 435 3039 491 eis
3064 437 3119 491 in
3166 450 3413 502 munere,
3444 450 3513 490 ne
3540 447 3762 505 possent

2190 522 2422 592 amplius
2462 523 2641 594 aliqua
2694 523 3051 581 labefactione
3098 526 3393 597 corrumpi.
3447 525 3762 583 Conﬁrmati

2189 605 2376 685 igitur,
2406 624 2462 670 et
2491 614 2557 670 de
2596 615 2680 671 sui
2708 624 2885 671 status
2914 616 3209 671 stabilitate
3248 615 3448 680 securi,
3478 616 3764 672 lucidioris

2189 703 2374 773 gratia:
2401 703 2615 759 subiere
2645 701 2939 774 fastigium.
2970 703 3225 759 Serviunt
3249 719 3378 773 ergo
3410 704 3505 770 illi,
3530 704 3617 759 cui
3646 718 3767 759 ser-

2170 794 2304 861 .vire
2334 809 2559 863 regnare
2585 803 2687 860 est,
2718 804 2773 849 et
2808 795 2952 849 felici
2992 796 3306 861 securitate,
3337 804 3392 849 et
3426 810 3616 849 secura
3644 792 3764 850 feli-

2190 885 2375 939 citate.
2405 883 2501 940 llis
2522 887 2730 941 duabus
2755 887 2856 942 alis
2878 886 3060 941 volant
3084 887 3259 957 angeli
3283 886 3551 941 volatione
3577 886 3765 957 utique

2191 978 2486 1045 indefessa,
2516 988 2569 1035 et
2589 981 2762 1036 creati
2788 980 3023 1051 digniter
3044 990 3098 1036 et
3125 980 3336 1036 fortiter
3362 979 3688 1036 conﬁrmati.

2262 1072 2444 1129 Tertia
2472 1072 2555 1128 ala
2603 1082 2687 1129 est
2732 1074 3023 1143 singularis
3064 1090 3217 1129 amor
3246 1074 3330 1131 sui
3373 1073 3677 1139 Creatoris;
3710 1078 3767 1127 et

2190 1162 2307 1219 hate
2328 1163 2545 1233 quidem
2572 1162 2883 1219 felicissima
2915 1164 3308 1234 subtilibusque
3333 1164 3579 1234 pennulis
3599 1164 3768 1219 inter-

2194 1261 2361 1307 texta.
2390 1252 2587 1308 Amant
2614 1255 2781 1319 enim,
2813 1263 2867 1309 et
2896 1257 3110 1322 ardent,
3139 1264 3195 1311 et
3223 1255 3534 1311 desiderant
3559 1254 3613 1309 in
3641 1266 3767 1308 eum

2191 1342 2525 1412 prospicere,
2543 1342 2695 1412 cujus
2713 1358 2899 1397 amore
2916 1341 3536 1399 feliciterincenduntur.
3553 1340 3770 1409 Quanto

2190 1432 2337 1486 enim
2367 1414 2669 1501 propiores,
2703 1440 2855 1486 tanto
2883 1431 3265 1499 ferventiores;
3290 1442 3347 1487 et
3372 1421 3424 1487 in
3451 1432 3629 1487 lumen
3652 1445 3770 1485 ma-

2186 1519 2401 1590 jestatis
2426 1522 2670 1593 absorpti
2698 1522 2961 1578 iudicibili
2991 1523 3153 1580 modo
3176 1534 3230 1579 et
3256 1538 3471 1607 semper
3501 1523 3695 1607 ardent
3714 1530 3770 1579 et

2194 1626 2411 1681 semper
2439 1612 2731 1668 satiantur.

512 1701 683 1751 tuors,
705 1696 760 1741 et
786 1686 963 1742 omnis
989 1686 1077 1741 illa
1107 1688 1340 1743 horai-ia:
1371 1688 1792 1758 dispensationis
1818 1689 2089 1751 molestia,
2119 1697 2165 1757 Β
2263 1700 2471 1769 Quam.
2507 1711 2589 1757 es;
2633 1702 2851 1757 assidua
2881 1702 3021 1759 visio
3048 1703 3367 1761 divinitatis,
3415 1703 3523 1760 sed
3558 1711 3615 1759 ει
3652 1704 3769 1759 haec

510 1777 637 1847 quia
674 1791 964 1848 resurgens
1009 1792 1077 1833 ex
1115 1780 1342 1834 mortuis
1376 1779 1488 1849 jam
1513 1794 1618 1834 non
1649 1780 1879 1834 moritur
1908 1779 2088 1851 (Rom.

512 1869 614 1938 vt).
646 1867 774 1924 Haac
802 1869 940 1925 sunt'
963 1884 1083 1940 quae
1117 1871 1329 1940 replent
1369 1868 1690 1936 Ecclesiam,
1720 1886 1950 1941 quorum
2007 1887 2093 1926 re-

516 1958 758 2014 cordatio
779 1960 935 2014 nobis
959 1976 1168 2016 annuas
1195 1961 1337 2029 parit
1360 1960 1749 2016 solemnitates.
1780 1960 2095 2031 Replebitur

515 2047 567 2102 in
598 2048 757 2105 bonis
783 2048 974 2105 domus
1005 2058 1108 2105 tua“:
1138 2049 1311 2118 (Psal.
1346 2052 1516 2121 thv),
1563 2061 1812 2107 sanctum
1840 2062 1924 2109 est
1953 2062 2092 2108 tem-

514 2146 661 2218 plum
713 2156 897 2211 tuum,
942 2148 1084 2216 quod
1145 2156 1269 2203 tunc
1328 2148 1574 2217 profecto
1632 2148 1880 2204 mirabile
1908 2159 1991 2204 est
2038 2148 2093 2202 in

512 2238 788 2308 aequitate,
814 2255 934 2294 cum
957 2239 1201 2295 Ecclesia
1226 2254 1486 2309 personas
1508 2256 1612 2295 non
1638 2241 1857 2310 accipit,
1890 2241 2096 2312 respuit

516 2342 762 2390 munera,
795 2328 1077 2382 veritatem
1108 2328 1278 2400 eligit,
1306 2326 1483 2399 diligit
1518 2330 1804 2385 rationem.

480 2474 487 2481 ,
589 2416 877 2489 Sequitur:
906 2440 922 2471 ι
947 2418 1230 2490 Seraphim
1257 2423 1474 2478 stabant
1498 2438 1661 2494 super
1694 2423 1845 2490 illud,
1874 2438 1971 2481 sex
1996 2424 2097 2481 ala:

488 2580 491 2581 ν
518 2505 608 2559 ιιιιί
638 2516 694 2559 et
722 2522 816 2561 sex
845 2506 941 2562 alae
967 2508 1143 2564 alteri.
1176 2529 1197 2564 ι
1244 2510 1360 2568 Duo
1390 2511 1697 2583 Seraphim,
1753 2514 2001 2585 angelum
2042 2523 2098 2569 et

522 2594 793 2651 hominem
835 2599 1021 2667 accipe
1065 2618 1077 2654 :
1129 2601 1223 2671 qui
1276 2602 1649 2668 incendentes,
1704 2604 1815 2659 vel.
1845 2606 2099 2662 ardentes

521 2685 794 2753 dicuntur,
828 2704 951 2743 cum
1000 2690 1087 2745 ille
1124 2693 1314 2748 ardeat
1339 2695 1647 2762 praesentia,
1690 2696 1780 2751 hic
1812 2697 2094 2753 memoria.

592 2773 833 2830 Primum
877 2779 943 2831 de
999 2779 1100 2857 alis
1160 2781 1475 2853 angelorum
1508 2784 1808 2851 videamus,
1853 2794 1911 2841 et
1950 2786 2096 2858 quali

519 2865 682 2936 277
708 2867 1022 2925 volitatione
1052 2870 1334 2938 ferantur;
1362 2882 1418 2928 et
1443 2874 1570 2943 quia
1600 2885 1731 2932 nota
1759 2886 1843 2933 est
1878 2887 2098 2933 senten-

522 2956 595 3007 tia
618 2955 727 3021 illa,
754 2960 1024 3027 qnornodo
1060 2971 1221 3031 caput
1270 2972 1327 3017 et
1370 2966 1535 3034 pedes
1562 2964 1761 3033 velent,
1788 2978 1845 3023 et
1891 2975 2099 3022 tantum

2191 1792 2387 1862 pennis
2411 1790 2778 1849 ﬂoridioribus
2800 1793 3115 1849 intertexta.
3139 1793 3366 1861 Quanta:
3388 1794 3664 1865 dignitatis
3686 1802 3773 1849 est

2193 1879 2413 1936 assidue
2432 1880 2618 1936 videre
2645 1882 2850 1936 Deum?
2879 1882 2947 1936 Et
2974 1882 3047 1938 illi
3074 1882 3301 1953 quidem
3328 1884 3571 1954 spiritus,
3602 1883 3767 1939 etiam

2193 1985 2317 2026 cum
2344 1969 2658 2033 mittuntur,
2685 1987 2791 2025 non
2822 1971 3145 2027 fraudantur
3171 1973 3343 2043 gloria
3370 1973 3616 2037 visionis,
3640 1972 3769 2041 quia

2193 2059 2394 2128 ubique
2427 2060 2669 2114 occurrit
2691 2059 2989 2115 divinitatis
3032 2062 3288 2127 essentia,
3331 2076 3450 2130 qua:
3486 2061 3632 2116 intus
3661 2070 3769 2126 est,

2192 2148 2374 2204 omnia
2426 2148 2790 2213 continendo,
2842 2149 3191 2219 gubernando
3241 2150 3501 2205 exterius.
3556 2148 3632 2205 De
3685 2149 3773 2204 his

2195 2238 2405 2293 duabus
2435 2238 2697 2308 scriptum
2712 2246 2804 2294 est
2828 2257 2842 2293 :
2875 2256 2894 2291 ι
2924 2238 3051 2293 Dute
3078 2252 3265 2310 pennae
3292 2238 3627 2310 singulorum
3646 2237 3773 2308 jun-

2193 2327 2461 2399 gebantur
2489 2326 2705 2399 (Ezech.
2741 2328 2813 2399 t);
2847 2348 2866 2382 ι
2912 2344 3035 2385 cum
3078 2329 3368 2399 singularis
3397 2346 3550 2385 amor
3586 2346 3652 2386 ex
3683 2346 3775 2385 as-

2194 2416 2350 2472 sidua
2381 2418 2592 2473 visione
2635 2429 2915 2486 nascatur,
2947 2431 3005 2475 et
3043 2420 3319 2475 assiduam
3356 2421 3617 2476 visionem
3658 2420 3774 2477 sin-

2195 2508 2399 2578 gularis
2429 2523 2584 2563 amor
2617 2508 2832 2565 efﬁciat.

2268 2594 2470 2661 Quinta
2493 2605 2576 2651 cst
2602 2597 2856 2667 gaudium
2888 2606 3091 2653 nostrae
3114 2596 3541 2667 Redemptionis.
3572 2605 3627 2652 et
3655 2597 3774 2667 ipsa

2196 2687 2477 2757 multiplici
2505 2688 2778 2759 picturata
2810 2689 3098 2744 varietate.
3143 2689 3276 2756 Quis
3303 2689 3589 2744 verborum
3619 2688 3775 2757 copia

2198 2779 2622 2849 comprehendat
2653 2789 2917 2850 quantum
2947 2780 3201 2850 gaudium
3233 2780 3375 2835 Deus
3418 2780 3581 2835 homo
3605 2780 3777 2833 virtu-

2199 2866 2347 2922 tibus
2400 2866 2659 2938 angelicis
2723 2867 3081 2938 ingeneravit,
3131 2883 3256 2923 cum
3292 2877 3348 2922 et
3383 2883 3572 2924 eorum
3610 2866 3775 2923 colle-

2200 2971 2345 3027 gam,
2376 2957 2467 3025 qui
2498 2955 2568 3012 ab
2593 2958 2675 3012 eis
2707 2957 2934 3022 exierat,
2962 2956 3130 3028 278
3153 2956 3249 3013 sed
3281 2972 3388 3012 non
3432 2966 3552 3011 erat
3578 2971 3646 3011 ex
3673 2955 3774 3020 eis.

524 3048 697 3104 media
734 3050 1040 3116 videantur,
1088 3052 1138 3108 id
1170 3061 1272 3119 est,
1299 3053 1443 3124 quod
1466 3054 1707 3111 fuitante
1732 3056 2014 3122 mundum,
2046 3067 2103 3112 οι
2127 3047 2173 3109 C
2203 3047 2399 3103 vexillo
2424 3048 2604 3104 crucis
2641 3049 2902 3115 irruente,
2930 3048 3221 3120 confregit,
3256 3058 3313 3104 et
3346 3047 3621 3103 hominem
3654 3062 3779 3119 per-

523 3143 666 3209 quod
709 3152 832 3211 post
876 3158 998 3198 eum
1031 3145 1159 3210 erit,
1214 3146 1321 3211 his,
1352 3162 1471 3215 quae
1503 3147 1557 3201 in
1605 3149 1893 3217 prtesentia
1939 3156 2098 3214 sunt,

524 3230 917 3302 aliquantulum
960 3237 1371 3305 apparentibus,
1401 3237 1735 3293 Ezechielem
1767 3239 2101 3295 adducamus

524 3323 579 3379 in
608 3325 843 3380 medium
886 3328 977 3399 qui
1005 3328 1319 3383 animalium
1353 3329 1466 3384 alas
1491 3329 1593 3385 hoc
1616 3332 1776 3385 modo
1795 3330 2102 3402 distinguit,

524 3415 711 3470 dicens
736 3433 748 3468 :
786 3435 805 3468 ι
836 3416 1056 3472 Duabus
1077 3419 1178 3473 alis
1193 3418 1463 3484 volabant,
1490 3429 1546 3474 et
1566 3419 1686 3475 duae
1708 3435 1899 3490 pennae
1926 3420 2104 3492 singu-

524 3500 698 3557 lorum
718 3504 1104 3576 jungebantur,
1135 3518 1190 3561 et
1216 3507 1334 3562 duae
1364 3508 1620 3578 tegebant
1652 3523 1840 3564 eorum
1872 3524 2101 3580 corpora

527 3591 745 3664 (Ezech.
795 3596 859 3667 l).
912 3615 931 3649 ι
964 3596 1147 3652 Prima
1194 3612 1381 3653 eorum
1433 3598 1519 3654 ala
1557 3609 1661 3665 est,
1709 3599 1945 3671 dignitas
1993 3614 2107 3656 sua:

524 3685 914 3753 productionis.
962 3686 1157 3742 Transi
1202 3703 1498 3759 parumper
1551 3690 1606 3745 in
1656 3704 1914 3745 arcanum
1947 3690 2108 3761 hujus

526 3777 891 3847 intelligentia:
913 3787 969 3833 et
991 3779 1309 3850 dignitatem
1338 3780 1497 3848 hujus
1513 3780 1799 3836 considera
1818 3790 2104 3836 creaturae.

526 3868 645 3938 Ipsa
700 3879 786 3925 est
844 3871 1165 3942 principium
1225 3872 1435 3928 viarum
1499 3872 1633 3939 Dei,
1695 3873 1773 3929 ait
1822 3871 2104 3943 Scriptura

530 3960 652 4030 (Job
680 3959 788 4031 ιι).
825 3959 1095 4029 Quantum
1144 3962 1485 4034 privilegium
1516 3964 1660 4034 quod
1708 3963 1798 4019 illa
1852 3964 2108 4035 cogitatio

527 4049 789 4105 Altissimi
814 4051 866 4105 in
893 4051 994 4107 boc
1014 4050 1248 4122 primum
1268 4066 1407 4122 Opus
1440 4054 1703 4124 prorupit.
1724 4054 1960 4110 Decebat
1986 4070 2110 4125 pro-

530 4140 694 4206 fecto,
724 4150 784 4195 ιιι
814 4142 1069 4210 singulari
1092 4143 1265 4212 gloria
1289 4144 1654 4215 praefulgeret,
1680 4146 1825 4217 quod
1845 4147 1912 4201 de
1932 4147 2111 4201 mani-

529 4232 631 4287 bus
665 4232 1001 4288 Dontinantis
1042 4236 1313 4303 primitiva
1362 4238 1638 4293 creatione
1662 4238 1946 4309 processit.
1980 4257 1997 4292 ι
2029 4238 2109 4293 Tu

531 4324 866 4392 signaculum
889 4326 1259 4383 similitudinis
1287 4367 1302 4394 ,
1342 4328 1533 4398 plenus
1563 4330 1851 4400 sapientia,
1890 4341 1946 4386 et
1982 4345 2106 4399 per-

533 4413 704 4469 fectus
747 4415 965 4481 decore,
1017 4415 1071 4470 in
1121 4416 1330 4473 deliciis
1358 4418 1594 4488 paradisi
1636 4418 1732 4473 Dei
1762 4417 1934 4483 fuisti,
1976 4419 2109 4473 dicit

534 4507 795 4575 propheta
844 4504 1067 4575 (ΕιεεΙι.
1127 4506 1341 4574 sum).
1375 4525 1393 4558 ι
1436 4505 1553 4561 Νοιι
1586 4506 1760 4562 solum
1788 4507 2108 4574 similitudo,

534 4597 627 4652 sed
668 4606 723 4651 et
760 4597 1099 4667 signaculum
1145 4598 1535 4665 similitudinis,
1588 4608 1646 4653 ut
1677 4607 1829 4653 tanto
1858 4598 2109 4654 subtilius

538 4686 711 4756 imago
747 4686 840 4743 Dei
869 4688 1175 4743 insinuetur
1217 4704 1472 4760 expressa
1522 4698 1728 4759 quanto
1772 4688 2109 4745 ditl‘erentius

538 4780 870 4849 signaculum
906 4781 1314 4836 similitudinem
1345 4783 1620 4852 praecedit.
1653 4780 1755 4838 Ubi
1781 4790 1963 4837 autem
1991 4781 2106 4851 ple-

540 4871 726 4926 nitudo
753 4872 1054 4942 sapientiae,
1092 4873 1307 4928 decoris
1336 4874 1617 4942 perfectio,
1644 4873 1882 4943 paradisi
1905 4873 2113 4929 deliciae

541 4964 907 5030 nominantur,
954 4975 1064 5020 tota
1107 4966 1264 5021 simul
1298 4966 1543 5037 jungitur
1572 4967 1866 5022 beatitudo.
1919 4965 2115 5022 Subdit

543 5066 723 5109 autem
772 5055 1050 5127 Scriptura
1100 5059 1241 5128 quod
1271 5057 1652 5128 superexcellit
1694 5068 1750 5113 ct
1779 5059 1923 5128 quod
1952 5059 2115 5114 t0tius

542 5146 862 5218 eloquentiae
890 5159 1107 5218 superat
1137 5148 1471 5205 facultatem.
1515 5150 1684 5218 Quem
1720 5151 2113 5225 pretiosiorem

545 5239 672 5293 fecit
699 5239 859 5294 Deus.
889 5238 988 5295 llic
1017 5239 1219 5296 dictum
1245 5248 1329 5296 est
1352 5240 1611 5310 quidquid
1640 5240 1746 5295 dici
1784 5242 1977 5311 potuit.

550 5374 566 5386 .
618 5327 867 5383 Secunda
904 5329 986 5384 ala
1030 5330 1201 5401 gratia
1243 5340 1329 5385 est
1370 5331 1813 5389 confirmationis.
1856 5331 1983 5387 Haec
2030 5331 2113 5386 ala

546 5416 771 5474 feliciori
804 5418 982 5475 volatu
1006 5420 1375 5477 lassitudinem
1398 5420 1592 5487 nescit,
1622 5435 1718 5489 per
1754 5422 1934 5476 omnia
1966 5422 2117 5477 simi-

549 5508 615 5561 lis
638 5510 983 5579 praeccdeuti,
1012 5504 1113 5568 nec
1138 5511 1383 5567 inferior.
1407 5510 1736 5568 Cadentibus
1763 5513 1959 5582 quippe
1983 5528 2117 5582 pra:-

552 5602 905 5673 sumptuosis,
942 5612 994 5658 et
1023 5602 1142 5665 istis
1172 5604 1225 5664 iu
1262 5601 1567 5663 humilitate
1601 5601 1920 5663 durantibus
1959 5602 2117 5665 incir-

2204 3138 2374 3193 ditum
2399 3138 2467 3193 ad
2490 3154 2654 3209 regna
2684 3140 2956 3195 revocavit
2976 3139 3253 3195 caelestia?
3276 3138 3387 3194 Nec
3412 3138 3629 3205 mirum,
3653 3138 3781 3208 quia

2202 3228 2461 3284 videbant
2480 3229 2765 3284 materiam
2802 3240 3168 3300 repurgatam,
3198 3230 3264 3284 de
3292 3244 3398 3298 qua
3427 3244 3661 3299 superna
3689 3225 3782 3283 illa

2204 3320 2400 3375 civitas
2440 3318 2837 3387 remditieatur,
2881 3320 3036 3391 cujus
3072 3320 3419 3392 participatio
3463 3319 3581 3389 ejus
3609 3319 3664 3375 in
3704 3317 3784 3374 id-

2208 3411 2381 3482 ipsum
2419 3408 2592 3481 (Psal.
2629 3410 2801 3482 cur).

2278 3501 2445 3559 Sexta
2472 3512 2555 3559 est
2578 3502 2855 3559 restitutio
2883 3517 3131 3574 supernae
3158 3502 3415 3560 civitatis.
3450 3502 3555 3560 Sed
3583 3510 3640 3559 et
3665 3502 3785 3558 haee

2205 3598 2433 3668 picturis
2459 3596 2860 3667 pulchrioribus
2880 3597 3141 3652 colorata.
3164 3596 3304 3665 Quid
3317 3596 3462 3651 enim
3484 3594 3610 3665 erit,
3634 3610 3783 3661 cum,

2209 3688 2300 3744 illo
2328 3687 2554 3744 terribili
2578 3688 2783 3758 judicio
2808 3697 3056 3760 peracto,
3091 3688 3354 3743 Dominus
3391 3688 3651 3743 virtutum
3682 3686 3782 3741 bo-

2209 3779 2385 3835 mines
2416 3778 2625 3850 angelis
2654 3778 2910 3844 sociabit,
2948 3779 3255 3837 resarciens
3281 3778 3562 3844 damnum,
3600 3777 3786 3833 redin-

2211 3881 2432 3943 tegrans
2470 3886 2796 3937 numerum,
2840 3879 2899 3927 et
2939 3884 3381 3941 unumquemque
3424 3868 3670 3926 ordinem
3718 3882 3789 3924 ex

2210 3965 2420 4020 meritis
2446 3964 2758 4020 hominibus
2782 3964 2850 4019 ad
2879 3978 3147 4019 summam
3174 3963 3396 4019 revehet
3421 3959 3789 4017 numeralem?

2209 4055 2363 4110 Tunc
2391 4054 2535 4109 sicut
2580 4053 2875 4109 laetantium
2913 4053 3156 4108 omnium
3189 4052 3453 4108 habitatio
3479 4052 3586 4107 erit
3619 4050 3674 4106 in
3712 4049 3789 4105 ci-

2210 4145 2378 4201 vitate
2404 4144 2499 4199 Dei
2531 4142 2962 4217 (Psal.t.xxxvt),
2980 4144 3106 4215 quia
3134 4145 3402 4200 varietate
3429 4143 3667 4213 partium
3696 4156 3790 4196 or-

2211 4236 2416 4300 dinata,
2464 4234 2541 4290 nil
2569 4235 2680 4290 erit
2711 4236 2945 4306 amplius
2967 4235 3111 4305 quod
3141 4242 3424 4305 repugnet,
3462 4232 3547 4289 vel
3585 4231 3728 4303 quod
3756 4246 3789 4286 a

2213 4327 2435 4401 statutis
2463 4326 2598 4383 locis
2632 4327 2807 4383 valeat
2834 4327 3055 4384 elocari.
3096 4327 3173 4381 De
3202 4327 3288 4383 bis
3314 4326 3522 4381 duabus
3545 4325 3785 4380 dicitur:

2136 4387 2235 4471 D‘c
2268 4398 2396 4473 Duae
2440 4419 2699 4489 tegebant
2745 4432 2975 4489 corpora
3028 4432 3250 4481 eorum;
3290 4434 3310 4469 ι
3362 4416 3488 4486 quia
3533 4414 3787 4485 gaudium

2208 4516 2408 4563 nostrze
2435 4506 2824 4576 redemptionis
2871 4514 2929 4562 et
2963 4505 3237 4561 restitutio
3270 4517 3520 4574 superna
3551 4500 3790 4557 civitatis

2210 4599 2494 4654 beatorum
2545 4597 2835 4667 spirituum
2886 4612 3117 4666 corpora
3170 4602 3461 4666 contegunt
3508 4603 3564 4650 et
3612 4607 3790 4647 resar-

2211 4690 2384 4754 ciunt,
2432 4702 2503 4745 ne
2537 4698 2647 4743 tam
2692 4687 2913 4742 ruinosa
2957 4686 3245 4742 diminutio
3287 4685 3342 4741 in
3387 4684 3477 4739 illa
3522 4682 3787 4754 superiori

2210 4778 2383 4850 gloria
2431 4790 2811 4849 cognoscatur.
2858 4777 2927 4833 Et
2967 4776 3353 4833 attendendum
3390 4781 3592 4845 quanta
3632 4772 3789 4828 beni-

2216 4870 2398 4939 gnitas
2421 4870 2608 4941 gratia:
2633 4885 2804 4941 genus
2828 4869 3124 4925 humanum
3162 4868 3215 4922 in
3242 4866 3362 4923 istis
3386 4863 3792 4920 administrato-

2218 4960 2315 5016 riis
2354 4959 2636 5030 spiritibus
2677 4957 3005 5024 accumulet,
3042 4957 3169 5028 quia
3201 4963 3441 5027 pugnant
3479 4967 3579 5024 pro
3612 4949 3788 5015 nobis,

2218 5063 2280 5109 ut
2324 5052 2495 5108 illud:
2532 5070 2551 5103 ι
2584 5051 2810 5107 Factum
2848 5059 2933 5106 est
2976 5047 3218 5118 prmlium
3258 5059 3514 5117 magnum
3558 5043 3615 5099 in
3653 5039 3792 5097 calo

2221 5143 2408 5214 (Apoc.
2440 5142 2561 5214 xu).
2600 5162 2618 5194 ι
2658 5141 2893 5198 Vincunt
2921 5156 3022 5212 pro
3050 5140 3230 5206 nobis,
3259 5138 3404 5195 sicut
3429 5136 3629 5194 ibidem
3657 5134 3791 5191 sub-

2215 5233 2499 5304 jungitur:
2539 5250 2558 5283 ι
2591 5230 2742 5289 Nunc
2784 5232 2924 5287 facta
2957 5240 3044 5288 est
3071 5231 3296 5288 victoria
3332 5226 3544 5301 (ιδιά).
3578 5244 3598 5279 ι
3645 5224 3790 5280 Gau-

2221 5328 2351 5382 dent
2374 5340 2471 5396 pro
2496 5324 2670 5389 nobis,
2694 5324 2820 5393 quia
2846 5331 2930 5378 est
2959 5340 2978 5375 ι
3000 5321 3254 5391 gaudium
3281 5318 3489 5391 angelis
3515 5317 3609 5374 Dei
3632 5330 3796 5387 super

2220 5432 2329 5472 uno
2349 5424 2634 5487 peccatore
2654 5413 3031 5484 pmnitentiam
3052 5420 3247 5483 agente
3271 5409 3424 5483 (Lac.
3448 5408 3572 5479 xv);
3598 5425 3617 5457 ι
3640 5405 3799 5462 Fleat

2220 5524 2321 5580 pro
2347 5508 2523 5575 nobis,
2553 5508 2699 5564 sicut
2731 5506 2992 5578 scriptum
3021 5515 3137 5562 est:
3171 5524 3190 5559 ι
3218 5503 3407 5575 Angeli
3442 5502 3594 5574 pacis
3613 5512 3799 5555 amare

2223 5599 2425 5661 ﬂebant
2450 5599 2588 5671 (Ita.
2620 5599 2838 5673 nam).
2868 5618 2889 5656 ι
2928 5597 3024 5656 Hae
3049 5606 3176 5656 sunt
3225 5597 3413 5654 felices
3439 5606 3649 5666 penna,
3674 5588 3799 5660 qui-
