4064 6208
331 263 438 326 799

977 259 1035 314 S.
1080 250 1282 313 PETRI
1312 252 1594 310 DAMIANI
1631 245 1783 302 OPP.
1831 241 2009 299 ΡΜιὸ
2041 240 2171 299 SEU
2214 240 2451 298 TOMUS
2475 242 2536 296 II.
2562 243 3028 303 —-SERMONES.

3489 250 3597 308 800

332 387 435 441 bus
460 377 551 439 ille
580 388 903 441 numerosus
934 373 1070 430 ordo
1110 370 1440 441 supervolat,
1490 377 1642 424 stans
1670 364 1911 422 iuirrita'
1941 371 1986 427 Α
2017 363 2070 418 in
2094 362 2257 418 terris
2272 361 2443 425 Filius
2465 361 2580 427 Dei,
2604 370 2659 419 et
2676 368 2969 419 exsecutor
2987 359 3198 417 exstitit
3214 370 3271 415 et
3293 362 3579 433 magister:

331 471 535 540 biliter,
561 472 816 528 alacriter
842 466 1049 533 volans,
1080 474 1135 519 et
1166 465 1221 521 in
1246 461 1631 519 azternitatem.

2032 455 2278 510 rDiseite
2313 469 2344 511 a
2385 467 2490 517 me,
2523 452 2717 523 inquit,
2764 452 2893 523 quis
2936 452 3085 515 mitis
3127 466 3247 508 sinu
3292 460 3352 507 et
3378 453 3602 511 humilis

410 566 517 621 Sed
555 562 669 632 iam
704 558 1032 616 redeundum
1063 564 1147 611 est
1173 553 1240 609 ad
1282 569 1399 616 nos,
1427 561 1483 608 et
1525 550 1695 627 stylus
1723 549 1793 609 ad
1821 563 1917 604 no-
2014 547 2183 605 corde
2227 545 2443 618 (Matth.
2492 546 2592 616 ut).
2627 562 2647 598 ι
2696 542 2865 628 Sexta
2905 552 2991 600 est
3034 543 3292 599 charitas.
3342 542 3469 599 Haec
3513 555 3603 600 est

336 668 508 717 stram
542 651 936 722 retorquendus
963 647 1377 709 btnnanitatem,
1406 660 1543 716 quos
1580 645 1648 701 ab
1675 641 1918 714 angelico

335 745 613 805 consortio
645 757 920 813 corporea:
954 739 1259 808 voluptates
1286 748 1341 793 et
1376 736 1576 807 iniqua:
1613 735 1920 790 voluntates

336 837 593 895 dividunt
616 844 671 891 et
699 832 1021 904 abjungunt.
1054 831 1120 885 Et
1148 830 1278 886 licet
1307 829 1360 883 in
1395 829 1538 887 hanc
1563 826 1917 899 degeneravi-

339 940 462 987 mus
488 925 807 987 vanitatem,
839 933 1120 993 portamus
1158 930 1335 976 tamen
1382 919 1672 990 imaginem
1701 916 1922 977 Creato-

338 1018 435 1081 ris,
463 1030 605 1089 quar,
636 1014 736 1069 etsi
765 1012 1044 1071 obscurari
1082 1019 1278 1081 potest,
1300 1009 1493 1083 nequit
1520 1018 1701 1062 tamen
1728 1005 1919 1060 deleri.

340 1106 609 1164 Universa
632 1105 847 1161 vanitas
868 1104 1045 1158 omnis
1068 1104 1230 1157 homo
1254 1102 1442 1157 vivens
1471 1099 1642 1170 (Paul.
1668 1098 1921 1168 uxvm),

340 1199 420 1259 ait
459 1198 684 1267 iustus,
743 1195 841 1251 sed
906 1202 964 1251 et
1025 1194 1079 1250 in
1122 1192 1360 1264 imagine
1421 1189 1719 1262 pertransit
1761 1190 1925 1245 homo

337 1290 693 1361 Assignemus
724 1303 853 1367 ergo
894 1302 987 1347 sex
1021 1285 1135 1341 alas
1175 1284 1402 1351 homini,
1467 1284 1572 1342 etsi
1619 1299 1724 1339 non
1764 1282 1921 1349 tales,

341 1382 745 1463 qualescunque
776 1389 979 1435 tamen.
1007 1378 1190 1437 Prima
1219 1378 1455 1433 hominis
1486 1378 1568 1435 ala
1600 1378 1923 1433 revertentis

340 1472 408 1529 ad
438 1474 607 1533 Deum
634 1472 942 1529 amaritudo
960 1471 1150 1527 cordis
1175 1479 1281 1526 est.
1306 1470 1362 1525 In
1389 1468 1574 1525 multis
1601 1468 1925 1526 offendimus

341 1578 533 1621 omnes
576 1563 721 1634 (Jac.
758 1564 863 1632 In),
896 1571 953 1618 et
997 1577 1106 1617 non
1150 1570 1239 1617 est
1277 1576 1535 1619 numerus
1566 1560 1923 1617 offensionum

340 1664 673 1710 nostrarum.
698 1652 805 1709 Sed
829 1669 974 1719 cum,
1005 1655 1295 1709 accedente
1312 1663 1370 1707 et
1392 1653 1723 1733 accendente
1744 1652 1923 1731 gratia

342 1746 440 1804 Dei
462 1761 567 1805 cor
599 1754 870 1813 nostrum,
912 1746 1274 1818 recogitamus
1295 1761 1490 1807 omnes
1510 1761 1685 1805 annos
1713 1754 1929 1805 nostros
1964 1741 2005 1797 Β

343 1844 400 1899 in
430 1841 797 1899 sumitudine
833 1842 1029 1898 animae
1056 1850 1275 1907 nostra,
1309 1842 1657 1901 obscuratum
1686 1839 1927 1897 declam-

342 1948 468 1989 tnus
499 1932 817 2003 imaginem,
843 1940 899 1988 et
934 1932 989 1987 in
1028 1941 1274 1993 nostmm
1307 1931 1634 2002 principium
1662 1931 1928 1987 reforma-

342 2036 489 2078 Inur.
535 2019 641 2076 Sed
678 2018 804 2089 quia
850 2038 876 2072 ί
903 2021 1067 2077 corde
1105 2020 1348 2077 creditur
1387 2020 1455 2079 ad
1492 2019 1791 2089 iustitiam,
1833 2035 1929 2074 ore

343 2120 529 2167 autem
551 2109 826 2169 confessio
853 2112 914 2166 ﬁt
942 2111 1017 2171 ad
1049 2110 1280 2169 salutem
1310 2111 1490 2180 (Rom.
1524 2110 1600 2178 x).
1632 2129 1654 2164 s
1682 2112 1931 2180 sequitur

343 2204 582 2261 secunda
608 2218 808 2274 penna,
845 2203 1115 2263 confessio
1144 2202 1393 2263 videlicet
1415 2204 1548 2258 esis.
1582 2204 1723 2258 Ante
1738 2204 1930 2258 omnia

346 2297 642 2363 confessio,
675 2299 807 2355 dicit
852 2298 1156 2369 Scriptum.
1184 2298 1432 2368 nihilque
1474 2298 1584 2354 Deo
1603 2301 1816 2371 gratius
1848 2308 1934 2355 est

345 2391 788 2461 quamconfiteri
828 2396 887 2449 et
916 2406 1175 2449 accusare
1213 2392 1360 2461 quod
1400 2391 1600 2448 fecisti.
1632 2393 1802 2449 Plena
1848 2401 1934 2449 est

345 2483 529 2549 omnis
556 2482 837 2554 Scriptura
869 2498 1031 2539 sacra.
1053 2490 1218 2541 tante
1245 2476 1464 2538 virtutis
1488 2482 1817 2549 testimonio,
1841 2482 1932 2538 eui

346 2581 459 2631 tarn
486 2572 699 2629 Veteris
726 2574 1062 2629 Testamenti
1102 2589 1265 2645 quam
1312 2574 1448 2631 Novi
1480 2584 1593 2631 tota
1634 2576 1803 2631 servit
1838 2589 1935 2629 an-

345 2665 604 2731 etoritas;
633 2665 752 2723 istae
778 2665 1189 2734 siquidemduaa
1212 2667 1445 2723 virtutes
1472 2676 1621 2731 sunt,
1649 2680 1772 2738 quae
1796 2666 1933 2721 mul-

349 2756 591 2831 tiplicem
640 2756 919 2813 cumbae
971 2756 1237 2812 seelentm
1289 2767 1596 2813 nostrorum
1648 2768 1781 2814 ante
1838 2757 1932 2813 Dei

344 2847 540 2907 oculos
566 2846 924 2905 abacondtmt.
961 2846 1039 2902 De
1078 2847 1166 2905 his
1190 2848 1439 2903 dicitur:
1470 2866 1494 2900 ι
1524 2848 1654 2903 Dure
1683 2850 1936 2920 tegebant

346 2954 804 3011 eorumcorpera.
820 2959 840 2991 ς
858 2940 1034 3006 Beati,
1053 2958 1072 2993 ο
1084 2939 1256 2997 enim.
1276 2956 1540 3010 equorum
1555 2940 1795 2996 remissa-
1808 2949 1936 2995 sunt

342 3026 693 3099 iniquitates,
730 3037 798 3084 et
831 3044 1058 3100 quorum
1102 3037 1246 3088 tecta
1290 3039 1417 3085 sunt
1447 3038 1692 3100 peccata.
1737 3030 1936 3086 Beatus

342 3094 468 3185 sit,
503 3120 591 3175 ειιί
641 3094 748 3176 non
790 3094 1085 3190 imputavit
1130 3121 1391 3176 Dominus
1431 3094 1709 3191 peccatum
1758 3094 2009 3194 (Psal.'c

350 3210 531 3279 nsi).
563 3229 582 3263 ι
610 3210 924 3280 lminstavit,
953 3212 1114 3275 dixit,
1141 3228 1245 3269 non
1269 3212 1417 3268 fecit.
1444 3212 1547 3280 Qui
1569 3214 1714 3268 enim
1743 3230 1934 3284 pecca-

350 3312 467 3357 tum
489 3317 597 3359 non
627 3302 778 3369 fecit,
815 3318 920 3357 non
952 3312 1054 3368 est,
1087 3303 1190 3359 nisi
1224 3320 1387 3369 unm,
1414 3313 1471 3360 et
1500 3305 1588 3358 hic
1618 3303 1788 3360 Filius
1819 3306 1933 3361 Dei.

353 3395 529 3453 Omne
570 3406 751 3455 autem
777 3397 921 3468 quod
965 3397 1082 3468 ipse
1126 3397 1283 3456 nobis
1323 3413 1430 3453 non
1475 3397 1645 3469 279
1673 3399 1939 3468 imputare

354 3488 680 3555 decreverit,
717 3489 797 3545 sic
824 3497 928 3555 est,
958 3489 1113 3559 quasi
1146 3506 1253 3545 non
1298 3489 1483 3545 fuerit.
1514 3489 1697 3545 Tertia
1726 3490 1809 3544 ala
1856 3498 1941 3544 est

353 3596 500 3653 spes.
546 3581 675 3637 Haec
714 3590 823 3646 est,
842 3597 974 3652 qua:
1018 3582 1238 3653 fragiles
1284 3583 1497 3639 animos
1540 3582 1699 3653 erigit
1746 3582 1812 3637 ad
1850 3572 1941 3638 su-

352 3687 547 3745 perna,
571 3688 693 3743 qua
716 3673 933 3730 mdium
959 3675 1384 3745 exspectationis
1410 3674 1630 3746 levigat,
1661 3689 1782 3745 quae
1804 3690 1942 3744 pra:-

354 3762 524 3819 snmit
554 3765 633 3819 .de‘
663 3763 1037 3818 misericordia
1064 3762 1285 3831 iudicis,
1326 3773 1384 3820 et
1414 3765 1468 3820 in
1500 3764 1696 3821 divina:
1724 3764 1943 3834 pietatis

353 3857 679 3914 obversatur
722 3855 945 3927 palatio.
976 3854 1183 3923 Quarta
1217 3864 1303 3911 est
1340 3856 1530 3911 timor.
1579 3855 1685 3912 iste
1714 3864 1815 3919 est,
1847 3854 1941 3923 qui

355 3950 604 4006 suecurit
626 3964 882 4006 earneam
904 3956 1116 4007 vestem
1146 3956 1390 4002 nostram
1416 3962 1540 4003 ossa
1566 3956 1860 4019 penetrans
1889 3956 1943 4002 et

358 4040 492 4111 ipsis
528 4054 596 4096 se
637 4040 929 4094 infundens
964 4037 1233 4095 medullis.
1272 4037 1421 4095 Offer
1457 4038 1731 4109 paululum
1770 4038 1945 4094 oculis

354 4132 542 4187 cordis
573 4130 862 4199 imaginem
893 4129 1131 4195 Domini,
1163 4138 1219 4185 et
1254 4129 1403 4184 illius
1432 4129 1665 4194 Domini,
1693 4128 1785 4199 qui
1818 4128 1946 4183 fecit

356 4222 561 4277 celum
607 4231 664 4275 et
708 4230 931 4286 terram,
957 4220 1051 4291 qui
1086 4228 1414 4290 potestatem
1462 4221 1627 4275 habet
1670 4233 1867 4288 corpus
1890 4228 1947 4276 et

360 4310 603 4365 animum
631 4309 851 4365 mittere
885 4310 937 4367 iu
962 4311 1271 4380 gehennam
1299 4308 1519 4381 (Matth.
1552 4312 1641 4379 x);
1670 4308 1825 4379 cuius
1852 4325 1946 4380 pa-

361 4400 613 4456 tientiam
650 4402 980 4472 provocanti,
1031 4402 1405 4456 thesatrrirzans
1439 4400 1533 4454 tibi
1576 4402 1716 4455 iram
1761 4400 1814 4456 in
1858 4401 1945 4458 die

363 4493 462 4553 ira
480 4502 539 4549 et
562 4492 912 4548 revelationis
932 4492 1064 4561 justi
1090 4492 1279 4562 iudicii
1310 4492 1408 4548 Dei
1430 4490 1705 4564 (Rom-tt).

434 4584 570 4640 Cum
600 4584 715 4638 hac
752 4583 953 4641 intuitu
1000 4583 1329 4655 diligentiori
1371 4583 1738 4655 prospexeris,
1772 4582 1946 4637 timor

361 4684 421 4731 et
446 4683 654 4730 tremor
678 4673 896 4733 veniam
923 4689 1087 4744 super
1126 4682 1202 4736 te.
1226 4684 1291 4729 et
1321 4673 1555 4729 formido
1586 4674 1777 4731 mortis
1804 4674 1945 4729 intc-

362 4766 567 4821 riorem
616 4765 888 4820 hominem
941 4765 1172 4820 validius
1216 4766 1543 4821 intervertet
1591 4763 1765 4836 (Psai.
1809 4764 1941 4835 Liv).

364 4855 502 4921 Quia
534 4854 697 4925 igitur
723 4869 850 4924 spes
895 4855 1121 4909 multum
1148 4856 1434 4925 praesumit
1475 4864 1531 4910 et
1562 4856 1725 4908 timor
1753 4853 1946 4909 difﬁdit

356 4948 549 5010 nimis,
598 4957 887 5015 utrumque
925 4947 1155 5017 iungere
1184 4964 1290 5002 non
1334 4947 1587 5010 moreris,
1617 4954 1679 5001 ut
1719 4945 1771 5001 in
1802 4960 1949 5001 com-

364 5037 518 5091 muni
550 5035 750 5093 faciant
769 5037 912 5107 quod
934 5037 1105 5092 divisa
1128 5046 1509 5108 nonpossent.
1536 5037 1693 5092 Disce
1717 5036 1796 5092 sic
1824 5050 1948 5105 spe-

370 5140 496 5182 rare
519 5134 580 5180 ut
610 5126 831 5191 timeas;
881 5128 961 5182 sic
990 5129 1213 5189 timere.
1241 5138 1299 5181 ut
1341 5142 1546 5193 speres.
1582 5129 1655 5182 De
1680 5127 1768 5182 his
1812 5127 1948 5182 scri-

356 5224 522 5284 ptum
547 5227 669 5272 est:
719 5235 739 5270 ι
769 5216 898 5271 Bne
927 5230 1116 5287 penum
1147 5217 1480 5288 singulorum
1506 5215 1891 5286 iungebantur.
1924 5234 1942 5267 ο

354 5307 567 5372 Quinta
596 5316 691 5363 est
726 5307 1024 5363 humiiitas.
1068 5308 1242 5378 Prope
1280 5318 1366 5364 cst
1407 5309 1666 5364 Dominus
1712 5307 1804 5363 his
1856 5307 1949 5377 qui

356 5398 716 5455 obtinuerunt
738 5415 857 5467 eor,
886 5384 965 5456 a'it
1000 5402 1311 5473 Scriptura.
1344 5402 1631 5457 Humilitas
1660 5411 1743 5457 est
1773 5412 1950 5457 mater

366 5492 654 5561 virtutum,
688 5498 944 5565 superbia
966 5499 1221 5554 vitiorum
1258 5500 1462 5571 regina,
1496 5500 1611 5555 haec
1634 5499 1747 5554 sola
1773 5499 1948 5554 virtus

368 5586 627 5639 virtutum
679 5590 901 5657 nutrix,
949 5607 1111 5662 quam
1164 5594 1335 5648 solum
1386 5592 1439 5648 in
1503 5593 1722 5664 Virgine
1777 5603 1951 5648 matre

377 5680 613 5751 respexit
645 5679 984 5749 Altissimus;
1022 5684 1175 5753 cujus
1204 5684 1439 5753 quandiu
1482 5696 1836 5742 conversatus
1869 5698 1949 5742 est

2019 638 2348 709 principium
2387 646 2442 693 et
2489 635 2634 703 finis,
2680 623 2950 692 bonorum
2996 634 3257 699 clausula,
3308 634 3603 706 singularis

2020 736 2129 790 filia
2169 734 2367 791 summi
2392 732 2577 805 Regis.
2608 729 2950 802 Superﬂnum
2980 742 3067 790 est
3106 745 3225 786 eam
3248 731 3431 786 verbis
3473 747 3601 801 pro-

2022 826 2307 883 lixioribus
2335 825 2739 889 commendare,
2764 823 2855 879 cui
2882 822 3074 877 alludit
3102 830 3221 877 tam
3258 822 3596 878 srecularium

2018 933 2182 987 quam
2226 917 2529 997 diuinarum
2574 915 2879 971 litterarum
2920 924 3032 970 tota
3077 915 3348 970 facundia.
3393 914 3470 970 De
3516 915 3602 970 his

2015 1008 2261 1064 dicitur:
2310 1026 2329 1059 ι
2365 1007 2584 1062 Duabus
2622 1006 2726 1063 alis
2767 1005 3042 1063 volabant.
3073 1025 3091 1057 ι
3120 1005 3223 1061 Ilis
3249 1006 3478 1075 geminis
3504 1005 3603 1060 alis

2023 1100 2099 1155 illi
2134 1100 2356 1171 pennati
2384 1098 2604 1153 evolant
2637 1098 2705 1151 ad
2735 1111 2991 1167 superna,
3021 1096 3090 1152 de
3129 1095 3327 1167 quibus
3355 1094 3556 1150 dicitur
3585 1114 3598 1149 :

2027 1210 2051 1243 ι
2099 1188 2322 1245 Frustra
2372 1185 2577 1256 iacitur
2636 1196 2752 1245 rete
2815 1197 2948 1243 ante
3002 1184 3191 1241 oculos
3246 1194 3603 1256 pennatorum

2025 1279 2209 1352 (Prov.
2248 1279 2311 1350 ι).
2340 1297 2360 1330 ι
2394 1277 2548 1345 Quod
2587 1277 2631 1332 si
2679 1277 2797 1333 istis
2835 1276 3217 1342 volaverimus,
3253 1291 3355 1331 nec
3391 1273 3606 1331 defece-

2026 1374 2217 1437 rimus,
2244 1372 2572 1442 quandoque
2611 1369 2776 1426 etiam
2815 1370 3011 1440 pennis
3039 1370 3351 1439 angelorum
3395 1367 3607 1423 volabi-

2026 1452 2146 1520 unis
2172 1474 2229 1519 et
2257 1463 2558 1519 videbimus
2586 1461 2736 1517 illum
2769 1461 2823 1516 in
2852 1461 3050 1516 decore
3080 1475 3201 1525 suo,
3229 1460 3323 1529 qui
3346 1467 3431 1515 est
3460 1458 3607 1515 Deus

2024 1556 2343 1614 benedictus
2367 1555 2422 1611 in
2458 1552 2654 1610 sarcula
2676 1553 3023 1610 saeculorum.
3052 1553 3247 1609 Amen.

2618 1685 2885 1749 OCTOB
2894 1688 3015 1749 ER.

2034 1785 2266 1849 XVIII.
2350 1787 2564 1851 Sermo
2601 1784 2674 1848 de
2706 1785 2771 1850 S.
2816 1785 2987 1847 Luca
3020 1782 3421 1865 Evangelista

2030 1886 2327 1949 XXVIII.
2349 1887 2561 1948 Sermo
2593 1885 2666 1953 de
2684 1886 2754 1951 Β.
2793 1883 3007 1949 Fidele
3037 1892 3332 1962 martyre.

2614 2004 2852 2063 SERIIO
2891 2004 3024 2060 Llll.

2208 2116 2277 2156 an
2301 2116 2353 2157 ε.
2384 2116 2520 2157 mea
2559 2114 2949 2155 ενιπευς-η.
2993 2097 3184 2169 (xxvm
3212 2098 3429 2171 ocros.)

2101 2213 2237 2282 Quia
2254 2228 2360 2285 per
2376 2212 2757 2284 'Evangelium,
2788 2209 3150 2274 dilectissimi,
3180 2210 3246 2264 de
3276 2209 3517 2265 tenebris
3544 2210 3617 2265 ad

2032 2307 2207 2363 lucem
2228 2306 2496 2363 reductus
2521 2315 2605 2362 est
2640 2307 2894 2370 mundus,
2924 2306 3120 2361 merito
3150 2304 3613 2374 evangelistarum

2032 2397 2260 2468 gloriam
2290 2396 2531 2453 celebrat
2561 2396 2788 2466 populus
2804 2396 3170 2450 Christianus.
3202 2396 3310 2451 Sed
3337 2396 3482 2449 inter
3510 2410 3619 2449 ca:-

2034 2498 2181 2543 teros
2208 2486 2271 2542 B.
2304 2486 2504 2551 Lucas,
2531 2486 2618 2541 cui
2640 2501 2879 2557 praesens
2915 2484 3277 2542 famulaturus'
3302 2495 3387 2540 est
3412 2500 3617 2550 sermo,

2035 2581 2162 2635 dum
2182 2578 2399 2652 gemina
2428 2578 2548 2651 styli
2577 2580 2810 2649 species,
2839 2587 2895 2634 et
2924 2578 3290 2650 evuugelicam
3319 2587 3375 2633 et
3404 2588 3622 2649 aposto-

1986 2696 1993 2704 θ
2033 2671 2195 2727 licam
2226 2672 2463 2727 contexit
2496 2671 2801 2735 historiam,
2853 2679 3111 2740 tanquam
3160 2670 3390 2725 diversis
3426 2686 3619 2740 agrum

1996 2792 1999 2795 ι
2035 2763 2291 2820 Ecclesia:
2319 2762 2567 2834 frugibus
2594 2763 2756 2825 ditat,
2785 2764 2927 2816 unde
2956 2761 3204 2819 videlicet
3236 2762 3462 2831 populus
3491 2778 3617 2816 esu-

2036 2856 2181 2910 riens
2220 2855 2388 2919 vivat,
2433 2854 2575 2908 unde
2604 2869 2733 2923 grex
2767 2854 2968 2908 Christi
3014 2854 3239 2907 virentia
3286 2854 3478 2909 salutis
3522 2854 3625 2908 ali-

2038 2957 2213 3001 menta
2246 2946 2523 3016 decerpat.
2569 2944 2662 3001 lia:
2692 2945 2850 3016 plane
2882 2956 3009 3000 sunt
3043 2945 3209 3016 280
3239 2944 3442 3016 fruges,
3486 2961 3624 3015 quas

2038 3036 2237 3108 Ioseph
2272 3035 2529 3091 fratribus
2558 3035 2787 3090 contulit
2831 3034 2987 3105 (Gen.
3019 3037 3186 3105 xm);
3233 3036 3345 3088 haec
3372 3036 3621 3103 pecunia,

2042 3142 2204 3197 quam
2231 3126 2282 3181 in
2305 3141 2400 3180 ore
2424 3125 2565 3180 sacci
2596 3125 2850 3195 prtecepit
2881 3126 3080 3195 imponi
3112 3124 3263 3195 (Gen.
3294 3124 3460 3194 κων).
3496 3124 3621 3177 Haec

2039 3219 2267 3289 pecunia
2322 3234 2466 3273 nunc
2522 3219 2573 3272 in
2613 3217 2873 3273 Ecclesia:
2925 3233 3109 3270 mensa
3164 3218 3516 3286 proponitur,
3564 3225 3626 3269 ut

2041 3325 2208 3366 usura
2249 3310 2591 3382 postmodum
2623 3326 2651 3363 a
2684 3308 3113 3377 negotiatoribus
3141 3309 3473 3377 requiratur.
3517 3307 3625 3361 Sed

2040 3410 2098 3456 et
2136 3399 2417 3472 Beniamin
2462 3402 2567 3457 hoc
2610 3400 2774 3457 etiam
2812 3416 2923 3471 prae
2959 3400 3174 3456 cmteris
3202 3399 3439 3466 additur,
3472 3410 3531 3454 ut
3569 3400 3626 3453 in

2042 3508 2201 3549 sacco
2243 3491 2361 3562 eius
2402 3494 2568 3548 etiam
2615 3493 2852 3565 scyphus
2884 3509 3006 3547 cum
3054 3492 3284 3563 pecunia
3335 3501 3627 3562 reponatur

2043 3582 2196 3653 (Gen.
2224 3584 2394 3653 xuv).
2424 3585 2594 3651 Quem
2637 3584 2784 3638 enim
2821 3581 3021 3652 Ioseph
3050 3598 3152 3652 per
3189 3584 3508 3653 mysterium
3537 3583 3627 3638 in-

2043 3676 2211 3741 dicat,
2248 3675 2353 3730 nisi
2401 3674 2819 3745 Redemptorem
2866 3685 3135 3739 nostrum,
3179 3689 3341 3744 quem
3380 3689 3479 3729 suo
3511 3672 3628 3742 iam

2046 3776 2175 3823 tunc
2202 3765 2289 3821 ille
2312 3767 2571 3837 mysterio
2593 3766 3005 3837 praetigurabat?
3029 3768 3118 3822 Ait
3137 3767 3282 3822 enim
3309 3765 3627 3837 Scriptura:

2049 3878 2068 3911 ι
2099 3858 2235 3927 Quia
2265 3860 2426 3912 vertit
2472 3873 2667 3913 nomen
2715 3858 2858 3913 illius
2888 3856 3121 3922 Pharao,
3161 3868 3217 3911 et
3264 3859 3476 3912 vocavit
3503 3873 3627 3911 eum

2046 3948 2225 4019 lingua
2267 3946 2585 4019 Egyptiaca
2635 3946 2974 4002 Salvatomn
3010 3947 3192 4001 mundi
3238 3946 3393 4017 (Gen.
3434 3947 3570 4017 xu).
3601 3967 3620 3999 ι

2043 4038 2183 4105 Quid
2230 4053 2326 4110 per
2371 4038 2588 4101 fratres,
2628 4036 2730 4091 nisi
2759 4039 2932 4092 sancti
2978 4038 3330 4107 designantur
3363 4037 3631 4108 apostoli?

2045 4126 2185 4195 Quid
2212 4143 2311 4198 per
2340 4126 2641 4195 Beniamin,
2677 4128 2780 4183 nisi
2819 4126 3038 4193 Paulus,
3076 4128 3168 4198 qui
3207 4130 3274 4183 de
3307 4128 3451 4183 tribu
3486 4128 3627 4183 Ben-

2041 4221 2211 4293 iamin
2239 4220 2502 4289 originem
2534 4220 2723 4275 duxit?

2115 4310 2317 4365 Omnes
2362 4326 2493 4382 ergo
2542 4310 2744 4366 fratres
2794 4310 2979 4382 fruges
3027 4310 3434 4383 praedicationis
3482 4310 3628 4365 acci-

1968 4444 2022 4503 D
2047 4403 2225 4473 piunt,
2269 4417 2402 4473 quas
2430 4417 2612 4458 serere
2652 4418 2749 4473 per
2778 4404 3034 4459 mundum
3078 4403 3335 4469 debeant,
3370 4411 3426 4456 et
3463 4417 3629 4472 pecu-

2050 4494 2222 4557 niam;
2249 4507 2411 4562 quam
2441 4493 2506 4545 ad
2535 4509 2716 4548 usura:
2740 4493 2950 4549 lucrum
2977 4492 3031 4546 in
3065 4492 3187 4547 fidei
3215 4507 3401 4547 mensa
3433 4507 3629 4563 propo-

2050 4591 2202 4638 nant.
2242 4580 2355 4638 Soli
2397 4599 2525 4639 vero
2553 4582 2833 4652 Beniamin
2870 4592 3035 4637 etiam
3083 4585 3318 4654 scyphus
3354 4582 3627 4651 adiicitur,

2047 4687 2107 4730 ut
2133 4692 2227 4746 per
2253 4674 2500 4741 Paulum,
2529 4692 2689 4747 quem
2734 4676 2822 4731 ille
2850 4676 3116 4747 signabat,
3151 4689 3258 4730 non
3294 4675 3631 4731 tabernaculi

2051 4768 2280 4837 cyathus
2300 4768 2571 4838 gentibus,
2600 4767 2692 4822 sed
2715 4766 2952 4837 amplum
2983 4774 3036 4821 et
3075 4765 3319 4838 patulum
3346 4765 3497 4821 verbi
3526 4780 3628 4834 po-

2051 4856 2230 4912 culum
2268 4860 2604 4927 propinetnr.
2648 4856 2785 4912 Hinc
2824 4865 2909 4912 est
2948 4858 3090 4912 enim
3149 4855 3291 4927 quod
3337 4855 3455 4909 ait:
3509 4872 3528 4905 ι
3560 4854 3632 4909 0s

2052 4958 2297 5002 nostrum
2342 4957 2493 5018 patet
2518 4946 2583 5001 ad
2614 4964 2732 5013 vos,
2760 4963 2794 5002 o
2836 4947 3131 5011 Corinthii,
3158 4962 3253 5002 eor
3280 4955 3525 5000 nostrum
3555 4943 3633 4997 di-

2046 5020 2276 5093 latatum
2298 5049 2531 5115 est,”non
2555 5039 2937 5110 angustiamini
2963 5038 3016 5093 in
3045 5037 3197 5093 nobis
3221 5036 3308 5108 (ll
3331 5035 3456 5105 Cor.
3481 5033 3580 5104 vt).
3607 5053 3626 5086 ι

2050 5129 2129 5184 Ac
2160 5129 2372 5184 si-dicat
2398 5148 2410 5184 :
2438 5130 2571 5197 Quia
2602 5144 2686 5185 me
2710 5129 2865 5185 vobis
2889 5129 3039 5184 verbi
3067 5136 3253 5199 potum
3281 5143 3380 5197 per
3409 5124 3629 5180 uberem

2053 5221 2315 5289 scyphum
2366 5220 2512 5291 large
2559 5220 2755 5274 videtis
2811 5220 3071 5286 influere,
3120 5228 3175 5274 et
3222 5235 3317 5273 vos
3370 5216 3632 5273 sitihundi

2053 5310 2230 5364 cordis
2258 5310 2323 5363 ad
2338 5310 2704 5364 hauriendum
2730 5326 2827 5365 ora
2854 5309 3053 5375 laxate,
3085 5320 3143 5365 ut
3169 5310 3463 5364 decurrens
3490 5307 3630 5360 unda

2054 5418 2159 5457 nou
2192 5403 2424 5458 inaniter
2442 5384 2600 5469 Iluat,
2638 5404 2733 5458 sed
2776 5403 2994 5474 capacia
3027 5418 3176 5470 vasa,
3219 5403 3271 5459 in
3303 5418 3423 5473 qua:
3457 5412 3634 5453 trans-

2052 5494 2331 5559 fundatur,
2360 5495 2619 5550 inveniat.
2649 5494 2724 5549 De
2744 5510 2852 5565 quo
2875 5493 3127 5550 videlicet
3156 5503 3283 5563 potu
3314 5508 3408 5563 per
3431 5491 3618 5544 Isaiam

2053 5586 2313 5642 Dominus
2341 5586 2508 5640 dicit:
2564 5605 2582 5636 ‹
2615 5585 2950 5641 Glorificabit
2990 5600 3076 5640 me
3115 5584 3288 5638 bestia
3336 5585 3473 5652 agri,
3504 5581 3623 5632 dra-

2054 5698 2216 5740 cones
2250 5688 2304 5738 et
2348 5680 2704 5748 struthioncs,
2746 5678 2872 5751 quia
2913 5678 3034 5735 dedi
3075 5678 3131 5735 in
3172 5676 3386 5733 deserto
3441 5685 3629 5743 aquas.
