4064 6208
1805 474 2038 532 SEIUIO
2071 475 2200 530 I.Ill.

452 481 550 537 801
1805 481 2038 532 SEIHIO
2072 481 2200 530 I.I|l.

452 576 672 632 flumina
734 574 787 629 in
841 572 1014 639 invio,
1064 582 1123 628 ut
1172 573 1358 628 darem
1400 579 1585 642 potum
1631 570 1830 641 populo
1878 584 2025 631 meo,
2058 576 2106 631 Α
2134 568 2337 634 listam,
2367 566 2506 622 sicut
2535 566 2880 638 promiserat,
2906 567 3164 639 loquitur,
3195 569 3288 626 sed
3315 570 3368 629 in
3404 570 3558 628 Pauli
3586 483 3722 647 38p?-

449 669 624 724 electo
646 681 768 721 meo
797 664 932 737 (Isa.
958 665 1136 735 xuu).
1168 684 1187 719 ι
1223 664 1362 733 Quid
1390 664 1538 718 enim
1577 664 1749 718 bestia
1786 662 2031 732 designat
2133 658 2256 714 stoli
2294 658 2656 728 disputatione
2684 668 2952 715 versatur.
2986 660 3185 716 Verum
3210 661 3388 733 plane,
3415 679 3514 720 nec
3532 680 3725 734 possu—

451 757 594 830 agri,
640 756 745 811 nisi
796 754 1152 827 gentilitatem
1202 754 1391 826 utique
1432 752 1670 807 rationis
1712 751 2031 822 expertem?

449 848 588 917 Quid
632 861 729 917 per
766 847 1054 912 dracones,
1102 845 1209 901 nisi
1255 844 1542 900 malitiosi?
1585 842 1723 911 Quid
1763 858 1894 899 vero
1934 858 2032 912 per

449 936 809 1001 struthiones,
835 935 925 1005 qui
971 936 1193 1004 pennati
1224 947 1371 1001 sunt,
1400 935 1497 990 sed
1520 934 1704 990 volare
1731 942 2029 1003 nequeunt,

449 1028 553 1083 tn'si
594 1026 892 1096 hypocrita
936 1026 1272 1096 ﬁgurantur?
1316 1025 1410 1081 Ha
1448 1041 1580 1098 ergo
1624 1026 1815 1081 bestia
1858 1024 2028 1079 Deum

448 1119 775 1193 gloriﬁcent,
808 1117 938 1172 dum
973 1116 1223 1172 Christus
1251 1117 1435 1188 gentili
1477 1116 1694 1188 populo,
1724 1116 1819 1187 qui
1847 1117 2024 1172 deser-

448 1221 535 1265 tus
559 1208 753 1264 eratet
778 1208 975 1275 invius,
1004 1208 1353 1264 exuberantis
1404 1206 1678 1279 Evangelii
1714 1208 1877 1262 verba
1907 1221 2032 1276 pro-

448 1302 618 1369 pinal.

518 1392 770 1464 Scyphus
803 1392 987 1461 itaque
1011 1391 1336 1463 evangelicae
1363 1390 1785 1463 pradicationis,
1811 1390 1864 1445 in
1895 1390 2030 1444 Ben-

443 1483 613 1555 jamin
642 1482 803 1537 datus
841 1493 925 1537 est
954 1470 1146 1548 Paulo,
1175 1491 1235 1536 ut
1267 1483 1381 1552 ipse
1417 1482 1687 1538 desertum
1713 1480 2031 1552 gentilitatis

447 1582 757 1654 specialiter
782 1581 1019 1649 excolat,
1049 1590 1102 1635 et
1140 1581 1445 1636 ariditatem
1473 1579 1592 1650 ejus
1630 1578 1783 1651 largo
1826 1588 2029 1634 sancta

447 1672 850 1740 pradicationis
879 1673 1053 1728 imbre
1084 1669 1370 1743 perfundat
1397 1687 1410 1724 :
1449 1671 1517 1727 de
1543 1685 1652 1740 quo
1680 1668 1892 1725 scilicet
1929 1669 2030 1725 im-

447 1762 543 1816 bre
576 1764 839 1832 scriptum
884 1771 1008 1818 est:
1053 1778 1073 1813 ι
1102 1760 1203 1828 Qui
1242 1760 1420 1831 operit
1456 1759 1652 1816 calum
1694 1759 1943 1821 nubibus.
1973 1768 2029 1814 et

2132 764 2253 803 tuus
2312 747 2549 804 diﬁiteri.
2615 749 2721 804 Sed
2774 765 2896 805 cum
2970 752 3163 808 beatus
3229 752 3406 809 Lucas
3479 753 3720 823 ejusdem

2131 837 2359 908 apostoli
2407 838 2715 895 individuus
2765 856 2950 897 comes
3006 844 3275 899 exstiterit
3322 856 3488 915 atque
3542 849 3610 902 ah
3656 864 3723 904 eo

2130 928 2383 984 didicerit
2420 944 2585 986 omne
2621 932 2764 1001 quod
2798 933 3036 1002 scripsit,
3092 932 3184 989 ubi
3230 934 3548 1007 dignitatem
3579 954 3720 1008 pra-

2129 1020 2368 1089 ceptoris
2400 1021 2773 1090 exprimimus,
2799 1022 3000 1078 alumni
3019 1039 3234 1095 quoque
3258 1029 3585 1096 praconium
3611 1046 3720 1085 non

2136 1119 2403 1168 tacemus.
2436 1112 2503 1167 Et
2540 1114 2776 1170 doctoris
2805 1115 2924 1171 laus
2967 1118 3227 1173 redundat
3272 1119 3326 1173 in
3377 1121 3719 1189 discipulum,

2128 1203 2257 1258 dum
2298 1205 2625 1276 evangelica
2663 1208 2913 1265 veritatis
2948 1209 3253 1275 historiam.
3276 1227 3438 1282 quam
3472 1214 3560 1269 ille
3588 1215 3724 1272 divi-

2128 1298 2276 1352 nitus
2332 1298 2549 1365 didicit,
2596 1299 2685 1355 hic
2731 1316 2799 1356 ex
2846 1300 2964 1371 ejus
3008 1316 3105 1358 ore
3149 1304 3455 1375 percipiens
3494 1306 3722 1363 ﬁdeliter

2093 1387 2095 1389 ’
2128 1386 2372 1457 apicibus
2394 1391 2657 1445 exaravit.
2685 1390 2912 1459 Quanta
2942 1407 3070 1462 ergo
3098 1392 3377 1465 dignitatis
3396 1405 3720 1467 quantaque

2127 1478 2200 1533 sit
2228 1478 2565 1535 excellentia
2593 1480 2656 1535 Β.
2700 1480 2899 1545 Lucas.
2925 1482 2979 1536 in
3007 1483 3108 1537 hoc
3137 1483 3342 1553 liquido
3367 1486 3723 1555 deprehendi-

2128 1576 2240 1632 tur.
2296 1569 2423 1639 quia
2468 1585 2591 1625 cum
2639 1570 2853 1627 Marcus
2900 1587 2929 1626 a
2981 1571 3143 1629 beato
3172 1574 3346 1629 Pedro
3373 1576 3621 1645 edoctus,
3667 1586 3725 1633 et
3820 1606 3825 1611 ο

2132 1656 2415 1714 Matthaus
2461 1668 2624 1729 atque
2667 1659 2923 1727 Joannes,
2973 1663 3065 1732 qui
3108 1664 3457 1733 Evangelium
3517 1668 3725 1724 descri-

2130 1755 2376 1813 pserunt,
2401 1747 2777 1819 Redemptoris
2804 1753 2977 1807 nostri
2993 1761 3141 1823 gesta
3163 1754 3213 1807 in
3240 1763 3382 1809 terra
3412 1755 3722 1826 didicerint,

446 1860 601 1920 parat
643 1861 802 1906 terra
841 1852 1079 1923 pluviam
1126 1848 1300 1923 (Psal.
1342 1851 1545 1919 cum).
1576 1868 1596 1903 ι
1631 1849 1785 1906 Unde
1826 1858 1881 1903 et
1914 1849 2026 1919 ipse
2080 1908 2083 1911 Α
2132 1838 2235 1921 me
2276 1838 2451 1905 80108.
2500 1848 2559 1894 υι
2600 1841 2673 1895 ila
2709 1842 2923 1912 loquar.
2962 1844 3066 1900 hoc
3105 1838 3453 1917 Evangeliutn
3482 1850 3724 1905 scribere

445 1945 665 2011 Paulus,
718 1944 811 2017 qui
860 1959 921 2000 se
966 1944 1268 2016 apostolum
1312 1952 1368 1999 et
1415 1942 1737 2013 magistrum
1784 1941 2024 2012 gentium
2060 1923 2101 1980 Β
2132 1930 2350 1995 mem“:
2399 1932 2550 2000 (μιοά-
2587 1947 2623 1987 θ
2657 1933 2798 1989 οωιθ
2826 1933 3125 2001 descendit.
3182 1936 3309 1991 dum
3360 1939 3570 1994 scilicet
3617 1942 3722 1997 hoc

444 2051 566 2093 esse
608 2045 838 2092 testatur
888 2032 974 2106 (II
1018 2033 1153 2089 Tim.
1194 2033 1269 2105 t),
1319 2033 1397 2087 ait
1431 2033 1498 2088 ad
1539 2031 1759 2087 Galatas
1789 2049 1802 2085 :
1839 2048 1858 2083 ι
1892 2030 2025 2085 Cum
2131 2021 2369 2091 Spiritus
2393 2032 2613 2078 sanctus
2643 2023 2807 2078 Paulo
2839 2025 3056 2081 calitus
3089 2027 3368 2094 revelavit,
3395 2039 3452 2084 et
3479 2040 3726 2100 postmo-

444 2128 707 2184 vidissent
730 2128 874 2198 quod
916 2127 1184 2183 creditum
1213 2136 1299 2181 est
1326 2125 1459 2181 mihi
1502 2122 1850 2195 Evangelium
1889 2138 2028 2192 pra-

442 2220 599 2292 putii,
629 2220 772 2276 sicut
798 2229 853 2275 et
880 2219 1043 2275 Petro
1081 2217 1532 2275 circumcisionis.
1572 2215 1673 2284 Qui
1703 2215 1849 2269 enim
1894 2228 2026 2285 ope-

444 2321 595 2368 ratus
619 2322 705 2368 est
731 2310 895 2367 Petro
925 2310 980 2365 in
1018 2309 1380 2381 apostolatum
1424 2306 1881 2371 circumcisiouis,
1907 2320 2030 2375 cpe-

444 2412 598 2459 ratus
625 2414 710 2459 est
747 2410 804 2458 et
828 2401 959 2457 mihi
988 2401 1134 2457 inter
1157 2410 1351 2471 gentes
1365 2397 1510 2471 (Gal.
1537 2399 1619 2469 ιι).
1651 2418 1671 2449 ι
1706 2397 1806 2455 Ubi
1838 2406 2028 2453 notau-

446 2496 578 2551 dum
608 2502 817 2565 quanta
857 2492 1001 2549 beati
1035 2491 1188 2549 Pauli
1220 2491 1474 2563 dignitas,
1502 2499 1705 2562 quanta
1736 2490 1806 2545 sit
1834 2489 2024 2561 gloria.

442 2585 711 2641 Nimirum
748 2585 838 2656 qui
874 2585 1092 2640 beatum
1123 2584 1373 2650 Petrum,
1398 2592 1455 2639 et
1496 2590 1725 2639 cateros
1753 2579 2028 2652 apostolos

444 2677 622 2733 adhuc
664 2677 938 2749 passibilis
970 2692 1037 2733 ae
1093 2676 1339 2732 mortalis
1377 2675 1616 2742 edocuit,
1647 2676 1761 2745 ipse
1799 2673 2026 2729 Paulum

437 2769 549 2840 jam
575 2769 910 2841 gloriﬁcatus
927 2777 984 2824 et
1018 2782 1181 2839 super
1204 2768 1424 2840 angelos
1449 2767 1723 2823 exaltatus
1745 2767 2021 2822 instruxit.

513 2858 771 2930 Magister
799 2858 1171 2929 apostolorum
1213 2857 1422 2915 exstitit
1452 2857 1720 2921 Christus,
1765 2872 1888 2912 cum
1930 2857 2027 2911 bo~

444 2950 650 3005 minum
682 2948 990 3020 subjaceret
1034 2946 1277 3017 injuriis;
1309 2946 1536 3002 Paulum
1563 2947 1758 3003 docere
1800 2961 1905 3001 non
1937 2946 2028 3002 dc-

443 3039 695 3110 diguatns
715 3047 820 3104 est,
842 3054 969 3094 cum
984 3036 1099 3106 jam
1125 3038 1387 3091 virtutum
1408 3036 1709 3092 calestium
1735 3036 2026 3093 vallarctar
2058 3107 2062 3111 4

442 3132 739 3201 obsequiis.
778 3130 913 3187 Cum
939 3130 1062 3185 aliis
1090 3129 1319 3200 degebat
1348 3128 1625 3199 apostolis,
1657 3128 1785 3182 dum
1826 3137 2025 3182 nostra

445 3222 792 3277 mortalitatis
833 3221 1011 3276 adhuc
1056 3220 1271 3275 inﬁrma
1308 3218 1600 3290 perferret;
1648 3217 1872 3274 Paulum
1916 3218 2020 3275 sibi

443 3312 769 3370 familiarem
820 3312 967 3376 fecit,
1012 3327 1161 3378 cum,
1184 3311 1393 3368 calcato
1432 3326 1496 3367 ae
1542 3320 1793 3381 potenter
1834 3324 2026 3365 everso

444 3404 638 3458 mortis
662 3402 912 3473 imperio,
939 3410 1179 3473 paterna
1198 3400 1497 3471 majestatis
1524 3398 1662 3455 solio
1686 3398 2023 3469 prasideret.

446 3493 583 3548 llinc
628 3503 712 3548 est
749 3494 893 3563 quod
938 3492 1055 3547 ait:
1109 3511 1130 3542 ι
1158 3489 1355 3546 Notum
1401 3490 1557 3545 vobis
1595 3488 1759 3554 facio,
1802 3487 2023 3554 fratres,

443 3582 604 3653 εει
635 3580 1009 3652 Evangelium,
1055 3580 1199 3651 quod
1240 3578 1665 3651 evangelizatum
1714 3588 1799 3634 est
1841 3595 1871 3633 a
1916 3594 2023 3642 me,

445 3674 572 3742 quia
600 3688 706 3727 non
735 3679 819 3727 est
851 3671 1151 3727 secundum
1191 3670 1487 3733 hominem,
1534 3670 1719 3741 neque'
1751 3670 1895 3725 enim
1925 3684 2027 3741 ego

444 3764 515 3819 ab
544 3762 762 3819 homine
788 3761 971 3833 accepi
1005 3762 1158 3825 illud,
1186 3777 1360 3832 neque
1388 3761 1576 3827 didici,
1617 3761 1711 3816 sed
1753 3774 1849 3832 per
1874 3774 2027 3816 reve-

444 3851 704 3906 lationem
729 3849 858 3906 Jesu
884 3850 1085 3907 Christi
1110 3848 1269 3922 (Gal.
1295 3850 1359 3922 ι).
1391 3869 1410 3903 ι
1444 3849 1673 3920 Ideoque
1696 3848 1824 3905 licet
1850 3848 2023 3904 sancti

446 3943 677 4014 apostoli
730 3957 829 4013 per
869 3942 1179 4013 corporales
1221 3941 1447 3999 obtutus
1483 3952 1675 3998 cuncta
1728 3940 2027 3997 Salvatoris

447 4032 617 4087 nostri
644 4041 796 4105 gesta
816 4031 1216 4103 perSpexeriut,
1247 4031 1299 4087 in
1328 4031 1475 4087 nulla
1504 4040 1685 4086 tamen
1710 4029 1855 4085 beati
1874 4030 2023 4085 Pauli

445 4141 775 4198 pracessere
820 4125 1090 4191 notitiam,
1116 4126 1243 4180 dum
1272 4123 1418 4180 idem
1445 4122 1593 4179 hunc
1631 4123 1700 4179 de
1741 4122 1882 4179 calo
1907 4139 2026 4178 ma-

447 4218 616 4288 gister
639 4216 901 4273 instruxit
928 4215 1018 4286 qui
1046 4223 1174 4271 ante
1208 4230 1331 4271 cum
1365 4212 1472 4271 illis
1506 4214 1562 4270 in
1597 4222 1740 4271 terra
1778 4227 2027 4284 corpora-

448 4312 573 4366 liter
598 4308 883 4365 habitavit.
914 4306 1070 4364 Unde
1093 4315 1177 4363 est
1217 4308 1361 4377 quod
1386 4306 1455 4363 ad
1482 4304 1793 4362 Corinthios
1820 4319 1917 4375 per
1946 4303 2027 4358 in-

449 4398 870 4471 terrogationem
899 4397 1074 4454 dicit:
1130 4414 1150 4450 ι
1183 4394 1320 4451 Num
1350 4411 1469 4451 sum
1500 4395 1809 4466 apostolus?
1836 4392 2027 4449 Nonne

445 4491 632 4547 Jcsum
656 4488 945 4546 Dominum
990 4496 1237 4543 nostrum
1284 4485 1428 4541 vidi?
1454 4483 1642 4541 Nonne
1670 4498 1808 4554 opus
1844 4496 2024 4537 meum

450 4596 547 4636 vos
590 4580 722 4636 estis
752 4579 807 4635 in
832 4576 1095 4634 Domino?
1118 4575 1171 4649 (Ι
1202 4573 1327 4631 Cor.
1394 4573 1495 4645 ix.)
1524 4593 1544 4627 ι
1579 4572 1691 4629 Deo
1722 4572 1906 4643 itaque
1943 4584 2026 4626 re-

449 4673 681 4738 velante,
708 4672 774 4727 ad
816 4678 1019 4725 tantam
1048 4659 1293 4738 pervenit
1337 4666 1577 4723 scientia
1608 4663 2031 4738 plenitudinem,

449 4770 614 4832 atque
637 4763 709 4817 ita
737 4763 1028 4832 perductus
1053 4767 1139 4835 est
1162 4760 1215 4813 in
1243 4772 1457 4813 omnem
1483 4755 1809 4828 evangelica
1831 4755 2028 4826 regula

447 4852 736 4907 veritatem
761 4858 839 4916 ut,
873 4865 994 4905 cum
1030 4863 1221 4905 omnes
1252 4855 1622 4919 superessent,
1651 4844 2023 4918 apostolorqu

451 4943 764 5013 magisterio
808 4957 918 4997 non
967 4934 1169 5011 egeret.
1218 4938 1357 4994 llinc
1395 4947 1476 4993 est
1508 4937 1652 5008 quod
1699 4938 1766 4991 ad
1807 4935 2030 4993 Galatas

450 5033 581 5088 dicit
611 5051 624 5086 :
664 5052 680 5079 ο
712 5030 848 5087 Cum
875 5041 1054 5086 autem
1086 5030 1289 5100 placuit
1316 5030 1366 5084 ei
1396 5030 1485 5098 qui
1515 5044 1600 5084 me
1628 5027 1932 5099 segregavit
1959 5042 2026 5082 ex

448 5134 605 5180 utero
634 5126 825 5180 matris
853 5140 1008 5189 mea,
1046 5133 1103 5179 et
1126 5123 1337 5178 vocavit
1364 5137 1460 5192 per
1490 5121 1719 5192 gratiam
1762 5135 1940 5184 suam,
1969 5124 2029 5172 ut

450 5216 718 5270 revelaret
765 5214 959 5269 Filium
1011 5229 1175 5269 suum.
1223 5214 1275 5268 in
1331 5227 1450 5279 me,
1502 5221 1561 5266 ut
1598 5212 2027 5282 evangeltzarem

450 5306 602 5359 illum
644 5307 697 5359 in
737 5305 1019 5374 gentibus,
1062 5306 1322 5359 continuo
1364 5318 1470 5357 non
1505 5302 1751 5373 acquievi
1785 5302 1938 5373 carui
1975 5308 2030 5355 et

448 5398 720 5468 sanguini,
749 5412 922 5465 neque
950 5396 1069 5451 veni
1100 5394 1528 5466 Hierosolymam
1560 5393 1626 5448 ad
1654 5402 2027 5449 antecessores

450 5500 601 5541 meos
643 5486 914 5557 apostolos
953 5486 1154 5557 (Calai.
1209 5486 1269 5556 ι).
1302 5507 1321 5539 ι
1373 5486 1597 5553 Quando
1640 5497 1819 5541 autem
1870 5486 2026 5552 ierit,

449 5577 644 5647 aperit,
697 5593 818 5633 cum
865 5578 1182 5648 subiungit:
1233 5596 1252 5629 ι
1293 5576 1494 5631 Deinde
1532 5586 1653 5646 post
1701 5591 1874 5631 annos
1920 5584 2061 5631 tres:

449 5668 572 5720 veni
617 5666 1039 5738 Hierosolymam
1080 5668 1261 5723 videre
1290 5667 1508 5722 Petrum
1538 5665 1724 5739 (lbid.)
1756 5687 1774 5720 ι
1808 5665 2027 5734 Videre,

450 5770 560 5810 non
588 5756 819 5813 discere.
944 5810 947 5823 κη

520 5845 631 5905 Sed
658 5848 800 5907 dicet
828 5848 1057 5920 aliquis:
1092 5850 1189 5907 Hic
1216 5864 1396 5907 sermo
1432 5866 1537 5907 non
1567 5848 1769 5905 Lucam
1795 5862 2031 5921 evange-

2055 4625 2104 4685 ι)

2127 2112 2256 2166 dum
2326 2128 2424 2182 per
2455 2114 2707 2169 eumdem
2772 2113 3016 2181 Paulum,
3090 2118 3245 2187 quasi
3303 2132 3401 2188 per
3459 2130 3724 2191 organum

2125 2217 2308 2269 suum,
2353 2203 2414 2258 Β.
2465 2203 2623 2260 Luca
2668 2204 2920 2261 Christus
2968 2208 3219 2264 innotuit.
3277 2208 3415 2266 Hinc
3457 2220 3544 2267 est
3576 2212 3723 2283 quod

2128 2292 2242 2362 ipse
2266 2292 2467 2348 Paulus
2491 2294 2569 2348 ait
2597 2307 2614 2347 :
2662 2311 2683 2345 ι
2728 2294 2809 2351 Au
2845 2298 3278 2367 experimentum
3301 2301 3548 2369 qttaritis
3577 2299 3719 2371 ejus,

2127 2382 2219 2453 qui
2256 2384 2309 2438 in
2335 2399 2422 2440 me
2445 2383 2683 2455 loquitur
2701 2385 2950 2443 Christus
2972 2387 3059 2458 (11
3086 2388 3211 2443 Cor.
3233 2392 3385 2460 xtttﬂ
3413 2410 3433 2445 ι

2195 2474 2273 2530 De
2292 2473 2431 2529 calo
2450 2489 2581 2545 ergo
2601 2472 2851 2543 Christus
2872 2477 2926 2532 in
2950 2477 3176 2533 Paulum
3196 2490 3475 2549 gestorum
3495 2497 3719 2537 suorum

2126 2573 2466 2620 sacramenta
2489 2565 2748 2635 profudit,
2763 2568 3064 2638 eademque
3077 2584 3173 2638 per
3197 2568 3414 2623 Paulum
3430 2570 3482 2624 in
3498 2570 3719 2639 Lucam,

2125 2651 2272 2706 velut
2297 2668 2462 2707 aurea
2486 2653 2661 2708 ﬁstula
2683 2655 2976 2722 mediante,
2995 2656 3302 2722 transfodit,
3323 2668 3382 2713 ut
3407 2659 3534 2715 huic
3561 2659 3723 2716 beato

2125 2742 2244 2797 viro
2291 2756 2397 2796 non
2444 2742 2716 2799 immerito
2768 2749 3067 2815 congruere
3118 2746 3382 2814 videatur,
3437 2749 3580 2818 quod
3626 2765 3725 2819 per

2125 2828 2321 2885 Isaiam
2343 2831 2575 2887 dicitur:
2608 2852 2625 2881 ε
2655 2833 2872 2887 Primus
2895 2836 2962 2889 ad
2986 2833 3117 2889 Sion
3144 2834 3307 2890 dicit:
3334 2836 3474 2892 Ecce
3494 2840 3721 2906 adeum;

2126 2930 2183 2975 et
2230 2916 2572 2977 Hierusalem
2638 2924 3025 2994 evangelistam
3075 2924 3218 2980 dabo
3277 2926 3433 2996 (Ira.
3480 2929 3626 2999 xu).
3694 2947 3720 2987 νο

2127 3009 2358 3081 Ideoque
2414 3027 2520 3067 non
2563 3027 2718 3081 casu,
2752 3015 2846 3068 sed
2903 3013 3138 3084 Spiritus
3181 3018 3357 3073 sancti
3411 3020 3726 3092 magisterio

2127 3097 2328 3155 factum
2375 3111 2477 3168 est,
2502 3113 2559 3158 ut
2600 3104 2795 3159 beatus
2834 3104 3141 3171 Matthaus,
3187 3109 3279 3179 qui
3309 3124 3343 3162 al
3368 3123 3726 3169 eouversante

2129 3189 2184 3243 in
2230 3200 2373 3246 terra
2428 3193 2654 3248 Domino
2708 3194 3059 3267 Evangelium
3109 3198 3322 3266 didicit,
3368 3202 3726 3275 quadraginta

2051 3267 2096 3329 C
2127 3280 2508 3350 generationes
2570 3286 2944 3339 enumerando
2993 3286 3289 3342 descendat
3349 3267 3715 3361 (Manilii);

2128 3371 2303 3427 Lucas
2334 3387 2460 3425 vero
2495 3373 2831 3443 septuaginta
2860 3385 3066 3445 septem
3094 3377 3481 3446 cognationum
3518 3383 3724 3453 gradus

2129 3462 2783 3527 ascendendo,describat
2806 3462 2960 3536 (Luc.
2975 3465 3078 3536 Ill).
3103 3465 3210 3522 Per
3232 3468 3723 3542 quadragenarium

2128 3552 2328 3623 quippe
2378 3568 2666 3610 numerum
2716 3554 2870 3611 labor
2923 3559 3265 3628 exprimitur,
3314 3574 3422 3630 quo
3471 3562 3724 3621 videlicet

2128 3642 2380 3700 Christus
2432 3644 2487 3700 in
2544 3660 2775 3716 corpore
2821 3662 2943 3714 suo,
2988 3649 3133 3718 quod
3179 3661 3264 3707 est
3311 3652 3579 3721 Ecclesia,
3624 3672 3724 3727 per

2129 3737 2343 3792 diversa
2369 3738 2494 3792 vita
2522 3738 2680 3808 hujus
2706 3750 2948 3810 tempera
2988 3740 3266 3814 fatigatur.
3305 3743 3441 3801 Hinc
3468 3750 3722 3819 estquod

2128 3818 2339 3901 Moyses
2378 3829 2576 3903 (Exod.
2599 3832 2750 3903 xxiv)
2780 3841 2834 3888 et
2873 3828 3020 3889 Elias
3056 3850 3154 3905 per
3181 3838 3543 3911 quadraginta
3596 3818 3720 3898 dies

2128 3920 2515 3977 continuavere
2557 3921 2823 3994 jejunium
2860 3924 2979 3997 (III
3036 3925 3166 3998 Reg.
3209 3927 3348 3998 xtx).
3396 3928 3505 3993 Sed
3528 3941 3584 3987 et
3608 3933 3725 4004 ipse

2128 4012 2390 4069 Dominus
2413 4015 2512 4071 sub
2540 4017 2728 4072 eodem
2752 4014 2917 4089 282
2940 4034 3167 4074 numero
3205 4020 3510 4078 abstinuita
3530 4040 3726 4095 perce-

2127 4104 2311 4176 ptione
2330 4105 2574 4161 ciborum
2587 4106 2802 4178 (Malui.
2818 4110 2913 4180 tv).
2928 4106 3033 4164 Per
3051 4106 3269 4183 Moysen
3292 4111 3476 4183 itaque
3495 4114 3601 4180 lex,
3626 4130 3729 4185 per

2128 4201 2301 4256 Eliam
2324 4203 2628 4273 prophetia,
2654 4219 2752 4274 per
2772 4203 3051 4259 Christum
3077 4221 3205 4261 vero
3227 4205 3360 4262 Novi
3385 4207 3725 4265 Testamenti

2128 4300 2377 4361 patenter
2425 4292 2739 4365 intelligitur
2779 4294 2976 4365 gratia.
3032 4294 3137 4353 Per
3191 4295 3540 4354 alliietionem
3589 4314 3730 4371 ergo-

2127 4386 2283 4459 legis,
2332 4388 2651 4458 prophetia,
2682 4388 2862 4456 simul,
2915 4397 2970 4445 et
3014 4391 3224 4461 gratia,
3272 4390 3427 4453 labor
3478 4391 3730 4450 inanitur

2125 4477 2450 4533 universalis
2492 4477 2769 4545 Ecclesia,
2820 4493 2917 4548 per
2964 4479 3217 4536 universa
3269 4481 3515 4537 mortalis
3560 4482 3725 4551 hujus

2127 4566 2254 4621 vita
2296 4564 2496 4622 sacula
2545 4566 2802 4636 fatigata.
2858 4567 2993 4624 Hine
3047 4578 3135 4623 est
3195 4569 3338 4639 quod
3399 4571 3496 4625 ﬁlii
3553 4572 3718 4627 Israel

2131 4658 2392 4713 arumnis
2440 4664 2603 4726 atque
2652 4655 2928 4712 laboribus
2986 4658 3209 4713 diutina
3264 4660 3720 4731 peregrinationis

2134 4746 2332 4812 attriti,
2362 4755 2485 4818 post
2512 4744 2867 4817 quadraginta
2893 4760 3064 4803 annos
3098 4756 3298 4802 terram
3335 4760 3462 4803 sunt
3482 4751 3720 4819 promis-

2133 4838 2303 4895 sionis
2331 4837 2560 4910 ingressi
2582 4835 2720 4908 (los.
2757 4838 2859 4909 v.),
2889 4838 3019 4906 quia
3049 4838 3299 4895 videlicet
3322 4854 3513 4895 omnes
3531 4840 3717 4908 electi,

2132 4939 2256 5003 post
2280 4945 2557 4987 emensum
2585 4930 2743 5001 hujus
2770 4930 3221 5002 peregrinationis
3247 4945 3560 4999 excursum,
3588 4950 3712 4990 mox

2133 5023 2478 5079 bareditario
2490 5022 2614 5092 jure
2644 5031 2844 5079 terram
2865 5022 3160 5078 viventium
3182 5023 3552 5094 possidebunt.

2205 5112 2309 5170 Per
2350 5129 2633 5171 numerum
2699 5128 2857 5185 ergo,
2901 5128 3062 5184 quem
3130 5114 3420 5171 Matthans
3477 5116 3716 5180 ordinat,

2135 5205 2403 5274 susceptio
2458 5202 2743 5259 laboriosa:
2785 5204 3131 5259 mortalitatis
3167 5213 3403 5271 nostra;
3446 5220 3545 5275 per
3566 5204 3717 5260 illum

2131 5311 2284 5361 vero,
2311 5311 2471 5366 quem
2517 5294 2692 5351 Lucas
2735 5295 2938 5366 possit,
2978 5295 3348 5353 indubitanter
3398 5296 3717 5367 exprimitur

2135 5389 2453 5460 mysterium
2484 5395 2680 5443 nostra
2705 5376 3111 5458 redemptionis.
3159 5388 3265 5444 Per
3289 5388 3439 5444 illum
3470 5390 3719 5445 similiter

2137 5495 2418 5535 numerum
2439 5480 2728 5535 edoeemur
2752 5482 2875 5550 quia
2890 5481 3328 5551 Christus,juxta
3354 5486 3720 5553 prophetiam.

2136 5580 2357 5641 peccata
2393 5578 2576 5625 nostra
2620 5571 2737 5641 ipse
2764 5573 3001 5641 portavit
3040 5572 3177 5645 (lsa.
3226 5578 3391 5642 un);
3432 5589 3531 5644 per
3556 5576 3717 5630 istum

2136 5680 2266 5721 vero
2330 5673 2724 5735 consequenter
2774 5664 3139 5731 addiscimus,
3194 5665 3359 5736 quia,
3417 5664 3715 5728 secundum

2136 5752 2468 5824 Apostolum,
2521 5751 2702 5809 omnia
2758 5753 2916 5809 nobis
2959 5753 3158 5810 delicta
3215 5754 3434 5810 donavit
3462 5752 3599 5823 (Col.
3630 5750 3713 5819 ιι).

2139 5847 2258 5919 ιρεθ
2300 5845 2497 5918 (ιυῑυρθ
2549 5854 2633 5903 est
2705 5846 2891 5919 Agnus
2936 5848 3028 5919 qui
3065 5848 3281 5905 oblatus
3315 5858 3424 5916 est,
3450 5844 3580 5915 quia
3604 5843 3721 5912 ipso
