4064 6208
296 407 422 466 ’803
919 405 979 459 ες.
1016 401 1220 459 PETRI
1262 400 1539 487 DAMIAN
1572 398 1722 456 OPP.
1764 396 1899 453 PAR

2006 398 2103 453 ,Ειι
2145 399 2380 457 TOMUS
2409 398 2975 457 ll.—SERMONES.
3474 404 3582 459 sus
3635 386 3645 393 ’

313 524 484 581 vnluit
527 519 664 591 (ha.
705 519 863 589 un);
905 518 1021 587 ipse
1054 504 1156 583 est,
1214 515 1307 587 qui
1334 524 1391 570 et
1428 512 1649 569 abstulit
1675 522 1895 584 peccata
1923 520 1971 575 Α
2000 522 2148 579 tem;
2207 515 2365 570 docet
2408 514 2530 579 iste,
2579 529 2739 585 quam
2791 514 3118 584 perdiderat,
3149 530 3305 571 ovem
3351 520 3585 588 scapulis

316 615 501 671 mundi
547 613 727 683 (Joan.
775 611 836 680 l).
895 607 1353 679 Septuagenarius
1395 607 1593 677 quippe
1636 606 1900 676 septimus
2003 606 2308 677 impositam
2354 607 2421 661 ad
2470 605 2612 663 ovile
2660 606 2937 677 proprium
2984 616 3324 663 revocantem
3364 608 3580 677 (Matth.

317 720 595 769 numerus,
623 716 783 772 quem
814 700 987 755 Lucas
1006 698 1208 770 posuit,
1233 698 1605 755 remissionem
1632 696 1903 763 signiﬁcat
2002 712 2136 752 xvm
2162 712 2178 762 ;
2222 695 2350 750 Luc.
2404 696 2516 767 xv).
2551 696 2646 752 Ille
2671 696 2919 767 perhibet
2946 699 3293 755 descendisse
3316 700 3583 755 medicum

315 805 657 870 peccatorum
678 834 693 857 ,
725 793 868 848 sicut
900 791 1015 861 ipse
1060 790 1321 845 Dominus
1350 787 1546 850 innuit,
1589 800 1712 841 cum
1740 784 1900 840 Petro

314 886 579 958 quaerenti
617 884 830 954 quoties
867 890 1051 937 essent
1111 878 1430 935 dimittenda
1462 875 1616 931 fratri
1657 884 1899 945 peccata,

314 975 626 1048 respondit:
673 992 692 1025 ι
740 974 870 1028 Dico
902 971 995 1025 tibi
1045 984 1165 1024 non.
1196 976 1404 1022 tantum
1434 966 1656 1036 septies,
1684 964 1780 1019 sed
1807 978 1899 1018 us-

312 1086 420 1142 que
452 1066 756 1139 septuagies
775 1064 977 1135 septies
999 1060 1215 1123 (Matth.
1250 1059 1425 1130 xvm).
1483 1076 1501 1109 ι
1546 1055 1655 1112 Nec
1680 1056 1900 1121 mirum,

314 1164 359 1217 si
388 1178 485 1233 per
512 1163 658 1216 hunc
688 1173 991 1224 numerum,
1021 1155 1111 1226 qui
1142 1155 1209 1210 ab
1254 1151 1552 1208 undenario
1588 1158 1644 1205 et
1678 1149 1902 1204 denario

314 1251 598 1315 nascitur,
645 1250 896 1303 humana:
950 1245 1233 1317 pravitatis
1294 1242 1516 1297 abolitio
1561 1240 1900 1311 designatur.
1920 1310 1923 1321 ﬂ

316 1342 657 1399 Undenarius
685 1340 882 1409 quippe
908 1351 1166 1392 numerus
1195 1335 1240 1390 si
1262 1332 1465 1403 septies
1493 1328 1899 1400 multiplicatur,

309 1431 558 1513 profecto
584 1429 924 1501 septuaginta
954 1435 1159 1495 septem
1186 1409 1407 1480 summa.
1424 1421 1744 1513 completur.
1793 1418 1903 1474 Sed

312 1508 573 1574 denarius
623 1519 715 1588 qui
768 1516 1044 1588 perfectus
1088 1523 1174 1569 est
1229 1526 1507 1576 numerus,
1576 1508 1902 1579 Decalogum

315 1610 520 1680 signat.
535 1608 640 1662 Per
654 1606 1006 1662 undenarium
1030 1619 1179 1670 vero,
1204 1604 1295 1673 qui
1320 1603 1463 1657 hunc
1485 1602 1901 1672 transgreditur,

314 1703 469 1774 quid,
492 1702 596 1757 nisi
618 1700 804 1772 legalis
828 1699 1206 1771 transgressio,
1239 1699 1501 1769 figuratur
1526 1697 1550 1751 ἲ

385 1792 520 1848 Cum
545 1806 673 1863 ergo
702 1791 755 1845 in
789 1800 900 1845 tota
928 1790 1015 1844 illa
1044 1802 1258 1844 summa
1282 1787 1438 1858 legis,
1459 1784 1622 1842 simul
1646 1792 1703 1841 et
1724 1792 1902 1839 trans-

1999 788 2068 843 ad
2112 797 2378 859 aegrotos;
2430 786 2629 843 fatetur
2677 788 2780 844 iste
2826 790 2895 844 ad
2942 789 3324 848 incolumitatis
3370 798 3585 848 πίθηκε

2001 878 2194 948 gaudia
2247 893 2429 933 secum
2476 893 2577 935 nos
2617 878 2899 935 reduxisse
2945 890 3189 937 sanatos.
3217 881 3468 939 Ostendit
3496 882 3585 939 ille

2001 968 2172 1024 solum
2204 967 2548 1040 Unigenitum
2592 984 2622 1024 a
2673 971 2833 1027 Patre
2871 972 2939 1027 ad
2972 988 3070 1029 nos
3100 975 3323 1030 missum
3357 989 3373 1040 ;
3428 979 3585 1032 docet

2002 1060 2106 1117 iste
2134 1063 2388 1131 quoniam
2439 1066 2506 1117 ad
2566 1064 2847 1119 cmlestem
2903 1067 3135 1134 patriam
3184 1066 3584 1141 multitudinem

2005 1153 2279 1208 transtulit
2302 1154 2619 1209 electorum.

2073 1243 2244 1299 Porro
2287 1247 2567 1317 utriusque
2605 1248 2952 1319 evangelistte
2991 1249 3346 1306 intentionem
3390 1267 3494 1307 una
3519 1250 3583 1305 Β.

2003 1332 2293 1403 Apostolus
2333 1336 2600 1391 sententia
2648 1340 3087 1407 comprehendit,
3119 1340 3307 1396 dicens
3338 1357 3352 1394 :
3388 1360 3407 1393 ι
3443 1340 3589 1396 Misit

2005 1426 2147 1481 Deus
2186 1425 2379 1481 Filium
2425 1442 2581 1482 suum
2614 1427 2667 1482 in
2691 1428 3098 1485 similitudinem
3147 1431 3332 1486 carnis
3358 1431 3587 1501 peccati,

2004 1526 2065 1572 ut
2093 1518 2160 1573 de
2184 1528 2406 1589 peccato
2448 1518 2735 1573 damnaret
2787 1530 3071 1589 peccatum
3115 1520 3168 1575 in
3220 1536 3387 1576 carne
3410 1520 3585 1590 (Rom.

2003 1607 2146 1677 vm).
2186 1626 2205 1659 ι
2258 1607 2390 1662 Nam
2429 1623 2552 1663 cum
2591 1609 2752 1664 dicit:
2790 1628 2809 1661 ε
2848 1609 2991 1666 Misit
3041 1611 3181 1667 Deus
3211 1611 3402 1666 Filium
3428 1628 3585 1668 suum

2006 1701 2058 1756 in
2086 1701 2494 1756 similitudinem
2526 1703 2710 1757 carnis
2758 1704 3007 1775 peccati;
3058 1723 3076 1757 ι
3121 1704 3359 1760 ostendit
3401 1718 3588 1761 susce-

2005 1790 2244 1859 ptionem
2276 1790 2864 1860 mortalitatisnostrze,
2896 1809 3057 1864 quam
3085 1793 3367 1849 Matthzeus
3405 1805 3591 1866 aperte

314 1882 612 1949 ετεεεῖωιῖς
643 1890 873 1951 uterque
920 1892 1181 1935 numerus
1208 1876 1724 1961 comprehendatur,
1771 1873 1900 1943 quid
1930 1889 1976 1949 Β
2003 1878 2270 1943 declarat,
2324 1895 2449 1935 cum
2500 1881 2568 1935 ad
2606 1880 2881 1937 Abraham
2927 1884 3323 1947 descendendo,
3356 1883 3586 1952 quadra-

316 1973 536 2038 mirum,
591 1972 638 2027 si
680 1987 777 2042 per
806 1987 927 2027 eam
977 1970 1241 2033 scelerum
1272 1968 1520 2025 remissio
1546 1966 1903 2036 designetur?

314 2062 671 2132 Scptenarius
712 2062 873 2133 plane
913 2076 1193 2126 numerus,
1224 2060 1314 2131 qui
1339 2074 1501 2131 supra
1533 2060 1819 2115 Dominum
1849 2058 1903 2112 in

313 2154 559 2209 columba
608 2154 910 2217 descendit,
953 2165 1153 2209 nostra:
1205 2152 1490 2224 pravitatis
1528 2150 1904 2219 undenarium

313 2246 571 2301 abolevit.
621 2246 697 2301 De
724 2260 831 2316 quo
859 2245 1066 2301 scilicet
1094 2245 1487 2300 charismatum
1522 2228 1761 2299 ‘numero
1808 2257 1906 2313 per

314 2336 510 2393 Isaiam
568 2338 803 2393 dicitur:
852 2355 871 2389 ο
917 2336 1245 2408 Requiescet
1293 2350 1458 2406 super
1503 2349 1628 2390 eum
1669 2332 1906 2404 Spiritus

313 2433 616 2504 sapientiae,
664 2442 721 2488 et
745 2432 1086 2498 intellectus;
1140 2430 1377 2503 Spiritus
1403 2430 1639 2495 consilii,
1667 2439 1722 2483 et
1747 2429 1906 2484 forti-

314 2523 547 2587 tudinis;
598 2516 832 2594 Spiritus
877 2523 1138 2585 scientia.
1176 2531 1232 2578 et
1270 2522 1526 2593 pietatis;
1564 2528 1621 2575 et
1661 2519 1908 2592 implebit

310 2627 437 2668 eum
486 2611 689 2682 Spiritu
746 2612 956 2669 timoris
995 2612 1204 2668 Domini
1259 2610 1394 2679 (Isa.
1433 2610 1535 2681 xi).
1595 2628 1613 2662 ο
1657 2609 1811 2666 Unde
1843 2609 1905 2666 Β.

312 2703 508 2769 Lucas,
535 2712 593 2757 ut
615 2704 821 2773 expiari
847 2719 945 2757 nos
969 2719 997 2756 a
1034 2684 1240 2758 nostris
1264 2700 1562 2758 sceleribus
1588 2716 1686 2771 per
1710 2700 1908 2755 adven-

315 2802 429 2845 tum
482 2793 652 2846 nostri
698 2792 998 2847 Salvatoris
1026 2793 1300 2858 ostendat,
1341 2808 1447 2846 non
1488 2790 1556 2845 ab
1583 2789 1908 2861 evangelicae

314 2884 642 2940 narrationis
667 2884 913 2949 exordio,
932 2885 1026 2940 scd
1049 2900 1079 2939 a
1102 2884 1370 2955 baptismo
1400 2884 1683 2948 duntaxat,
1704 2882 1909 2940 Christi

315 2977 656 3048 cognationis
684 2976 929 3033 ordinem
978 2977 1215 3033 inchoat.
1269 2976 1422 3045 Quod
1470 2978 1636 3033 etiam
1679 2977 1736 3033 in
1768 2976 1909 3033 libro

313 3068 588 3124 Geneseos
608 3068 888 3123 evidenter
916 3068 1242 3145 ostenditur,
1267 3068 1355 3123 ubi
1380 3067 1615 3125 Lamech
1643 3067 1907 3124 uxoribus

320 3160 436 3213 suis
472 3158 674 3213 dixisse
705 3167 991 3212 narratur:
1034 3177 1052 3210 σ
1093 3158 1407 3229 Scptuplum
1434 3158 1568 3213 ultio
1598 3160 1812 3215 dabitur
1840 3159 1908 3214 de

2004 1971 2150 2043 ginta
2180 1974 2556 2044 generationes
2583 1982 2887 2030 enumerat.
2916 1974 3053 2029 Cum
3104 1989 3235 2030 vero
3264 1975 3539 2046 subjungit
3570 1987 3588 2028 :

2009 2083 2028 2115 ‹
2066 2063 2134 2118 Et
2184 2064 2253 2119 de
2305 2075 2530 2135 peccato
2577 2066 2854 2121 damnavit
2904 2076 3185 2137 peccatum
3243 2067 3296 2122 in
3340 2082 3522 2131 carne,
3562 2086 3585 2121 ο
3654 2068 3667 2071 ἡ

2006 2154 2356 2212 abolitionem
2403 2156 2654 2227 perhibet
2688 2166 3057 2228 peccatorum,
3097 2173 3259 2228 quam
3290 2158 3464 2213 Lucas
3510 2158 3593 2211 in-

2004 2246 2319 2303 dubitanter
2337 2247 2613 2317 exprimit,
2635 2263 2757 2302 cum
2784 2249 3125 2320 septuaginta
3152 2259 3357 2320 septem
3388 2265 3592 2319 cogna-

2007 2338 2212 2393 tionum
2257 2337 2453 2393 lineam
2496 2338 2648 2393 texit.
2677 2338 2850 2405 Quam
2877 2339 3124 2395 videlicet
3156 2349 3440 2410 utramque
3467 2355 3595 2395 sen-

2007 2429 2232 2484 tentiam
2264 2429 2405 2485 idem
2436 2428 2634 2486 Paulus
2664 2446 2772 2486 uno
2817 2431 2947 2486 alibi
2978 2431 3244 2487 versiculo
3273 2432 3591 2503 complexus

2004 2529 2116 2583 est.
2149 2521 2440 2577 dicens:'¢
2483 2519 2642 2578 Iesus
2686 2522 2936 2578 Christus
2982 2524 3214 2579 traditus
3255 2533 3338 2579 est
3371 2534 3593 2595 propter

2006 2610 2204 2665 delicta
2230 2619 2437 2677 nostra,
2481 2618 2539 2666 et
2576 2612 2877 2668 resurrexit
2914 2623 3133 2683 propter
3148 2613 3591 2684 justiiicationem

2006 2711 2248 2757 nostram
2300 2702 2474 2775 (Rom.
2508 2703 2605 2775 tv).
2643 2722 2662 2757 ι
2698 2704 2989 2760 Descendit
3031 2705 3177 2760 enim
3230 2705 3478 2761 Christus
3534 2713 3595 2759 ut

2006 2806 2105 2846 nos
2131 2808 2161 2846 a
2206 2792 2445 2862 peccatis
2482 2794 2747 2863 eriperet:
2780 2795 3019 2850 surrexit
3062 2804 3240 2851 autem
3273 2804 3332 2850 ut
3358 2797 3593 2851 candore

2000 2881 2227 2952 jnstitia:
2249 2882 2450 2939 nitidos
2477 2884 2777 2940 exhiberet.

2078 2973 2212 3040 Quae
2242 2973 2499 3028 nimirum
2531 2976 2812 3046 utriusque
2841 2976 2986 3031 beati
3008 2976 3351 3049 evangelista:
3372 2978 3596 3033 diversi-

2009 3075 2093 3121 tas
2113 3067 2355 3122 etiamin
2379 3067 2482 3124 hoc
2502 3069 2784 3125 evidenter
2810 3072 3133 3138 ostenditur,
3163 3072 3287 3141 quia
3311 3071 3594 3126 Matthaeus

2006 3172 2103 3230 per
2132 3158 2502 3224 Salomonem,
2548 3159 2602 3214 in
2648 3160 2801 3231 cujus
2830 3172 3004 3218 matre
3045 3162 3212 3219 David
3242 3178 3342 3232 per
3383 3163 3594 3217 adulte-

312 3248 470 3313 Cain,
492 3249 558 3303 de
578 3247 811 3303 Lamech
845 3264 971 3304 vero
996 3249 1299 3319 septuagies
1326 3250 1525 3319 septies
1555 3247 1709 3322 (Gen.
1741 3253 1839 3323 tv).
1876 3268 1896 3304 θ
1930 3251 1975 3315 C
2007 3252 2148 3306 rium
2177 3251 2404 3317 corruit,
2436 3250 2730 3307 Dominicae
2756 3254 3125 3323 generationis
3148 3253 3344 3308 lineam
3370 3254 3595 3309 desceno

319 3336 466 3393 Ultio
504 3338 702 3408 quippe
737 3338 803 3393 de
850 3337 1082 3393 Lamech
1131 3339 1436 3409 septuagies
1477 3341 1679 3411 septies
1729 3342 1901 3398 danda

314 3430 534 3495 dicitur,
571 3430 696 3499 quia
742 3430 1084 3500 septuaginta
1120 3439 1323 3500 septem
1356 3430 1603 3487 homines
1626 3433 1694 3489 de
1727 3432 1901 3488 femo-

316 3519 466 3575 ribus
482 3518 598 3588 ejus
618 3520 973 3591 perhibentur
990 3520 1221 3590 egressi,
1235 3535 1322 3586 ac,
1345 3522 1686 3591 postmodum
1703 3521 1905 3580 diluvio

314 3618 558 3672 vorante,
586 3609 896 3664 referuntur
924 3608 1187 3679 absorpti.
1221 3610 1329 3665 Sed
1366 3611 1492 3680 quia
1516 3610 1751 3667 Lamech
1784 3628 1905 3682 per-

314 3702 546 3765 cutiens,
591 3701 707 3755 sive
734 3714 1022 3770 percussus
1056 3701 1401 3771 exprimitur,
1444 3702 1572 3772 quid
1608 3717 1708 3772 per
1737 3704 1901 3767 hunc,

315 3793 418 3848 nisi
466 3793 675 3863 primus
723 3807 920 3863 parens
972 3792 1192 3848 humani
1237 3794 1451 3863 generis
1487 3794 1769 3864 ﬁguratur,
1806 3796 1897 3864 qni

315 3883 573 3938 nimirum
603 3884 810 3953 peccati
847 3884 1037 3949 telum,
1082 3898 1191 3953 quo
1228 3886 1436 3954 primus
1474 3885 1587 3954 ipse
1615 3899 1904 3954 percussus

317 3974 544 4040 interiit,
596 3975 851 4030 universo
876 3990 1091 4045 quoque
1118 3976 1304 4046 generi
1335 3990 1673 4031 successum
1719 3986 1905 4045 poste-

315 4065 495 4120 ritatis
547 4064 745 4119 inﬂixit
774 4065 800 4119 ‘i
849 4064 926 4120 De
975 4065 1079 4120 hoc
1122 4077 1255 4135 ergo
1310 4064 1547 4121 Lamech
1597 4066 1905 4135 septuagies

314 4158 516 4227 septies
542 4157 675 4211 ultio
702 4156 826 4210 data
860 4163 964 4220 est,
1012 4155 1140 4224 quia
1179 4163 1482 4223 peccatum,
1530 4156 1672 4226 quod
1699 4155 1905 4225 primus

318 4245 769 4300 homocontraxit
788 4259 885 4313 per
912 4244 1256 4315 septuaginta
1292 4253 1497 4314 septem
1528 4247 1906 4316 generationes

317 4334 373 4388 in
404 4334 640 4389 humano
664 4348 866 4403 genere
900 4333 1087 4405 viguit.
1122 4333 1302 4404 Usque
1335 4334 1499 4405 283
1539 4336 1605 4390 ad
1630 4335 1903 4393 Christum

315 4422 582 4492 siquidem
617 4430 899 4494 peccatum
941 4422 1205 4493 originale
1251 4423 1570 4493 permansit,
1603 4425 1746 4496 quod
1794 4426 1907 4497 ipse

315 4531 413 4586 per
442 4516 691 4586 baptismi
739 4515 824 4570 sui
876 4514 1042 4586 (unde
1088 4514 1264 4571 Lucas
1309 4515 1518 4589 incipit)
1564 4529 1901 4573 sacramenta

2004 3341 2180 3398 dendo
2208 3342 2495 3414 producit;
2551 3341 2727 3398 Lucas
2751 3352 2930 3399 autem
2960 3359 3056 3414 per
3083 3344 3291 3399 Nathan
3323 3345 3591 3409 ascendit,

2004 3450 2103 3506 per
2129 3435 2283 3506 cujus
2310 3435 2560 3490 videlicet
2580 3435 2915 3505 aaquivocum
2943 3438 3261 3506 prophetam
3293 3436 3394 3491 hoc
3418 3436 3590 3505 ipsum

2003 3525 2245 3596 ejusdem
2273 3525 2443 3580 David
2476 3534 2757 3596 peccatum
2804 3525 3065 3581 Dominus
3106 3524 3363 3594 expiavit,
3406 3534 3464 3580 et
3515 3525 3594 3579 sic

2004 3619 2159 3689 quasi
2207 3617 2417 3689 lapsum
2465 3618 2756 3673 miseratus
2809 3618 3005 3674 erexit.
3059 3616 3151 3672 Ille
3198 3617 3382 3687 itaque
3433 3617 3594 3671 docet

2006 3708 2101 3764 Dei
2133 3707 2336 3765 Filium
2373 3707 2439 3763 ad
2481 3724 2580 3763 nos
2609 3708 2891 3764 humiliter
2920 3706 3284 3771 inclinatum;
3325 3707 3429 3761 iste
3464 3720 3583 3776 pro—

2007 3798 2218 3853 nuntiat
2250 3798 2535 3854 nobiscum
2560 3799 2720 3854 simul
2746 3814 2869 3855 cum
2904 3798 3214 3869 triumphali
3238 3797 3406 3869 gloria
3436 3796 3587 3853 caeli-

2008 3896 2093 3943 tus
2121 3887 2437 3943 Exultatum.
2464 3888 2749 3945 Descendit
2777 3889 2920 3945 enim
2959 3888 3210 3943 Christus
3238 3888 3303 3941 ad
3324 3885 3593 3956 jaceutes.

2008 3987 2180 4034 uteos
2207 3992 2392 4033 secum
2431 3979 2692 4049 provehat
2714 3978 2768 4033 in
2809 3987 2957 4034 astra
3000 3980 3252 4035 victores.
3283 3978 3437 4034 Unde
3481 3994 3589 4034 non

2006 4071 2125 4126 sine
2166 4071 2350 4126 divino
2396 4070 2599 4127 factum
2627 4073 2891 4145 praesagio
2934 4073 3176 4129 creditur
3216 4075 3358 4143 quod
3401 4075 3594 4128 beatus

2008 4160 2097 4216 hic
2156 4159 2482 4230 evangelista
2536 4160 2632 4216 tali
2690 4161 2950 4217 vocabulo
3002 4171 3363 4232 nuncupatur.
3417 4162 3594 4218 Lucas

2006 4251 2152 4305 enim
2181 4250 2466 4320 Hebraice,
2487 4252 2595 4322 ipse
2619 4268 2934 4324 consurgens
2966 4253 3079 4309 sive
3108 4255 3333 4312 elevans.
3362 4255 3596 4309 vertitur

2008 4341 2058 4396 in
2100 4340 2370 4399 Latinum.

2076 4428 2190 4486 Hoc
2230 4430 2391 4502 igitur
2438 4431 2490 4487 in
2541 4432 2760 4503 proprio
2793 4432 3011 4489 nomine
3040 4433 3275 4504 praetulit
3302 4434 3443 4504 quod
3476 4434 3594 4504 ipse

2007 4521 2351 4590 postmodum
2409 4522 2477 4578 de
2533 4522 2817 4579 Salvatore
2866 4524 3207 4595 conm-ipsit.
3262 4524 3593 4594 Redemptor

315 4606 533 4661 delevit.
588 4605 688 4662 Ubi
720 4606 969 4662 videlicet
993 4607 1060 4662 de
1085 4607 1176 4662 illo
1198 4607 1429 4664 dicitur:
1485 4625 1504 4660 ι
1556 4607 1696 4665 Ecce
1722 4610 1906 4680 Agnus
1935 4588 1985 4649 ί)
2009 4588 2153 4667 enim
2205 4622 2391 4669 noster
2434 4622 2491 4668 et
2534 4614 2647 4685 ipse
2704 4617 2771 4670 de
2824 4612 2998 4670 morte
3034 4588 3291 4679 surrexit,
3315 4623 3371 4670 et
3398 4588 3498 4670 nos
3524 4614 3592 4669 arl

318 4695 437 4762 Dei,
473 4697 565 4766 qui
588 4697 727 4752 tollit
747 4708 963 4766 peccata
996 4697 1178 4753 mundi
1208 4698 1390 4769 (Joan.
1421 4700 1482 4771 l).
1519 4717 1539 4751 ι

388 4787 792 4858 Redemptioms
849 4801 980 4858 ergo
1051 4796 1252 4843 nostrae
1329 4789 1612 4843 materiam
1672 4799 1901 4861 uterque

316 4888 539 4935 nudus
560 4880 889 4950 evangelista
937 4880 1015 4936 sic
1059 4881 1290 4936 invicem
1332 4882 1596 4949 dividunt,
1628 4891 1684 4938 et
1709 4899 1899 4939 narra-

320 4973 485 5027 tionis
538 4981 747 5042 partem
790 4971 889 5027 sibi
940 4972 1171 5042 quisque
1222 4988 1514 5041 congruam
1575 4983 1798 5029 smnunt
1846 4984 1904 5030 ut

319 5063 608 5120 latthams
652 5079 749 5135 per
798 5065 1205 5135 geuerationnm
1264 5062 1460 5119 lineam
1508 5066 1901 5134 descendendo,

318 5157 595 5212 Christum
623 5157 690 5212 ad
721 5172 819 5212 nos
842 5168 1159 5226 peccatores
1182 5158 1249 5212 de
1281 5157 1434 5214 caelis
1461 5157 1746 5214 advenisse
1783 5173 1903 5229 per-

318 5247 543 5314 hibeat;
594 5247 771 5303 Lucas
800 5257 979 5303 autem
1018 5264 1046 5302 a
1096 5258 1436 5305 sacramento
1476 5251 1816 5320 baptismatis
1837 5252 1903 5305 ad

320 5347 529 5408 patrem
574 5356 744 5410 usque
781 5341 1167 5408 conscendens,
1197 5342 1428 5396 traxisse
1475 5357 1574 5396 nos
1623 5358 1804 5397 secum
1837 5342 1902 5397 ad

319 5427 601 5484 celestem
665 5430 887 5500 gloriam
952 5440 1299 5502 peccatorum
1368 5432 1619 5487 sordibus
1690 5432 1902 5487 ablutos

319 5520 591 5575 ostendat.
638 5520 731 5575 Ille
768 5521 1033 5592 siquidem
1081 5522 1278 5576 astruit
1297 5520 1570 5577 Christum
1602 5520 1668 5576 ad
1700 5531 1899 5577 terram

323 5607 748 5668 misericorditer
775 5603 1230 5676 descendentem;
1288 5613 1389 5667 iste
1417 5611 1619 5667 fatetur
1644 5628 1767 5667 eum
1808 5627 1905 5667 nos

321 5698 390 5753 ad
439 5698 683 5756 calestia
736 5698 1126 5759 sublevantem.
1187 5701 1437 5756 Ostendit
1489 5702 1577 5756 ille
1626 5713 1901 5771 pastorem

324 5792 811 5862 nonagintanovem
844 5805 975 5847 oves
1000 5791 1054 5845 in
1096 5793 1325 5848 desertis
1355 5793 1570 5862 pascuis
1597 5793 1904 5865 relinquen-

2008 4703 2248 4759 caalestia
2286 4704 2528 4760 viventes
2576 4706 2643 4760 de
2686 4706 2916 4760 mortuis
2944 4705 3190 4761 elevavit.
3232 4705 3387 4761 Unde
3411 4714 3463 4760 et
3495 4719 3594 4774 per

2006 4794 2316 4864 Apostolum
2338 4794 2537 4851 dicitur
2567 4812 2582 4850 :
2611 4813 2629 4847 ‹
2663 4795 2765 4863 Qui
2804 4796 3396 4865 nos‘conresuscitavit,
3426 4794 3593 4868 284

2003 4893 2059 4938 et
2086 4885 2381 4939 consedere
2406 4884 2530 4940 fecit
2558 4899 2743 4940 Secum
2781 4886 2832 4938 in
2857 4884 3165 4940 coelestibus
3195 4883 3407 4954 (Ephes.
3433 4891 3515 4949 Il).
3564 4902 3583 4934 ι

2008 4973 2127 5044 Ipse
2181 4976 2362 5043 itaque
2413 4974 2782 5044 principaliter
2820 4990 3167 5045 consurgens,
3218 4975 3333 5028 sive
3371 4974 3592 5026 elevans

2009 5065 2229 5130 dicitur,
2261 5064 2515 5133 quoniam
2539 5065 2606 5118 ad
2635 5066 2738 5119 hoc
2781 5065 2848 5119 de
2892 5074 3066 5119 morte
3099 5063 3357 5131 surrexit,
3400 5070 3460 5117 ut
3490 5077 3590 5136 nos

2011 5155 2065 5211 in
2115 5165 2286 5210 morte
2328 5162 2626 5226 prostratos
2675 5155 2947 5226 erigeret:
3003 5155 3070 5209 ad
3114 5156 3215 5210 hoc
3261 5154 3505 5210 ascendit
3533 5154 3587 5209 in

2010 5248 2228 5310 cmlum,
2263 5256 2325 5303 ut
2366 5262 2548 5303 secum
2580 5262 2679 5302 nos
2704 5248 2773 5303 ad
2800 5247 3040 5302 ccelestia
3079 5246 3400 5301 sublevaret.
3435 5246 3623 5313 Quod.

2011 5342 2172 5411 igitur
2213 5339 2275 5395 Β.
2312 5340 2486 5395 Lucas
2508 5341 2572 5394 de
2596 5339 2813 5395 Christo
2838 5339 3125 5395 scribendo
3150 5339 3441 5408 perhibuit,
3487 5338 3590 5391 hoc

2008 5432 2164 5502 quasi
2206 5432 2516 5501 prophetice
2542 5431 2761 5501 proprio
2789 5432 3006 5485 nomine
3045 5430 3363 5501 designavit.
3391 5428 3458 5484 Et
3484 5429 3591 5484 hoc

2011 5537 2263 5592 tnagnum
2288 5533 2435 5577 certe
2459 5521 2795 5593 mysterium,
2820 5520 2962 5590 quod
2985 5519 3047 5574 Β.
3071 5520 3247 5576 Lucas
3266 5535 3297 5573 a
3321 5518 3591 5587 baptismo

2012 5612 2307 5666 Salvatoris
2350 5612 2555 5681 incipit,
2587 5621 2642 5666 et
2667 5626 2836 5680 usque
2877 5611 2943 5664 ad
2984 5611 3149 5664 Deum
3180 5608 3393 5663 Patrem
3420 5622 3587 5677 gene-

2010 5702 2277 5756 rationum
2308 5702 2503 5756 lineam
2532 5700 2871 5757 ascendendo
2894 5699 3157 5769 producit.
3187 5697 3289 5753 Per
3313 5697 3586 5752 lavacrum

2009 5794 2207 5863 quippe
2237 5792 2377 5849 sacri
2408 5792 2750 5862 baptismatis
2774 5807 2803 5847 a
2826 5790 3065 5863 pet-catis
3095 5788 3385 5855 abluimur,
3433 5794 3489 5842 et
3508 5786 3585 5839 sic
