2032 3104
166 215 220 244 805
502 237 515 242 -

904 219 1020 247 SEIIMO
1040 219 1092 247 LIII

1746 226 1800 256 806

166 272 221 299 Deo
237 271 310 298 Patri
331 278 379 307 per
394 270 567 299 Mediatorem
593 273 639 301 Dei
654 278 681 301 et
706 275 844 302 hominum
857 283 954 303 recon-
969 280 993 308 Α
1006 280 1048 303 cst
1071 276 1144 303 enim
1164 276 1231 312 (lux.
1248 276 1334 312 xxix).
1352 287 1363 304 ι
1380 277 1445 311 Quis
1456 278 1530 307 enim
1544 284 1587 307 est
1608 280 1678 308 liber
1698 282 1742 310 ille
1758 284 1797 311 si-

164 316 301 344 ciliatnur.
326 315 354 342 In
369 316 505 350 baptismo
519 317 610 351 itaque
622 323 664 345 est
677 325 774 347 nostra:
787 322 956 349 ascensionis

165 362 283 393 initiuttt,
297 365 324 388 et
344 361 384 388 sic
397 362 431 388 ad
446 361 529 388 Deum
542 369 557 389 a
574 363 726 392 viventibus
739 366 894 400 pervenitur
907 374 956 401 per

164 407 227 435 botti
243 407 334 441 operis
349 407 557 435 incrementum.

198 451 253 479 Nec
274 453 491 486 praetereundum
511 453 574 487 quia
590 462 652 481 cum
674 454 840 490 Redemptor
861 462 955 485 noster

165 505 245 525 verus
261 499 353 533 utique
366 499 401 526 sit
414 507 460 526 rex
479 504 507 527 et
523 502 662 536 sacerdos,
680 503 751 531 sicut
770 505 800 531 Β.
814 505 954 534 Mattltaaus

165 543 266 576 regiam
281 541 340 577 ejus
362 544 449 574 texuit
476 545 653 574 describendo
673 549 849 583 progeniem;
876 551 916 578 sic
938 559 954 578 c

162 586 272 628 diverso
282 586 369 628 Lucas
381 589 575 628 sacerdotalem
596 591 696 619 indicat
710 601 759 628 per
771 602 877 622 omnem
894 601 951 624 tex-

161 624 218 647 tum
231 621 273 648 sui
285 621 433 651 voluminis
445 625 616 659 dignitatem.
633 629 661 656 ln
671 621 836 661 sacerdotali

161 666 324 702 plerumque
333 674 459 698 versatur
471 671 569 707 cilicio,
580 680 606 701 et
616 671 681 703 dum
692 677 797 706 diversa
814 666 948 711 Dominici

162 713 252 747 operis
265 718 339 748 gesta
355 717 498 750 percurrit,
512 718 546 746 ab
562 719 604 747 ltis
617 725 707 749 tanien
730 732 790 758 qua
805 726 839 753 ad
856 735 948 756 sacer-

160 757 262 785 dotium
277 760 425 794 pertinent,
441 770 493 791 non
507 766 619 793 recedit.
633 766 714 795 Modo
724 757 798 798 enim
812 774 947 803 sacerdoti

159 803 311 838 delegatum
325 811 419 834 narrat
435 808 566 845 ollicinm,
581 813 661 840 modo
679 817 848 851 progeniem.
867 823 948 850 modo

159 850 257 884 vicem,
278 852 358 881 modo
377 855 552 890 sacrificium,
574 860 653 887 modo
669 863 789 891 nominat
807 850 947 902 templum,

158 902 185 925 et
195 905 258 925 eum
271 898 388 933 plurima
400 900 470 929 intra
483 910 568 932 sacrae
580 906 699 935 historiae
709 902 807 939 seriem
822 898 947 942 comere;

1005 325 1113 355 gnatus,
1127 321 1178 349 nisi
1189 327 1313 350 sanctum
1325 322 1501 359 Evangelium
1513 325 1633 360 mysticis
1652 327 1795 362 figurarum

1004 366 1149 394 sententiis
1164 366 1330 400 obvolutum,
1346 372 1374 395 et
1388 370 1421 395 ab
1435 369 1558 397 humana:
1580 372 1679 400 mentis
1699 373 1795 401 intelli-

1004 412 1094 446 gentia
1108 412 1200 447 procul
1213 420 1313 440 arcana
1324 415 1440 448 quadam
1452 415 1634 451 profunditate
1647 421 1795 446 remotum?

1004 455 1054 483 Hic
1066 456 1187 491 profecto
1198 457 1267 485 liber
1279 458 1322 485 ille
1333 464 1385 492 est,
1397 459 1431 487 de
1441 467 1495 494 quo
1506 460 1624 490 Joannes
1638 463 1675 489 ait
1688 472 1694 490 :
1709 473 1720 489 t
1734 465 1793 492 \‘iJi

1004 501 1030 528 in
1046 501 1156 529 dextera
1173 502 1293 530 sedentis
1311 511 1392 539 supra
1408 504 1535 532 thronum
1551 506 1648 534 librum
1662 508 1792 543 scriptum

1003 547 1085 581 intus,
1100 554 1127 575 et
1138 548 1214 581 foris,
1231 550 1368 585 signatum
1383 550 1478 586 sigillis
1491 555 1595 586 septem
1610 554 1700 588 (Apoc.
1720 554 1757 590 v).
1779 564 1789 581 ι

1001 592 1066 624 Quae
1092 597 1156 620 sunt
1178 599 1269 621 autem
1292 595 1379 630 sigilla
1393 615 1400 628 ,
1424 596 1522 630 quibus
1540 596 1608 624 liber
1621 599 1793 633 evangelicus

1001 639 1160 674 obsignatus
1174 640 1282 674 dicitur,
1298 641 1350 668 nisi
1361 647 1464 676 septem
1480 643 1526 669 illa
1539 650 1719 678 sacramenta,
1732 647 1792 681 qui-

1000 683 1052 711 bus
1065 685 1157 719 utique
1175 690 1249 713 totus
1267 687 1334 714 ordo
1350 687 1496 715 Dominicze
1513 689 1721 724 dispensationis
1738 692 1791 719 im-

1000 728 1109 763 pletttr'!
1126 730 1250 757 videlicet
1263 731 1413 758 incarttatio
1427 732 1543 764 Domini,
1559 735 1685 770 nativitas
1695 756 1703 768 ,
1726 744 1791 770 pas«

1000 773 1050 806 sio,
1066 775 1242 808 resurrectio,
1255 777 1288 803 ad
1303 776 1386 804 caelos
1397 779 1530 810 ascensio,
1542 779 1638 807 deinde
1646 781 1789 815 judicium,

998 823 1136 853 postremo
1151 823 1284 856 regnum?
1299 822 1346 850 IIis
1361 823 1451 858 itaque
1465 824 1560 858 sigillis
1572 825 1640 852 liber
1656 829 1791 863 evangeli-

999 871 1048 891 cus
1061 864 1097 891 ita
1111 866 1233 900 signattts
1246 871 1297 900 est,
1315 872 1344 894 ut
1355 868 1406 895 nisi
1419 876 1479 896 euttt
1491 869 1616 898 Christus
1627 873 1788 906 aperuisset,

998 908 1109 936 cuilibet
1123 910 1233 942 omnino
1250 916 1343 945 patere
1359 920 1411 939 tton
1427 918 1530 947 posset.
1552 914 1627 942 Unde
1650 915 1789 952 subjungi-

159 943 270 978 hendat,
299 945 448 976 intentione
474 955 576 986 tamen,
609 960 662 988 qua
687 962 817 991 cape"...
842 967 948 994 p.05e_
961 953 983 982 Β
998 957 1062 980 tur:
1079 963 1088 979 ‹
1107 954 1177 982 Ecce
1200 943 1264 982 vicit
1286 956 1327 983 leo
1348 957 1381 984 de
1402 943 1472 984 tribu
1498 957 1583 992 Juda,
1600 960 1676 987 radix
1691 943 1788 996 δίινῖἶῇ

158 991 258 1024 quendi
276 993 421 1022 sacerdotii
437 1003 605 1032 perseverat.
620 1000 687 1030 Nam
706 1004 764 1038 ipso
775 1014 832 1034 suae
842 991 946 1036 -narra-

159 1035 242 1064 tionis
254 1036 333 1066 initio
350 1041 391 1067 sic
405 1048 518 1071 exorsus
538 1050 590 1078 est,
607 1046 700 1075 dicens
715 1035 750 1075 i'c
770 1050 832 1079 Fuit
845 1052 871 1080 in
886 1035 947 1081 die-

158 1080 341 1132 bus-Herodis
357 1087 428 1122 regis
441 1088 541 1118 Jttdatae
561 1095 688 1123 sacerdos
700 1097 825 1132 quidam,
836 1080 947 1129 nomine

157 1127 314 1164 Zacharias,
333 1132 367 1161 de
382 1133 441 1162 vice
462 1136 541 1171 Abia,
559 1144 585 1166 et
603 1148 671 1168 uxor
691 1127 765 1172 illius
778 1127 824 1173 de?
835 1127 941 1176 filiabus

157 1175 247 1204 Aaron
260 1177 338 1212 (Luc.
355 1180 393 1215 I).
408 1191 417 1207 ι
434 1181 633 1220 Deindeipsum
651 1189 817 1217 sacerdotem
829 1192 862 1219 ad
876 1175 944 1221 ado-

157 1223 266 1251 lendum
284 1230 349 1254 ante
361 1227 445 1257 altare
455 1230 618 1260 sacrificium
636 1235 742 1263 statuit.
766 1235 944 1268 Postmodntn

156 1277 266 1307 quoque
277 1274 310 1321 ad
319 1273 439 1308 ejusdem
456 1280 606 1307 sacerdotis
614 1281 726 1309 dontum
736 1283 849 1312 Mariam
863 1287 945 1321 virgi-

152 1324 217 1360 ttem
228 1318 332 1360 dirigit.
343 1320 406 1360 Tria
416 1330 526 1358 quoque
534 1326 638 1353 cantica
647 1327 673 1355 in
682 1329 801 1357 Ecclesia
810 1318 944 1360 cantanda
955 1333 959 1337 '

151 1357 292 1391 describit,
316 1359 387 1394 quod
412 1357 514 1387 nullum
529 1362 756 1398 evangelistarunt
772 1357 942 1399 praterettin

151 1402 249 1431 fecisse
263 1405 421 1439 reperitur:
445 1414 528 1433 unum
547 1407 650 1435 scilicet
674 1408 820 1442 Zaeltarize,
846 1418 944 1438 secun-

149 1448 214 1475 dum
240 1447 343 1482 Mariae,
366 1450 473 1477 tertium
498 1451 633 1480 Simeonis
648 1453 723 1488 (Luc.
747 1462 754 1481 t
771 1459 798 1482 et
816 1447 855 1490 II).
871 1455 943 1489 Qua-

150 1494 303 1529 dragesimo
320 1503 384 1523 vero
407 1496 450 1523 die
475 1501 617 1532 postquam
637 1503 716 1526 natus
732 1503 784 1532 est,
800 1500 941 1529 Dominum

150 1545 212 1565 eum
233 1539 391 1567 mulieribus
406 1540 433 1567 in
458 1542 557 1576 templo
580 1547 672 1570 narrat
694 1545 823 1572 oblatum.
841 1546 942 1574 Deinde

150 1583 319 1612 dttodeunem
340 1584 365 1611 in
393 1586 486 1612 eodem
515 1587 614 1622 templo
637 1588 708 1616 inter
728 1590 853 1618 doctores
877 1599 943 1618 cott-

149 1627 238 1656 stituit
253 1628 425 1657 residentem.
442 1629 571 1659 Paretttes
588 1640 695 1667 quoque
722 1635 827 1662 Domini
850 1641 941 1664 narrat

149 1680 200 1709 per
209 1673 330 1710 singulos
342 1682 428 1703 annos
443 1675 469 1703 in
482 1676 652 1705 solemnitate
665 1680 786 1714 paschali
812 1682 942 1709 orationis

148 1719 235 1754 gratia
247 1719 414 1748 Hierusalem
430 1722 576 1750 ascendere
586 1723 689 1751 solitos.
705 1725 844 1753 Postremo
855 1727 941 1754 Evan-

147 1764 247 1799 gelium
274 1773 352 1793 suum
383 1767 434 1794 hoc
484 1775 518 1795 ne
542 1768 689 1801 concludit,
710 1774 738 1797 ut
752 1771 840 1798 dicat:
859 1781 868 1797 ι
888 1772 939 1807 Ipsi

148 1809 293 1837 adorantes
311 1811 424 1846 regressi
438 1817 500 1839 sunt
517 1812 543 1840 in
565 1812 732 1842 Hierusalem
756 1823 816 1843 cum
841 1817 940 1852 gaudio

148 1862 258 1890 magno,
268 1860 296 1883 et
304 1860 382 1883 erant
392 1865 500 1892 semper
510 1858 537 1885 in
549 1859 648 1893 templo
656 1859 807 1890 laudantes.
818 1866 846 1889 et
856 1861 938 1890 bene-

146 1899 269 1928 dicentcs
283 1901 366 1928 Deum
385 1901 460 1937 (Luc.
478 1903 563 1938 xxtv).
583 1913 593 1930 ι
747 1915 762 1929 ο

183 1944 260 1973 Unde
274 1945 303 1972 fit
324 1950 353 1973 ut
368 1946 399 1973 Β.
420 1946 509 1975 Lucas
524 1946 599 1975 vitltli
611 1949 728 1983 speciem
741 1953 830 1977 teneat
844 1970 852 1983 ,
870 1950 939 1979 sicut

146 1995 174 2018 et
198 1991 322 2019 Ezechiel
349 1994 478 2028 propheta
501 1993 610 2028 (Ezech.
634 1995 654 2030 ι)
669 1999 693 2022 et
718 1995 837 2023 Joannes
851 1997 938 2024 Evan-

146 2037 242 2072 gelista
267 2037 360 2073 (Apoc.
382 2046 409 2066 tv
420 2040 432 2074 )
453 2047 483 2067 se
502 2039 601 2067 vidisse
623 2041 808 2075 pronuntiant.
834 2041 938 2071 Vitulus

147 2083 279 2118 siquidem
295 2083 323 2111 in
342 2084 441 2119 templo
454 2085 559 2113 solebat
573 2086 674 2113 oil'erri.
699 2086 733 2113 Et
745 2087 813 2114 bene
829 2087 935 2122 vitulus,

147 2128 210 2162 quia
233 2135 317 2155 sacra:
339 2128 436 2164 lingua:
460 2135 568 2157 vomere
582 2131 671 2158 cordis
692 2131 778 2159 nostri
793 2140 856 2159 arva
872 2141 936 2168 pro-

147 2173 244 2206 sulcat,
263 2182 349 2208 eaque
372 2175 518 2210 evangelici
542 2177 654 2204 seminis
666 2177 740 2212 jactu
763 2178 837 2205 vitali
860 2178 938 2214 fruge

146 2217 283 2246 fecuttdat.
298 2219 344 2247 Vel
360 2224 434 2247 certe
450 2221 550 2248 idcirco
565 2221 596 2248 Β.
610 2221 696 2250 Lucas
709 2223 782 2250 vituli
794 2225 936 2258 praetendit

146 2263 301 2298 imaginem,
317 2264 379 2300 quia
395 2266 457 2292 tlum
469 2267 651 2301 evangelicam
667 2272 747 2303 atque
759 2269 933 2303 apostolicam

146 2308 275 2336 describit
288 2309 438 2342 historiam,
454 2311 545 2338 hostes
557 2311 656 2339 Citriin
673 2317 754 2347 atque
766 2313 934 2342 adversarios

144 2360 216 2381 verae
224 2354 297 2387 fidei,
310 2359 436 2389 tanquam
445 2356 547 2383 duobus
558 2357 685 2385 cornibus
692 2358 815 2391 ventilat,
823 2367 934 2394 eosque,

144 2405 180 2425 ne
205 2406 295 2426 aream
308 2400 449 2427 catholicae
475 2400 602 2429 Ecclesia:
619 2402 824 2437 depopulentur,
851 2412 935 2440 expu-

144 2448 219 2479 gnat.
243 2444 291 2472 His
314 2445 406 2479 itaque
424 2446 551 2474 cornibus
575 2448 762 2481 pnemunitur,
787 2449 885 2483 quibus
908 2454 935 2477 et

143 2488 250 2517 Judzeo's
261 2489 339 2516 feriat
355 2498 406 2517 non
420 2491 572 2524 credentes,
598 2496 625 2519 et
644 2492 785 2521 hzereticos
799 2493 861 2521 hinc
874 2494 935 2523 inde

143 2530 284 2563 concludat
297 2543 312 2562 a
327 2536 416 2570 regula
430 2544 500 2563 vene
511 2536 572 2564 fidei
583 2537 758 2566 declinantes.

177 2579 261 2616 285
278 2579 395 2616 Scripsit
410 2581 502 2616 itaque
515 2581 545 2608 B.
560 2581 646 2609 Lttcas
660 2583 843 2617 apostolorum
855 2584 931 2612 labo-

143 2632 197 2657 res,
211 2629 239 2653 et
256 2629 350 2657 actus.
373 2626 470 2661 quibus
488 2631 516 2654 et
530 2627 587 2662 ipse
601 2627 783 2655 collaborator
800 2628 930 2656 interfuit.

141 2669 258 2705 Scripsit
269 2675 297 2698 et
308 2670 481 2706 Evangelium
493 2692 500 2704 ,
514 2672 585 2707 quod
601 2673 677 2707 quasi
691 2673 825 2709 signatum
841 2676 929 2710 magni

141 2715 262 2744 thesauri
274 2717 379 2751 pondus
393 2717 426 2744 de
438 2717 506 2745 etelo
520 2718 649 2753 percepit.
665 2717 714 2745 Cui
726 2718 851 2747 videlicet
865 2719 929 2747 illud

140 2759 217 2787 Isaiae
231 2761 386 2789 vaticinium
401 2767 581 2798 congruenter
598 2767 705 2798 aptatur
715 2784 722 2795 ,
742 2771 797 2798 quo
811 2764 909 2792 dicitur
921 2774 928 2792 :

141 2813 153 2831 ι
173 2805 208 2832 Et
219 2806 272 2833 erit
285 2806 360 2834 vobis
375 2807 444 2835 visio
465 2808 596 2840 omnium,
619 2808 690 2835 sicut
714 2809 793 2836 verba
815 2809 876 2837 libri
891 2811 929 2837 si-

139 2851 225 2885 gnati,
242 2859 321 2886 quem
336 2859 398 2879 cum
419 2851 541 2879 dederint
555 2852 651 2880 scienti
676 2853 794 2887 litteras,
818 2854 927 2882 dicent:

140 2895 209 2933 Lege
221 2896 314 2932 istum,
329 2902 356 2926 et
371 2897 561 2933 respondebit:
576 2897 633 2926 Non
648 2906 757 2934 possunt
774 2909 780 2926 :
794 2900 927 2935 signatum

997 999 1104 1033 aperire
1118 999 1234 1033 librant,
1259 1005 1287 1028 et
1311 1001 1415 1029 solvere
1439 1007 1541 1037 septem
1565 1005 1704 1039 signacula
1721 1005 1787 1040 ejus

997 1043 1088 1079 (Apoc.
1104 1044 1143 1080 v).
1160 1054 1170 1071 ι
1186 1045 1214 1072 In
1227 1046 1342 1074 Actibus
1356 1055 1420 1075 vero
1434 1049 1616 1083 apostolorum
1631 1051 1693 1078 dum
1707 1052 1785 1086 quasi

996 1089 1095 1116 nttdam
1107 1095 1201 1116 narrat
1212 1090 1363 1123 historiam,
1375 1093 1573 1127 quodammodo
1586 1096 1723 1123 nascentis
1736 1096 1786 1124 Ee-

995 1134 1085 1162 clesite
1099 1139 1221 1163 teneram
1234 1136 1318 1163 lactat
1332 1136 1483 1165 infantiam.
1720 1141 1721 1144 “

1031 1179 1084 1207 Sed
1097 1180 1119 1207 si
1132 1180 1276 1216 diligenter
1298 1183 1462 1211 attendimus
1475 1184 1537 1219 quia
1553 1186 1672 1214 medicus
1683 1191 1724 1215 est
1739 1188 1784 1216 ille

995 1226 1041 1261 qui
1055 1226 1160 1259 scribit,
1177 1227 1214 1254 ttil
1230 1228 1301 1255 aliud
1316 1229 1342 1255 in
1358 1229 1567 1265 illavrepet-imus
1580 1232 1707 1266 historia,
1729 1234 1783 1262 nisi

995 1271 1128 1299 duntaxat
1148 1273 1300 1300 animarum
1323 1274 1506 1310 languentium
1531 1277 1703 1306 medicinam.
1724 1278 1783 1306 Ha-

995 1324 1080 1344 tnana:
1092 1318 1190 1352 quippe
1203 1320 1411 1351 conversationi,
1424 1321 1500 1354 quasi
1514 1323 1658 1355 quamdam
1672 1324 1785 1351 rectitu-

994 1361 1065 1389 dinis
1080 1362 1176 1389 lineam
1190 1364 1293 1396 tendit,
1309 1369 1337 1391 et
1351 1371 1398 1399 per
1417 1373 1476 1392 eam
1489 1373 1537 1393 nos
1554 1367 1627 1394 velut
1641 1376 1688 1403 per
1701 1369 1783 1397 senti-

994 1412 1048 1435 tant
1063 1408 1169 1443 dirigit;
1186 1410 1297 1436 utsicut
1323 1411 1486 1445 pritttitivam
1510 1411 1656 1440 Ecclesiam
1683 1414 1783 1442 vixisse
1810 1448 1812 1450 η

981 1445 1194 1487 ᾧεψεηάἰιηυδ,
1207 1454 1233 1480 itt
1247 1460 1377 1489 quantum
1394 1455 1507 1484 facultas
1527 1458 1662 1492 suppetit,
1683 1464 1711 1487 et
1731 1460 1783 1495 ipsi

994 1496 1084 1523 vivere
1100 1498 1265 1530 studeatttus,
1280 1504 1414 1533 quatenus
1428 1500 1521 1527 eadem
1535 1502 1636 1535 puritas
1647 1522 1655 1534 ,
1674 1511 1734 1537 qua:
1748 1505 1782 1531 de

992 1540 1097 1576 origine
1110 1540 1192 1569 fotttis
1207 1547 1330 1576 emanat,
1353 1544 1435 1570 etiant
1455 1552 1503 1579 per
1518 1545 1629 1573 declivia
1645 1546 1783 1575 nihilomi-

994 1593 1045 1613 nus
1057 1592 1192 1621 postrema
1207 1588 1351 1620 decurrat.
1368 1595 1396 1617 et
1409 1590 1497 1624 qualis
1510 1591 1623 1620 oriendo
1643 1593 1781 1628 progredi-

955 1619 977 1650 c
993 1635 1037 1658 tur
1047 1619 1063 1664 ,_
1080 1632 1141 1659 talis
1156 1633 1182 1660 in
1199 1633 1253 1661 line
1273 1619 1507 1664 seruitum-Unus
1521 1642 1564 1664 est
1582 1619 1654 1664 enim
1669 1619 1725 1672 ipse
1747 1639 1782 1666 de

991 1682 1107 1712 quatuor
1122 1678 1276 1706 fluminibus
1291 1680 1426 1713 paradisi,
1441 1681 1486 1715 qui
1508 1681 1632 1709 videlicet
1654 1682 1782 1712 uberibus

990 1723 1119 1750 doctrinae
1132 1731 1187 1751 sua:
1203 1724 1311 1752 liuentis
1327 1726 1482 1754 universam
1501 1728 1594 1755 mundi
1610 1728 1779 1757 latitudinem

991 1767 1124 1802 irrigavit.
1137 1768 1175 1795 De
1186 1768 1285 1803 quibus
1301 1769 1427 1797 videlicet
1446 1771 1524 1805 aquis
1537 1779 1586 1806 per
1599 1771 1696 1800 Isaiam
1708 1773 1779 1801 dici-

991 1817 1053 1839 tur:
1069 1822 1078 1839 ι
1094 1812 1193 1841 Scissa:
1208 1818 1272 1841 sunt
1283 1814 1311 1841 in
1322 1814 1430 1842 deserto
1441 1823 1529 1851 aquaa,
1553 1821 1580 1844 et
1601 1822 1735 1846 torrentes
1751 1819 1780 1846 in

989 1857 1146 1892 solitudine,
1160 1863 1188 1886 et
1202 1866 1262 1894 quae
1276 1864 1335 1886 erat
1345 1861 1422 1888 arida
1439 1861 1465 1888 in
1479 1865 1603 1897 stagnum
1613 1882 1622 1896 ,
1642 1867 1670 1890 et
1683 1863 1781 1891 sitiens

989 1903 1015 1931 in
1030 1904 1118 1931 fontes
1134 1912 1265 1940 aquarum
1281 1905 1348 1941 (Im.
1361 1906 1453 1942 xxxv).
1473 1916 1482 1933 ι

1005 1970 1012 1981 ,
1025 1949 1204 1978 Recurramus
1219 1951 1319 1986 itaque,
1342 1952 1508 1980 dilecttssitni
1518 1973 1526 1986 ,
1542 1953 1575 1981 ad
1596 1953 1779 1984 innocentiam

987 1995 1131 2029 pritnitivte
1151 1995 1293 2026 Ecclesite.
1313 2001 1342 2023 ut
1356 1997 1503 2031 discamus,
1519 2003 1546 2026 et
1558 2006 1682 2034 possessa
1697 1999 1786 2031 τοιίιιηι

986 2047 1081 2074 qttere,
1098 2045 1125 2068 et
1138 2041 1164 2068 in
1181 2041 1261 2077 regia:
1278 2042 1445 2077 paupertatis
1457 2043 1630 2079 simplicitate
1647 2045 1777 2080 gaudere.

988 2083 1045 2111 Non
1059 2085 1086 2112 in
1097 2085 1152 2113 ima
1163 2094 1212 2113 nos
1223 2091 1339 2114 terrena:
1349 2087 1506 2116 substantiae
1517 2089 1621 2124 pondus
1632 2090 1777 2126 deprimat,

986 2137 1055 2165 qttos
1071 2131 1105 2158 ad
1121 2138 1245 2166 supernae
1260 2131 1428 2160 Hierusalem
1451 2133 1564 2168 gloriam
1581 2134 1637 2162 Rex
1658 2136 1778 2164 ccelestis

985 2175 1090 2203 invitat.
1106 2175 1161 2204 Nos
1179 2184 1232 2204 non
1255 2176 1290 2204 ab
1307 2178 1358 2205 hoc
1380 2183 1482 2206 temere
1502 2180 1617 2207 carnalis
1642 2180 1777 2209 illeceer

985 2221 1108 2248 retrahat
1120 2221 1283 2249 lenocinium
1293 2242 1301 2253 .
1315 2223 1414 2257 quibus
1428 2224 1520 2258 utique
1537 2233 1586 2260 per
1599 2227 1777 2260 praecedentis

985 2267 1070 2293 nostri
1090 2267 1279 2302 Redemptoris
1298 2268 1438 2295 introitum
1461 2274 1536 2304 patet
1556 2271 1617 2299 aula
1632 2271 1773 2300 calorum.

984 2309 1051 2337 Nam
1068 2311 1129 2338 dttm
1142 2312 1324 2346 generationis
1339 2312 1396 2347 ejus
1405 2314 1472 2341 ordo
1482 2314 1516 2341 ab
1526 2315 1676 2344 humilitate
1686 2317 1776 2351 bapti~

984 2355 1078 2382 sinatis
1099 2356 1132 2383 ad
1156 2356 1263 2383 Patrem
1280 2364 1364 2391 usque
1386 2358 1554 2392 producitur,
1575 2359 1660 2394 liquet
1679 2361 1773 2395 procul

985 2401 1075 2432 dubio,
1087 2401 1150 2436 quia
1160 2402 1256 2436 patriae
1265 2402 1385 2430 caelestis
1397 2404 1548 2438 ingressum
1559 2412 1588 2432 se
1599 2405 1774 2440 sequentibus

985 2445 1134 2480 pollicetur,
1150 2451 1177 2473 ct
1191 2455 1245 2482 quo
1257 2447 1333 2482 prior
1345 2447 1476 2479 introivit,
1489 2449 1540 2476 sibi
1556 2449 1774 2479 ministrantibus

985 2492 1056 2519 viam
1071 2493 1177 2520 stravit.
1194 2502 1203 2519 ι
1222 2492 1299 2525 Volo.
1314 2493 1401 2528 inquit
1417 2494 1513 2527 Pater,
1530 2499 1559 2523 ut
1575 2496 1621 2523 ubi
1636 2503 1686 2532 ego
1701 2504 1771 2529 sum,

985 2537 1041 2564 illic
1055 2537 1091 2565 sit
1103 2542 1130 2565 et
1145 2538 1268 2565 minister
1281 2546 1356 2566 meus
1371 2540 1461 2574 (Joan.
1480 2540 1546 2576 xit);
1565 2552 1576 2568 ι
1598 2546 1628 2569 ut
1643 2542 1772 2569 nimirum

985 2582 1018 2609 ad
1028 2586 1109 2616 caput
1121 2590 1151 2609 se
1162 2583 1282 2610 membra
1296 2584 1432 2619 colligant,
1445 2589 1473 2612 et
1486 2585 1567 2620 (sicut
1580 2587 1676 2615 eodem
1690 2595 1771 2622 spon-

984 2628 1063 2655 dente
1077 2629 1254 2664 promittitur)
1270 2630 1315 2656 ttbi
1329 2630 1411 2658 fuerit
1430 2638 1529 2667 corpus
1547 2636 1577 2660 et
1595 2633 1692 2669 aqqu
1709 2642 1772 2661 con—
1802 2665 1804 2668 _

983 2678 1126 2708 gregentur
1140 2673 1247 2709 (Matth.
1265 2675 1337 2710 xxiv)
1344 2694 1351 2701 .

1017 2718 1099 2753 236
1120 2727 1129 2743 ο
1150 2718 1285 2747 Adeamus
1308 2727 1373 2755 ergo
1391 2728 1452 2748 eum
1478 2721 1574 2750 fiducia
1591 2723 1624 2750 ad
1643 2722 1769 2751 thronum

981 2764 1083 2797 gratiae,
1100 2768 1130 2790 ut
1144 2764 1357 2792 misericordiam
1371 2774 1587 2802 consequamur,
1606 2773 1634 2797 et
1654 2771 1769 2805 gratiam

980 2808 1148 2846 inveniamus
1164 2808 1190 2836 in
1204 2809 1303 2837 auxilio
1320 2816 1471 2846 opportuno
1493 2812 1586 2848 (Hebr.
1601 2814 1650 2849 tv).
1670 2824 1680 2841 ι
1702 2814 1740 2841 Na
1752 2823 1768 2841 n

980 2853 1060 2888 (sicut
1079 2853 1150 2881 idem
1173 2854 1238 2882 dicit
1257 2855 1412 2893 Apostolus)
1432 2857 1511 2885 talem
1525 2858 1655 2887 habemus
1664 2860 1769 2894 pontifi-

979 2906 1053 2933 cem,
1075 2899 1122 2935 qui
1143 2900 1264 2928 consedit
1280 2900 1308 2929 in
1324 2901 1433 2931 dextera
1447 2903 1519 2933 sedis
1532 2905 1725 2942 magnitudinis
1740 2905 1767 2933 in
