4064 6208
466 450 568 511 807

1107 447 1167 504 S.
1207 446 1410 504 PETRI
1455 446 1732 504 DAMIANI
1772 446 1922 502 OPP.
1963 444 2139 500 PARS
2178 447 2305 503 SEU
2350 446 2583 504 TOMUS
2614 447 2675 503 ll.
2718 478 2785 489 -—-
2812 446 3197 504 SERMONES.

3627 446 3731 508 803

460 569 615 623 ctelis
650 563 835 635 (Hebr.
872 562 1013 631 vni).
1046 569 1358 629 sanctorum
1410 562 1693 625 minister,
1730 572 1784 616 et
1819 562 1930 615 veri
1962 571 2041 615 ta-
2072 567 2117 624 Α
2144 570 2200 615 et
2243 571 2532 632 antequam
2581 562 2824 633 martyn'i
2877 564 3094 619 occasio
3141 546 3471 634 przrbcrctur
3494 606 3511 629 ,
3564 568 3731 623 vitam

462 655 765 718 bernaculi,
798 653 939 722 quod
976 652 1092 705 fixit
1120 652 1283 716 Deus,
1327 662 1384 705 et
1427 668 1539 706 non
1573 654 1752 706 homo.
1783 648 1913 724 iliuc
1942 653 2045 705 ita-

461 764 568 818 que
593 760 650 801 se
675 745 784 813 jam
816 752 1002 797 noster
1022 742 1245 812 spiritus
1267 742 1488 812 dirigat,
1519 741 1645 798 illuc
1673 743 1904 811 diruptis
1932 745 2047 796 ter-

463 854 609 894 reme
639 834 1092 905 concupiscentiae
1120 833 1351 887 vinculis
1372 841 1668 887 astuantcr
1688 830 1901 887 eVolare
1922 844 2050 886 con-

463 927 683 991 tendat;
714 935 768 980 et
794 924 883 979 ubi
913 933 1079 994 caput
1101 923 1342 979 eminere
1366 921 1706 986 Considerat,
1751 930 2051 992 sequoque

461 1027 773 1074 secuturum
805 1030 926 1070 esse
951 1014 1207 1069 conﬁdat.
1253 1014 1328 1068 De
1371 1027 1483 1083 quo
1526 1012 1777 1067 videlicet
1803 1012 2047 1067 dicitur:

469 1127 492 1161 ο
526 1108 642 1163 Νοη
673 1108 728 1161 in
763 1105 1074 1160 manui‘aeta
1104 1113 1291 1160 sancta
1315 1102 1472 1159 Iesus
1501 1103 1746 1159 introivit
1779 1101 2054 1173 esempla-

462 1201 544 1255 ria
574 1212 843 1260 verorum,
878 1198 975 1252 sed
999 1197 1052 1249 in
1085 1196 1270 1266 ipsum
1289 1195 1505 1256 malum,
1536 1204 1594 1249 ut
1618 1198 1876 1266 appareat
1912 1207 2054 1249 nunc

463 1292 634 1346 vultui
669 1292 761 1347 Dei
792 1300 889 1361 pro
919 1290 1074 1344 nobis
1101 1287 1289 1358 (Hebr.
1322 1289 1418 1359 ts).
1453 1308 1471 1340 ι
1498 1286 1613 1342 lllic
1634 1298 1765 1357 ergo
1792 1286 2053 1342 habemus

464 1381 794 1454 pontiﬁcem,
843 1382 941 1450 qui.
969 1378 1233 1447 justiﬁcat
1274 1386 1622 1449 peccatores;
1652 1376 1761 1433 illic
1793 1378 2057 1432 habemus

466 1483 522 1529 et
552 1489 753 1545 regem,
781 1474 872 1542 qui
899 1480 1127 1527 coronat
1160 1478 1281 1540 post
1310 1470 1592 1526 victoriam
1636 1472 2054 1540 triumphantes,

467 1565 560 1632 qui
591 1562 846 1619 nimirum
873 1562 938 1615 ad
966 1563 1067 1615 hoc
1096 1561 1345 1630 dignatus
1385 1568 1469 1615 est
1504 1559 1569 1615 de
1598 1559 1825 1614 summis
1857 1554 1923 1613 ad
1951 1560 2060 1613 ima

470 1667 653 1710 nostra
677 1653 1025 1713 descendere.
1066 1661 1124 1706 ut
1155 1668 1253 1707 nos
1280 1663 1466 1708 secum
1493 1653 1561 1706 ab
1589 1651 1793 1706 infimis
1821 1650 1889 1706 ad
1934 1659 2061 1722 pro.

471 1748 590 1815 pria
622 1744 949 1807 sublevaret,
979 1742 1135 1797 Jcsus
1159 1741 1408 1798 Christus
1441 1744 1698 1798 Dominus
1730 1753 1942 1807 noster,
1967 1738 2060 1814 qui

470 1849 592 1891 cum
628 1835 739 1891 Deo
762 1834 922 1889 Patre
952 1844 1011 1889 et
1032 1833 1243 1906 Spiritu
1268 1847 1461 1891 sancto
1500 1834 1631 1890 vivit
1675 1844 1731 1890 et
1774 1843 1967 1906 regnat
2006 1835 2059 1888 in

467 1925 669 1981 sarcula
694 1923 1033 1980 saculornttt.
1064 1926 1257 1979 Amen.

1068 2010 1309 2071 θείως)
1339 2008 1471 2069 LIV.

578 2114 646 2161 ne
683 2121 884 2163 sanc'ro
922 2114 1115 2163 tmere
1147 2110 1420 2161 narras.
1472 2103 1665 2175 (xxvttt
1702 2100 1957 2174 σενσυμ)

550 2199 755 2264 Nostis,
780 2199 977 2254 fratres
996 2197 1303 2253 charissimi
1321 2238 1336 2263 ,
1368 2197 1495 2267 quia
1522 2197 1727 2252 idcirco
1747 2192 1821 2251 ad
1839 2194 2065 2250 audien-

476 2292 574 2345 das
604 2300 903 2361 martyrum
929 2288 1133 2345 Christi
1168 2289 1425 2345 victorias
1465 2280 1781 2358 frequenter
1808 2297 1872 2341 ex
1906 2284 2065 2339 iusti-

479 2384 687 2439 t'utioue
727 2383 1097 2439 ecclesiastica
1143 2381 1534 2444 convenimus,
1583 2388 1655 2433 ut‘
1692 2381 1819 2432 dum
1875 2384 2065 2432 eorum

478 2475 651 2545 gestis
677 2474 1016 2536 lnstruimur,
1041 2472 1108 2526 ad
1134 2485 1371 2526 amorem
1396 2468 1637 2525 caelestis
1660 2468 1849 2539 patria"
1866 2507 1881 2531 ,
1904 2475 2066 2537 quatit

479 2563 707 2618 viriliter
734 2564 1075 2618 decertantes
1104 2562 1282 2632 adepti
1309 2570 1452 2625 sunt,
1484 2556 1781 2615 ferventius
1808 2558 2071 2613 nocentiae

483 2662 635 2720 ritur;
668 2653 901 2723 dumque
938 2651 1056 2707 illos
1094 2653 1396 2707 audivimus
1427 2648 1607 2707 edicta
1642 2664 1860 2722 regum,
1894 2649 2071 2704 minas

484 2743 822 2813 principum,
872 2740 1161 2796 tribunalia
1197 2739 1439 2808 iudicum
1491 2746 1941 2801 contemnentes,
1994 2740 2075 2793 tot

483 2831 875 2901 suppliciorum
917 2840 1118 2900 genera
1162 2830 1497 2899 percurrisse
1520 2868 1536 2893 ,
1574 2827 1774 2897 pudeat
1812 2826 2073 2897 ingenuos

483 2922 725 2980 ﬁdelium
768 2921 1209 2989 animossaitem
1251 2919 1433 2975 carnis
1463 2927 1575 2973 suae
1604 2917 1749 2972 vitiis
1779 2930 1885 2971 non
1928 2915 2077 2971 obsis

483 3018 654 3070 stere.
687 3007 1000 3068 Pudendmn
1030 3022 1260 3082 namque
1295 3019 1381 3066 est
1405 3010 1484 3065 sic
1513 3008 1834 3065 bellatorum
1871 3000 2075 3063 Christi

480 3109 730 3177 spectare
756 3105 1031 3171 victorias,
1053 3112 1113 3159 ut
1139 3104 1268 3159 dum
1294 3098 1429 3159 alios
1459 3102 1877 3172 triumphalibus
1896 3099 2071 3157 titulis

484 3197 796 3269 insignitos,
820 3188 987 3266 Spolia
1013 3202 1077 3252 ex
1108 3196 1367 3250 hostibus
1386 3200 1662 3264 reportare
1688 3190 2073 3263 conspicimus,

2148 656 2412 726 martyrio
2437 656 2653 727 dignant
2682 655 2899 711 duxisse
2924 658 3288 727 cognoscitur.
3315 656 3448 713 Nam
3475 675 3598 715 cum
3621 660 3735 715 cla-

2149 747 2224 801 ris
2252 746 2508 802 natalium
2540 744 2710 803 titulis
2734 740 3037 810 fulciret'ur,
3066 756 3121 800 et
3141 748 3411 803 arridente
3435 765 3615 805 rerum
3640 766 3719 807 co

2150 841 2274 908 pia,
2310 838 2452 892 viam
2501 837 2684 891 mundi
2719 846 2904 907 posset
2947 846 3054 891 non
3101 836 3420 908 ingloriosus
3466 841 3736 911 arripere,

2150 937 2335 998 spreto
2362 939 2673 999 magnatum
2715 928 3085 998 quorumlibet
3123 931 3461 999 patrocinio,
3486 932 3736 1004 religioso

2152 1020 2378 1073 devotus
2404 1019 2660 1088 episcopo
2700 1017 2892 1071 maluit
2936 1018 3215 1074 adhaerere
3239 1058 3256 1084 ,
3304 1028 3363 1073 ut
3390 1035 3449 1075 se
3487 1030 3737 1091 patenter

2151 1108 2486 1173 ostenderet,
2529 1120 2639 1163 non
2676 1108 2743 1162 ad
2788 1107 3055 1178 gratiam,
3102 1106 3186 1163 vel
3217 1108 3431 1165 divitias
3478 1113 3739 1166 anhelare

2153 1199 2409 1271 potentis,
2441 1200 2534 1255 sed
2564 1194 2991 1255 benedictiduem
3030 1201 3211 1270 potius
3246 1202 3449 1273 eligere
3489 1206 3738 1260 sacerdoo

2156 1292 2246 1346 tis.
2282 1290 2417 1347 Cum
2447 1306 2555 1361 quo
2579 1288 2833 1347 videlicet
2873 1306 2985 1346 non
3014 1292 3083 1347 ad
3120 1292 3415 1363 litigiorunt
3443 1293 3738 1350 forensium

2151 1378 2350 1452 iurgia,
2389 1390 2496 1436 non
2529 1382 2595 1436 ad
2642 1381 2978 1452 praestigiosa
3008 1382 3262 1452 figmenta
3300 1398 3611 1449 scenarum,
3632 1402 3740 1440 non

2158 1473 2225 1527 ad
2274 1468 2555 1528 tbeatraiia
2598 1470 2819 1542 dignum
2867 1471 3022 1527 duxit
3063 1487 3373 1527 commeare
3406 1468 3741 1543 Spectacula,

2158 1563 2253 1619 sed
2284 1568 2585 1635 martyrum
2612 1563 2794 1633 potius
2817 1578 3069 1619 carceres
3096 1564 3371 1623 visitabat.
3409 1566 3475 1620 Et
3499 1566 3627 1635 quia
3650 1568 3744 1620 de-

2160 1664 2319 1710 votus
2342 1653 2675 1726 martyribus
2694 1651 2818 1719 fuit,
2840 1650 3163 1724 quandoque
3184 1664 3392 1710 martvr
3412 1656 3528 1711 ﬁeri
3548 1665 3607 1712 et
3627 1656 3747 1728 ipse

2161 1742 2481 1817 promeruit.

2234 1835 2328 1892 Sic
2379 1835 2507 1892 o'lim
2559 1834 2902 1907 dispensator
2936 1834 3024 1891 ille
3058 1835 3250 1893 domus
3302 1838 3462 1909 regiae
3506 1839 3746 1908 Abdias,

2087 1912 2135 1975 B
2161 1927 2285 1998 quia
2314 1918 2609 1997 prophetas
2642 1935 2857 1983 centum
2890 1927 2941 1981 in
2969 1927 3235 2014 specubus
3267 1924 3612 1985 absconditos
3642 1946 3745 2000 pa-

2163 2018 2260 2083 vit,
2290 2016 2660 2088 pmphetaiem
2687 2017 2919 2088 gratiam
2964 2024 3020 2070 et
3058 2017 3175 2085 ipse
3215 2019 3554 2087 postmodum
3586 2020 3749 2091 digne

2165 2110 2573 2173 remuneratus,
2605 2107 2813 2177 accepit
2841 2094 2961 2178 (111
2992 2107 3116 2179 Reg.
3148 2108 3324 2179 xvut).
3373 2109 3439 2164 Et
3480 2112 3573 2181 qui
3620 2119 3751 2168 tunc

2167 2210 2307 2271 pane
2346 2198 2508 2255 simul
2530 2206 2586 2255 et
2608 2208 2748 2271 aqua
2784 2198 3167 2270 prophetarum
3200 2199 3334 2254 aluit
3357 2201 3458 2270 pia:
3489 2199 3752 2256 sedulita—

2168 2296 2238 2351 tis
2273 2286 2576 2348 ministerio
2600 2289 2835 2354 turbam,
2868 2292 3012 2345 nunc
3041 2289 3336 2360 prepbetize
3358 2304 3469 2346 sua
3489 2286 3749 2357 oraculis,

2166 2380 2477 2438 etelestibas
2501 2379 2753 2435 videlicet
2779 2378 3072 2445 alimentis,
3098 2379 3408 2434 universam
3440 2388 3671 2444 recreat,
3696 2390 3756 2436 et

2168 2473 2347 2544 pascit
2373 2468 2695 2527 Ecclesiam.
2726 2470 2818 2525 Sic
2850 2468 3034 2534 Josue,
3058 2470 3149 2539 qui
3176 2467 3341 2540 Moysi
3366 2510 3382 2535 ,
3424 2471 3633 2527 ductori
3664 2471 3751 2525 vi-

2169 2563 2363 2619 delicet
2389 2556 2697 2616 Israeliticae
2722 2560 2925 2631 plebis,
2954 2560 3269 2630 obsequium
3314 2558 3607 2616 famulatus
3645 2562 3752 2616 im-

2170 2653 2378 2725 pendit,
2408 2649 2586 2707 eidem
2614 2652 2952 2722 postmodum
2980 2651 3144 2721 plebi,
3174 2661 3229 2706 et
3252 2650 3593 2708 laudabiliter
3616 2666 3759 2723 pne-

2171 2743 2293 2809 fuit,
2322 2750 2379 2797 et
2410 2743 2477 2797 de
2504 2736 2620 2813 ejus
2643 2741 2969 2795 adversariis
2995 2749 3116 2794 cum
3145 2749 3337 2811 magna
3362 2740 3532 2810 gloria
3556 2742 3755 2795 trium-

2171 2834 2363 2905 phavit
2388 2831 2525 2904 (los.
2555 2832 2619 2904 ιλ).
2661 2831 2799 2899 Quid
2844 2830 3078 2885 Eliseunt
3116 2830 3370 2897 referam,
3406 2829 3499 2901 qui
3531 2830 3657 2886 dum
3685 2830 3759 2885 ab

2173 2923 2287 2981 Elia
2311 2914 2559 2993 separari
2581 2935 2684 2977 nec
2704 2920 2771 2975 ad
2799 2928 3126 2975 momentum
3152 2922 3370 2990 patitur.
3396 2920 3511 2987 ejus
3529 2919 3763 2977 subinde

2173 3015 2427 3088 spiritum
2464 3010 2739 3084 duplicem
2771 3012 3145 3083 promeretur?
3190 3009 3241 3081 (l
3260 3006 3299 3064 ν
3327 3010 3451 3082 Reg.
3486 3011 3570 3081 tt.)
3599 3011 3674 3065 Ac
3710 3010 3761 3066 si

2168 3105 2281 3178 jam
2340 3115 2470 3162 tunc
2532 3104 2793 3159 Dominus
2844 3094 2973 3157 illud
3021 3100 3389 3172 evangelicum
3440 3099 3711 3155 intonaret
3740 3116 3758 3153 :

2182 3217 2200 3251 t
2234 3196 2336 3265 Qui
2361 3194 2555 3265 recipit
2581 3193 2898 3264 prophEtam
2940 3192 2993 3246 in
3042 3192 3261 3246 nomine
3286 3189 3590 3261 p'rOphet‘a‘,
3614 3198 3763 3245 ωειδ-
3868 3204 3873 3215 '

486 3280 589 3357 ipsi
624 3288 677 3341 in
706 3300 839 3357 pace
869 3285 1163 3341 domestica
1184 3280 1597 3355 subrepentibus
1620 3284 1780 3345 ﬁliis,
1808 3282 1957 3339 retur
1990 3281 2072 3335 Μ·
2096 3274 2143 3344 C
2172 3290 2358 3345 cedem
2391 3282 2922 3358 prophetm'aeciplet
2951 3280 3168 3354 (Matth.
3194 3279 3269 3350 x).
3311 3298 3329 3332 ι

484 3378 808 3436 sidiantib'us
824 3378 1153 3433 adversariis
1166 3378 1439 3433 enerviter
1453 3378 1888 3434 succumbamus.
1904 3375 2076 3431 Porro

484 3474 670 3527 autem
708 3470 850 3526 beati
900 3472 1207 3541 martyres,
1253 3474 1308 3523 et
1350 3474 1645 3538 antequam
1692 3467 1744 3521 in
1780 3464 2078 3522 certamine

486 3566 804 3635 sanguinem
858 3564 1173 3629 funderent,
1220 3562 1448 3617 diversis
1487 3559 1717 3615 ﬂoruere
1766 3559 2074 3614 virtutibus.

488 3648 659 3712 Nobis
685 3664 884 3720 autem,
904 3663 1028 3726 quia
1051 3671 1149 3726 pro
1178 3653 1491 3709 defensione
1519 3642 1638 3708 fidei
1663 3651 1797 3707 mori
1822 3660 1927 3707 non
1952 3656 2079 3720 pos-

494 3754 704 3810 sumus,
754 3752 1124 3800 consummata
1172 3740 1396 3798 victoria
1443 3750 1545 3810 est,
1592 3742 1636 3797 si
1683 3742 1735 3795 in
1766 3746 2075 3797 Sanctarum

487 3838 911 3893 conversatione
954 3837 1222 3890 Virtutum
1251 3838 1435 3890 vivere
1466 3832 1779 3889 studeantu‘s'
1800 3872 1816 3897 ,
1860 3836 1918 3886 ttt
1953 3831 2078 3887 inde

494 3942 595 3980 nos
626 3927 870 3997 protinus
896 3923 1289 3979 ll'itlleCl‘nltllll‘
1314 3923 1380 3977 ad
1414 3926 1661 3991 regnum,
1694 3921 1836 3974 unde
1860 3918 1934 3974 illi
1966 3926 2077 3973 mc-

498 4033 655 4072 ruere
685 4016 1022 4088 martyrium.
1048 4016 1122 4069 Ex
1154 4016 1278 4069 vitae
1303 4012 1501 4085 quippe
1524 4013 1755 4077 meritis,
1783 4011 1979 4080 quibus
2003 4010 2078 4065 illi

487 4111 741 4164 obtinere
784 4116 1097 4164 meruerunt
1142 4108 1225 4162 sui
1270 4106 1585 4163 certaminis
1635 4104 1909 4174 palmam,
1957 4102 2079 4157 inde

496 4210 596 4255 nos
619 4200 821 4269 absque
863 4199 971 4255 ullo
1005 4200 1397 4271 perSeeutiouis
1425 4197 1703 4253 obstaculo
1732 4194 2080 4268 perduc‘imur

494 4292 566 4343 ad
595 4298 875 4344 coronam.

571 4382 730 4437 Aliud
759 4382 924 4452 igitur
952 4381 1006 4436 in
1037 4382 1240 4436 sanctis
1271 4380 1600 4454 martyribus
1628 4379 1963 4435 solummodo
1989 4396 2080 4434 ve-

400 4544 403 4555 l
499 4473 681 4528 iterari
740 4481 796 4528 ct
860 4472 1117 4527 admirari
1162 4472 1440 4538 debemus,
1476 4472 1619 4527 aliud
1646 4472 1809 4526 etiam
1856 4471 2077 4526 imitari.

500 4561 852 4617 Admiremur
895 4562 1103 4616 scilicet
1128 4568 1441 4617 censtanter
1480 4570 1535 4615 et
1576 4561 1808 4632 ingenue
1842 4561 2075 4615 morien-

2246 3380 2538 3435 Enimtero
2584 3391 2683 3431 nec
2710 3374 2884 3429 solum
2930 3373 3136 3429 sanctis
3189 3369 3519 3442 martyribus
3565 3370 3763 3427 beatus

2176 3474 2283 3529 iste
2331 3471 2530 3527 Fidelis
2570 3463 2805 3523 ofﬁcium
2848 3468 2949 3538 piae
2985 3464 3305 3521 humilitatis
3346 3460 3626 3527 exhibuit,
3660 3463 3763 3519 sed

2178 3564 2508 3636 diligentiam
2535 3570 2691 3615 suam
2717 3560 2782 3613 ad
2809 3558 3098 3612 luerandos
3120 3556 3286 3610 ctiam
3312 3562 3426 3619 ens,
3468 3556 3558 3624 qui
3589 3553 3763 3609 idolos

2179 3662 2297 3710 rum
2334 3654 2614 3709 erroribus
2669 3650 3023 3712 tenebantur,
3051 3645 3317 3702 extendit.
3354 3645 3421 3700 Et
3464 3646 3603 3700 sicut
3644 3644 3764 3714 ipse

2177 3746 2413 3818 propriis
2452 3746 2663 3818 videtur
2706 3740 2889 3795 verbis
2934 3742 3207 3800 asserere,
3251 3737 3379 3791 dum
3414 3736 3468 3791 in
3515 3734 3765 3791 saeculari

2179 3816 2369 3892 militia
2411 3816 2757 3896 versaretur,
2805 3831 2977 3901 magis
3022 3824 3207 3884 divino
3238 3828 3463 3897 parebat
3500 3826 3760 3896 imperio,

2177 3943 2336 3998 quam
2367 3935 2611 3991 terreno,
2639 3922 2774 3978 adeo
2802 3932 2860 3976 ut
2890 3920 3176 3976 nonnullos
3218 3936 3247 3974 a
3285 3918 3507 3991 profana
3539 3919 3765 3975 idolola-

2180 4021 2297 4075 triae
2339 4018 2550 4073 cultura
2596 4018 2993 4085 compesceret,
3032 4020 3087 4069 et
3118 4008 3185 4069 ad
3230 4014 3345 4069 veri
3390 4013 3483 4069 Dei
3514 4014 3763 4067 notitiam

2178 4106 2473 4164 Salutiferis
2492 4105 2948 4161 admonitionibus
2968 4104 3281 4160 advocaret.
3301 4101 3622 4159 Militaribus
3646 4106 3765 4172 qui-

2180 4203 2301 4257 dem
2328 4196 2525 4255 castris
2571 4200 2852 4262 intererat,
2884 4193 2977 4252 sed
3002 4195 3239 4252 ctelestis
3265 4195 3466 4252 militia:
3490 4196 3639 4266 signa
3666 4211 3765 4265 ge-

2181 4292 2353 4346 rebat.
2383 4291 2728 4346 Armatorum
2761 4288 2994 4357 denique
3038 4286 3323 4342 videbatur
3364 4287 3551 4342 cuneis
3590 4287 3767 4340 admi-

2180 4383 2342 4449 sceri,
2374 4380 2467 4438 sed
2497 4396 2597 4451 pro
2624 4379 2934 4439 cteiestibus
2962 4379 3161 4435 castris
3190 4378 3399 4434 sociare
3433 4377 3535 4435 sibi
3574 4376 3767 4433 aiieme

2182 4474 2536 4545 professionis
2583 4466 2782 4527 milites
2806 4471 3102 4541 satagebat.
3138 4468 3345 4537 Quibus
3372 4467 3625 4524 nimirum
3656 4486 3765 4523 non

2184 4572 2417 4618 terrena:
2466 4562 2673 4616 militiae
2715 4560 2953 4616 balteum
2980 4599 2996 4625 ,
3049 4573 3158 4613 non
3206 4556 3513 4629 temporalis
3560 4560 3769 4628 stipen-

494 4654 606 4730 tes,
630 4652 904 4708 imitemur
932 4653 1157 4707 honesta
1202 4669 1411 4707 morum
1454 4651 1867 4707 conversatione
1893 4651 2081 4705 viven-
2112 4638 2160 4697 Ῑ)
2186 4655 2258 4708 dii
2284 4653 2599 4708 donativum
2628 4691 2643 4719 ,
2687 4650 2781 4708 sed
2809 4649 3048 4707 caelestis
3077 4649 3429 4720 promittebat
3455 4650 3620 4705 curiae
3648 4667 3766 4703 tnu-

494 4750 604 4799 tes.
632 4744 964 4799 Veneremur
1006 4744 1058 4799 in
1101 4745 1237 4809 illis,
1279 4744 1420 4815 quod
1446 4760 1642 4815 corpus
1669 4760 1826 4800 suum
1851 4760 1948 4815 pro
1977 4740 2082 4799 ftde

493 4836 731 4891 diversis
758 4836 1026 4892 tradidere
1052 4837 1363 4907 suppliciis;
1390 4836 1663 4891 imitemur
1695 4844 1875 4890 autem
1898 4876 1913 4900 ,
1941 4832 2081 4904 quod

501 4946 725 4983 carnem
749 4946 899 4984 suam
926 4938 1050 4984 ante
1076 4926 1462 4984 cruciﬁxerunt
1485 4943 1607 4983 cum
1635 4927 1779 4981 vitiis
1863 4935 1920 4980 et
1955 4942 2084 4981 con-

497 5020 875 5091 cupiscentiis.
908 5016 1253 5075 Admiremur
1280 5014 1399 5074 illos
1424 5017 1651 5073 viriliter
1679 5014 1991 5078 morientes,
2018 5031 2085 5070 ne

493 5118 671 5169 tritam
698 5114 800 5184 ipsi
828 5121 1110 5185 negarent,
1151 5112 1245 5168 sed
1270 5120 1326 5166 et
1357 5111 1635 5166 imitemur
1672 5124 1769 5181 per
1801 5108 2086 5164 charitatis

501 5210 682 5263 selum
712 5207 918 5263 sanctis
937 5198 1762 5267 exhortationibusinsistentes,
1804 5212 1864 5258 ut
1904 5203 1969 5257 ad
2009 5203 2089 5256 vi-

510 5310 620 5351 tam
661 5306 717 5353 et
763 5297 898 5352 alios
940 5296 1235 5351 trahtsrent.
1266 5295 1331 5351 Et
1355 5304 1413 5350 ut
1442 5296 1698 5359 breviori,
1724 5296 1867 5365 quod
1894 5295 2085 5365 gestio,

503 5403 759 5441 sermone
779 5386 1097 5442 concludam
1119 5428 1134 5450 ,
1162 5396 1289 5440 tunc
1314 5376 1571 5441 memoria
1600 5397 1892 5457 martyrum
1929 5383 2090 5454 digne

508 5478 802 5541 recolitur,
863 5477 906 5531 si
960 5478 1086 5531 dum
1138 5491 1285 5531 mors
1328 5482 1516 5530 eorum
1564 5476 1757 5547 ingerit
1795 5474 1960 5545 287
1996 5491 2090 5528 att-

513 5569 622 5621 tlita
674 5567 1032 5635 miraculum,
1072 5567 1383 5639 ptzecedens
1428 5568 1592 5623 etiam
1626 5569 1734 5621 vita
1779 5567 1991 5623 ducitur
2038 5566 2092 5621 itt

513 5658 838 5729 escmplum.
934 5722 935 5725 η
1150 5664 1153 5667 ⁷

2183 4750 2461 4821 t‘ticipium.

2256 4832 2369 4896 Sub
2406 4838 2634 4895 terrente
2665 4838 2845 4909 itaque
2874 4836 3080 4893 militiae
3109 4834 3390 4906 chlamyde
3425 4850 3524 4903 pro
3570 4833 3769 4889 castris

2184 4932 2496 4988 caelestibus
2520 4932 2723 4993 Stabat,
2758 4941 2815 4984 ut
2850 4932 2916 4985 de
2952 4939 3165 4986 terrena
3195 4928 3506 4997 transfugas
3539 4912 3766 4989 faceret,

2185 5023 2383 5091 quibus
2426 5037 2709 5076 numerum
2749 5020 2985 5076 caelestis
3019 5019 3226 5075 militiae
3251 5024 3490 5089 augeret.
3537 5016 3672 5071 Huic
3710 5027 3770 5071 et

2195 5114 2364 5168 David
2388 5111 2564 5169 simile
2590 5111 2720 5181 quid
2747 5108 2941 5167 fecisse
2964 5110 3337 5181 cognovimus,
3362 5106 3612 5162 videlicet
3639 5121 3767 5163 cum

2192 5205 2330 5275 apud
2358 5202 2524 5259 Acbis
2552 5210 2732 5274 regem
2759 5190 2920 5266 Getb,
2945 5198 3161 5255 Saulem
3190 5200 3401 5271 fugiens
3436 5207 3767 5253 moraretur.

2194 5292 2461 5364 Opulenta
2494 5293 2748 5349 nimirum
2780 5290 2950 5363 spolia
2976 5293 3043 5346 de
3072 5290 3154 5345 bis
3178 5305 3320 5359 sape
3350 5289 3661 5359 regionibus
3681 5303 3772 5341 au-

2196 5385 2425 5450 ferebat,
2448 5384 2640 5453 quibus
2666 5376 2955 5453 praedictus
2987 5374 3154 5437 Acbis
3182 5380 3509 5450 imperabat;
3533 5389 3590 5435 et
3612 5379 3771 5447 juxta

2195 5493 2314 5545 (ιηιρ
2339 5468 2618 5543 Scriptura
2649 5481 2880 5528 testatur
2903 5513 2919 5537 ,
2958 5478 3017 5526 ut
3047 5471 3286 5541 ejusdem
3322 5471 3499 5525 verbis
3530 5462 3724 5539 loquar
3756 5488 3773 5523 :

2204 5584 2222 5617 ι
2262 5562 2609 5619 Percutiebat
2653 5562 2821 5617 David
2849 5576 3063 5617 omnem
3091 5569 3343 5623 terrram,
3374 5572 3470 5613 nec
3503 5559 3782 5627 relinque-

2199 5659 2293 5713 bat
2322 5657 2588 5711 viventem
2619 5657 2794 5709 virum
2824 5658 2879 5709 et
2911 5652 3213 5717 mulierem,
3244 5651 3540 5719 tollensque
3564 5664 3697 5703 oves
3721 5659 3779 5702 et

590 5753 725 5807 Ecce
750 5751 809 5806 Β.
839 5760 1042 5824 martyr
1069 5744 1171 5807 iste
1203 5750 1422 5815 Fidelis,
1454 5751 1605 5820 cujus
1640 5750 1799 5804 hodie
1834 5748 2097 5804 festivita-
2202 5740 2388 5810 boves,
2415 5755 2467 5800 et
2498 5746 2700 5809 asinos,
2729 5753 2784 5801 et
2813 5744 3070 5812 camelos,
3099 5750 3155 5797 et
3181 5752 3381 5809 vestes,
3409 5739 3574 5811 288
3598 5754 3781 5793 rever-

518 5856 627 5901 tetn
657 5844 883 5901 colimus
904 5882 921 5911 ,
962 5843 1101 5899 sicut
1146 5852 1419 5911 gestorum
1447 5842 1561 5910 ejus
1590 5850 1815 5896 testatur
1846 5840 2093 5906 historia,

2204 5838 2437 5905 tebatur,
2452 5849 2507 5893 et
2526 5837 2775 5897 veniebat
2795 5836 2861 5893 ad
2882 5835 3066 5892 Achis.
3098 5854 3116 5888 ›
3134 5834 3302 5902 Quem
3326 5847 3447 5889 cum
3475 5831 3780 5900 interroga-
