2032 3104
222 143 274 172 809

938 143 1054 171 δίιυιο
1073 143 1139 172 LIV.

1802 155 1856 184 ΒΕΘ

222 205 263 245 ret
275 197 357 245 dolus
425 197 451 224 In
465 204 546 233 quem
560 197 776 245 irruistiltodie?
790 206 801 245 t
817 197 1009 245 (Πίιραχνιι.)
1024 201 1048 230 Α
1064 197 1140 226 cuitu
1155 201 1215 232 ejus
1236 204 1381 236 tempestas
1398 203 1485 232 valida
1513 204 1600 240 (Puri.
1622 204 1707 245 nix).
1725 209 1810 238 Porro
1826 213 1852 240 in

221 242 358 270 fatebatur
372 242 416 270 ille
431 249 460 270 se
476 247 571 271 contra
587 242 728 271 meridiem
748 242 829 277 Juda,
850 243 893 270 vel
917 248 1012 271 contra

220 289 347 324 regiones
370 287 452 315 Israel
476 288 622 317 insiluisse.
642 288 726 316 David
745 288 837 323 itaque
854 287 1012 323 alienigena!

221 333 295 369 regi.
316 333 394 369 quasi
417 333 544 361 devotum
564 325 725 367 se‘urgente
744 333 922 366 necessitate,
939 340 1010 368 pra:-

219 378 332 411 buerat;
346 378 393 406 sed
407 386 438 405 ex
454 378 568 413 profano
578 377 637 412 ejus
654 377 751 412 populo
764 382 869 413 strages
881 377 1011 412 plurimas

219 423 410 454 coacervabat.
426 423 524 451 Beatus
538 430 604 451 vero
617 422 716 451 Fidelis
731 423 782 451 sub
795 422 934 450 saecularis
946 429 1011 457 pro-

220 469 337 496 fessione
352 469 455 496 militia:
478 470 503 496 in
527 469 665 503 procinctu
680 474 832 496 castrorum
847 469 1010 502 cmlestium,

219 514 378 542 desudabat.
410 515 555 549 Propterea
583 514 763 546 mundo,imo
790 514 903 549 principi
933 514 1011 549 hujus

220 560 323 592 mundi,
338 560 379 587 cui
398 560 488 594 specie
504 564 582 587 tenus
597 559 700 586 servire
714 559 870 591 videbatur,
886 559 1010 591 illudens,

219 612 349 640 sequaces
359 613 498 640 quousque
512 605 650 639 satagebat
663 605 833 637 abstrahere,
845 605 1011 640 potiorisqne

218 650 321 677 militiae
336 651 452 677 coetibus
466 657 621 685 aggregare.

253 694 299 721 Ille
314 695 396 728 igitur
411 694 482 722 ferro
499 695 623 722 nationes
641 696 799 723 barbaricas
814 696 1008 729 obtruncabat;

218 740 269 768 iste
278 740 367 776 gladio
380 740 509 776 Spiritus,
519 742 591 776 quod
601 746 641 768 est
651 742 766 769 Verbum
781 742 826 769 Dei
839 742 947 777 (Ep/ws.
961 742 1008 777 vi),

217 794 230 812 π
245 786 347 814 carnali
362 786 415 813 vita
428 786 568 819 inconditi,
586 791 613 813 et
625 794 720 814 revera
733 787 868 814 barbarici
882 788 951 815 ritus
962 787 1012 816 hoc

217 832 305 864 mines
317 832 467 860 occidebat.
482 832 528 860 Ille
542 832 710 860 diversorum
734 837 835 860 turmas
853 833 1008 861 animalium

216 879 318 912 rapuit;
337 878 382 906 bic
393 878 485 906 brutos
499 878 622 906 homines
635 878 669 905 ad
684 878 812 906 Ecclesiae
824 879 970 910 stabulum,
983 883 1009 906 et
1025 883 1047 913 Β

215 924 388 958 capessendae
416 923 529 951 rationis
557 923 684 958 pabulum
704 924 787 951 vitale
809 924 943 958 perduxit.
963 924 1008 953 Ille

215 969 356 996 consultus
368 969 415 997 Dei
429 976 458 996 se
472 969 570 1004 populo
584 969 736 996 testabatur
751 969 888 996 exstitisse
898 974 1008 997 contra-

216 1015 299 1047 rium,
315 1015 365 1042 iste
377 1015 458 1041 etiam
470 1014 540 1048 parti
555 1014 676 1041 ﬁdelium
689 1014 888 1048 quodammodo
903 1022 932 1042 se
946 1023 1008 1049 per-

216 1059 479 1091 hibebatobsistere,
489 1059 551 1086 dum
566 1059 721 1086 saecularem
734 1059 857 1086 militiam
870 1059 1007 1087 videretur

215 1113 277 1133 cum
293 1104 446 1132 inﬁdelibus
470 1104 603 1139 bajulare.
628 1104 737 1131 Militari
763 1113 880 1139 namque
903 1105 1006 1139 proles.

215 1152 291 1178 sione
302 1151 525 1185 snperﬁcietenus
539 1151 681 1179 videbatur
695 1157 827 1182 asserere,
838 1151 909 1185 quod
923 1151 1006 1177 luere-

215 1197 327 1225 ditatem
348 1197 410 1231 Dei,
434 1198 511 1232 cujus
526 1198 582 1231 ipse
597 1205 659 1231 pars
674 1202 744 1229 erat,
759 1197 874 1223 diversis
888 1196 1006 1224 moribus

214 1243 288 1270 velut
308 1242 468 1277 quibusdam
490 1242 597 1277 gladiis,
613 1247 790 1277 oppugnaret.
806 1242 851 1269 Sic
865 1242 1005 1274 nimirum,

215 1287 254 1314 sic
280 1292 373 1314 sancta
391 1286 465 1314 fraus
489 1287 601 1314 liberius
626 1287 802 1321 procedebat,
820 1287 884 1313 dmn
901 1287 935 1318 is,
962 1287 1004 1313 cui

215 1333 332 1368 suspicio
345 1333 449 1366 deerat,
462 1333 635 1368 acquirendis
647 1333 755 1360 Christo
767 1332 889 1359 ﬁdelibus
902 1332 1006 1360 insiste-

215 1381 270 1408 bat.
283 1380 440 1408 Videbimus
458 1381 557 1416 igitur,
580 1381 643 1415 quia
658 1379 688 1406 Β.
704 1380 805 1407 Fidelis
825 1380 858 1406 ad
876 1387 1004 1407 coronam

215 1427 347 1462 martyrii.
363 1427 461 1454 merito
476 1427 643 1461 praecedente
658 1427 797 1460 pertinuit,
810 1426 856 1461 qui
868 1426 1006 1454 lucrandis

214 1474 357 1501 animabus
369 1473 588 1500 verecbaritatis
606 1473 694 1500 studio
714 1477 741 1500 et
759 1476 822 1499 ante
845 1472 1004 1506 martyrium

215 1519 364 1546 desudavit.
380 1519 461 1553 Quasi
473 1519 545 1546 enim
554 1519 624 1546 bona
639 1523 720 1550 terra,
733 1524 761 1545 et
772 1519 847 1545 ferax
861 1519 937 1553 prius
945 1527 1004 1553 ger-

169 1562 173 1566 ’
215 1572 275 1593 men
288 1565 374 1592 sancti
389 1565 479 1599 operis
490 1565 616 1599 protulit,
632 1569 659 1591 et
674 1565 713 1591 sic
727 1564 824 1591 deinde
837 1564 1006 1598 triumphalis
1019 1562 1043 1594 C

213 1611 405 1649 glorizelumen
417 1611 531 1645 excepit.
549 1610 619 1637 Hinc
629 1614 671 1638 est
683 1611 773 1642 enim,
792 1611 865 1645 quod
885 1610 912 1637 in
928 1610 1006 1644 hujus

214 1656 306 1684 mundi
319 1656 468 1691 primordio
483 1656 559 1690 prius
578 1660 648 1682 terra
665 1656 819 1690 germinare
838 1656 1004 1691 prmcipitur,

214 1701 336 1736 sequenti
351 1708 415 1728 vero
430 1700 473 1728 die
488 1701 631 1727 luminaria
658 1701 685 1727 in
707 1701 778 1728 ccelo
791 1700 859 1728 ﬁunt
877 1700 952 1737 (Gen.
966 1702 1003 1736 ι);

213 1746 276 1782 quia
291 1753 402 1774 necesse
414 1751 466 1778 est,
483 1753 532 1773 nos
554 1746 642 1780 primo
663 1750 763 1773 sancta!
786 1746 952 1780 operationis
966 1746 1006 1773 vi-

215 1791 282 1819 tales
294 1791 397 1818 fructus
411 1790 520 1820 afferre.
538 1795 567 1817 ut
589 1790 622 1817 ad
643 1790 880 1825 contemplandum
894 1798 1005 1818 summ

213 1836 336 1864 veritatis
353 1836 464 1869 lumen,
488 1836 627 1864 valeamus
651 1836 823 1870 postmodum
850 1836 1003 1870 pervenire.

213 1882 327 1910 Domum
342 1889 438 1917 nempe
452 1889 529 1910 suam
544 1889 624 1916 supra
648 1882 755 1908 ﬁrmam
778 1886 881 1916 petram
896 1881 923 1907 in
939 1888 1004 1915 pace

213 1929 371 1957 fundaverat
385 1949 393 1962 ,
416 1929 488 1956 unde
513 1928 683 1963 postmodum
699 1928 763 1955 dum
782 1928 855 1954 venti
871 1928 1003 1955 minarum

213 1975 342 2008 furerent,
358 1974 421 2002 dum
439 1975 539 2002 diversi
552 1974 743 2009 suppliciorum
758 1973 856 2001 fluctus
871 1974 1002 2009 impinge-

213 2025 283 2053 rent,
298 2020 442 2048 immobilis
454 2021 629 2055 permanebat
639 2019 746 2054 (Matth.
759 2018 819 2054 vn).
830 2019 863 2045 Et
875 2024 1001 2053 tanquam

213 2066 288 2093 radix
310 2065 410 2101 egregii
427 2065 515 2092 trunci
536 2065 619 2091 robur
632 2065 706 2099 prius
728 2064 755 2091 in
775 2063 882 2091 occulto
904 2071 1003 2091 conce-

210 2114 296 2146 perat,
308 2118 361 2146 quo
372 2111 438 2138 fulta
449 2111 619 2145 postmodum
632 2110 721 2137 adulta
736 2117 813 2145 seges
824 2110 897 2137 auris
908 2109 1001 2145 impel-

210 2156 326 2184 lentibus
338 2164 390 2183 non
406 2157 530 2184 cadebat.
545 2156 573 2183 In
590 2163 657 2191 pace
672 2156 752 2191 igitur
768 2163 801 2183 ex
821 2156 890 2182 bona
906 2163 999 2190 opera-

210 2202 281 2230 tione
303 2202 474 2237 promeruit,
500 2202 572 2236 quod
602 2202 718 2228 invictus
741 2201 767 2227 in
801 2201 998 2235 persecutionis

1066 248 1153 291 morte
1174 244 1279 291 Domini
1304 247 1437 277 elementa
1466 252 1573 280 turbata
1587 252 1717 288 leguntur
1740 256 1853 291 (Matth.

1272 287 1628 335 Quantteergordignitatis
1643 301 1697 329 est,
1712 287 1852 335 quamque

1061 331 1160 358 nobilis
1175 331 1280 367 insigne
1292 332 1432 369 triumphi,
1446 334 1479 361 ad
1491 334 1576 362 instar
1592 331 1737 366 Ποιηίηὶοώ
1748 331 1853 374 mortis,
1880 366 1883 369 .

1061 375 1142 403 ctiam
1157 376 1183 404 in
1200 377 1378 405 decollatione
1392 380 1523 417 martyris
1533 380 1664 410 elementa
1679 382 1764 412 fuisse
1776 393 1852 414 com—

1060 422 1155 449 mota?
1180 426 1210 450 ut
1235 429 1267 449 ex
1293 422 1384 458 aliqua
1409 428 1487 459 parte
1511 425 1606 454 mortis
1631 426 1689 461 ejus
1715 430 1855 459 moriendo

1061 469 1166 495 teneret
1186 466 1301 495 formam
1314 487 1323 500 ,
1336 467 1414 504 cujus
1428 468 1548 498 imitatus
1570 475 1613 500 est
1626 472 1741 501 vivendo
1756 474 1855 504 doctri-

1061 518 1134 541 nam.

1096 576 1162 604 Illud
1175 577 1257 605 etiam
1271 579 1518 615 parvipendendum
1529 589 1581 609 non
1593 587 1644 616 est,
1657 585 1729 619 quod
1742 586 1851 620 quidam

1061 628 1094 649 ex
1110 624 1330 657 persecutoribus
1353 633 1367 652 a
1383 626 1516 654 daemonio
1538 628 1699 662 perhibetur
1711 636 1852 666 arreptus,

1061 669 1107 703 qui
1122 669 1249 697 nimirum
1274 678 1336 698 cum
1357 672 1531 707 promitteret
1554 674 1699 709 sepultura:
1711 683 1741 703 se
1755 684 1854 712 corpus

1061 715 1189 749 martyris
1212 722 1274 742 cum
1290 723 1388 751 magna
1413 719 1566 746 reverentia
1589 720 1764 755 traditurum,
1784 723 1854 751 sieo

1061 758 1259 787 lntervenicnte
1270 765 1423 789 mereretur
1437 769 1452 789 a
1464 762 1597 791 damonio
1609 764 1731 798 liberari,
1748 774 1810 794 mox
1824 773 1855 796 ut

1061 802 1178 831 cadaver
1195 805 1324 840 martyris
1347 806 1449 840 tetigit,
1475 806 1580 835 daemon
1600 808 1741 837 abscessit.
1756 810 1786 839 In
1802 812 1855 840 hoc

1061 848 1144 875 etiam
1158 849 1279 884 ejusdem
1294 851 1380 878 nostri
1396 851 1585 887 Redemptoris
1595 855 1735 889 perspicue
1746 856 1854 885 videtur

1060 894 1223 929 exemplum.
1238 894 1377 930 Siquidem
1391 902 1424 923 ex
1437 896 1503 932 ipsis
1514 900 1733 932 persecutoribus
1745 900 1852 930 Domini

1059 939 1214 975 quicunque
1224 942 1382 977 mysterium
1393 945 1559 972 sacrosancti
1572 946 1693 981 corporis
1703 948 1762 982 ejus
1771 948 1855 976 attim

1059 991 1123 1019 gere
1134 990 1308 1019 meruerunt,
1323 995 1338 1014 a
1355 988 1510 1016 daemonum
1522 990 1588 1026 jugo
1603 991 1683 1019 soluti
1698 997 1760 1020 sunt
1770 1014 1777 1025 ,
1794 993 1853 1029 ipso

1059 1030 1192 1065 redempti
1219 1033 1368 1068 sanguine,
1392 1041 1473 1069 quem
1507 1034 1646 1064 fuderunt.
1668 1037 1756 1073 Atque
1781 1043 1811 1066 ut
1825 1040 1853 1067 In

1058 1076 1190 1111 martyrio
1205 1084 1255 1104 suo
1268 1085 1363 1106 servus
1376 1079 1531 1114 passionem
1552 1081 1658 1109 Domini
1673 1083 1714 1110 sui
1728 1084 1851 1112 videatur

1057 1123 1134 1157 quasi
1146 1121 1323 1159 pedissequus
1333 1124 1444 1158 imitari,
1455 1126 1517 1154 dum
1526 1127 1668 1156 carnifices
1678 1129 1853 1166 principisuo

1057 1168 1198 1202 miracula,
1210 1177 1270 1205 qute
1281 1177 1329 1205 per
1338 1170 1447 1198 beatttm
1454 1177 1600 1208 martyrem
1611 1179 1719 1202 ostensa
1732 1175 1852 1209 fuerant,

1057 1215 1231 1249 nuntiarent;
1246 1217 1372 1251 cuiquam
1388 1217 1451 1245 talia
1466 1218 1568 1247 referre
1581 1220 1692 1249 omnino
1702 1222 1850 1257 prohibuit,

1056 1264 1241 1297 perpetuoque
1264 1263 1354 1290 celare
1375 1264 1487 1292 territus
1511 1265 1664 1301 imperavit.
1690 1267 1756 1301 Quis
1776 1269 1849 1296 enim

1057 1305 1109 1332 hoc
1122 1306 1245 1339 audiens,
1260 1314 1313 1335 non
1329 1308 1396 1335 illud
1409 1309 1535 1344 protlnus
1548 1311 1582 1337 ad
1596 1313 1756 1340 memoriam
1771 1321 1852 1341 revo-

1057 1357 1110 1385 cet,
1126 1354 1197 1387 quod
1212 1354 1348 1389 principes
1362 1356 1533 1383 sacerdotum
1554 1357 1649 1385 direre
1671 1359 1849 1387 custodibus:

1036 1406 1038 1408 ·
1059 1405 1068 1423 t
1087 1397 1185 1430 Dicite,
1204 1398 1305 1433 inquit,
1320 1400 1382 1435 quia
1396 1400 1521 1436 discipuli
1537 1400 1596 1436 ejus
1612 1407 1692 1430 noctu
1708 1410 1850 1438 venerunt,

1055 1447 1084 1470 et
1098 1443 1181 1471 furati
1196 1448 1259 1471 sunt
1272 1452 1334 1472 eum
1344 1465 1352 1478 ,
1376 1445 1452 1473 vobis
1467 1446 1679 1481 dormientibus;
1694 1453 1723 1476 et
1736 1451 1759 1476 sl
1772 1451 1851 1477 audi—

1057 1492 1113 1516 tum
1128 1488 1210 1517 fuerit
1226 1497 1241 1517 a
1253 1491 1379 1525 prteside,
1393 1498 1442 1518 nos
1455 1492 1628 1520 suadebimus
1640 1494 1680 1526 ei,
1694 1498 1721 1522 et
1738 1502 1850 1523 securos

1057 1540 1107 1561 vos
1119 1532 1249 1561 faciemus
1262 1534 1370 1569 (Matth.
1382 1536 1489 1572 xxvnt).
1501 1543 1511 1561 ι
1526 1536 1571 1563 Isti
1586 1537 1717 1571 siquidem
1733 1539 1850 1568 docuere

1058 1578 1202 1611 custodes,
1227 1584 1256 1606 ut
1281 1579 1453 1607 mendacium
1479 1581 1628 1616 fingerent;
1654 1582 1698 1610 ille
1721 1586 1849 1619 pnecepit

1057 1623 1224 1657 ofﬁcialibus,
1239 1630 1270 1652 ut
1280 1625 1422 1652 veritatem
1433 1625 1543 1654 silentio
1553 1628 1761 1663 supprimerent.
1777 1630 1849 1659 Utri-

1056 1676 1109 1704 que
1125 1670 1251 1697 nimirum
1274 1671 1397 1698 veritatis
1411 1675 1474 1698 sunt
1489 1671 1608 1705 inimici,
1625 1673 1689 1700 dum
1709 1679 1757 1702 aut
1771 1683 1846 1703 wat-

1056 1721 1148 1744 menta
1171 1716 1284 1744 fallacia:
1305 1717 1430 1752 nequiter
1451 1717 1603 1753 fabricant,
1626 1723 1674 1747 aut
1701 1721 1845 1750 veritatem

1056 1762 1165 1790 silentio
1179 1762 1354 1797 malignitatis
1364 1763 1512 1791 occultant.

1090 1829 1145 1857 Nos
1159 1833 1265 1862 autem,
1288 1828 1387 1856 fratres
1402 1830 1573 1864 cbarissimi,
1596 1831 1643 1866 qui
1667 1837 1720 1859 tam
1743 1834 1845 1870 egregii

1055 1875 1233 1903 canstantiam
1256 1875 1418 1911 prazliatoris
1438 1876 1606 1910 audivimus,
1630 1878 1676 1914 qui
1695 1882 1776 1907 tantae
1791 1881 1844 1908 vir-

1055 1920 1121 1949 tutis
1134 1920 1249 1957 insignia
1263 1925 1389 1955 tanquam
1405 1920 1495 1956 posita
1513 1921 1563 1949 sub
1585 1922 1671 1950 oculis
1690 1923 1844 1958 intuemur,

1053 1974 1081 1996 et
1095 1967 1148 2003 ipsi
1162 1967 1276 1996 virtutes
1286 1967 1388 1995 habere
1400 1974 1462 1995 cum
1477 1967 1524 1994 Dei
1538 1968 1730 2003 omnipotentis
1742 1971 1843 1998 auxilio

1052 2014 1218 2043 Studeamus.
1231 2013 1334 2041 Pudeat
1346 2013 1397 2041 sub
1409 2013 1522 2051 ignaviae
1535 2017 1643 2049 torpore
1657 2014 1842 2050 languescere,

1052 2059 1115 2095 quia
1129 2059 1198 2087 alios
1210 2059 1348 2088 cernimus
1365 2066 1428 2086 eum
1443 2063 1517 2088 tanta
1530 2059 1564 2087 ad
1583 2059 1682 2088 cadum
1695 2060 1779 2096 gloria
1794 2070 1842 2098 pe-

1052 2110 1170 2133 netrare.
1192 2104 1341 2133 lncalesoat
1362 2112 1440 2133 mens
1459 2109 1551 2133 nostra
1567 2105 1601 2133 ad
1616 2113 1730 2141 agonem
1754 2112 1844 2135 certa-

1051 2149 1146 2183 minis;
1158 2150 1221 2177 etsi
1234 2157 1287 2177 non
1297 2149 1373 2177 timet
1383 2149 1513 2178 audacter
1522 2157 1583 2177 cum
1598 2150 1674 2179 hoste
1686 2151 1842 2188 conﬂigere,

1049 2201 1104 2222 non
1131 2194 1236 2222 dubitet
1256 2194 1325 2221 duce
1344 2193 1471 2228 Christo,
1494 2193 1603 2222 facilem
1623 2195 1674 2223 sibi
1700 2196 1841 2224 victoriam

208 2247 315 2280 stadio,
342 2252 370 2275 et
394 2247 592 2282 imperterritus
606 2246 689 2273 stetit.
713 2245 865 2272 Elaboravit
880 2245 906 2271 in
930 2246 998 2278 otio,

1054 2239 1204 2274 provenire.
1227 2238 1261 2266 Et
1283 2238 1393 2275 quidem
1413 2239 1492 2266 nobis
1516 2239 1605 2267 minor
1617 2244 1659 2267 est
1671 2240 1763 2276 labor,
1779 2250 1839 2268 cum

208 2291 279 2325 quod
294 2286 431 2326 superavit
445 2291 470 2318 in
486 2291 563 2318 bello.
577 2291 649 2317 Intra
664 2290 737 2325 paris
752 2290 851 2316 mmnia
863 2290 999 2324 conquisi~

208 2335 257 2368 vit,
271 2336 343 2370 quod
359 2336 385 2363 in
398 2343 493 2370 campo
507 2336 593 2363 victor
609 2336 733 2362 obtinuit.

242 2381 316 2408 Inter
327 2385 423 2408 crrtera
438 2385 528 2407 autent
542 2381 700 2407 meritorum
712 2380 769 2414 ejus
784 2381 899 2415 insignia
910 2401 917 2412 ,
931 2380 996 2407 illud

206 2429 314 2460 quantae
326 2425 418 2461 gloriae
434 2429 486 2457 est,
503 2425 574 2460 quod
585 2425 679 2452 beatus
693 2425 747 2457 hic,
762 2430 789 2453 et
803 2426 996 2453 iuvictissimus

207 2476 320 2505 martyr,
336 2478 399 2498 mox
412 2475 442 2498 ut
453 2472 541 2506 capite
556 2479 642 2499 cresus
654 2475 706 2503 est,
719 2472 826 2499 turbida
838 2476 995 2507 tempestas,

206 2521 234 2544 ct
247 2516 328 2544 nimia
341 2518 492 2545 coruscatio
503 2518 602 2545 dicitur
614 2518 775 2545 emersisse?
793 2517 849 2544 Iloc
861 2518 994 2552 siquidem

206 2563 303 2590 divina:
314 2563 366 2591 fuit
378 2564 512 2599 aequitatis
521 2564 664 2599 judicium,
681 2568 709 2590 ut
723 2571 771 2598 per
785 2564 837 2590 hoc
853 2563 995 2591 manifeste

205 2607 383 2641 claresceret,
394 2609 465 2643 quod
481 2609 526 2643 qui
549 2612 695 2643 martyrem
714 2615 793 2635 suum
808 2609 953 2643 recipiebat
969 2608 994 2635 in

206 2653 301 2689 gloria.
315 2659 430 2682 tortores
445 2655 503 2690 ejus
516 2655 594 2690 digne
610 2654 727 2681 terrebat
741 2655 768 2681 in
781 2655 829 2680 ira.

239 2700 281 2728 Ad
297 2701 495 2728 terriﬁcandum
513 2701 603 2735 itaque
623 2699 752 2734 reprobos
771 2700 943 2734 coruscatio,
967 2705 994 2728 ot

206 2747 351 2779 tempestas
364 2745 466 2779 erupit;
486 2745 582 2779 quibus
598 2745 720 2772 videlicet
736 2744 928 2771 comitantibus
950 2753 994 2771 su-

205 2796 304 2824 pernus
322 2791 423 2817 arbiter
444 2791 477 2817 ad
494 2790 625 2824 judicium
644 2790 748 2822 veniet,
775 2790 845 2817 sicut
867 2797 914 2824 per
930 2798 994 2824 pro-

204 2834 313 2868 phetam
329 2835 427 2863 dicitur
442 2845 448 2862 :
468 2844 478 2860 ι
496 2836 566 2870 Ignis
580 2840 641 2863 ante
652 2844 712 2863 cum
727 2836 842 2871 przeibit,
855 2841 882 2863 et
898 2837 924 2863 in
938 2837 991 2862 vir-

404 2883 540 2912 Parnm.
561 2884 694 2914 CXLIV.

1051 2290 1142 2314 tamen
1157 2292 1300 2313 commune
1323 2284 1360 2312 sit
1382 2284 1533 2318 praemium.
1558 2285 1625 2319 Quis
1644 2286 1717 2313 enim
1736 2288 1841 2314 nesciat

1049 2329 1298 2365 incomparabiliter
1310 2336 1372 2357 esse
1385 2328 1518 2358 difficilius
1531 2329 1619 2366 gladio
1630 2331 1763 2359 cervicem
1773 2333 1840 2361 sub-

1048 2377 1126 2411 dere,
1136 2384 1218 2413 quam
1231 2375 1298 2411 gula:
1309 2375 1452 2404 illecebras
1462 2376 1588 2405 cohibere
1599 2376 1610 2404 i
1621 2376 1687 2410 Quis
1699 2385 1753 2405 non
1766 2378 1842 2406 malit

1047 2427 1164 2454 metuere
1186 2422 1343 2453 laboribus.
1366 2421 1408 2449 vel
1429 2421 1551 2450 nuditate
1573 2421 1734 2457 frigescere,
1758 2431 1839 2458 quam

1048 2468 1217 2498 ﬂammarum
1240 2467 1387 2496 furentium
1403 2467 1527 2495 incendia
1541 2467 1693 2496 sustinere?
1706 2467 1772 2502 Quis
1785 2476 1838 2495 non

1048 2515 1134 2543 levius
1148 2518 1259 2542 censeat
1271 2513 1387 2546 esurire,
1401 2517 1428 2541 et
1442 2513 1519 2541 sitire
1529 2533 1536 2546 ,
1548 2520 1630 2547 quam
1650 2514 1706 2541 radi
1721 2513 1839 2549 ungulis,

1048 2560 1090 2589 vel
1106 2560 1253 2588 bestiarum
1271 2559 1405 2587 morsibus
1419 2558 1505 2586 tradi?
1524 2559 1565 2586 An
1589 2566 1641 2587 non
1660 2559 1838 2595 periculosius

1047 2610 1100 2638 est,
1114 2606 1140 2632 in
1155 2605 1261 2640 publico
1273 2604 1401 2631 micantia
1416 2603 1587 2631 frementium
1601 2611 1693 2639 regum
1710 2602 1836 2631 mandata

1047 2655 1231 2682 contemnere,
1247 2657 1329 2684 quam
1342 2648 1459 2677 latenter
1476 2648 1502 2676 in
1522 2652 1612 2676 mente
1625 2648 1716 2683 pravis
1730 2649 1834 2684 cogita-

1048 2697 1167 2724 tionibus
1189 2695 1346 2723 contraire?
1372 2694 1551 2730 Scmetipsum
1577 2695 1657 2723 morti
1680 2694 1833 2722 ultronemu

1048 2744 1165 2775 tradere,
1179 2749 1260 2777 quam
1284 2741 1437 2770 voluntates
1458 2741 1582 2777 proprias
1592 2761 1599 2774 ,
1615 2746 1643 2768 et
1661 2741 1751 2769 carnis
1765 2742 1836 2769 desi-

1046 2790 1120 2818 deria
1142 2788 1297 2816 refrenare?
1317 2788 1384 2815 Cum
1407 2788 1497 2824 itaque
1517 2787 1607 2815 minus
1631 2787 1778 2816 laborando
1801 2788 1834 2814 ad

1046 2837 1167 2864 eamdem
1179 2835 1371 2863 beatitudinem
1392 2834 1541 2865 tendimus.
1555 2841 1604 2861 cur
1624 2834 1793 2864 decertantes
1808 2834 1834 2860 in

1532 2880 1572 2910 ‘26
1777 2882 1788 2899 ί
