4064 6208
337 341 352 348 -
427 303 522 355 SH

1001 298 1057 354 S.
1093 297 1304 354 PETRI
1345 299 1626 354 DAMIAN‘I
1656 297 1803 354 OPP.
1843 298 2020 354 PARS
2062 300 2190 356 SEU
2231 302 2469 359 TOMUS
2505 302 2570 356 II.
2610 331 2680 344 -—
2714 300 3100 358 SERMONES.
3153 251 3161 262 ι

3559 309 3662 362 812

425 419 604 476 stadio
638 417 837 472 imitari
888 416 1236 486 negligimus,
1286 426 1340 469 ut
1385 425 1664 470 consortes
1714 417 1768 470 in
1817 417 1991 485 patria
2022 414 2265 478 Acietas
2309 421 2714 490 prophetarum,
2771 421 3036 491 gloriosus
3091 420 3452 490 apostolorum
3497 423 3660 492 291

423 513 721 567 victoribus
742 510 976 565 existere
1003 509 1310 563 valeamus?

494 603 799 672 Pugnemus
824 598 1235 678 *igitur,’fratres
1263 600 1390 663 mei,
1413 608 1467 652 et
1495 598 1864 653 inl‘estantium
1896 614 1994 653 nos

419 697 673 750 vitiorum
723 689 1001 746 illecebras
1041 700 1320 760 amputare
1360 705 1644 753 curemus;
1684 705 1789 744 non
1826 691 1990 755 enim,

415 785 570 854 juvta
587 780 736 834 Pauli
749 794 935 833 vocem
953 821 966 842 ,
983 794 1142 848 possu
1154 795 1270 832 mus
1285 779 1615 850 hicgaudere
1631 780 1696 833 de
1706 778 1922 842 saeculo,
1937 788 1991 832 et

419 874 528 927 illic
539 883 699 941 regna
709 886 763 926 re
785 867 1152 925 cumChristo.
1167 869 1330 938 29o
1345 869 1635 936 thnidem
1649 868 1833 922 beatos
1847 881 1992 920 mar-

421 973 568 1032 tyres
595 975 716 1015 cum
743 958 999 1012 membris
1031 957 1229 1011 diaboli
1270 958 1554 1010 dimicasse
1581 954 1989 1024 cognoscimus;

421 1069 519 1106 nos
545 1061 724 1106 autem
754 1065 876 1104 cum
908 1048 1025 1118 ipso
1068 1048 1374 1116 iniquorum
1401 1047 1576 1116 capite
1606 1044 1993 1100 iul'tederabilis

414 1159 608 1213 pugnae
649 1141 916 1196 luctamen
969 1140 1250 1195 habemus.
1313 1137 1389 1191 Illi
1427 1138 1675 1191 vicerunt
1725 1151 1847 1188 eum
1895 1148 1995 1204 per

416 1235 654 1288 membra
698 1247 793 1284 sua
838 1229 1144 1284 immaniter
1194 1228 1532 1288 saevientem;
1585 1241 1682 1280 nos
1726 1235 1988 1294 superare

342 1321 351 1340 ‘
415 1323 753 1391 prmeipiuutr
811 1321 909 1374 sub
961 1319 1272 1373 insidiarum
1326 1317 1606 1372 fraudibus
1660 1316 1986 1370 latitantem.

421 1413 660 1480 Utroque
689 1411 846 1465 modo
890 1410 1216 1478 triumphum
1247 1409 1313 1462 de
1348 1408 1436 1461 illo
1479 1406 1742 1477 gloriosus
1788 1415 1992 1476 martyr

414 1503 616 1558 Fidelis
636 1500 888 1568 obtinuit,
912 1499 1003 1568 qui
1031 1508 1084 1554 et
1111 1499 1162 1551 iu
1187 1513 1318 1566 pace
1343 1513 1439 1568 per
1464 1497 1838 1552 aediﬁcationis
1863 1508 1988 1565 gra-

417 1594 545 1648 tiam
574 1591 640 1645 ab
685 1591 803 1660 ejus
845 1589 1060 1644 vinculo
1113 1589 1401 1643 nonnullos
1443 1587 1677 1657 eripuit,
1726 1596 1781 1640 et
1812 1585 1992 1640 oblato

413 1680 809 1752 persecutionis
835 1679 1108 1748 articulo,
1133 1678 1506 1732 blandientem
1537 1675 1906 1737 nihilominus,
1937 1685 1992 1728 et

2094 512 2313 573 chorus,
2345 527 2611 582 purpurea
2641 521 2937 582 martyrum
2970 513 3279 576 multitudo,
3309 526 3662 583 congregatio

2092 601 2283 655 ﬂorida
2309 603 2706 669 confessorum,
2737 604 2967 658 candida
2994 604 3260 672 virginum
3312 614 3484 658 turma
3506 648 3520 666 ,
3552 622 3671 660 mo-

2094 691 2390 743 nachorum
2425 706 2681 744 numerus
2713 691 3169 747 inﬁnitus.‘Sedet
3195 693 3247 745 iu
3273 694 3450 746 medio
3479 695 3663 748 Domi-

2095 779 2271 832 minus
2295 769 2582 846 virtutum,
2613 789 2667 833 et
2692 781 2758 834 de
2791 780 3063 835 refusione
3093 780 3277 850 gloria:
3301 797 3412 834 sua:
3436 782 3668 835 inebriat

2095 867 2407 922 lntueutes:
2447 887 2464 919 ι
2498 868 2914 922 lnebriabuutur
2939 884 3193 939 namque,
3234 871 3310 922 ait
3359 869 3622 939 Pr0pheta
3649 911 3664 934 ,

2094 959 2164 1012 ab
2188 960 2436 1015 ubertate
2459 961 2650 1015 domus
2683 969 2790 1015 tuae
2819 961 2992 1032 (Psal.
3039 963 3225 1033 xxxv).
3268 982 3286 1014 ι
3323 963 3398 1018 lbi
3443 979 3543 1034 pax
3572 980 3666 1018 se-

2093 1064 2222 1104 cura
2245 1091 2259 1115 ,
2306 1051 2520 1119 requies
2563 1052 2917 1120 voluptuosa,
2948 1053 3055 1106 vita
3085 1063 3362 1122 perpetua,
3398 1055 3659 1124 sapientia

2095 1139 2311 1203 mentis,
2335 1140 2554 1209 agilitas
2581 1142 2846 1210 corporis,
2875 1142 3055 1196 cordis
3088 1138 3428 1197 illuminatio.
3459 1143 3663 1200 «:Beati

2093 1229 2183 1297 qui
2216 1229 2461 1283 habitant
2483 1231 2534 1284 in
2564 1231 2723 1286 domo
2752 1241 2864 1298 tua,
2892 1234 3115 1286 Domine
3147 1233 3320 1303 (Psal.
3353 1239 3601 1305 Lxxxui).
3631 1257 3659 1286 ι

2095 1317 2248 1372 Sicut
2274 1319 2569 1374 laetantium
2615 1323 2854 1376 omnium
2887 1323 3150 1378 habitatio
3184 1333 3266 1378 est
3304 1326 3357 1379 in
3404 1336 3453 1381 te
3488 1326 3663 1393 (Ρεηι.

2093 1411 2330 1484 Lxxxw),
2363 1412 2554 1468 civitas
2581 1413 2674 1470 Dei
2708 1434 2722 1467 :
2766 1423 2821 1469 et
2847 1416 2899 1469 in
2928 1415 3121 1484 plateis
3147 1417 3251 1472 tuis
3295 1433 3399 1473 vox
3429 1421 3666 1473 exsulta-

2095 1502 2257 1556 tionis
2293 1503 2625 1558 dulcioribus
2662 1504 2893 1558 modulis
2917 1505 3206 1560 intonatur.
3238 1525 3255 1557 ι
3286 1506 3463 1572 Quare
3496 1509 3667 1562 tristis

2090 1605 2173 1656 es,
2191 1592 2378 1646 anima
2392 1608 2534 1660 mea,
2551 1602 2605 1647 et
2627 1607 2795 1662 quare
2814 1595 3105 1649 conturbas
3124 1595 3248 1650 me?
3264 1595 3432 1664 Spera
3455 1597 3507 1651 in
3533 1597 3661 1662 Deu,

2092 1683 2342 1750 quoniam
2367 1682 2541 1737 adhuc
2560 1683 2860 1738 confitebor
2881 1685 2957 1738 illi
2980 1684 3153 1755 (Paul.
3179 1701 3284 1751 xu,
3303 1685 3456 1756 xui).
3484 1705 3504 1738 ι
3521 1687 3663 1742 Con-

414 1783 708 1829 tcrreutcm
747 1786 842 1841 per
863 1785 960 1825 sua
991 1769 1230 1824 membra
1253 1769 1596 1837 contempsit.
1624 1768 1808 1822 Victus
1839 1765 1986 1832 vicit,
2018 1782 2064 1842 Β
2094 1770 2287 1825 ﬂtebor
2314 1771 2389 1825 illi
2417 1772 2489 1828 ibi
2523 1789 2537 1825 :
2581 1787 2706 1826 nam
2751 1773 2839 1828 hic
2889 1773 3154 1838 stadium,
3187 1774 3296 1830 illic
3335 1777 3660 1845 premimus:

398 1861 656 1934 deiectus
685 1858 949 1921 ascendit,
994 1859 1271 1928 proprium
1317 1867 1480 1927 caput
1524 1857 1700 1926 gladio
1729 1855 1988 1921 subdidit,

412 1958 466 2005 ct
495 1950 761 2006 cervicem
789 1946 984 2002 diaboli
1010 1957 1282 2016 perpetuae
1311 1947 1553 2002 victoriae
1579 1947 1714 2016 pede
1738 1945 1986 2001 calcavit.

410 2041 564 2095 Nunc
594 2037 781 2110 procul
800 2039 964 2093 dubio
991 2038 1132 2092 inter
1152 2038 1349 2108 ignitos
1379 2051 1624 2108 superate
1640 2035 1990 2092 Hierusalem

410 2131 618 2202 lapides
660 2129 901 2195 emicat,
937 2137 992 2182 et
1032 2143 1157 2183 cum
1193 2127 1506 2198 purpuratis
1534 2126 1992 2182 commilitonibus

411 2221 726 2293 imperatori
753 2235 850 2275 suo
867 2219 1117 2274 etelestis
1151 2218 1446 2273 harmoniae
1475 2233 1696 2274 carmen
1734 2218 1988 2273 alternat.

405 2312 572 2388 Felici
599 2311 852 2365 nimirum
898 2310 1224 2388 commercio
1264 2307 1508 2380 fragilem
1542 2310 1788 2378 corporis
1836 2308 1988 2363 exuit

410 2404 672 2466 tunicam,
717 2410 772 2456 et
828 2387 1588 2456 candidam-immortalitatis
1640 2401 1865 2468 adeptus
1908 2409 1992 2454 est

409 2492 625 2548 stolam.
660 2491 832 2560 Caput
877 2491 1176 2546 decollatus
1221 2489 1435 2554 amisit,
1477 2498 1533 2544 et
1560 2490 1814 2558 .pretioso
1841 2506 1987 2544 nunc

411 2584 586 2654 lapide
620 2590 908 2637 coronatus
933 2579 1152 2636 incedit.
1182 2579 1274 2634 Ille
1296 2580 1493 2649 quippe
1531 2593 1653 2632 eum
1681 2586 1990 2634 remunerat

411 2675 465 2729 in
498 2685 699 2729 :eterua
722 2674 831 2742 jam
879 2673 1061 2741 quiete
1097 2671 1381 2737 victorem,
1432 2671 1523 2739 qui
1568 2679 1623 2725 et
1669 2671 1810 2724 inter
1850 2669 1988 2723 bella

413 2767 610 2821 dudum
635 2773 949 2834 protexerat
975 2763 1342 2816 decertantem
1361 2801 1376 2826 ,
1423 2759 1581 2814 Jcsus
1608 2758 1857 2814 Christus
1887 2757 1990 2812 Do-

403 2861 592 2922 minus
621 2865 827 2920 noster,
853 2855 945 2924 qui
993 2869 1116 2908 cum
1144 2851 1302 2907 Patre
1324 2861 1374 2906 et
1409 2851 1614 2921 Spiritu
1642 2859 1832 2906 sancto
1859 2850 1992 2904 vivit

411 2960 468 3004 et
495 2956 685 3017 regnat
708 2945 759 3000 in
791 2944 987 3001 sazcula
1022 2940 1362 2998 saeculorum.
1388 2942 1584 2995 Amen.

969 3119 1133 3180 NOV
1140 3108 1432 3179 EMBER.

344 3193 346 3196 θ
409 3225 460 3285 l.
645 3219 928 3284 Homilia
957 3218 1028 3279 de
1057 3216 1336 3278 omnibus
1369 3216 1621 3276 sanctis.

409 3324 525 3482 XII:
648 3323 858 3382 Sermo
897 3317 968 3378 de
994 3317 1063 3379 S.
1095 3316 1374 3378 Martino
1419 3314 1706 3392 episcopo
1740 3321 1794 3373 ct
1824 3331 1984 3373 con—

519 3418 738 3461 essore.
1345 3446 1354 3456 ,.

409 3470 621 3559 XXX.
658 3497 868 3557 Sermo
898 3493 1033 3554 Ide
1060 3492 1123 3568 S.
1157 3488 1403 3551 Andrea
1433 3470 1744 3569 apostolo.

489 3598 698 3656 Sermo
730 3593 806 3653 II
838 3590 910 3651 de
939 3592 1163 3652 eodem.

1127 3690 1252 3746 LV.

598 3795 620 3811 ’
657 3802 878 3844 ἨΟΜΙΜᾹ
917 3801 970 3840 IN
1008 3798 1175 3839 FBSTO
1213 3796 1416 3837 OMNIUI
1453 3796 1787 3836 SANCTORUII.

482 3880 536 3934 In
563 3879 654 3932 illo
693 3886 972 3946 tempore:
1008 3871 1263 3927 «'Videus
1310 3870 1467 3925 Jesus
1516 3871 1701 3924 turbas
1740 3868 1983 3923 ascendit

413 3971 464 4024 in
499 3975 776 4026 montem:
814 3973 868 4019 et
914 3977 1038 4017 cum
1091 3961 1319 4016 sedisset
1361 3966 1705 4014 accesserunt
1745 3957 1815 4011 ad
1857 3971 1980 4010 eum

410 4055 652 4126 discipuli
702 4054 837 4122 ejus.
895 4071 914 4104 ι
965 4051 1032 4106 Et
1077 4051 1302 4118 reliqua.
1360 4049 1531 4103 Hodie
1581 4049 1696 4102 dies
1743 4048 1984 4103 serenior

373 4128 376 4130 Ὺ
413 4146 599 4200 arrisit
625 4143 798 4204 nobis,
832 4152 885 4195 et
911 4139 989 4195 sol
1017 4137 1434 4193 solitolucidior
1457 4138 1618 4192 terris
1643 4136 1834 4190 illuxit.
1863 4135 1983 4190 Non

411 4235 555 4289 enim
582 4246 743 4297 unus,
770 4231 863 4285 sed
892 4229 1127 4286 universi
1159 4229 1331 4282 sancti
1369 4227 1710 4282 sanctiﬁcant
1743 4243 1859 4282 eam
1883 4269 1897 4290 ,
1931 4233 1986 4282 et

410 4321 787 4393 splendoribus
849 4319 1114 4373 irradiaut
1163 4315 1465 4370 luminosis.
1516 4315 1839 4385 Spectabilis
1894 4315 1981 4369 illa

411 4414 669 4471 cmlorum
697 4409 1032 4473 solemnitas,
1057 4423 1175 4479 qua:
1204 4423 1309 4461 non
1333 4406 1548 4470 annuis,
1577 4407 1668 4461 sed
1691 4406 1982 4471 continuis,

2090 1862 2178 1916 hic
2218 1875 2417 1933 pugna,
2445 1862 2528 1918 ibi
2551 1878 2772 1918 corona.
2797 1863 3009 1919 Nauum
3048 1875 3134 1920 est
3170 1875 3296 1921 ante
3333 1866 3505 1922 lucem
3547 1883 3666 1924 sur-

2089 1965 2237 2022 gere.
2265 1951 2602 2005 Iudurandus
2637 1961 2720 2006 est
2743 1953 2957 2006 animus
2975 1992 2990 2018 ,
3021 1964 3076 2008 et
3105 1968 3136 2006 a
3164 1953 3542 2010 blandimentis
3570 1974 3652 2009 vo-

2090 2040 2352 2109 Iuptatum
2383 2042 2567 2112 procul
2595 2043 3013 2109 abstrahendus,
3036 2053 3090 2099 et
3111 2046 3390 2115 utriusque
3410 2048 3664 2102 substan-

2092 2131 2178 2185 tia'
2198 2133 2424 2186 materia
2447 2133 2808 2202 repurganda,
2824 2133 2867 2187 si
2884 2133 2957 2188 ad
2976 2134 3222 2204 proprios
3241 2145 3392 2190 ortus
3413 2136 3662 2191 volumus

2090 2218 2324 2274 evolare.
2353 2219 2596 2274 Amanda
2645 2229 2729 2276 est
2776 2221 2992 2275 interim
3041 2223 3274 2278 tenuitas
3309 2226 3660 2294 paupertatis.

2089 2323 2269 2362 sermo
2296 2309 2705 2379 suspendendus
2728 2310 2985 2375 amarior,
3013 2311 3178 2366 elatio
3202 2309 3472 2381 fugienda,
3500 2315 3664 2368 susti-

2089 2400 2251 2453 nendi
2270 2399 2502 2464 labores,
2523 2415 2646 2456 cum
2666 2400 2810 2457 vitiis
2825 2401 3304 2472 congrediendum,
3325 2401 3665 2458 eliminauda:

2092 2489 2294 2542 divitiae
2317 2489 2623 2545 sa'culares.

2096 2619 2098 2622 μ
2161 2579 2275 2634 Hoc
2301 2589 2402 2645 est.
2444 2581 2587 2652 quod
2622 2581 2711 2636 ille
2754 2597 2978 2652 pauper,
3000 2592 3061 2638 et
3084 2583 3273 2639 unicus
3298 2581 3470 2654 (Psal.
3500 2589 3660 2654 xxiv.)

2090 2670 2145 2726 in
2193 2671 2454 2727 hodierna
2502 2672 2676 2727 sancti
2725 2673 2999 2743 Evangelii
3050 2674 3280 2730 lectione
3302 2674 3662 2744 pauperibus,

2089 2778 2225 2832 quos
2253 2765 2321 2818 de
2362 2764 2546 2818 mundi
2594 2773 2911 2834 paupertate
2931 2775 3261 2830 vocaverat,
3304 2766 3381 2820 ait
3412 2783 3425 2818 :
3455 2784 3474 2816 ε
3497 2764 3660 2820 Beati

2087 2867 2355 2922 pauperes
2396 2853 2589 2923 spiritu
2631 2853 2841 2923 (Matth.
2873 2855 2949 2925 v).
2986 2874 3003 2906 ι
3037 2854 3130 2910 Ila:
3190 2864 3317 2910 sunt
3342 2865 3516 2921 tecto,
3549 2856 3660 2909 imo

2089 2951 2296 3011 septem
2335 2941 2695 2998 beatitudines
2723 2981 2738 3006 ,
2786 2946 2910 3011 quia
2958 2951 3149 2998 octava
3193 2943 3381 2998 eadem
3439 2957 3558 3011 qua:
3603 2951 3663 2996 ct

2089 3030 2632 3102 prima..l:‘elicissimi
2657 3032 2879 3102 gradus,
2899 3033 3098 3102 quibus
3119 3034 3226 3088 itur
3249 3033 3658 3097 adltominum,

2005 3123 2057 3189 ε
2086 3136 2222 3192 quos
2268 3136 2459 3177 omnes
2516 3121 2571 3176 iu
2616 3136 2848 3191 persona
2913 3138 3010 3176 sua
3065 3123 3215 3192 prius
3261 3122 3503 3177 ascendit
3561 3121 3658 3190 qui

2083 3215 2329 3271 ascendit
2357 3215 2412 3270 in
2443 3222 2700 3281 montem,
2727 3223 2782 3270 et
2812 3215 3022 3285 aperuit
3050 3230 3113 3271 os
3139 3222 3419 3280 suum,.ut
3439 3215 3658 3269 doceret

2083 3305 2376 3376 discipulos
2417 3319 2565 3361 suos.
2612 3305 2888 3375 Denique,
2928 3305 3056 3375 quis
3081 3307 3372 3375 pauperior
3408 3304 3517 3369 illo,
3559 3303 3654 3373 qui

2083 3413 2189 3454 non
2250 3397 2438 3453 habuit
2489 3395 2776 3467 ubi-caput
2827 3411 2982 3450 suum
3031 3395 3322 3452 reclinaret
3354 3395 3509 3464 (Luc.
3532 3394 3656 3462 ut)!

2082 3488 2216 3555 Quis
2267 3487 2357 3541 illo
2409 3485 2759 3555 mitior,-qui
2807 3485 3080 3541 mitisest
3131 3494 3188 3540 et
3225 3483 3442 3540 humilis
3493 3483 3657 3538 corde

2082 3579 2299 3648 (Matth.
2325 3579 2436 3648 xi)?
2476 3577 2578 3644 Qui
2607 3577 2798 3632 videns
2818 3576 3092 3632 civitatem
3119 3574 3266 3631 ﬂevit
3301 3589 3464 3644 super
3493 3572 3656 3628 illam

2083 3669 2235 3738 (Luc.
2265 3667 2398 3740 xui),
2421 3667 2567 3723 ﬂevit
2590 3665 3414 3738 Lazarum-(Icari.xt)justitiam
3443 3664 3649 3728 docuit,

1971 3781 1978 3794 '-
2073 3761 2338 3831 justitiam
2364 3760 2510 3825 fecit,
2536 3759 2589 3814 in
2625 3757 2904 3827 cujusore
2935 3773 3042 3812 non
3087 3766 3172 3814 est
3223 3758 3470 3812 inventus
3497 3754 3655 3811 dolus

2082 3851 2218 3923 (Ita.
2237 3850 2508 3922 Litt).Quis
2534 3849 2624 3904 illo
2644 3849 3064 3914 misericordior,
3087 3848 3176 3917 qui
3203 3846 3655 3902 mulieremadul-

2084 3952 2251 3998 teram
2304 3942 2588 3999 liberavit?
2634 3941 3004 3997 Peccatricem
3047 3940 3261 3994 sanavit
3307 3947 3513 4008 septem
3544 3939 3654 3992 da:-

2083 4033 2330 4089 monibus
2367 4033 2718 4090 cumulatam.
2750 4030 2882 4098 Quis
2930 4030 3180 4084 mundior
3208 4029 3318 4093 illo,
3345 4027 3437 4097 qui
3459 4040 3652 4096 pecca-

2081 4133 2199 4179 tum
2227 4139 2332 4178 non
2362 4123 2599 4194 fecit“!
2631 4123 2774 4177 Petr.
2820 4122 2910 4192 ιι.)
2940 4121 3234 4177 Paciﬁcare
3263 4120 3428 4184 venit,
3449 4127 3511 4173 .et
3531 4132 3652 4186 qua:

2084 4216 2136 4270 in
2163 4215 2334 4277 caelis,
2365 4224 2422 4269 et
2445 4230 2562 4283 quas
2584 4215 2638 4268 in
2680 4213 2873 4280 terris;
2900 4226 3089 4283 pacem
3133 4200 3347 4281 reliquit
3376 4208 3652 4278 discipulis

2083 4305 2197 4360 suis
2229 4304 2414 4374 (Joan.
2452 4303 2589 4374 xiv),
2624 4304 3058 4374 persecutionem
3102 4316 3201 4370 pro
3229 4299 3654 4370 justitiapassus

2082 4407 2186 4462 est,
2218 4396 2518 4467 ﬂagellatus
2547 4396 2600 4450 in
2625 4409 2812 4460 carne,
2853 4408 3144 4463 suspensus
3174 4391 3226 4446 iu
3253 4404 3434 4453 cruce,
3479 4395 3653 4441 morte

411 4505 640 4577 gaudiis,
666 4500 1007 4564 inclarescit;
1031 4472 1121 4554 ubi
1146 4498 1323 4551 lumen
1352 4497 1558 4577 videtur
1589 4497 1640 4549 in
1670 4494 1890 4560 lumine,
1928 4504 1982 4549 ct
2007 4472 2065 4534 θ
2090 4498 2338 4557 turpatus
2354 4485 2516 4558 (Luc.
2537 4483 2836 4554 nm).Qui
2862 4483 3072 4555 dicitﬁse
3091 4483 3142 4537 in
3165 4481 3384 4537 Christo
3410 4492 3653 4543 manere,

408 4597 689 4652 Trinitatis
720 4592 1020 4650 substantia
1062 4589 1237 4644 beatis
1272 4587 1460 4652 oculis,
1490 4586 1645 4642 oculo
1670 4586 1739 4640 ad
1763 4585 1976 4640 oculum

408 4690 670 4760 aperitur.
724 4685 798 4739 Ibi
846 4681 1192 4752 cognoscitur
1235 4676 1875 4748 gignentis,vgcnitique,
1925 4684 1980 4728 et

408 4775 749 4849 procedentis
777 4774 916 4828 ratio
947 4771 1295 4840 sempiterna,
1334 4784 1452 4838 qua:
1483 4768 1570 4822 hic
1593 4769 1754 4823 credi
1778 4774 1976 4838 potest,

407 4865 789 4936 comprehendi
823 4880 925 4917 non
951 4870 1143 4932 potest.
1175 4859 1285 4914 Illic
1313 4860 1496 4928 regina
1517 4858 1782 4928 virginum
1813 4858 1977 4929 virgi-

409 4961 570 5014 nibus
619 4955 918 5011 innumeris
960 4953 1216 5008 comitata
1246 4992 1260 5016 ,
1305 4951 1614 5024 mansiones
1648 4951 1983 5020 perambulat

410 5053 756 5125 angelorum,
790 5061 841 5107 et
868 5051 1113 5119 utrisque
1155 5049 1368 5103 naturis
1405 5048 1629 5118 gloriam
1666 5047 1782 5116 cius
1811 5048 1982 5103 admi-

411 5145 654 5201 rantibus
683 5145 812 5199 dicit
847 5161 858 5194 :
895 5143 1032 5210 Quid
1083 5157 1169 5196 me
1199 5139 1850 5194 admiramini?Divinum
1895 5147 1980 5193 est

409 5235 722 5304 mysterium
752 5235 856 5287 hoc
879 5232 1021 5300 quod
1041 5230 1285 5295 cernitis,
1317 5229 1551 5284 divinum
1582 5226 1840 5297 profecto,
1868 5243 1976 5281 non

410 5329 738 5391 humanum,
782 5341 882 5380 nec
923 5324 1176 5379 humanis
1208 5335 1441 5392 unquam
1491 5320 1790 5375 rationibus
1830 5335 1978 5375 com-

411 5417 755 5483 prehensum.
806 5415 880 5469 Ibi
907 5427 1228 5468 numerosus
1254 5411 1564 5480 angelorum
1592 5411 1863 5464 exercitus
1885 5427 1977 5465 sa-

413 5505 580 5559 cratis
601 5505 954 5560 divisionibus
980 5503 1328 5574 splendescit,
1353 5501 1658 5556 volitatorio
1680 5502 1977 5556 delectatus

409 5595 688 5664 obsequio,
713 5612 816 5650 non
842 5595 1006 5659 velat,
1035 5595 1129 5650 sed
1153 5593 1357 5648 revelat
1382 5591 1592 5645 Domini
1621 5589 1974 5670 maiestatem.

411 5683 520 5738 Illic
550 5687 977 5764 patriarcharum
1004 5685 1196 5740 electio
1225 5682 1520 5752 primitiva,
1567 5682 1861 5736 reverenda
1890 5697 1977 5737 so-

2084 4579 2283 4641 debet,
2332 4578 2472 4632 sicut
2529 4576 2618 4632 ille
2685 4575 3017 4638 ambulavit,
3085 4583 3140 4630 et
3203 4575 3317 4644 ipse
3367 4570 3654 4627 ambulare

2083 4667 2135 4738 (I
2163 4667 2322 4721 loco.
2361 4668 2444 4737 ιι).
2472 4667 2642 4721 Cauta
2669 4682 2800 4736 ergo
2833 4666 3100 4720 canticum
3131 4666 3414 4736 graduum,
3441 4673 3505 4719 et
3525 4678 3656 4733 gra-

2082 4759 2247 4815 datim
2274 4759 2533 4823 ascende,
2563 4772 2665 4813 nec
2694 4772 3033 4827 praepropero
3058 4756 3196 4816 saltu
3239 4754 3473 4822 aliquem
3513 4768 3657 4822 pne-

2083 4847 2356 4912 termitto;
2403 4849 2551 4916 quia,
2599 4848 2692 4915 qui
2737 4845 3025 4901 offenderit
3060 4843 3124 4897 in
3173 4857 3320 4904 uno,
3355 4840 3528 4894 Iactus
3567 4846 3655 4894 est

2084 4941 2326 4998 omnium
2352 4953 2480 4993 reus
2510 4937 2647 5007 (Jac.
2681 4939 2762 5006 υ).

2153 5031 2240 5086 Sis
2261 5043 2392 5098 ergo
2418 5042 2620 5097 pauper
2665 5026 2876 5095 spiritu,
2903 5038 3007 5078 nec
3045 5032 3200 5092 putes
3241 5021 3386 5076 hunc
3413 5017 3651 5088 primum

2081 5119 2305 5192 gradum
2336 5118 2527 5172 leviter
2569 5117 2960 5185 attingendum,
2991 5128 3112 5166 cum
3159 5109 3339 5164 multm.
3385 5107 3647 5162 sollicitu-

2083 5211 2224 5266 dinis
2271 5208 2343 5263 sit
2369 5208 2622 5262 mundum
2664 5215 2718 5259 et
2738 5204 3003 5258 mundana
3030 5202 3352 5270 relinquere,
3382 5205 3438 5251 ct
3459 5211 3492 5250 a
3516 5209 3651 5250 con—

2081 5301 2456 5357 suetudiuario
2481 5311 2642 5354 cursu
2662 5309 2777 5359 cor,
2799 5308 2995 5364 corpus
3020 5303 3075 5347 et
3108 5291 3341 5346 studium
3366 5298 3650 5341 revocare.

2083 5392 2182 5459 Qui
2213 5389 2356 5446 enim
2377 5401 2587 5458 pauper
2609 5393 2694 5440 est
2721 5384 2944 5453 spiritu,
2976 5381 3182 5436 vilitate
3207 5377 3403 5449 gaudet
3422 5416 3435 5438 ,
3465 5373 3650 5428 burni-

2080 5481 2284 5535 litatem
2320 5476 2698 5546 amplectitur,
2749 5472 3016 5528 desideria
3067 5479 3282 5523 terrena
3329 5463 3648 5527 conculcat;

2079 5571 2172 5626 sed
2203 5570 2329 5639 quia
2360 5569 2448 5622 illa
2476 5574 2771 5636 paupertas
2796 5560 3146 5618 exsecrabilis
3189 5569 3272 5615 est
3293 5599 3309 5624 ,
3353 5572 3472 5626 qua:
3501 5553 3651 5623 regio

2081 5663 2272 5731 spiritu
2327 5661 2695 5715 intumescens
2741 5654 3036 5711 discordias
3095 5651 3368 5715 seminat,
3424 5644 3652 5700 inservit
