4064 6208
416 363 522 419 815

1875 353 2107 411 SERMO
2136 353 2249 408 LV.

3554 351 3659 408 816

413 472 620 537 litibus,
642 467 987 525 detractoriis
1017 469 1357 523 sermonibus
1394 467 1741 539 jucundatur,
1773 462 1988 522 evolan-
2014 477 2061 533 Α
2091 477 2198 519 non
2221 461 2558 519 defendimus
2595 460 2897 527 dimissam,
2928 461 3013 521 ad.
3038 472 3236 518 metam
3265 477 3457 520 cursus
3482 469 3663 535 porri-

412 565 539 617 dum
561 572 647 617 est
667 562 736 629 ad
757 560 976 614 secundi
1000 560 1199 629 gradus
1221 559 1629 625 sublimitatem,
1652 567 1712 612 ut
1732 559 1981 614 sitmitis.

413 653 556 708 Mitis
585 660 700 717 est,
741 651 834 721 qui
866 650 997 704 nulli
1032 651 1207 705 reddit
1237 650 1436 705 malum
1465 666 1565 721 pro
1605 651 1767 707 malo.
1794 650 1985 706 Laesus

410 743 624 799 veniam
654 741 825 812 petit,
875 749 933 794 et
962 739 1234 794 benefacit
1262 739 1599 794 laedentibus.
1630 738 1743 793 Nec
1770 740 1983 810 plenam

405 832 576 901 jactet
603 829 921 893 victoriam,
971 827 1215 897 quisquis
1256 827 1398 881 hunc
1429 827 1675 882 fortassis
1720 828 1981 893 ascendit,

409 936 532 977 cum
560 920 632 974 sit
658 919 805 977 omni
837 918 1196 988 lacrymarum
1239 914 1387 970 fonte
1416 916 1794 988 plangendum,
1840 918 1982 987 quod

409 1013 595 1069 tandiu
610 1012 745 1077 luto,
761 1020 814 1065 et
838 1010 1000 1081 292
1024 1009 1181 1064 lateri
1197 1008 1297 1064 sub
1308 1008 1608 1065 Pharaonis
1635 1011 1982 1067 servierimus

409 1109 716 1172 potestate;
759 1108 814 1154 et
851 1100 973 1153 ideo
994 1098 1137 1153 beati
1198 1098 1288 1168 qui
1338 1098 1545 1169 lugent.
1585 1098 1979 1155 Luctusautem

407 1202 718 1249 sanctorum
746 1205 850 1245 non
878 1200 960 1244 est
989 1190 1054 1243 de
1080 1189 1438 1243 diminutione
1464 1205 1667 1254 rerum,
1697 1191 1762 1245 de
1788 1206 1981 1262 corpo-

407 1299 525 1338 rum
551 1282 882 1346 inlirmitate,
913 1280 980 1334 de
1010 1280 1291 1335 ferocitate
1315 1281 1645 1336 sublimioris
1670 1286 1977 1350 potestat's;

2088 553 2259 622 gentia
2282 561 2366 607 est
2395 552 2637 617 dextera,
2667 560 2728 606 ut
2752 566 2850 621 pro
2869 551 3079 621 justitia
3106 569 3211 609 non
3234 554 3408 611 solum
3448 566 3662 624 nostra,

2087 641 2181 696 sed
2209 650 2264 695 et
2291 641 2514 696 alterius
2538 642 2971 710 persecutionem
3013 644 3312 713 patiamur,
3358 654 3413 702 et
3439 648 3667 704 resista-

2088 744 2206 784 mus
2234 744 2403 799 usque
2432 732 2499 785 ad
2529 720 2846 801 sanguinem
2864 773 2878 795 ,
2914 733 2997 788 vel
3027 749 3198 804 usque
3224 734 3292 790 ad
3320 747 3568 793 mortem.
3595 740 3662 795 Et

2086 819 2188 875 hoc
2212 830 2316 886 est,
2348 822 2490 889 quod
2519 822 2867 891 subsequitur
2896 841 2908 877 :
2946 842 2965 876 ‹
3002 824 3171 888 Beati,
3204 826 3295 895 qui
3334 830 3664 897 persecutio-

2084 929 2205 969 nem
2232 916 2514 984 patiuntur
2538 926 2757 987 propter
2776 916 3065 986 justitiam.
3101 938 3120 970 ›
3165 919 3293 974 Post
3333 921 3449 975 haec
3481 931 3663 977 autem

2082 1006 2246 1075 quid?
2271 1006 2369 1062 Hic
2396 1006 2739 1062 adhaeremus
2765 1007 2990 1063 Domino
3007 1048 3021 1073 ,
3065 1016 3119 1063 ct
3144 1025 3284 1065 unus
3312 1025 3435 1066 cum
3461 1026 3527 1067 eo
3552 1013 3665 1084 spi-

2083 1096 2218 1150 ritus
2244 1096 2526 1152 efﬁcimur.
2574 1097 2674 1153 llic
2727 1098 3083 1167 disrumpitur
3130 1102 3331 1167 nubes,
3363 1111 3419 1156 et
3463 1103 3664 1160 transit

2081 1185 2279 1239 oratio.
2326 1186 2425 1241 Hic
2472 1187 2711 1241 revelata
2757 1187 2898 1242 facie
2958 1187 3184 1258 gloriam
3234 1188 3443 1244 Domini
3496 1191 3657 1263 293

2079 1271 2439 1339 speculamur.
2483 1271 2581 1326 llic
2614 1272 2844 1328 dulcedo
2878 1273 3121 1342 spiritus,
3172 1274 3350 1330 cordis
3394 1279 3657 1341 suavitas,

404 1373 591 1444 lugent
612 1374 756 1429 enim
784 1382 1028 1443 peccata,
1054 1371 1138 1427 vel
1164 1373 1403 1443 propria,
1426 1373 1510 1427 vel
1535 1373 1734 1438 aliena,
1766 1375 1965 1428 ruinam

2072 1361 2320 1431 jubilatio
2360 1363 2577 1417 mentis.
2627 1362 2824 1418 Beatus
2855 1364 3134 1434 [populus,
3169 1366 3261 1435 qui
3315 1366 3417 1421 scit
3456 1365 3660 1434 jubila-

404 1462 629 1528 mundi,
680 1462 1062 1517 detrimentum
1110 1461 1270 1527 fidei,
1317 1471 1684 1533 contemptum
1707 1462 1965 1532 iustitiae,

2080 1454 2281 1507 tionem
2317 1451 2490 1523 (Psal.
2534 1452 2823 1523 Lxxxvm).

404 1554 797 1621 abundantiam,
823 1553 1148 1623 iniquitatis,
1179 1552 1495 1609 dilationem
1522 1555 1693 1625 regni.
1870 1616 1875 1619 _
2149 1542 2439 1599 Videamus
2478 1544 2523 1598 si
2553 1543 2692 1599 forte
2735 1544 2916 1613 aliqua
2954 1544 3223 1599 sermonis
3266 1548 3654 1616 consequentia

473 1642 586 1698 Nec
630 1643 718 1697 hic
760 1643 1237 1697 consummationis
1289 1645 1555 1699 terminus
1598 1646 1973 1714 imponemus,
2076 1632 2437 1689 beatitudiues
2460 1634 2594 1689 istas
2616 1643 2823 1704 septem
2846 1634 3002 1689 donis
3034 1634 3091 1689 S.
3127 1633 3364 1705 Spiritus
3386 1636 3656 1705 possimus

401 1749 527 1789 cum
564 1732 804 1802 perfecta
834 1733 1046 1801 justitia
1083 1735 1157 1787 sit
1191 1733 1420 1803 diligere
1470 1734 1775 1804 proximum
1836 1737 1965 1791 sicul

2076 1722 2374 1794 assignare.
2417 1721 2802 1793 Paupertatem
2828 1723 3053 1794 spiritus
3090 1732 3313 1794 generat
3342 1725 3505 1779 timor
3534 1725 3651 1790 Dei,

401 1826 671 1894 seipsum;
717 1831 774 1878 et
821 1821 940 1891 ejus
986 1836 1243 1879 excessus
1293 1824 1460 1879 libera
1504 1826 1872 1891 discretione,
1920 1834 1965 1881 el

2076 1813 2168 1882 qui
2198 1814 2390 1884 pungit
2417 1814 2677 1878 animam,
2699 1822 2755 1869 et
2778 1814 3099 1885 sanguinem
3119 1813 3281 1877 elicit.
3308 1822 3363 1868 et
3386 1815 3530 1886 cogit
3554 1831 3655 1871 nos

401 1916 635 1971 discreta
662 1914 985 1983 redarguere
1008 1913 1277 1970 libertate.
1306 1914 1409 1981 Qui
1431 1914 1575 1969 enim
1598 1929 1694 1985 pro
1721 1930 1972 1986 persona,
2000 1969 2006 1977 ,
2078 1921 2322 1975 quaerere
2349 1905 2695 1961 medicinam.
2722 1904 2770 1958 Α
2817 1904 3013 1959 timore
3044 1913 3158 1969 tuo,
3188 1902 3437 1969 Domine,
3460 1919 3653 1961 conce-

398 2022 561 2077 quam
590 2005 748 2076 gerit,
779 2018 886 2060 non
918 2006 1120 2061 resistit
1148 2006 1531 2075 peccantibus,
1565 2006 1631 2061 de
1660 2022 1758 2062 suo
1795 2023 1855 2062 se
1880 2022 1976 2062 no—

400 2096 540 2149 verit
565 2095 782 2150 silentio
806 2110 928 2150 esse
956 2095 1343 2150 damnandum.
1389 2095 1575 2150 Esurit
1600 2111 1752 2166 ergo,
1781 2106 1837 2152 et
1859 2098 1977 2153 sitit

391 2184 692 2256 justitiam,
745 2186 838 2255 qui
880 2185 1009 2239 vitia
1060 2186 1330 2253 destruit,
1392 2187 1659 2242 construit
1702 2188 1973 2253 virtutes;

399 2275 614 2332 sobrius
642 2274 765 2339 sibi,
798 2272 977 2342 justus
1018 2276 1300 2344 proximo,
1334 2276 1453 2345 pius
1482 2277 1610 2331 Dee.
1655 2276 1822 2347 Cujus
1864 2278 1977 2332 aui-

398 2381 545 2422 mam
568 2369 678 2423 urit
705 2369 856 2425 zelus
884 2369 1077 2426 domus
1106 2370 1223 2437 Dei,
1271 2372 1363 2442 qui
1408 2382 1594 2428 cantat
1617 2388 1738 2429 cum
1774 2374 1923 2443 justo
1954 2391 1969 2427 :

403 2475 422 2509 ι
455 2457 754 2516 'l'abesoere
799 2476 888 2517 me
937 2460 1068 2517 fecit
1113 2463 1261 2519 zelus
1304 2471 1448 2531 tuus,
1494 2463 1622 2533 quia
1651 2463 1803 2519 obliti
1846 2474 1974 2521 sunt

398 2552 560 2606 verba
588 2561 676 2605 tua
705 2552 909 2609 inimici
936 2556 1062 2609 mei.
1100 2573 1119 2608 ι

470 2642 577 2697 Sed
615 2643 740 2712 quia
788 2646 1079 2699 secundum
1116 2660 1302 2701 vocem
1348 2647 1603 2711 oratoris,
1654 2650 1972 2717 plerumque

394 2747 666 2787 summum
674 2732 764 2802 jus
787 2734 990 2789 malitia
1012 2744 1116 2800 est,
1131 2745 1183 2789 et
1207 2738 1600 2792 inconsiderata
1608 2738 1817 2807 justitia
1837 2752 1975 2807 prae.

395 2821 639 2890 cipitium
676 2824 926 2892 parturit,
959 2824 1079 2879 ideo
1109 2826 1351 2894 sequitur
1381 2843 1394 2879 ;
1433 2844 1451 2876 ε
1484 2826 1633 2881 Beati
1663 2827 1974 2881 misericor-

394 2912 510 2967 des.
554 2930 574 2964 ι
609 2911 980 2970 Misericordia
1010 2926 1095 2971 est
1123 2917 1426 2985 speciosum
1480 2919 1729 2972 humanae
1764 2927 1970 2975 natura:

393 3010 796 3068 ornamentum,
839 3004 995 3075 cujus
1019 3021 1214 3076 expers
1246 3005 1385 3061 male
1429 3008 1753 3079 degenerat,
1793 3019 1850 3064 et
1874 3010 1972 3065 lio-

393 3092 593 3146 minem
627 3092 902 3147 dillitetur.
932 3096 1024 3149 Est
1064 3105 1242 3150 autem
1271 3111 1395 3150 vera
1430 3099 1821 3163 misericordia,
1845 3114 1966 3154 cum

2075 1998 2251 2068 pimus
2304 1995 2797 2067 et-parturivimus
2826 2034 2842 2061 ,
2880 1994 3131 2065 spiritum
3189 1993 3382 2049 salutis
3422 1992 3651 2048 fecimus

2075 2103 2239 2159 super
2273 2098 2498 2156 terram,
2537 2089 2642 2144 hoc
2690 2096 2795 2154 est,
2844 2086 3095 2156 spiritum
3126 2080 3478 2156 paupertatis,
3522 2085 3653 2140 dicit

2074 2179 2240 2235 Isaias
2285 2181 2545 2251 propheta
2591 2178 2726 2250 (Ira.
2755 2177 2947 2248 ιχνι),,
2979 2177 3090 2231 imo
3125 2191 3222 2245 per
3241 2176 3433 2231 Isaiam
3463 2176 3650 2230 Domi-

2076 2291 2197 2330 nus.
2228 2276 2326 2331 Hic
2355 2276 2485 2330 facit
2526 2290 2625 2330 nos
2656 2274 2925 2329 mundana
2958 2272 3040 2331 vel
3074 2273 3401 2344 relinquere,
3433 2272 3518 2328 vel
3540 2288 3650 2329 non

2073 2370 2483 2441 concupiscere,
2531 2369 2714 2424 clavus
2750 2368 2962 2423 clavum
3014 2366 3313 2438 expellens,
3357 2374 3412 2421 et
3447 2367 3650 2435 pertin-

2073 2479 2204 2533 gens
2224 2477 2395 2532 usque
2428 2462 2496 2517 ad
2545 2460 2863 2516 divisionem
2894 2459 3087 2513 anima:
3117 2467 3172 2512 et
3202 2458 3444 2528 spiritus.
3466 2456 3648 2511 Pietas

2072 2563 2251 2608 autem
2284 2553 2441 2606 mites
2465 2551 2612 2617 facit,
2645 2552 2773 2605 dum
2799 2565 2897 2605 nos
2923 2548 3148 2605 dulciori
3185 2548 3374 2619 spiritu
3399 2546 3649 2617 superfu-

2071 2659 2160 2697 sos
2212 2643 2278 2696 ad
2326 2640 2757 2696 mansuetudinis
2814 2638 3108 2694 thalamum
3173 2637 3488 2692 introducit.
3539 2636 3647 2703 Qui

2070 2734 2221 2797 enim,
2252 2730 2461 2789 ell'erati
2494 2744 2620 2786 sunt
2643 2729 2919 2800 superbia,
2948 2729 3205 2784 sublimes
3227 2728 3281 2782 in
3310 2726 3482 2781 oculis
3504 2726 3645 2792 suis,

2071 2826 2324 2879 ardentes
2370 2823 2593 2886 invidia,
2656 2821 2887 2876 invicem
2943 2820 3274 2884 mordentes,
3314 2826 3370 2873 et
3414 2818 3647 2872 invicem

2069 2914 2400 2985 consumpti,
2430 2913 2700 2983 quomodo
2742 2911 3074 2981 mitigatoria
3105 2917 3329 2979 possunt
3356 2910 3502 2964 indui
3532 2909 3647 2980 pie—

2070 3014 2179 3061 tate
2199 3006 2224 3059 ?
2244 3005 2411 3059 Porro
2441 3003 2667 3058 scientia
2697 3001 2898 3056 luctum
2931 3000 3090 3069 parit.
3116 2999 3329 3053 Scimus
3348 2998 3494 3053 enim
3515 2998 3645 3066 quia

2070 3094 2363 3164 singularis
2396 3091 2627 3148 scientia
2667 3100 2752 3145 est
2805 3089 3107 3160 recogitare
3143 3102 3313 3142 annos
3344 3096 3558 3141 nostros
3584 3085 3645 3140 in

391 3183 825 3252 superexaltatur
853 3185 1223 3241 misericordia
1261 3185 1466 3255 judicio
1484 3226 1499 3251 ,
1526 3203 1647 3241 cum
1680 3188 1761 3241 vel
1806 3188 1968 3258 largi—
1995 3167 2038 3226 (ἶ
2070 3184 2438 3240 amaritudine
2481 3182 2675 3236 anima:
2704 3189 2901 3234 nostra:
2923 3170 3080 3249 (Iani.
3107 3176 3359 3248 xxxviii),
3380 3179 3439 3230 'et
3464 3175 3644 3231 multi-

393 3281 507 3327 tate
547 3273 879 3337 substantize,
930 3274 1014 3329 vel
1057 3275 1196 3330 bona
1227 3277 1540 3341 voluntate,
1586 3277 1670 3333 vel
1720 3278 1963 3333 doctrina

389 3361 563 3426 verbi,
589 3362 674 3416 vel
698 3364 945 3433 exemplo
965 3364 1119 3429 facti,
1153 3366 1381 3435 proximi
1409 3381 1627 3437 corpus,
1652 3379 1707 3421 et
1728 3368 1963 3423 animam

390 3451 718 3508 relevemus.
745 3454 876 3508 Cum
904 3466 1085 3510 autem
1108 3455 1221 3525 jam
1250 3471 1280 3510 a
1309 3456 1555 3511 claritate
1583 3457 1637 3512 in
1663 3458 1962 3514 claritatem

388 3544 471 3599 sic
514 3547 838 3615 coeperimus
866 3547 1144 3602 ambulare
1164 3587 1179 3611 ,
1210 3562 1241 3601 a
1271 3547 1517 3602 claritate
1558 3549 1739 3603 cordis
1768 3550 1962 3615 nostri,

386 3634 456 3687 ad
483 3635 887 3690 clariticaudum
910 3651 1006 3690 eor
1034 3638 1286 3706 proximi,
1333 3637 1628 3692 mandandi
1673 3654 1860 3693 sumus
1896 3638 1965 3692 ab

385 3725 534 3777 omni
585 3725 996 3794 inquinamento
1044 3727 1226 3782 carnis
1281 3736 1337 3781 et
1397 3726 1655 3796 spiritus,
1697 3729 1766 3783 ab
1816 3728 1961 3781 omni

386 3810 548 3879 hujus
590 3813 772 3867 mundi
816 3815 1160 3883 aspersione,
1206 3829 1339 3883 pure
1383 3830 1674 3885 presseque
1700 3816 1959 3886 tergeudi.

386 3902 530 3956 sicut
553 3901 891 3973 subiungitur
916 3920 929 3957 :
963 3922 981 3955 ι
1016 3904 1166 3958 Beati
1197 3904 1397 3959 mundo
1426 3905 1610 3961 corde.
1643 3924 1661 3957 ι
1690 3905 1821 3972 Quis
1846 3904 1961 3976 glo-

387 3994 619 4048 riabitur
639 4004 847 4050 castum
874 4009 934 4049 se
962 3997 1159 4051 habere
1199 4011 1296 4050 cor
1342 3994 1527 4066 (Prov.
1571 3997 1703 4065 xx)?
1727 3995 1960 4050 Pravum

384 4095 495 4136 est.
524 4099 621 4138 cor
669 4086 936 4151 hominis,
984 4095 1039 4141 et
1089 4087 1457 4142 inscrutabile.
1495 4087 1627 4154 Quis
1669 4098 1960 4157 cognoscet

385 4173 552 4228 illud?
574 4174 707 4245 (Jer.
736 4178 892 4245 xvii.)
928 4176 1149 4231 Dillicile
1169 4185 1250 4232 est
1293 4177 1424 4232 illud
1452 4180 1732 4243 mundare,
1758 4194 1880 4233 cum
1906 4181 1957 4233 in

384 4266 501 4321 suis
526 4267 723 4323 abditis
747 4268 1099 4333 delitescens,
1149 4270 1469 4325 irruentium
1497 4271 1721 4339 recipiat
1746 4272 1958 4341 agmina

385 4357 772 4427 cogitationum
795 4398 809 4421 ,
856 4358 1143 4428 plurimum
1179 4360 1342 4414 etiam
1387 4360 1743 4416 renitentibus
1777 4360 1953 4427 nobis,

385 4448 482 4502 sed
512 4462 851 4517 nequaquam
880 4448 1051 4503 obniti
1093 4448 1413 4503 valentibus.
1453 4449 1547 4504 llle
1586 4448 1751 4517 igitur
1793 4464 1954 4503 mun-

384 4539 515 4592 dum
544 4553 642 4591 cor
670 4541 849 4602 habet,
878 4540 969 4607 qui
1000 4540 1280 4610 utriusque
1314 4539 1550 4595 hominis
1593 4540 1825 4595 motibus
1856 4542 1957 4595 mi-

385 4628 591 4698 tigatis,
622 4627 899 4697 passiones
947 4645 1053 4683 non
1103 4632 1263 4685 modo
1290 4632 1556 4701 reprimit,
1585 4632 1680 4687 sed
1725 4632 1955 4703 ignorat,

384 4720 620 4774 naturali
643 4735 804 4774 cursu
826 4720 1090 4775 bonorum
1129 4736 1353 4790 operum
1379 4724 1759 4786 communitus,
1782 4724 1958 4779 cruci-

383 4809 525 4864 fixus
554 4811 776 4875 mundo,
803 4822 858 4867 et
882 4813 968 4867 cui
998 4814 1287 4868 crucifixus
1312 4822 1395 4868 est
1438 4816 1668 4871 mundus
1698 4814 1953 4887 (Camn).

382 4902 546 4956 Pauci
578 4912 778 4963 autem,
828 4903 1025 4972 quibus
1052 4918 1112 4958 se
1144 4904 1397 4958 infuderit
1438 4914 1598 4959 tanta:
1628 4906 1815 4976 gratiae
1845 4905 1958 4975 ple-

380 4994 592 5047 nitudo.
617 4993 934 5063 Quicunque
963 5004 1143 5049 autem
1176 4995 1249 5049 illi
1278 5005 1442 5061 sunt,
1482 4997 1592 5066 jam
1624 5007 1748 5052 sunt
1791 5013 1957 5068 prope

380 5083 615 5151 palmam
660 5098 909 5150 superna:
954 5084 1275 5148 vocationis,
1322 5086 1365 5139 si
1410 5101 1577 5153 pace,
1628 5103 1731 5154 qua
1769 5085 1954 5141 refecti

380 5184 530 5237 sunt,
557 5173 844 5241 paciﬁcare
873 5175 1127 5228 studeant
1152 5175 1496 5242 dissidentes,
1541 5187 1595 5231 et
1621 5179 1801 5232 dicere
1829 5194 1951 5233 cum

378 5264 648 5333 Propheta
676 5281 688 5316 :
729 5282 747 5314 ι
780 5264 913 5319 Cum
944 5265 1027 5319 his
1065 5265 1155 5335 qui
1197 5267 1428 5320 oderunt
1453 5283 1635 5336 pacem
1688 5283 1831 5322 eram
1861 5286 1954 5339 pa-

378 5356 565 5410 cilicus
594 5355 769 5426 (Prol.
817 5359 988 5427 cxtx).
1028 5377 1048 5410 ι
1083 5359 1289 5413 idcirco
1334 5360 1708 5413 stibiufcrtur:
1751 5342 1947 5415 «Beati

377 5444 609 5513 paciﬁci,
649 5464 666 5497 ι
698 5460 802 5498 non
846 5446 1019 5499 solum
1064 5448 1269 5516 pacati,
1320 5448 1950 5517 sedpacilici,facientes

376 5549 584 5603 pacem,
612 5537 917 5591 concordiae
946 5538 1153 5591 semina
1180 5538 1529 5594 seminantes.

446 5622 556 5678 Sed
590 5626 727 5694 quia
771 5627 967 5695 sapius
1014 5627 1097 5681 vel
1146 5628 1450 5683 adulatione
1494 5630 1823 5697 palantium,
1864 5632 1947 5685 vel

373 5726 563 5769 amore
586 5716 965 5786 temporalium
986 5756 1001 5783 ,
1024 5715 1428 5794 jttstiliammattt
1466 5717 1814 5787 dimittimus,
1856 5730 1950 5775 aut

2067 3280 2293 3350 plicibus
2315 3277 2677 3348 lacrymarum
2695 3273 2883 3328 rivulis
2899 3272 3116 3342 propria
3137 3269 3332 3325 deﬂere
3348 3270 3568 3326 delicta.

2138 3369 2211 3423 De
2242 3367 2557 3422 fortitudine
2587 3380 2721 3421 vero.
2740 3364 2980 3419 nascitur
3016 3360 3204 3426 fames,
3251 3371 3307 3416 et
3333 3362 3454 3416 sitis
3482 3360 3643 3431 justi-

2067 3463 2189 3527 tite;
2220 3475 2342 3516 cum
2367 3458 2563 3513 virium
2588 3458 2656 3511 sit
2687 3472 2792 3510 non
2820 3469 3137 3525 paucarum,
3164 3468 3264 3524 pro
3284 3452 3643 3521 libertateju-

2064 3553 2223 3607 stitim
2253 3549 2411 3612 mori,
2442 3549 2638 3603 nedum
2668 3547 2812 3616 loqui
2847 3564 2860 3600 :
2890 3555 2945 3601 et
2973 3545 3064 3600 ubi
3085 3544 3228 3599 Deus
3259 3544 3312 3598 in
3344 3559 3506 3599 causa
3527 3552 3637 3609 est,

2065 3658 2166 3697 nec
2206 3640 2349 3694 allici
2401 3637 2698 3702 blanditiis,
2728 3652 2825 3691 nec
2856 3645 3063 3692 terrore
3090 3635 3314 3691 moveri.
3339 3633 3637 3689 Consilium

2063 3741 2243 3785 autem
2280 3727 2709 3783 misericordiam
2741 3726 2902 3793 parit,
2928 3742 3049 3780 cum
3076 3739 3288 3780 summa
3321 3725 3487 3780 totius
3507 3739 3639 3779 con-

2063 3820 2168 3876 silii
2193 3820 2265 3874 sit
2300 3817 2584 3873 consulere
2608 3816 2877 3881 omnibus,
2905 3824 2960 3870 et
3005 3816 3353 3870 infirmitates
3382 3825 3488 3869 tam
3514 3815 3637 3871 ani-

2064 3921 2296 3972 marum,
2325 3922 2489 3977 quam
2512 3920 2799 3974 corporum
2828 3905 3637 3975 benignamanumisericordia:

2061 4000 2361 4055 sublevare.
2384 3996 2640 4051 blanditia
2661 3996 2843 4051 cordis
2867 3996 2936 4050 ab
2958 3995 3262 4051 intellectus
3288 3996 3523 4064 puritate
3546 3997 3638 4051 de-

2060 4090 2293 4154 scendit,
2321 4089 2412 4158 qui
2441 4088 2620 4142 cordis
2652 4086 2989 4158 receptacula
3016 4095 3229 4158 purgat,
3255 4097 3311 4142 et
3334 4086 3634 4142 latebrosus

2059 4182 2175 4252 ejus
2205 4180 2428 4235 ali‘ectus
2456 4180 2767 4234 acutissima
2798 4180 3304 4250 circumspectionis
3350 4181 3484 4235 falce
3512 4197 3637 4236 suc-

2058 4274 2207 4329 cidit.
2256 4273 2426 4329 Porro
2476 4272 2736 4341 paciﬁcus
2777 4275 2845 4326 ab
2876 4272 3045 4341 ipsius
3088 4272 3368 4341 sapientia:
3391 4274 3635 4328 nascitur

2056 4365 2389 4428 summitate,
2414 4362 2709 4418 conformis
2741 4363 2818 4418 illi
2854 4362 3164 4433 Sapientize,
3186 4380 3307 4433 quae
3322 4367 3494 4435 pretio
3509 4380 3636 4421 san--

2057 4455 2235 4523 guinis
2263 4454 2347 4507 sui
2373 4462 2427 4507 et
2452 4463 2649 4506 terram
2676 4451 3002 4520 paciﬁcavit,
3026 4461 3082 4506 et
3102 4453 3320 4508 cmlum.

2128 4543 2402 4599 Fortassis
2453 4544 2641 4607 etiam,
2673 4542 2719 4596 si
2755 4541 3068 4612 diligentius
3096 4554 3518 4612 perserutemur,
3547 4563 3632 4602 se-
3660 4618 3665 4619 ί

2057 4644 2203 4706 ptem
2236 4635 2613 4706 petitionibus,
2641 4648 2762 4703 quae
2793 4634 2847 4687 in
2877 4634 3123 4688 oratione
3153 4634 3427 4690 Dominica
3458 4639 3631 4691 conti-

2058 4734 2274 4788 nentur,
2328 4739 2422 4779 eas
2469 4724 2662 4778 iterum
2686 4732 3042 4778 concatenare
3079 4724 3393 4794 poterimus.
3420 4726 3632 4783 llliete-

2058 4817 2170 4872 uim
2193 4817 2260 4871 de
2287 4815 2481 4870 timore
2508 4814 2721 4870 Domini
2760 4823 3131 4884 paupertatem
3171 4817 3393 4891 spiritus
3419 4818 3629 4889 ample-

2056 4916 2298 4972 ctuntur,
2336 4905 2674 4976 qui‘volunt,
2725 4915 2786 4961 ut
2815 4907 3185 4962 sanctificetur
3230 4909 3282 4962 in
3315 4910 3398 4963 eis
3432 4924 3624 4965 nomen

2038 4997 2292 5061 Domini,
2339 5007 2397 5051 et
2447 4998 2637 5052 dicunt
2662 5012 2783 5051 cum
2827 4996 3112 5052 Psalmista
3145 5015 3158 5052 :
3194 5016 3213 5049 ι
3248 4997 3470 5053 Custodi
3506 5000 3625 5054 aui-

2057 5103 2201 5143 mam
2235 5101 2431 5150 meam,
2470 5087 2723 5156 quoniam
2748 5094 2969 5141 sanctus
2989 5102 3106 5140 sum
3148 5084 3319 5157 (Prol.
3355 5088 3576 5158 uxxv).
3600 5108 3620 5141 ι

2057 5178 2158 5244 Qui
2207 5192 2337 5232 vero
2389 5186 2515 5231 sunt
2554 5177 2734 5240 mites,
2786 5176 2889 5230 nisi
2928 5189 3062 5244 quos
3091 5179 3264 5247 pietas
3292 5177 3501 5241 imbuit,
3532 5178 3623 5248 qui

2054 5286 2177 5323 cum
2194 5270 2455 5339 patientia
2476 5277 2530 5322 et
2554 5271 2966 5323 mansuetudine
3000 5267 3312 5339 frequenter
3328 5272 3621 5341 postulant,

2054 5360 2382 5420 utadveuiat
2409 5371 2631 5426 regnum
2672 5357 2783 5419 Dei,
2831 5358 3112 5426 cupientes
3153 5359 3391 5422 dissolvi,
3421 5366 3475 5413 ἐι
3503 5374 3623 5416 esse

2049 5466 2171 5506 cum
2198 5451 2412 5505 Christo
2436 5450 2459 5502 ?
2479 5445 2734 5518 (Philipp.
2767 5448 2828 5516 ι.)
2860 5447 3097 5514 Quorum
3123 5450 3461 5505 universitati
3491 5468 3617 5506 san-

2050 5549 2169 5595 ctus
2190 5548 2401 5593 eructat
2423 5538 2611 5592 dicens
2634 5553 2647 5591 :
2678 5555 2699 5588 ‹
2738 5537 3001 5608 Exspecta
3026 5539 3333 5605 Dominum,
3361 5549 3415 5595 et
3442 5554 3621 5597 custo-

2049 5630 2105 5683 di
2128 5630 2269 5683 viam
2300 5629 2435 5697 ejus,
2468 5635 2524 5681 et
2573 5628 2835 5683 exaltabit
2883 5638 2960 5696 te,
3004 5638 3065 5682 ut
3092 5630 3407 5686 haereditate
3435 5633 3618 5700 capias

2051 5729 2247 5777 terram
2289 5720 2459 5798 (Prol.
2484 5722 2702 5795 xxxvr);
2736 5743 2754 5775 ι
2791 5733 2934 5783 terra
2975 5722 3118 5778 enim
3162 5723 3453 5778 viventium
3494 5736 3617 5804 ρεστ
