4064 6208
443 340 545 395 815

1070 334 1126 389 S.
1169 331 1368 388 PETlll
1408 320 2063 384 DAMIANIOPP.PARS
2103 321 2233 378 SEU
2277 322 2599 378 TOMUSH.
2642 354 2709 363 —
2738 321 3101 377 SERMONES

3564 321 3609 375 ‘8
3620 322 3681 375 l6

444 454 675 510 mittitur
704 452 1041 522 possidenda.
1065 447 1165 513 Qui
1195 454 1371 499 autem
1397 444 1601 515 lugent,
1629 442 1730 495 nisi
1762 453 1897 508 quos
1921 438 2001 490 in-
2032 435 2083 493 Δ
2112 445 2198 489 tur
2225 435 2604 517 imperator'iu
2650 434 2842 498 milite,
2883 434 3135 489 laudatur
3174 431 3332 488 miles
3366 432 3419 488 in
3444 432 3681 502 impera-

443 549 603 601 struit
649 543 869 597 scientia
897 540 1168 601 salutaris,
1200 536 1289 606 qui
1322 536 1528 602 piarum
1566 532 1723 585 undis
1745 530 2003 597 lacryma-

443 655 559 691 nim
587 634 916 689 voluntatem
944 630 1037 683 Dei
1062 629 1245 683 volunt
1278 627 1391 681 fieri
1422 626 1563 679 sicut
1590 624 1642 676 in
1674 621 1834 683 coelo,
1859 620 1931 672 ita
1955 618 2006 670 iu

445 737 583 781 terra
617 742 630 788 ;
666 724 801 777 sicut
828 723 879 774 in
923 718 1145 788 angelis,
1182 720 1252 772 ita
1296 719 1349 770 in
1372 712 1895 769 horninibus?Porro
1927 709 2007 760 fa-

443 831 554 870 mes
603 823 658 867 et
676 813 793 867 sitis
813 809 1036 878 justitiae
1058 810 1121 863 de
1143 808 1338 861 mentis
1366 804 1679 859 fortitudine
1694 809 2005 871 generatur,

438 919 558 975 quze
580 901 949 972 quotidianum
982 912 1172 968 panem
1216 896 1284 949 ab
1310 896 1439 963 ipsis
1470 893 1563 946 Dei
1592 890 1841 945 manibus
1863 904 2009 959 qua-

441 998 509 1050 rit
537 1013 551 1061 ;
580 1009 774 1065 panem
801 993 948 1046 illum
1003 991 1247 1043 videlicet
1281 988 1372 1056 qui
1403 1001 1498 1039 cor
1546 984 1778 1038 hominis
1814 980 2008 1036 conﬁr-

438 1096 572 1141 mat.
606 1085 704 1152 Qui
732 1084 892 1138 etiam
946 1080 1327 1135 misericordes
1376 1085 1521 1136 sunt,
1548 1074 1652 1128 nisi
1685 1072 1777 1143 qui
1804 1086 1903 1140 pro
1931 1070 2009 1123 fa-

438 1178 641 1232 cultate
669 1173 955 1228 consulunt
976 1171 1247 1233 omnibus,
1270 1177 1323 1221 et
1346 1166 1533 1219 audaci
1564 1162 1893 1218 conscientia
1917 1176 2009 1230 pa-

438 1279 583 1324 ctum
622 1266 827 1321 faciunt
867 1278 987 1318 cum
1022 1263 1151 1327 Deo,
1206 1261 1445 1314 dicentes
1478 1278 1491 1311 :
1531 1274 1550 1307 ι
1609 1255 1831 1310 Dimitte
1857 1252 2010 1307 nobis

438 1359 621 1413 debita
649 1366 854 1419 nostra,
912 1355 1054 1409 sicut
1083 1362 1137 1406 et
1181 1366 1279 1406 nos
1326 1349 1648 1403 dimittimus
1677 1344 2009 1401 debitoribus

438 1447 899 1519 29lgnostris‘h
944 1444 1197 1498 Mundum
1250 1450 1427 1495 autem
1458 1455 1554 1494 cor
1604 1452 1712 1491 non
1740 1436 1841 1490 nisi
1869 1434 2008 1507 luci-

441 1539 693 1593 dissimus
752 1533 983 1604 percipit
1035 1531 1362 1593 intellectus,
1408 1529 1497 1598 qui
1524 1543 1628 1582 non
1658 1524 1928 1580 inducitur
1956 1523 2009 1575 in

441 1627 808 1687 tentationcm,
872 1638 1064 1693 rogans
1093 1638 1121 1675 a
1161 1622 1322 1677 Patre
1369 1619 1653 1681 luminum,
1690 1631 1797 1671 non
1820 1625 1874 1669 ut
1900 1628 2007 1667 non

442 1728 697 1781 tentetur,
744 1715 836 1771 sed
867 1727 1056 1769 utnon
1108 1713 1411 1776 inducatur,
1469 1709 1748 1765 excutiens
1787 1705 2010 1760 latroci.

2110 535 2245 581 tore.
2300 525 2558 580 Testatur
2584 524 2685 580 hoc
2715 523 3048 579 Turonensis
3094 521 3336 576 Ecclesia
3371 522 3681 575 thesaurum

2107 618 2351 686 corporis
2377 618 2494 687 ejus
2539 617 2847 681 continens,
2888 629 3011 685 quae
3037 614 3409 683 possessiones
3438 627 3568 667 suas
3586 629 3683 668 cx-

2109 708 2280 762 tendit
2317 723 2348 762 a
2396 708 2533 762 mari
2558 722 2729 777 usque
2762 707 2830 761 ad
2864 719 3033 769 mare,
3058 719 3229 774 quam
3248 703 3679 759 ‘fecuudaveruut

2108 812 2281 869 reges,
2313 808 2367 853 et
2388 807 2720 852 ornaverunt
2746 797 3039 867 principes,
3090 797 3177 850 cui
3200 794 3434 850 Romani
3461 796 3675 862 pontifi-

2107 906 2199 945 ces
2217 906 2441 945 summ
2464 890 2735 945 libertatis
2755 889 2972 959 fastigia
2997 889 3374 959 providerunt.

2176 982 2401 1036 Accedit
2427 982 2591 1036 etiam
2623 982 2689 1036 ad
2716 981 2943 1050 gloriam
2971 979 3322 1044 confessoris,
3347 970 3473 1047 quia
3502 978 3566 1035 ‘in
3598 980 3680 1046 ip-

2108 1074 2222 1128 sius
2273 1076 2478 1129 honore
2530 1073 2788 1127 nonnulla
2839 1072 3046 1141 aedium
3082 1070 3466 1140 episcopalium
3491 1071 3681 1125 funda-

2109 1172 2287 1218 menta
2319 1163 2489 1217 locata
2528 1172 2669 1223 sunt.
2718 1162 2861 1231 quod
2883 1162 3009 1233 (nisi
3040 1161 3219 1231 fallor)
3252 1162 3320 1216 de
3345 1162 3453 1215 a‘lio
3476 1179 3579 1216 non
3600 1162 3686 1215 tle-

2109 1256 2254 1323 gitur
2280 1254 2613 1309 confessore.
2644 1252 2916 1309 Scintillat
2940 1252 3118 1322 longe,
3142 1251 3358 1321 lateque
3377 1252 3556 1323 fulgor
3573 1254 3687 1306 ela-

2111 1343 2291 1397 ritatis
2338 1342 2504 1406 illius,
2532 1351 2589 1397 et
2617 1343 2683 1397 de
2711 1342 2936 1397 remotis
2979 1341 3165 1396 mundi
3182 1342 3432 1411 partibus
3456 1343 3525 1397 ad
3545 1356 3684 1411 prac-

2111 1432 2343 1485 sentiam
2372 1432 2543 1487 sancti
2571 1431 2818 1501 corporis
2850 1430 3012 1500 295
3044 1429 3354 1485 festinatur.
3388 1430 3684 1486 Clementia

2111 1522 2431 1586 divinitatis,
2459 1530 2513 1577 et
2562 1523 2800 1592 regibus,
2824 1530 2879 1576 et
2909 1536 3075 1591 regno
3106 1528 3287 1576 nostro
3314 1520 3549 1589 providit
3580 1520 3683 1575 mi-

2112 1613 2478 1675 sericorditer,
2510 1612 2602 1667 ubi
2632 1620 2839 1666 tantum
2861 1611 3041 1665 lumen
3071 1610 3138 1666 ad
3166 1610 3460 1667 remedium
3489 1624 3682 1678 poem-

2112 1711 2292 1757 torum
2346 1702 2401 1756 in
2443 1700 2698 1756 saeculum
2748 1699 3052 1755 collocavit.
3090 1700 3256 1754 Actus
3284 1697 3399 1765 ejus
3439 1706 3495 1752 et
3518 1698 3686 1753 vitam

441 1809 683 1863 nantium
737 1816 941 1860 turmas
997 1805 1333 1875 negotiorum
1373 1800 1683 1860 Pacificatio
1708 1812 1835 1853 vero
1854 1813 1883 1851 a
1912 1796 2013 1852 Sa-
2038 1805 2088 1867 Β
2116 1794 2348 1849 Severus
2371 1793 2595 1863 insignis
2636 1800 2842 1855 orator,
2896 1791 2969 1846 ita
3000 1806 3097 1846 suo
3120 1790 3420 1849 nobilitavit
3446 1790 3680 1865 eloquio.

439 1899 638 1969 picutia
671 1898 784 1967 ipsa
832 1897 1124 1959 descendit,
1165 1895 1251 1948 ubi
1296 1894 1589 1948 liberamur
1614 1906 1643 1944 a
1671 1889 1834 1953 malo,
1864 1888 2011 1942 etab

442 1988 683 2040 outttium
730 1985 1074 2054 iniquitatum
1126 1982 1453 2037 mundamur
1477 1980 1705 2034 influxu.
1735 1978 1861 2032 Haec
1888 1984 2013 2031 sunt

440 2088 646 2146 scplcm
694 2074 1078 2137 beatitudincs,
1133 2082 1337 2143 septem
1367 2071 1528 2133 dona,
1566 2079 1773 2140 septem
1800 2068 2014 2139 petitio.

440 2180 553 2229 nes,
602 2171 807 2232 septem
865 2162 1208 2223 candelabra,
1262 2168 1468 2230 septem
1510 2159 1765 2221 lucerna,
1805 2167 2012 2227 septem

442 2252 727 2315 infusoria,
756 2261 961 2320 septem
991 2250 1171 2318 spicre,
1199 2256 1253 2302 et
1298 2249 1350 2302 in
1375 2263 1477 2316 qua
1507 2254 1635 2300 sunt
1662 2246 1786 2309 alia,
1812 2260 1931 2314 qua:
1959 2245 2011 2298 in

439 2355 565 2394 arce
589 2338 882 2409 septenarii
907 2337 1115 2391 numeri
1141 2336 1543 2404 Scripturarum
1570 2333 2014 2391 consecravitau-

439 2429 685 2483 ctoritas.

512 2518 954 2574 Adolescentulus
985 2531 1115 2586 ergo
1164 2531 1329 2571 ausus
1376 2529 1498 2572 sum
1551 2524 1721 2571 totam
1767 2514 2014 2569 lectionis

443 2607 603 2673 hujus
628 2608 823 2661 seriem
864 2606 1172 2675 explanare,
1206 2605 1420 2660 illorum
1451 2613 1691 2674 rogatus,
1724 2604 1832 2658 imo
1862 2617 2012 2657 com-

441 2701 626 2771 pulsus
670 2700 943 2769 precibus,
985 2707 1041 2753 et
1068 2708 1356 2768 praecepto,
1392 2698 1587 2767 quibus
1612 2694 1891 2760 nec'velle,
1916 2710 2016 2750 nec

444 2805 602 2859 posse
650 2789 826 2843 fuerat
853 2788 1093 2845 obviare.
1133 2787 1239 2843 Sed
1286 2797 1345 2842 ut
1392 2788 1643 2856 praesenti
1692 2785 2014 2840 solemnitati

445 2880 837 2950 aliquantulum
882 2880 1218 2944 insistamus,
1250 2877 1552 2941 favorabili,
1598 2872 2015 2932 etmcllitadui-

445 2973 635 3027 cedine
682 2972 992 3026 redundans
1040 2980 1184 3025 tanta
1239 2969 1645 3033 festivitasest,
1679 2969 1731 3022 in
1769 2983 1873 3037 qua
1904 2968 2017 3022 lau-

445 3064 565 3115 dem
614 3062 797 3116 dicunt
842 3062 952 3117 Deo
998 3076 1187 3117 omnes
1239 3062 1407 3114 sancti
1449 3060 1584 3128 ejus,
1617 3072 1668 3114 et
1694 3069 1836 3115 totus
1870 3060 2018 3115 orbis

2114 1898 2174 1943 ut
2201 1896 2258 1943 et
2283 1888 2567 1943 historiam
2599 1885 2859 1941 relatione
2884 1884 3039 1954 plena
3065 1884 3311 1939 veritatis
3336 1894 3681 1953 proponeret.

2112 1986 2173 2034 et
2218 1976 2507 2033 rhetoricis
2564 1975 2775 2044 legibus
2836 1973 3205 2043 multipliciter
3272 1974 3575 2042 insignirct.
3620 1973 3687 2028 Et

2114 2083 2259 2123 nunc
2283 2066 2433 2122 arida
2466 2065 2550 2120 vel
2577 2066 2759 2143 jejuna
2792 2063 2971 2135 lingua
2999 2073 3208 2128 nostra,
3238 2065 3367 2134 quid
3389 2065 3583 2119 audeat
3618 2066 3688 2118 de

2115 2160 2362 2213 laudibus
2389 2156 2505 2227 ejus
2534 2157 2976 2220 immurmurare,
3027 2154 3180 2223 cujus
3225 2153 3403 2208 laudis
3424 2153 3584 2223 plena
3604 2163 3691 2209 est

2115 2260 2259 2306 terra
2285 2251 2309 2304 ⁸1

2185 2343 2263 2399 Ne
2293 2353 2473 2397 tamen
2501 2343 2557 2396 in
2592 2340 2759 2395 tantis
2779 2338 2993 2409 gaudiis
3016 2335 3279 2406 cujusque
3311 2337 3577 2393 sermonis
3610 2336 3691 2389 vi-

2114 2436 2338 2490 deamur
2377 2434 2671 2495 immunes,
2704 2430 3094 2486 recurrendum
3118 2437 3202 2483 est
3229 2428 3295 2484 ad
3326 2427 3688 2497 evangelicam

2115 2524 2425 2583 lectionem.
2473 2523 2677 2592 in.qua
2736 2521 2836 2576 sub
2880 2520 3044 2577 trium
3089 2519 3352 2576 brevitate
3396 2518 3685 2573 verborum

2116 2617 2380 2687 sapientia
2404 2616 2497 2670 Dei
2521 2615 2696 2670 Patris
2717 2614 2882 2670 totius
2908 2614 3156 2669 humanae
3174 2612 3523 2683 perfectionis
3541 2627 3694 2666 sum-

2115 2720 2257 2759 mam
2288 2704 2543 2769 inclusit;
2576 2704 2653 2758 ait
2709 2704 2892 2759 enim:
2936 2722 2954 2758 ι
2993 2703 3204 2770 Videte,
3230 2701 3468 2772 vigilate.
3494 2711 3691 2756 ctera-

2117 2806 2191 2850 te.
2234 2816 2251 2849 I
2292 2796 2387 2850 Ille
2435 2796 2526 2865 qui
2579 2796 2728 2850 videt
2768 2795 2948 2850 omnia
2974 2833 2989 2857 ,
3041 2792 3291 2849 hor'tatur
3332 2809 3430 2848 nos
3464 2801 3526 2846 ut
3562 2807 3689 2846 cor-

2116 2886 2390 2957 poralibus
2417 2886 2588 2941 oculis
2610 2885 2942 2956 postpositis,
2970 2885 3170 2939 mentis
3183 2883 3387 2939 lumine
3410 2884 3691 2937 videamus

2116 2976 2284 3033 oculis
2306 2976 2435 3043 illis,
2455 2977 2520 3030 de
2538 2976 2736 3046 quibus
2756 2990 2851 3044 per
2872 2973 3215 3029 Salomonem
3238 2960 3464 3029 dicitur:
3490 2990 3509 3022 ι
3530 2970 3681 3027 Oculi

2119 3069 2379 3138 sapientis
2421 3068 2472 3121 in
2497 3068 2671 3136 capite
2717 3065 2836 3134 ejus
2862 3065 3060 3136 (Eccle.
3108 3065 3191 3136 ιι).
3237 3084 3256 3117 ι
3290 3064 3693 3132 Praecipitem

448 3152 594 3205 013m
649 3167 780 3207 V008
819 3151 1064 3205 νεωίιὲὶῑο
1122 3150 1212 3205 151i
1244 3144 1377 3205 sum,
1417 3150 1683 3213 advocati.
1713 3164 1848 3217 quos
1875 3148 2013 3217 ³1)υά
2042 3147 2088 3207 C
2119 3170 2177 3213 ut
2202 3159 2305 3213 soli
2330 3158 2671 3213 solitudinem
2702 3157 2872 3212 nostri
2906 3157 3086 3211 cordis
3109 3156 3498 3225 ingrediantur,
3522 3163 3577 3208 et
3600 3168 3689 3208 re-

440 3243 674 3312 judicem
714 3243 995 3297 habemus.
1027 3243 1135 3297 Pro
1170 3257 1276 3311 quo
1310 3243 1397 3297 isti
1428 3242 1855 3306 intercesserint,
1885 3256 2011 3296 sen-

447 3338 668 3390 tentiam
700 3350 804 3389 non
834 3336 985 3389 timet
1013 3334 1317 3404 capitalem.

514 3428 900 3496 Confugiamus
948 3441 1077 3496 ergo
1106 3427 1173 3479 ad
1222 3426 1447 3496 probata
1486 3424 1759 3495 suffragia,
1784 3440 1882 3480 nec
1917 3439 2014 3479 nos

447 3519 720 3572 deterreat
768 3518 1064 3572 enormitas
1112 3526 1491 3587 peccatorum;
1545 3518 1671 3585 quia
1721 3515 1891 3584 major
1931 3523 2015 3569 est

447 3607 663 3661 illorum
720 3605 914 3676 pietas.
958 3622 1120 3676 quam
1175 3607 1423 3676 impietas
1466 3616 1670 3661 nostra.
1710 3605 2013 3661 Consiliarii

445 3706 573 3752 sunt
596 3698 735 3767 regis
774 3698 965 3763 nostri,
1007 3706 1061 3752 et
1114 3697 1283 3766 ipsius
1314 3697 1407 3750 irae
1435 3711 1575 3766 sape
1601 3697 1883 3761 resistunt,
1917 3711 2016 3750 nec

448 3802 543 3842 nos
568 3787 825 3841 deserunt
849 3787 902 3840 in
954 3794 1191 3856 tempore
1219 3787 1381 3842 malo.
1418 3786 1779 3842 Sciunt-enim
1808 3788 1896 3843 ubi
1918 3802 2017 3843 nos

448 3877 782 3946 reliquerint,
841 3878 1060 3946 quantis
1091 3877 1327 3932 hostium
1363 3877 1574 3931 insidiis
1589 3886 1887 3947 pateamus.
1916 3878 2018 3932 Su-

449 3970 716 4039 spiremus
744 3968 909 4037 igitur
945 3970 1013 4023 ad
1038 3969 1251 4023 illorum
1288 3970 1626 4033 memoriam,
1658 3978 1715 4023 ut
1738 3978 2017 4040 protegant

448 4074 547 4113 nos
571 4059 670 4113 sub
694 4061 886 4112 umbra
915 4059 1123 4112 alarum
1178 4075 1422 4124 suarum,
1449 4060 1621 4114 donec
1652 4069 1891 4114 transeat
1914 4059 2015 4113 ini-

448 4150 645 4217 quitas,
670 4158 726 4203 et
750 4149 1049 4218 perducant
1095 4165 1196 4204 nos
1229 4151 1297 4203 ad
1325 4166 1580 4219 sponsum
1619 4151 1895 4215 Ecclesiae,
1924 4150 2014 4221 qui

448 4250 529 4295 est
550 4243 692 4296 Deus
729 4241 1119 4296 benedictusiu
1142 4243 1357 4297 sarcula.
1382 4244 1572 4297 Amen.
1658 4222 1668 4231 ’

1036 4330 1267 4386 SERMO
1304 4331 1435 4386 LVI.

520 4441 586 4479 DE
608 4442 651 4479 s.
676 4440 915 4480 ΜητιΝο
950 4440 1195 4480 εριειιοινο
1221 4440 1289 4480 ενι·
1318 4440 1660 4480 cosnssons.
1694 4426 1770 4496 (xl
1800 4427 1947 4496 nov.)

2112 3251 2390 3306 volvamus
2418 3259 2658 3304 veterum
2685 3251 2926 3304 sarcinas
2963 3256 3327 3318 peccatorum,
3355 3248 3555 3316 quibus
3571 3245 3687 3316 pol-

2113 3342 2211 3395 luti
2242 3356 2447 3405 sumus,
2473 3350 2529 3394 et
2555 3339 2811 3394 ohvoluti.
3464 3340 3484 3355 ί

2184 3431 2424 3485 Primum
2482 3445 2612 3501 ergo
2667 3430 2943 3485 videamus
2993 3429 3133 3497 apud
3182 3443 3281 3483 nos
3340 3435 3681 3496 peccatorum

2114 3520 2519 3575 abundantiam.
2552 3541 2570 3569 ι
2606 3520 2832 3588 Propter
2861 3533 3058 3573 nomen
3083 3524 3256 3579 tuum,
3290 3516 3537 3577 Domine.
3565 3530 3689 3582 pnt-

2112 3608 2392 3677 pitiaberis
2438 3617 2659 3677 peccato
2713 3622 2879 3662 meo:
2911 3606 3139 3661 multum
3177 3614 3262 3659 est
3314 3606 3458 3659 enim
3511 3602 3683 3674 (Paul.

2116 3699 2263 3770 sxw)
2287 3738 2303 3763 ,
2342 3719 2360 3751 ι
2411 3699 2491 3753 ait
2537 3699 2730 3753 unicus
2762 3698 2852 3753 ille
2896 3698 3272 3752 consecrarius
3308 3696 3448 3766 regis
3474 3695 3685 3749 aeterni.

2116 3789 2468 3845 Peccavimus
2506 3804 2670 3858 super
2713 3803 2997 3842 numerum
3040 3802 3219 3842 arente
3248 3786 3436 3846 maris.
3461 3794 3518 3838 ct
3546 3783 3686 3841 mul-

2116 3883 2360 3953 tiplicata
2405 3890 2533 3936 sunt
2557 3889 2779 3949 peccata
2800 3889 3006 3935 nostra.
3040 3879 3117 3934 Tu
3149 3876 3561 3933 innumerabilia
3589 3892 3689 3930 nu-

2116 3989 2326 4029 merare
2366 3972 2670 4037 contendis,
2700 3981 2754 4026 et
2798 3971 2850 4025 in
2875 3986 3084 4025 summa
3109 3983 3312 4041 ponere
3352 3968 3495 4037 quod
3536 3982 3691 4021 sum.

2118 4081 2261 4119 mam
2287 4064 2618 4134 exsuperat?
2645 4061 2805 4128 Ecce;
2832 4062 3054 4131 grandis
3078 4075 3323 4122 acervus.
3358 4059 3687 4129 impetuosus

2118 4165 2368 4220 torrens,
2430 4170 2533 4209 nec
2583 4163 2756 4223 potest
2812 4154 3003 4207 discuti
3044 4160 3192 4207 tanta
3239 4152 3495 4213 miseria;
3551 4164 3687 4219 quo-

2119 4247 2262 4299 niam
2313 4246 2623 4313 iniquitates
2685 4252 2882 4298 nostra:
2939 4255 3301 4312 supergressa:
3354 4250 3482 4295 sunt
3530 4248 3693 4309 caput

2023 4336 2028 4353 ‘
2120 4344 2367 4389 nostrum
2394 4332 2566 4401 (Psal.
2600 4322 2828 4403 xxxv").
2851 4332 3257 4386 Ambulavimus
3280 4330 3418 4385 collo
3447 4339 3689 4392 extento,

2119 4428 2259 4481 oeuli
2286 4426 2456 4481 nostri
2509 4424 2650 4494 pleni
2701 4433 2828 4477 sunt
2857 4423 3119 4485 vanitate,
3147 4435 3306 4476 aures
3332 4419 3689 4473 detractione.

522 4513 725 4568 Nobilis
755 4514 844 4568 ille
868 4514 1168 4579 confessor,
1215 4516 1559 4570 sacerdotmn
1589 4516 1777 4586 gloria.
1808 4532 2018 4586 gemma
2049 4501 2098 4560 D
2123 4516 2421 4573 Odoramus
2446 4531 2550 4570 non
2579 4516 2799 4568 odorem
2827 4520 3243 4583 unguentorum,
3283 4508 3337 4563 in
3364 4522 3472 4577 quo
3498 4522 3693 4578 sponsa

448 4602 789 4673 pontificum,
817 4603 1136 4659 clericon
1180 4603 1371 4669 forma,
1399 4603 1579 4659 lumen
1610 4606 2019 4671 monachorum,

449 4692 743 4747 solemnem
802 4693 945 4747 diem
995 4694 1329 4749 universitati
1383 4704 1583 4749 nostra:
1628 4697 1879 4765 praefixit.
1924 4696 2023 4752 Hic

450 4792 534 4836 est
586 4782 848 4837 Martinus
902 4784 1283 4840 miraculorum
1332 4794 1599 4855 potestate
1644 4786 1910 4849 sublimis,
1929 4790 2022 4855 qui

454 4884 719 4927 terrarum
769 4875 954 4929 orbem
1003 4874 1206 4929 lumine
1246 4890 1357 4929 sum
1398 4876 1723 4946 cognitionis
1759 4876 2018 4945 implevit.

451 4961 715 5034 (Egyptus
737 4964 1008 5035 religionis
1037 4974 1229 5029 mater,
1259 4974 1313 5020 et
1332 4967 1679 5021 eretnitarutn
1706 4966 2027 5021 fecundissi-

454 5071 540 5107 ma
595 5055 801 5119 nutrix,
848 5055 1157 5119 Martinam,
1193 5056 1354 5111 tantis
1396 5057 1521 5112 filiis
1556 5059 1735 5128 posuit
1756 5058 1812 5112 in
1838 5073 2025 5125 exem-

453 5145 618 5215 plum.
670 5145 851 5200 Crevit
882 5145 935 5200 in
975 5147 1294 5202 immensum
1344 5148 1487 5202 fama
1535 5152 1767 5205 nominis
1802 5151 1938 5219 ejus,
1970 5161 2024 5207 et

454 5252 583 5290 ausa
608 5247 688 5291 est
704 5238 755 5290 in
772 5238 938 5307 ipsam
960 5240 1320 5307 apostolorum
1351 5240 1650 5311 irrumpere
1671 5242 2018 5313 dignitatem;

454 5340 681 5393 quorum
711 5343 903 5382 manus
926 5330 1383 5383 tractaverunt'de
1411 5332 1576 5385 verbo
1601 5332 1740 5395 vitae,
1774 5331 1824 5402 (I
1855 5332 2016 5386 Joan.

456 5416 513 5482 ι)
547 5418 635 5483 qui
693 5418 857 5470 lilium
916 5418 1147 5473 hominis
1203 5421 1344 5474 inter
1374 5421 1512 5476 ﬁlios
1542 5422 1815 5476 hominum
1854 5423 2025 5478 felicis

456 5503 607 5556 vocis
649 5504 826 5559 cilicio
874 5506 1233 5575 divulgarunt.
1288 5509 1343 5561 In
1383 5525 1597 5563 onmem
1654 5520 1853 5564 terram
1902 5528 2025 5581 per-

456 5599 648 5660 vagata
700 5600 781 5645 est
836 5594 1098 5647 memoria
1155 5595 1290 5648 tanti
1323 5597 1608 5661 pontificis,
1640 5608 1693 5650 et
1724 5600 2027 5668 ubicunque

456 5693 676 5738 resonat
704 5680 835 5737 fides
861 5682 1080 5747 Christi,
1126 5695 1285 5739 sonat
1324 5688 1430 5740 vita
1471 5687 1705 5743 Martini.
1736 5690 2021 5746 Gloritica-

2125 4624 2186 4664 sc
2230 4621 2455 4675 currere
2517 4604 2823 4674 gloriatur;
2878 4602 2971 4657 sed
2998 4602 3218 4656 odorem
3250 4600 3443 4655 mortis
3466 4600 3525 4653 iu
3552 4613 3698 4652 mor-

2113 4707 2254 4759 tem,
2290 4710 2519 4765 quormn
2568 4708 2630 4747 os
2677 4692 3059 4746 maledictioue
3104 4701 3162 4745 et
3198 4689 3563 4745 amaritudine
3584 4687 3698 4757 ple-

2123 4800 2251 4841 num
2276 4801 2397 4840 esse
2423 4782 2760 4839 describitur.
2787 4780 2976 4836 Manus
2999 4788 3197 4835 nostra:
3222 4779 3396 4850 plena:
3420 4787 3553 4833 sunt
3569 4793 3700 4833 sau-

2122 4883 2303 4953 guine,
2365 4881 2529 4949 pedes
2583 4878 2793 4933 veloces
2820 4877 2887 4931 ad
2924 4877 3236 4946 sanguinem
3273 4873 3691 4931 cﬂ'undendum:

2129 4971 2405 5032 contritio,
2458 4977 2511 5023 et
2551 4967 2838 5023 infelicitas
2866 4967 2919 5019 in
2950 4966 3049 5019 viis
3092 4964 3308 5026 nostris,
3352 4972 3406 5018 et
3434 4961 3526 5016 via
3547 4960 3694 5031 pacis

2130 5063 2380 5132 abjecta;
2447 5077 2553 5114 non
2602 5070 2689 5114 est
2740 5060 2900 5113 timor
2953 5058 3046 5111 Dci
3090 5065 3219 5109 ante
3256 5055 3444 5131 oculos
3478 5060 3695 5107 nostros

2127 5151 2303 5224 (Psal.
2325 5151 2465 5220 xm).
2492 5148 2631 5214 Quid
2663 5148 2827 5215 igitur
2855 5146 3179 5209 faciendum,
3220 5146 3273 5199 in
3322 5158 3433 5213 quo
3470 5157 3695 5212 speran—

2127 5243 2277 5306 dum,
2327 5255 2501 5310 quove
2548 5237 3014 5308 confugiendum?
3062 5236 3323 5289 Standum
3374 5242 3459 5287 est
3510 5234 3563 5287 in
3590 5231 3695 5285 hoc

2128 5347 2341 5397 acervo,
2369 5346 2472 5386 non
2512 5344 2793 5391 novarum,
2838 5327 2933 5381 sed
2961 5335 3203 5381 veterum
3230 5324 3444 5394 frugum
3475 5321 3692 5393 (Each.

2127 5424 2233 5492 Ill),
2260 5431 2315 5476 et
2337 5420 2565 5475 videnda
2610 5418 2745 5471 visio
2797 5415 3142 5478 timescenda,
3189 5424 3244 5468 et
3272 5422 3573 5469 statuamus
3594 5427 3697 5466 nos

2128 5521 2252 5565 ante
2305 5509 2490 5563 oculos
2562 5516 2804 5569 nostros,
2856 5519 2923 5559 ne
2960 5503 3125 5572 judex
3148 5504 3469 5573 quandoque
3502 5515 3634 5570 argu
3676 5511 3697 5552 t

2126 5618 2244 5665 nos,
2294 5604 2365 5654 et'
2400 5607 2603 5653 statuat
2656 5612 2759 5652 nos
2793 5608 2917 5651 ante
2960 5596 3157 5651 faciem
3202 5603 3466 5649 nostram.
3494 5591 3555 5647 In
3590 5592 3698 5647 hac

2127 5690 2334 5747 visione
2356 5690 2449 5743 Dei
2480 5687 2691 5743 videtur
2711 5682 2742 5740 a
2769 5688 2926 5741 nobis
2954 5697 3149 5743 ventus
3176 5685 3427 5749 turbinis,
3452 5683 3576 5753 quia
3609 5699 3699 5737 se-
