4064 6208
401 303 517 359 Il?

1812 306 2042 360 SEllMO
2083 306 2214 361 LVI.

3536 304 3633 361 8l8

399 416 632 480 eundum
680 417 856 472 virum
894 417 1120 486 justum,
1167 417 1258 472 hic
1301 418 1556 472 involuta
1598 427 1727 471 sunt
1762 417 1970 470 semita:
2000 430 2047 485 Α
2073 417 2211 486 (Ira.
2251 416 2408 486 xui).
2473 434 2494 468 ι
2554 415 2742 471 Vidisti
2795 416 3256 480 dissimulantem,
3309 411 3428 471 vide
3473 420 3638 471 etiam

399 521 679 576 gressuum
715 521 902 562 eorum
928 506 1051 577 (Job
1081 507 1176 577 vi).
1219 507 1296 562 Ne
1320 516 1476 576 putes
1509 516 1690 562 autem
1721 507 1863 561 hanc
1894 510 1971 558 vi-

399 596 607 649 sionem
666 595 811 649 inter
860 609 1028 663 parva
1083 595 1578 650 connumerandmn
1610 633 1626 658 ,
1681 611 1803 648 cum
1858 595 1973 647 lucc

401 683 656 754 perducat
698 683 1051 737 advisionem
1077 683 1390 748 cherubim,
1413 693 1468 737 et
1494 683 1806 736 animalium
1835 698 1981 750 pcn-

399 785 646 828 natorum
671 788 700 838 ;.
735 787 792 827 et
815 774 883 826 ad
913 773 1094 842 ipsius-
1111 773 1440 828 dominantis
1482 772 1788 826 introducat
1811 785 1982 841 aspew

399 873 563 937 enim.

473 950 602 1006 Visa
651 951 818 1022 igitur
873 951 1203 1006 abundantia
1253 958 1600 1021 peccatorum
1643 960 1970 1014 nostrorum;

397 1045 676 1099 videamus
701 1044 940 1099 secundo
963 1043 1345 1114 negligentiam
1391 1053 1655 1097 nostram.
1685 1041 1974 1096 Traximus

396 1145 618 1204 peccata
647 1145 834 1190 nostra
858 1136 1002 1189 sicut
1031 1143 1226 1190 restem
1257 1134 1490 1204 lbngam,
1518 1143 1572 1188 et
1595 1134 1817 1202 sanguis
1841 1149 1972 1188 san-

395 1226 612 1295 guinem
645 1226 840 1296 tetigit,
892 1234 947 1280 et
978 1223 1466 1289 dissimulavimus;
1494 1223 1708 1289 vulnus,
1732 1234 1783 1278 et
1813 1222 1970 1288 livor,

395 1327 450 1371 et
486 1316 637 1387 plaga
691 1325 922 1382 tumens,
963 1325 1016 1370 et
1048 1331 1153 1370 non
1183 1315 1497 1384 aspeximus
1540 1313 1674 1384 (Ira.
1723 1315 1785 1384 ι).
1814 1314 1981 1368 Zelus

398 1406 490 1461 Dei
513 1407 740 1462 recessit
761 1422 790 1460 a
823 1407 1001 1472 nobis,
1047 1413 1104 1460 et
1133 1422 1232 1460 nos
1257 1407 1700 1475 contempsimus.
1733 1406 1825 1460 Sic
1849 1421 1974 1474 pec-

392 1508 639 1553 catorum
665 1497 996 1555 multitudini
1050 1497 1433 1568 negligentiam
1485 1497 1842 1557 cumulantes,
1873 1495 1972 1549 οὓς

392 1589 690 1644 struximus
746 1589 902 1644 nobis
958 1589 1066 1643 iter
1090 1586 1974 1656 confessionis,semitasjustititu

393 1680 680 1743 evitamus,
737 1693 843 1732 non
893 1677 1068 1732 solum
1119 1676 1472 1748 negligentes,
1513 1676 1610 1730 sed
1634 1674 1780 1729 etde
1804 1673 1974 1744 negli-

2076 523 2409 578 quatcunque
2435 507 2659 562 minima
2693 516 3084 562 numerantem.
3111 526 3131 558 ‹
3162 506 3420 577 Vestigia,
3446 507 3638 576 inquit,

2075 599 2268 670 pedum
2297 613 2541 654 meorum
2565 597 2918 653 dinumerain
2948 596 3068 666 (Job
3106 597 3245 665 xiv).
3282 616 3301 648 ι
3333 597 3465 662 Quis
3494 597 3641 652 locus

2073 695 2182 748 erit
2200 695 2336 762 spei,
2369 708 2491 748 cum
2534 692 2744 746 venerit
2771 691 2960 760 judex,
3000 691 3090 761 qui
3124 691 3275 745 stetit
3304 691 3402 744 sub
3435 689 3637 756 judice,

2072 784 2488 854 praecinentibus
2540 783 2706 847 tubis,
2757 781 3219 836 conclamantibus
3272 780 3495 850 angelis.
3525 781 3637 835 eie-

2073 874 2272 929 iuentis
2325 872 2640 928 ardentibus
2683 872 2708 924 ?
2760 872 2840 925 Ad
2887 871 3042 938 cujus
3066 871 3328 940 fugiemus
3358 870 3636 934 auxilium,

2071 979 2193 1018 cum
2219 963 2393 1016 ventis
2413 976 2482 1015 ex-
2505 969 2814 1016 transverso
2845 959 3161 1026 furentibus,
3213 959 3499 1014 mundialis
3528 976 3640 1014 ma-

2072 1051 2228 1108 china
2275 1051 2579 1118 divelletur,
2635 1059 2691 1105 et
2737 1051 2874 1121 ignis
2925 1051 3310 1110 incandescens
3336 1049 3553 1113 ccelum.
3587 1060 3637 1105 et

2075 1152 2272 1197 terram
2319 1143 2570 1198 linalibus
2601 1136 2922 1198 immiscelﬁt
2972 1143 3237 1198 incendiis
3262 1144 3285 1196 ?
3307 1142 3497 1198 Veniet
3525 1143 3639 1213 ipse

2071 1246 2193 1286 eum
2212 1240 2484 1302 potestate
2512 1247 2713 1303 magna
2741 1243 2796 1287 et
2823 1234 3102 1304 maiestate
3126 1249 3140 1298 ;
3175 1249 3282 1288 non
3300 1247 3424 1288 cum
3453 1233 3638 1286 dulce-

2071 1325 2198 1380 dine
2223 1333 2277 1379 et
2307 1324 2612 1379 humilitate
2637 1362 2653 1388 ,
2701 1325 2826 1394 quia
2857 1323 2965 1380 illic
2983 1323 3193 1391 iustitia
3223 1323 3381 1392 plena
3403 1330 3487 1377 est
3511 1322 3641 1376 dex-

2071 1425 2184 1471 tera
2200 1417 2337 1484 ejus,
2369 1427 2491 1486 qua:
2511 1417 2602 1470 hic
2623 1416 3050 1472 misericordiam
3081 1415 3368 1470 seminavit
3407 1423 3463 1468 et
3487 1429 3640 1482 spar-

2069 1505 2165 1560 sit.
2211 1502 2363 1561 Tunc
2399 1505 2488 1560 Ille
2529 1506 2840 1560 misericors
2887 1504 3073 1560 oculus
3097 1521 3201 1559 non
3224 1512 3431 1573 parcet,
3452 1513 3506 1557 et
3531 1518 3636 1557 non

2051 1595 2452 1660 miserebitur;
2483 1595 2576 1650 sed
2595 1594 2864 1665 percutiet
2888 1602 2946 1648 et
2963 1593 3193 1658 occidet,
3235 1593 3453 1646 indutus
3476 1592 3635 1655 iram,

2069 1686 2254 1741 furore
2280 1686 2538 1757 repletus,
2591 1685 2796 1756 plenus:
2817 1685 3158 1741 crudelitate.
3194 1683 3512 1739 Peccatores
3543 1699 3640 1737 au-

391 1768 570 1858 gentia
602 1767 938 1858 gloriantes,
991 1767 1144 1858 juxta
1203 1766 1331 1858 illud
1385 1765 1488 1858 viri
1537 1764 1963 1858 sapientissimi:
1998 1797 2042 1858 Β
2071 1784 2178 1830 tem
2205 1773 2337 1843 quid
2386 1771 2694 1830 lVideutes
2745 1773 3106 1828 turbabuntur
3141 1774 3336 1830 timore
3364 1772 3635 1836 horribili,

398 1875 416 1906 ι
455 1855 556 1922 Qui
587 1855 751 1926 298
779 1870 902 1910 cum
945 1854 1334 1920 malefecerint,
1389 1853 1641 1908 liniantur
1684 1863 1741 1909 et
1788 1854 1968 1910 exsul-

395 1959 508 2003 tant
534 1949 589 2004 in
643 1951 802 2004 rebus
829 1951 1080 2020 pessimis
1134 1947 1316 2020 (Prov.
1353 1949 1437 2020 it).
1470 1967 1489 2003 ι
1536 1949 1629 2004 Vis
1649 1949 1810 2014 scire,
1837 1951 1976 2019 quia

389 2039 458 2095 de
484 2045 825 2110 peccatorum
854 2041 1206 2104 abundantia,
1239 2041 1559 2111 negligentia
1598 2042 1829 2109 pessitna
1856 2042 1964 2096 tilia

391 2134 732 2202 generatur?
770 2149 788 2184 t
823 2133 1085 2188 Peccator
1111 2148 1234 2187 cum
1281 2134 1492 2188 venerit
1532 2134 1588 2188 in
1643 2133 1964 2204 profundunt

389 2227 670 2290 malorum,
697 2229 996 2282 contemnit
1027 2223 1212 2299 (Prov.
1240 2228 1418 2298 xvnt).
1443 2245 1460 2278 ι
1491 2229 1536 2282 Ε
1562 2231 1839 2284 contrario
1870 2246 1966 2285 au-

388 2327 520 2382 tem,
574 2319 667 2387 qui
709 2320 875 2374 Deum
929 2319 1102 2385 timet,
1147 2321 1281 2376 nihil
1323 2323 1581 2394 negligit;
1631 2325 1781 2395 quia,
1814 2344 1832 2377 r
1870 2325 1964 2396 qui

385 2407 596 2463 modica
617 2409 846 2478 spernit,
873 2409 1132 2478 paulatim
1152 2412 1386 2468 decidet.
1418 2434 1435 2466 ι
1460 2414 1811 2471 Peccatorum
1827 2416 1971 2472 mul-

390 2497 563 2553 titudo
607 2499 1008 2570 negligentiam,
1051 2502 1380 2573 negligentia
1406 2515 1794 2578 contemptum,
1827 2523 1962 2565 con-

385 2596 622 2660 temptus
657 2599 890 2647 mortem
920 2593 1236 2650 interminat
1271 2597 1682 2667 sempiternam.

453 2677 589 2756 Vide
623 2680 864 2756 et_tertlo
890 2681 1206 2750 patientiam
1241 2691 1297 2739 et
1337 2683 1808 2756 longanimitatem
1865 2688 1962 2743 Dei

388 2753 580 2808 nostri.
619 2773 640 2807 ε
677 2753 801 2812 llaec
830 2758 1098 2825 fecisti,et
1127 2753 1469 2836 tacui(Paal.
1506 2772 1673 2842 mx).
1706 2789 1727 2823 ι
1767 2767 1982 2829 Omnia'

387 2846 534 2904 videt
556 2858 615 2904 et
640 2854 822 2906 omnia
871 2855 1046 2920 audit,
1093 2857 1339 2928 nihilque
1385 2871 1654 2917 remotum
1685 2865 1754 2920 ab
1786 2867 1964 2924 oculis

386 2937 526 3007 ejus,
557 2939 627 2995 de
656 2955 768 3012 quo
800 2942 1002 2999 dicitur
1031 2961 1046 2999 :
1084 2963 1105 2998 ι
1146 2945 1301 3004 Oculi
1332 2948 1545 3007 Domini
1579 2955 1632 3008 in
1667 2958 1814 3011 omni
1845 2957 1964 3014 loco

389 3033 827 3103 coutemplantur
856 3037 1030 3096 bonos
1056 3047 1112 3094 et
1140 3044 1312 3098 melos
1347 3044 1531 3115 (Prov.
1559 3047 1668 3118 xv).
1707 3067 1726 3102 θ
1760 3047 1965 3107 Oculos

2067 1866 2162 1920 sed
2211 1861 2590 1936 incorrigibiii,
2641 1863 2920 1918 audientes
2972 1863 3102 1918 illud
3147 1864 3475 1918 horrendum
3503 1863 3639 1918 toni-

2070 1966 2250 2011 trum:
2279 1972 2300 2006 α
2329 1955 2426 2020 ite,
2455 1953 2749 2018 maledicti,
2797 1953 2848 2008 in
2903 1953 3082 2021 ignem
3129 1962 3392 2007 aeternum
3417 1952 3634 2021 (Manli.

2067 2046 2214 2115 xxv).
2253 2061 2274 2098 ι
2302 2045 2500 2112 Quanti
2530 2055 2689 2115 putas
2711 2045 2918 2100 doloris
2939 2045 3047 2098 crit
3064 2044 3274 2099 excludi
3303 2059 3334 2098 a
3356 2044 3496 2098 facie
3517 2043 3635 2108 Dei,

2066 2135 2272 2201 videre,
2293 2144 2348 2190 et
2376 2137 2601 2205 perdere
2643 2133 2832 2200 Deum,
2877 2151 3000 2190 cum
3032 2149 3127 2188 rex
3155 2135 3338 2204 gloriae
3361 2135 3634 2190 civitatem

2064 2225 2226 2296 297
2253 2227 2536 2282 sublimem
2583 2227 2827 2291 intrabit,
2858 2227 3072 2282 miseris
3108 2227 3484 2295 peccatoribus
3519 2240 3634 2280 om-

2064 2317 2118 2370 ni
2148 2331 2243 2386 spe
2291 2315 2675 2404 rnisericordia:
2706 2317 2757 2371 in
2812 2327 3132 2387 perpetuum
3160 2318 3392 2389 sigillata
3427 2319 3451 2372 t
3479 2317 3635 2385 Quis-

2062 2407 2186 2476 quis
2213 2421 2342 2478 ergo
2364 2423 2445 2473 es,
2473 2409 2563 2478 qui
2587 2409 2892 2464 contemnis
2918 2407 3135 2464 divitias
3157 2410 3436 2476 bonitatis,
3466 2417 3520 2463 et
3540 2423 3631 2479 pa-

2064 2499 2264 2554 tientia:
2306 2500 2423 2564 Dei,
2463 2500 2642 2570 relege
2683 2509 2886 2555 textum
2947 2501 3198 2571 Epistolas
3239 2503 3304 2556 ad
3359 2494 3632 2555 Romanos

2062 2589 2237 2662 (Rem.
2263 2592 2342 2662 tt),
2367 2601 2424 2647 et
2453 2592 2540 2648 illa
2566 2593 2662 2649 tibi
2688 2593 2899 2664 plenius
2945 2593 3091 2650 dicet
3109 2591 3237 2664 quia
3273 2609 3378 2648 non
3415 2594 3629 2650 evasisti

2053 2679 2317 2750 judicium
2351 2683 2466 2737 Dei.

2129 2774 2328 2845 Aspice
2351 2782 2404 2829 et
2428 2785 2632 2844 quarto
2654 2771 3084 2831 misericordiam-
3117 2773 3413 2847 ejus.Licet
3436 2789 3630 2845 pecca-

2059 2865 2228 2930 veris,
2253 2863 2382 2921 licet
2431 2866 2754 2937 neglexeris,
2793 2874 2850 2922 et
2896 2868 3279 2936 provocaveris
3308 2868 3622 2937 patientiam

2059 2956 2179 3023 Dei,
2216 2966 2442 3028 paratus
2486 2968 2571 3013 est
2599 2968 2776 3013 tamen
2822 2959 3098 3024 misereri,
3139 2973 3261 3014 cum
3289 2959 3544 3024 volueris,
3576 2969 3631 3012 et

2057 3049 2258 3106 reverti
2301 3049 2366 3104 ad
2397 3059 2781 3116 revertentem,
2813 3051 3081 3116 oblivisci,
3112 3058 3165 3106 et
3209 3059 3386 3120 tegere
3409 3062 3627 3120 peccata

390 3121 672 3178 hominum
696 3126 951 3194 timuisti,
974 3135 1162 3190 oculos
1187 3141 1368 3190 autem
1393 3134 1651 3192 Altissimi
1672 3155 1780 3196 non
1799 3157 1965 3212 expa-
1982 3132 2028 3204 C
2061 3150 2176 3207 tua,
2203 3148 2258 3197 et
2281 3139 2551 3212 projicere
2571 3139 2624 3196 in
2655 3141 2978 3211 profundum
3003 3143 3189 3196 maris.
3218 3137 3328 3196 Nec
3345 3143 3456 3197 erit
3479 3157 3626 3196 mora

355 3215 690 3311 .vistiﬂEcce
707 3222 826 3291 ipse
841 3226 1094 3295 cognovit
1111 3229 1290 3284 omnia
1311 3228 1622 3298 novissima,
1645 3243 1698 3288 et
1716 3237 1960 3306 antiqua,

387 3323 561 3377 neque
574 3312 640 3366 ab
655 3312 900 3383 Oriente,
919 3333 1096 3388 neque
1111 3321 1176 3376 ab
1192 3318 1504 3386 Occidente,
1523 3337 1696 3393 neque
1725 3339 1755 3380 a
1777 3327 1965 3383 deser-

390 3407 457 3460 tis
490 3409 940 3470 moutibuslocus
956 3416 1316 3488 csLiuglcndi,
1338 3418 1595 3486 quoniam
1629 3419 1767 3474 Deus
1795 3420 1958 3490 judex

388 3514 468 3554 est
486 3503 660 3564 (Pral.
686 3507 894 3576 Lxxiv).
923 3506 1068 3564 Vidit
1098 3523 1260 3577 opera
1286 3519 1397 3576 tua,
1423 3521 1676 3567 recursus
1693 3522 1748 3567 et
1766 3523 1963 3568 excur-

375 3597 468 3636 sus
520 3581 846 3653 ilagitiorum
903 3595 1162 3652 tuorum;
1219 3598 1275 3641 et
1301 3589 1562 3644 continuit
1603 3606 1739 3645 iram
1777 3607 1949 3648 suam.

375 3674 580 3726 Caelum
612 3689 716 3726 nou
742 3673 1070 3740 fulminavit,
1096 3687 1235 3747 aqua
1257 3693 1364 3732 non
1385 3679 1698 3746 submersit,
1726 3695 1832 3736 non
1861 3680 1952 3736 ab-

374 3762 586 3816 sorbuit
635 3763 829 3829 tellus;
879 3773 1077 3819 etcum
1116 3768 1294 3822 omnis
1321 3775 1464 3822 terra
1494 3768 1648 3840 plena
1679 3770 1751 3826 sit
1776 3772 1946 3843 gloria

377 3850 608 3918 Domini,
661 3852 714 3908 in
765 3853 934 3922 gloria
981 3854 1098 3925 eius
1145 3864 1288 3911 tuam
1320 3858 1594 3914 miseriam
1639 3865 1948 3930 evomulsti,

375 3954 478 3994 nec
525 3941 789 3997 reveritus
837 3955 899 3999 es
941 3953 1264 4014 praesentem
1300 3947 1610 4016 Dominum,
1659 3961 1718 4007 et
1765 3969 1947 4009 coram

374 4039 526 4084 tanta
558 4033 818 4087 munditia
849 4045 968 4090 tuas
1016 4036 1384 4094 immunditias
1409 4053 1686 4096 exercere.
1719 4043 1834 4114 ipse
1855 4062 1950 4099 au-

373 4134 480 4179 tem
506 4126 679 4195 quid?
714 4143 733 4179 c
777 4127 908 4198 Ego,
941 4129 1137 4198 inquit,
1169 4133 1325 4201 quasi
1360 4149 1465 4188 non
1506 4133 1710 4189 videns.
1749 4149 1768 4186 ›
1801 4132 1948 4189 Nun-

372 4213 504 4282 quid
541 4214 704 4269 alicui
743 4217 1113 4272 ministrorum
1160 4235 1403 4286 suorum,
1429 4221 1520 4290 qui
1551 4223 1793 4279 vindices
1822 4235 1948 4281 sunt

373 4317 466 4357 ira:
484 4303 620 4371 eius,
646 4305 698 4360 in
724 4308 827 4363 hoc
843 4307 1017 4378 ipsum
1033 4311 1584 4375 constituti,revelavit
1599 4315 1946 4384 ignominiam

371 4406 516 4452 tuam
538 4400 564 4452 ἲ
591 4399 753 4465 Ecce,
782 4401 947 4467 videt,
979 4413 1034 4458 et
1057 4413 1235 4468 tacet;
1263 4406 1431 4472 videt,
1461 4424 1560 4463 nec
1590 4409 1939 4477 manifestat;

2057 3232 2202 3286 inter
2227 3231 2600 3298 confitentem,
2622 3239 2677 3286 et
2702 3232 3103 3296 remittentem;
3133 3232 3274 3287 inter
3300 3239 3624 3302 gementem,

2055 3330 2107 3376 et
2132 3322 2361 3392 gemitus
2391 3322 2792 3387 exaudieutem,
2845 3322 2970 3391 quia
3018 3322 3306 3392 benignus,
3329 3330 3385 3376 et
3414 3322 3626 3377 miseri-

2054 3425 2175 3465 cors
2203 3419 2308 3465 est.
2339 3408 2479 3465 Sunt
2499 3409 2748 3466 homines
2775 3411 2957 3465 mundi
3005 3410 3194 3465 faciles
3215 3413 3281 3465 ad
3307 3412 3466 3476 iram,
3495 3411 3624 3465 ditii-

2053 3499 2184 3554 ciles
2209 3499 2276 3554 ad
2304 3498 2772 3566 misericordiam;
2813 3501 2958 3554 Deus
3001 3509 3179 3554 autem
3203 3509 3258 3554 et
3285 3501 3353 3555 ad
3384 3502 3620 3554 irascen-

2053 3593 2178 3644 dum
2211 3589 2464 3656 diiiicilis,
2518 3597 2576 3646 et
2618 3587 2795 3646 facilis
2842 3591 2907 3644 ad
2937 3589 3326 3645 miserandum.
3355 3590 3626 3645 llevoiant

2052 3680 2126 3736 illi
2155 3682 2224 3736 at!
2273 3679 2583 3752 approbria,
2614 3697 2736 3751 qua:
2794 3681 3148 3746 remiserunt;
3187 3683 3288 3736 iste
3313 3695 3432 3736 cum
3455 3681 3623 3734 remi-

2051 3771 2202 3835 serit,
2227 3771 2305 3825 sic
2332 3777 2417 3824 est
2441 3770 2595 3838 quasi
2633 3784 2739 3825 non
2795 3769 2974 3824 fuerit.
3004 3770 3083 3823 Ad
3113 3771 3299 3824 limina
3323 3769 3621 3838 potentium

2051 3857 2385 3926 frequentius
2413 3859 2764 3924 excubamus,
2798 3873 2903 3914 non
2927 3857 3187 3913 habentes
3209 3858 3406 3912 liberos
3434 3873 3624 3913 acces-

2049 3964 2141 4002 sus
2167 3949 2236 4002 ad
2267 3949 2702 4017 colloquendum,
2741 3957 2798 4002 et
2840 3949 2883 4004 si
2939 3949 3064 4018 quid
3103 3947 3447 4018 deliquimus,
3497 3963 3623 4018 sup-

2046 4037 2278 4105 plicibus
2324 4037 2514 4101 oculis,
2562 4036 2701 4092 facie
2748 4037 3002 4092 tribululu
3033 4079 3048 4102 ,
3096 4037 3276 4092 verbis
3329 4038 3622 4092 humilibus

2047 4127 2420 4182 emendamus.
2468 4127 2549 4182 illi
2589 4137 2772 4184 autern
2813 4128 3126 4198 plerumque
3179 4131 3414 4198 superbo
3439 4129 3619 4192 oculo,

2047 4227 2102 4271 et
2153 4218 2378 4272 humero
2404 4217 2702 4289 dedignati.
2756 4219 2984 4288 pedibus
3011 4219 3125 4273 suis
3159 4220 3494 4289 provolutus,
3536 4220 3617 4272 vel

2046 4309 2314 4378 respicere
2345 4309 2556 4365 uolunt.

2119 4399 2232 4454 Non
2282 4401 2362 4456 sic
2419 4401 2679 4458 Dominus
2725 4402 2904 4468 Iesus,
2957 4403 3048 4471 qui
3085 4402 3338 4457 libentius
3378 4403 3620 4475 loquitur

371 4484 536 4554 videt,
585 4504 686 4547 nec
736 4491 980 4563 judicat;
1035 4493 1200 4561 videt,
1259 4511 1357 4554 nec
1384 4497 1858 4569 vindicat;videt,
1889 4509 1942 4559 et

2056 4505 2256 4549 mecum
2299 4506 2461 4565 quam
2516 4506 2616 4566 ego
2670 4509 2882 4561 secum;
2936 4507 3096 4565 quem
3149 4493 3367 4551 invenio
3405 4498 3617 4565 quoties

369 4577 558 4642 videre,
579 4580 880 4637 dissimulat
909 4601 925 4650 ;
975 4595 1153 4652 vocat,
1192 4594 1246 4641 et
1289 4603 1392 4642 non
1421 4590 1576 4644 audis
1604 4607 1617 4656 ;
1650 4593 1937 4660 promittit,

365 4675 421 4722 et
462 4671 805 4736 contemnis;
860 4668 1114 4739 minatur,
1163 4692 1261 4732 nec
1286 4679 1501 4743 metuis,
1530 4687 1582 4733 ct
1605 4679 1661 4734 th
1698 4682 1939 4739 saurizas

364 4756 504 4811 iram
550 4758 647 4814 tibi
695 4757 748 4815 in
779 4762 866 4818 die
895 4762 1011 4819 irae.
1043 4763 1175 4820 Cum
1206 4782 1336 4838 ergo
1362 4769 1432 4823 sit
1456 4768 1621 4837 judex
1655 4769 1834 4840 justus
1885 4783 1940 4829 et

365 4846 550 4935 fortis,
577 4849 805 4905 multum
835 4862 918 4908 est
957 4853 1190 4923 patiens,
1221 4872 1320 4912 nec
1347 4857 1602 4915 irascitur
1638 4877 1733 4931 per
1762 4865 1938 4935 singu-

363 4937 447 4992 los
471 4933 584 4994 dies
608 4935 779 5008 (Psal.
804 4945 924 5012 vn).
966 4941 1104 5000 Ecce
1136 4947 1380 5003 continet
1407 4950 1563 5017 iram,
1588 4955 1835 5023 reprimit
1855 4933 1938 5008 fu-

363 5045 563 5092 rorem,
619 5034 815 5087 avertit
864 5036 1071 5101 oculos,
1130 5041 1477 5106 peccantibus
1519 5044 1731 5112 parcit;
1780 5055 1834 5100 et
1859 5046 1934 5103 illi

361 5121 542 5174 oiunia
589 5122 706 5177 iure
750 5125 804 5178 iu
857 5126 1295 5195 sutnnjudicium
1345 5138 1934 5204 congregautomuium

364 5208 464 5262 rei.
517 5207 774 5281 Nunquid
820 5214 912 5282 qui
952 5214 1024 5269 ita
1056 5218 1240 5284 tacuit,
1290 5228 1346 5273 et
1404 5221 1576 5288 siluit,
1623 5226 1932 5294 semperita

363 5299 565 5352 tacebit
589 5301 614 5353 τ
632 5300 714 5356 Au
739 5316 844 5356 non
870 5302 1066 5372 legisti,
1088 5308 1212 5376 quia
1236 5309 1302 5362 ad
1318 5309 1583 5376 judicium
1613 5308 1812 5379 veniet,
1841 5332 1934 5385 pa-

362 5387 608 5443 tientiam
654 5390 934 5461 alijiciens,
979 5395 1338 5453 humilitatem
1379 5403 1647 5470 nesciens,
1680 5405 1932 5477 ignorans

360 5480 790 5538 misericordiam
818 5485 844 5539 ἲ

429 5568 721 5626 Attendisti
777 5573 1046 5643 patienter
1087 5587 1373 5646 tacentem,
1424 5585 1641 5638 attende
1679 5595 1733 5640 et
1763 5585 1935 5656 impa-

361 5660 562 5718 tienter
582 5661 891 5736 loquentem
916 5683 930 5722 :
962 5687 979 5722 t
1003 5669 1154 5727 Sicut
1175 5674 1501 5742 parturiens,
1527 5676 1718 5744 iniquit,
1742 5676 1932 5745 loquar

2046 4601 2258 4653 quan-0;
2301 4588 2391 4656 qui
2416 4587 2656 4642 occurrit
2681 4603 2802 4640 cum
2833 4588 3063 4656 panibus
3089 4585 3334 4656 fugienti,
3363 4589 3454 4655 qui
3496 4587 3614 4638 vui-

2013 4681 2159 4750 ‘tum
2206 4672 2386 4728 butum
2431 4676 2667 4730 ostendit
2715 4676 2869 4741 mihi,
2900 4677 2992 4748 qui
3015 4693 3189 4732 meam
3218 4678 3612 4747 ptuniteutiam,

2044 4762 2185 4816 sicut
2206 4763 2570 4818 innocentiam
2598 4765 2957 4834 amplexatur,
2986 4765 3186 4835 ubique
3214 4766 3386 4830 laetus,
3416 4767 3615 4834 ubique

2042 4852 2237 4918 bonus,
2269 4851 2468 4923 ubique
2496 4853 2638 4925 pius,
2672 4855 2870 4926 ubique
2908 4855 3080 4912 dulcis
3105 4873 3225 4912 cum
3255 4871 3446 4928 magna
3470 4858 3611 4912 mul-

2046 4943 2276 5002 titudine
2300 4947 2598 5004 dulcedinis
2626 4965 2755 5006 suae.
2783 4951 2898 5007 Non
2936 4949 3063 5006 facit
3090 4951 3457 5021 supercilium,
3480 4967 3612 5006 ocu-

2043 5039 2122 5095 los
2153 5057 2255 5095 non
2286 5042 2552 5112 obliquat,
2595 5059 2700 5099 non
2744 5043 3031 5116 detorquet
3072 5045 3288 5109 faciem,
3322 5059 3419 5098 nec
3447 5043 3608 5098 verba

2044 5141 2257 5186 resonat
2302 5133 2620 5204 ampullosa,
2671 5135 2763 5190 sed
2798 5137 3036 5191 occurrit
3091 5135 3404 5200 revertenti,
3435 5142 3492 5189 et
3521 5149 3612 5187 ac-

2040 5224 2210 5277 currit
2253 5227 2303 5279 in
2336 5226 2634 5296 amplexus,
2680 5227 2815 5282 flens
2862 5243 3025 5298 super
3082 5227 3277 5283 collum
3326 5239 3526 5288 meum,
3556 5232 3611 5278 et

2031 5310 2182 5378 jubet
2212 5313 2439 5383 proferri
2472 5315 2667 5369 stolam
2716 5315 2968 5384 primatu,
2993 5314 3107 5370 dari
3128 5316 3383 5370 annulum
3409 5313 3606 5369 intelli-

2035 5405 2228 5472 gentia:
2273 5403 2422 5474 (Luc.
2458 5408 2573 5471 xv),
2604 5414 2659 5462 et
2686 5407 2915 5462 calceari
2943 5410 3108 5476 pedes
3130 5409 3182 5461 iu
3213 5409 3604 5478 praeparatione

2037 5493 2312 5566 Evangelii
2363 5495 2578 5567 (Ephes.
2617 5500 2716 5568 vi),
2771 5499 2824 5554 in
2853 5501 3065 5564 'choro,
3107 5507 3161 5556 et
3193 5498 3509 5571 symphonia
3537 5493 3606 5552 ad

2039 5601 2270 5654 superna
2314 5589 2508 5656 gaudia
2553 5591 2817 5656 revocari.
2859 5591 3104 5647 etoccidi
3137 5591 3362 5645 vituiqu
3390 5591 3604 5659 sagina-

2041 5685 2152 5730 tum
2206 5677 2256 5731 in
2308 5678 2679 5735 remissionem
2731 5660 3076 5750 peccatorum
3132 5699 3395 5738 meorum.
3420 5680 3605 5738 -.Vidcs
