4064 6208
450 296 560 356 ’819

1074 292 1132 347 8.
1160 289 1360 346 PETRI
1388 288 1668 345 DAMIANI
1704 288 1855 357 QPP.
1883 287 2064 344 PARS
2103 286 2232 342 SEU
2273 285 2507 346 TOMUS
2530 286 2596 342 ll.
2638 317 2707 329 —-
2745 287 3129 351 SERMONES.

3578 290 3687 348 8%0

455 422 585 475 ergo
612 420 773 475 quam
827 402 983 472 longa
1035 401 1293 471 patientia
1330 399 1401 455 sit
1432 390 1643 465 in'Deo,
1671 415 1833 469 quam
1864 399 2018 453 velox
2048 404 2095 461 Α
2123 396 2302 451 arcem
2351 396 2690 462 innocentiae,
2716 407 2773 453 et
2798 400 3021 469 grandia
3061 399 3281 455 vulnera
3316 400 3395 455 sic
3427 401 3686 469 revinxit,

454 494 848 553 misericordia.
884 512 901 544 ι
930 490 1295 560 Longanimis,
1334 508 1354 545 ι
1391 490 1463 543 ait
1485 499 1727 553 sanctus,
1756 509 1774 541 ι
1806 498 1859 544 et
1877 489 2017 543 mulo

456 598 570 642 tum
602 584 913 640 misericors
954 578 1127 649 (Paul.
1172 579 1290 651 cn).
1327 597 1346 630 ι
1388 579 1644 635 Libenter
1676 580 1842 651 igitur
1869 580 1937 634 ad
1969 588 2021 633 te

456 676 725 742 confugio,
750 672 973 725 Domine
995 669 1146 733 Jesu,
1190 671 1281 738 qui
1310 670 1511 725 diutius
1538 671 1760 739 pateris,
1794 678 1851 725 et
1876 668 2022 725 velo-

456 767 592 819 citer
621 762 917 825 misereris,
940 761 1066 829 quia
1093 770 1147 813 tu
1173 775 1234 814 es
1277 759 1435 826 Deus,
1463 769 1521 814 et
1550 775 1654 814 non
1683 760 1866 827 homo,
1882 759 2023 814 sicut

456 854 717 923 propheta
741 850 870 904 dicit
900 848 1046 919 (Ou.
1092 853 1191 919 xt),
1215 850 1304 918 qui
1339 860 1519 905 servet
1548 850 1706 915 iram,
1729 848 2022 904 abscondat

455 942 740 1003 malitiam,
760 938 1057 993 vindictam
1092 938 1353 1007 inquirat.

524 1032 607 1085 Ad
652 1031 768 1084 haec
795 1037 851 1083 et
897 1028 1038 1081 istud
1071 1026 1524 1081 considerandum
1569 1027 1624 1081 in
1655 1024 2021 1081 misericordia

456 1121 770 1176 miserantis
819 1118 945 1189 quia
975 1118 1155 1173 sateuli
1190 1117 1438 1172 homines
1464 1115 1654 1182 semel,
1677 1124 1773 1170 aut
1797 1116 1902 1181 bis,
1929 1122 2023 1169 aut

456 1211 683 1266 multum
730 1209 951 1279 septies,
1005 1208 1090 1263 vel
1134 1200 1316 1263 decies
1371 1208 1670 1272 dimittunt,
1711 1207 1801 1262 hic
1839 1214 2022 1260 autem

458 1301 653 1355 millies
701 1300 753 1353 in
781 1298 891 1363 die,
924 1299 969 1353 si
1011 1298 1125 1353 fieri
1153 1305 1357 1367 posset,
1387 1312 1507 1367 qua:
1528 1296 1916 1352 committimus
1934 1295 2022 1350 di-

457 1391 645 1453 mittit,
672 1399 727 1444 et
751 1390 855 1444 hoc
881 1390 1119 1458 quandiu
1173 1388 1423 1453 vivimus,
1453 1387 1691 1456 quandiu
1712 1384 2026 1456 peregrina-

458 1496 582 1534 mur
624 1482 692 1536 ab
723 1481 859 1549 ipso.
890 1477 1034 1533 Visis
1086 1479 1250 1549 igitur
1299 1479 1385 1533 his
1411 1493 1530 1548 quae
1566 1475 2023 1539 enumeravimus,

459 1569 646 1623 attolle
697 1568 885 1623 oculos
934 1568 1101 1622 etiam
1156 1568 1220 1621 ad
1245 1568 1539 1621 videndum
1563 1566 1776 1621 Domini
1804 1564 2027 1635 largita-

460 1669 592 1721 tem,
647 1658 760 1713 sive
812 1656 1255 1711 familiaritatem.
1309 1655 1367 1711 Si
1402 1656 1490 1711 cui
1537 1656 1771 1709 maxime
1817 1653 2023 1723 potenti

460 1749 709 1814 fecimus,
746 1748 891 1817 quod
930 1748 977 1802 ei
1024 1746 1353 1817 displiceret,
1385 1744 1624 1814 nunquid
1670 1744 1901 1814 amplius
1924 1759 2027 1798 no-
2054 1727 2099 1784 Β

459 1841 666 1893 hiscum
716 1838 885 1908 loqui,
916 1839 1112 1893 nedum
1158 1837 1364 1906 aliquid
1399 1836 1608 1907 largiri,
1634 1836 1718 1890 vel
1748 1835 2027 1890 familiaris

460 1931 747 2001 dignatur?
773 1930 979 1985 Graves
1017 1945 1204 1984 sumus
1250 1930 1300 1984 ei
1352 1929 1513 1983 etiam
1541 1929 1609 1983 ad
1640 1928 1949 1993 videndum,
1972 1937 2030 1983 et

459 2037 560 2090 pro
596 2036 794 2092 magno
840 2019 1101 2075 beneficio
1128 2027 1428 2089 computat,
1458 2019 1503 2074 si
1549 2019 1741 2075 saltem
1778 2035 1808 2073 a
1843 2028 2028 2074 nostra

459 2110 681 2165 laesione
731 2110 992 2173 desistat;
1049 2118 1105 2164 et
1148 2109 1277 2163 licet
1314 2106 1703 2178 multiplicibus
1722 2120 1779 2162 et
1821 2108 2030 2163 devotis

462 2200 741 2269 obsequiis
795 2198 1145 2254 defendamus
1178 2196 1463 2262 offensam,
1502 2212 1717 2267 semper
1744 2206 1918 2251 tamen
1946 2197 2031 2251 in-

453 2289 614 2359 juria:
645 2290 903 2345 memoria
930 2288 1275 2360 praetervolat
1292 2287 1477 2343 oculos
1500 2287 1663 2350 illius,
1690 2304 1788 2343 nec
1807 2287 2027 2343 oblitte-

460 2381 571 2436 rari
594 2381 737 2435 valet
760 2380 844 2435 vel
874 2380 1157 2444 beneficio,
1186 2379 1268 2434 vel
1290 2378 1574 2448 obsequio,
1603 2378 1688 2435 vel
1728 2367 1843 2449 ipsa
1863 2378 2030 2449 298

460 2472 625 2526 etiam
676 2479 964 2526 vetustate.
1014 2469 1267 2539 Nunquid
1301 2469 1377 2524 ita
1428 2469 1570 2524 Deus
1615 2484 1791 2532 meus,
1819 2470 2031 2524 miseri-

460 2562 647 2618 cordia
673 2562 827 2615 mea?
853 2560 1025 2616 Absit.
1056 2559 1346 2615 Consuevit
1394 2559 1538 2614 enim
1565 2559 1832 2614 honorare
1859 2558 2032 2628 poeni-

462 2660 661 2717 tentes,
692 2651 863 2721 magis
892 2665 1052 2719 quam
1105 2650 1450 2714 innocentes;
1504 2658 1862 2713 revertentes,
1887 2648 2031 2718 plus-

462 2756 625 2810 quam
677 2749 1041 2805 remanentes,
1078 2741 1206 2810 Quia
1255 2740 1614 2795 devotioncst
1644 2738 1886 2794 fervidus
1912 2751 2028 2808 pm-

462 2830 642 2885 nitens
687 2844 848 2900 quam
899 2830 1109 2898 tepidus
1166 2820 1451 2895 innocens,
1481 2845 1605 2885 eum
1634 2828 1722 2885 ille
1747 2829 2033 2884 materiam

459 2919 692 2976 fervoris
721 2920 938 2985 habeat,
980 2920 1067 2975 hic
1091 2919 1406 2990 tepiditatis.

532 3009 803 3065 Fortassis
831 3008 1265 3080 praesumptionis
1292 3025 1511 3082 arguar,
1545 3007 1655 3079 qui,
1682 3014 1867 3066 contra
1888 3023 2028 3081 prm-

532 3058 558 3065 -
583 3058 801 3065 τμη---
831 3058 1264 3080 ruﬁ—"run"-
1293 3058 1341 3063 --
1393 3058 1511 3074 ---,
1549 3058 1655 3079 -ι--.
1687 3058 1867 3066 π--ση
1928 3058 1999 3064 ω»

461 3108 680 3169 ceptum
726 3099 990 3169 Apostoli,
1039 3101 1329 3154 verborum
1354 3058 1650 3156 unovitates
1688 3058 1918 3161 induco,r
1935 3099 2030 3154 sed
2056 3058 2103 3123 ο

461 3186 641 3243 habeo
661 3187 727 3242 ad
757 3202 974 3242 manum
1006 3188 1342 3254 testimonia,
1376 3204 1475 3243 nec
1495 3203 1680 3258 parva,
1709 3203 1807 3243 nec
1836 3202 2027 3259 pauca,

464 3294 585 3348 qua:
606 3288 663 3334 et
687 3279 799 3349 ipsa
835 3279 1114 3335 credibilia
1153 3278 1294 3335 facta
1323 3287 1451 3335 sunt
1477 3279 1659 3345 nimis,
1689 3288 1745 3335 et
1766 3295 1885 3351 quae
1908 3294 2034 3348 pos-

461 3369 574 3423 sint
615 3367 931 3423 satisfacere
974 3368 1357 3423 murmuranti.
1381 3368 1577 3424 Petrus
1600 3369 1897 3439 apostolus,
1925 3386 2032 3426 non

462 3458 692 3527 quilibet
740 3457 1035 3529 apostolus,
1090 3459 1186 3525 sed
1242 3458 1495 3529 princeps
1537 3458 1921 3529 apostolorum,
1946 3460 2032 3515 cui

461 3552 699 3607 traditus
723 3561 805 3607 est
848 3552 1181 3621 principatus
1222 3551 1345 3607 caeli
1384 3560 1438 3606 et
1461 3561 1620 3606 terrae
1649 3551 1865 3621 (Matth.
1894 3550 2033 3621 xw),

462 3642 707 3711 nunquid
735 3658 843 3697 non
872 3643 937 3697 de
964 3642 1130 3697 choro
1175 3628 1548 3711 paenitentiam
1575 3650 1681 3707 est,
1710 3652 1765 3696 et
1790 3642 1854 3697 de
1886 3652 2035 3698 sorte

468 3731 709 3799 graviter
754 3731 1112 3802 injusterum?
1133 3730 1322 3787 Nonne
1345 3732 1459 3801 ipse
1487 3732 1718 3823 est,\qui
1746 3732 1908 3787 Deum
1940 3748 2034 3787 ne-

463 3822 631 3890 gavit,
656 3821 875 3891 reliquit
921 3822 1260 3893 magistrum,
1303 3822 1537 3877 amicum
1565 3821 1819 3887 deseruit,
1845 3821 2033 3877 fefellit

461 3911 828 3979 promissum?
857 3910 946 3979 qui
974 3911 1139 3980 cmpit
1166 3909 1425 3965 detestari
1462 3918 1517 3965 et
1535 3909 1745 3977 jurare,
1772 3910 1897 3978 quia
1924 3925 2030 3964 non

463 4000 616 4055 novit
642 4000 912 4055 hominem
957 3999 1171 4069 (Matth.
1222 3999 1396 4071 xxvi),
1436 3999 1706 4070 negationi
1738 3999 2030 4070 perjnriuin

462 4096 695 4161 addens,
730 4095 946 4151 crimini
973 4094 1179 4150 crimen
1216 4094 1511 4163 adjiciens?
1534 4094 1756 4156 Cecidit,
1799 4094 1892 4149 sed
1922 4108 2029 4149 non

461 4197 546 4241 est
572 4187 809 4252 collisus,
836 4186 962 4255 quia
1000 4186 1258 4241 Dominus
1304 4184 1586 4255 supposuit
1612 4200 1830 4239 manum
1852 4198 2030 4237 suam.

462 4271 598 4327 Vide
643 4274 771 4342 quid
815 4273 955 4328 dicat
1012 4273 1345 4341 Scriptura:
1402 4293 1421 4325 ι
1480 4274 1775 4342 Respexit,
1835 4274 2031 4342 inquit,

2123 495 2181 540 ut
2208 502 2313 541 non
2342 487 2515 541 solum
2559 488 2816 551 vulneris,
2868 490 2960 544 sed
2998 505 3096 545 nec
3114 491 3277 545 etiam
3308 492 3577 548 cicatricis
3595 509 3685 549 ve-

2121 576 2278 646 stigia
2333 585 2693 631 remanerent.
2741 576 3082 649 Redargutus
3125 580 3268 633 enim
3295 594 3325 633 a
3351 581 3610 650 propheta
3630 589 3690 635 ct

2121 666 2423 721 retorsione
2476 666 2780 735 parabolica
2822 669 3103 737 sugillatus
3151 670 3287 725 dixit
3336 688 3348 723 :
3387 689 3406 722 ι
3460 670 3686 727 Peccavi

2121 756 2206 828 (II
2242 755 2367 826 Reg.
2398 758 2518 825 xu).
2556 775 2576 808 ι
2608 756 2676 812 Ει
2721 756 2811 812 ille
2852 774 2917 812 ex
2956 760 3209 815 thesauro
3255 760 3449 815 divina!
3478 761 3690 815 miseri-

2121 847 2319 902 cordiae
2355 846 2540 901 statim
2591 845 2875 901 subintulit
2929 864 2942 901 :
3003 865 3022 898 t
3081 848 3378 903 Transtulit
3430 849 3689 903 Dominus

2120 942 2399 1003 peccatum
2426 942 2553 998 ate,
2578 941 2634 988 et
2652 948 2759 988 non
2786 934 3038 989 morieris
3060 935 3269 1007 (lbid.).
3301 955 3318 988 ι
3348 936 3685 992 Translatum

2118 1032 2206 1079 est
2233 1033 2535 1094 peccatum,
2562 1032 2617 1080 et
2640 1025 2901 1089 ablatum,
2940 1030 3083 1095 quod
3122 1016 3563 1082 dividebat‘inter
3584 1027 3689 1081 Da~

2121 1116 2209 1170 vid
2239 1125 2296 1171 et
2320 1116 2520 1181 Deum;
2562 1125 2618 1171 et
2640 1116 2855 1171 sublato
2876 1132 2942 1172 eo
2970 1117 3137 1172 David
3172 1118 3312 1172 idem
3336 1118 3426 1187 qui
3448 1118 3617 1188 prius.

2192 1203 2298 1259 Sed
2332 1214 2387 1260 et
2427 1204 2515 1259 ille
2544 1202 2654 1258 Vas
2681 1204 2980 1269 electionis,
3019 1205 3112 1275 qui
3153 1206 3350 1260 volavit
3371 1221 3534 1276 super
3560 1221 3688 1274 pen-

2121 1309 2221 1349 nas
2247 1303 2551 1361 ventorum,
2581 1296 2671 1364 qui
2716 1296 2836 1365 plus
2866 1296 3120 1352 omnibus
3146 1295 3431 1362 laboravit,
3464 1298 3549 1352 cui
3572 1312 3692 1352 cre-

2123 1383 2234 1438 dita
2278 1393 2405 1439 sunt
2432 1383 2644 1453 eloquia
2686 1385 2799 1446 Dei,
2832 1400 3010 1440 nonne
3047 1385 3336 1455 primusin
3359 1386 3687 1455 primitivam

2124 1473 2422 1530 Ecclesiam
2471 1477 2684 1531 caeteris
2724 1478 3002 1533 ardentius
3047 1477 3221 1534 fertur
3248 1477 3609 1534 eﬂ'erbuisse?
3634 1477 3689 1551 (1

2124 1564 2247 1620 Cor.
2266 1566 2378 1635 xv.)
2393 1566 2558 1623 Actus
2578 1562 2856 1636 apostolici
2875 1570 3064 1623 suntin
3084 1568 3475 1635 testimonium,
3489 1576 3691 1638 quanta

2125 1655 2265 1710 mala
2291 1655 2482 1711 fecerit
2533 1658 2737 1713 sanctis
2761 1658 2853 1714 Dei
2883 1659 2937 1713 in
2960 1658 3315 1714 Hierusalem.
3359 1658 3459 1715 Hic
3487 1669 3690 1727 autem,

2126 1744 2217 1813 qui
2245 1753 2392 1799 tanta
2437 1745 2577 1800 mala
2610 1744 2759 1811 fecit,
2810 1755 2957 1801 tanta
3012 1756 3201 1817 postea
3255 1761 3448 1817 passus
3474 1756 3557 1803 est
3592 1762 3693 1819 pro

2126 1838 2344 1893 nomine
2368 1838 2593 1904 Christi,
2626 1849 2683 1895 et
2713 1840 2858 1897 lucet
2885 1841 2938 1896 in
2963 1843 3301 1897 firmamento
3328 1842 3469 1906 cmli,
3492 1858 3594 1897 nec
3610 1852 3694 1898 est

2128 1926 2306 1998 aliqua
2353 1944 2566 1999 gemma
2614 1931 2903 2001 pretiosior
2932 1932 2984 1986 in
3019 1946 3219 1988 corona
3273 1931 3437 2002 Regis
3477 1933 3686 1987 aeterni.

2125 2015 2367 2072 Accedat
2394 2028 2450 2073 et
2480 2018 2569 2073 illa
2597 2019 2811 2083 mulier,
2838 2036 2958 2091 qua;
2977 2030 3183 2092 septem
3204 2021 3507 2087 daemoniis,
3533 2022 3693 2077 idest

2126 2107 2395 2164 universis
2429 2110 2577 2164 vitiis
2626 2110 2899 2168 cumulata
2943 2112 3065 2177 fuit,
3089 2113 3174 2168 cui
3221 2112 3445 2168 multum
3467 2113 3690 2178 amanti,

2126 2196 2354 2252 multum
2400 2198 2712 2264 dimittitur,
2763 2216 2884 2270 qua:
2943 2201 3117 2271 prima
3160 2201 3305 2258 videt
3354 2201 3694 2257 Dominuma

2127 2286 2355 2342 mortuis
2376 2296 2772 2358 resurgentem,
2797 2290 3165 2358 apostolorum
3204 2289 3467 2359 aoostola,
3498 2288 3694 2348 dileeta

2126 2377 2345 2447 proprie
2374 2375 2676 2435 Salvatoris
2700 2378 2895 2449 (Marc.
2926 2379 3061 2452 th).

2203 2469 2388 2524 Veniat
2435 2486 2580 2525 nunc
2630 2471 2811 2526 omnis
2848 2472 3472 2537 innocentiumchorus,
3498 2479 3555 2527 et
3580 2480 3690 2529 tota

2127 2558 2370 2628 virginea
2422 2560 2631 2630 puritas
2678 2560 2965 2627 adunetur,
2989 2561 3111 2632 quis
3156 2562 3282 2629 erit,
3313 2562 3407 2632 qui
3433 2562 3600 2633 299
3623 2564 3692 2619 ad

2128 2649 2358 2705 istorum
2406 2649 2633 2719 gloriam
2677 2651 2941 2720 aspirare,
2963 2653 3161 2708 nedum
3186 2653 3569 2708 transcendere
3595 2668 3691 2707 au-

2129 2736 2289 2791 deat?
2334 2735 2625 2806 Propterea
2675 2738 2976 2795 confitebor
3018 2739 3137 2801 tibi,
3188 2739 3417 2794 Domine
3463 2738 3613 2805 Iesu,
3643 2749 3696 2795 et

2130 2826 2341 2882 laudem
2396 2826 2627 2882 tribuam
2692 2828 2894 2884 nomini
2945 2837 3057 2894 tuo,
3093 2829 3221 2901 quia
3266 2829 3700 2900 apudtepropi-

2132 2917 2285 2973 tiatio
2331 2926 2434 2981 est,
2462 2926 2515 2974 et
2542 2928 2764 2988 propter
2804 2918 2977 2989 legem
3005 2928 3153 2975 tuam
3191 2919 3423 2976 sustinui
3446 2928 3496 2974 te
3522 2916 3695 2991 (Ρωι.

2133 3007 2340 3081 cxxtx),
2374 3009 2618 3065 Domine.
2650 3009 2780 3077 Quae
2825 3022 2908 3067 est
2950 3011 3052 3067 ista
3076 3011 3185 3079 lex,
3211 3027 3331 3083 quae
3355 3011 3697 3083 propitiatioi

2132 3100 2267 3168 Quia
2294 3099 2552 3168 offensus,
2570 3109 2621 3157 te
2645 3101 2967 3158 clementem
2989 3102 3295 3173 promittis;
3320 3101 3692 3173 pwnitentiam

2132 3188 2407 3256 admittis;
2435 3189 2631 3261 punire
2653 3192 3047 3260 praetermittis.
3072 3192 3261 3264 Magna
3293 3200 3377 3248 est
3404 3192 3571 3262 igitur
3591 3193 3698 3247 vir-

2134 3288 2220 3334 tus
2246 3280 2560 3350 paenitentia
2582 3296 2868 3346 vera,cutn
2899 3282 3213 3338 Ambrosius
3242 3284 3386 3338 dicat
3421 3298 3437 3337 :
3466 3282 3698 3338 Facilius

2135 3366 2315 3423 inveni
2351 3381 2446 3422 eos
2472 3367 2565 3437 qui
2620 3368 2983 3424 innocentiam
3031 3379 3385 3426 servaverunt
3409 3385 3573 3441 quam
3599 3370 3692 3442 qui

2133 3472 2428 3528 congruam
2447 3467 2674 3528 egerunt
2700 3459 3098 3528 paenitentiam.

2204 3545 2339 3602 Vide
2383 3556 2439 3601 et
2468 3557 2634 3602 sexto
2665 3548 2961 3604 custodiam
2992 3550 3130 3619 ejus,
3170 3549 3295 3620 quia
3325 3549 3429 3605 nisi
3461 3549 3581 3620 ipse
3602 3564 3695 3606 cn-

2133 3636 2381 3693 stodierit
2405 3652 2524 3703 nos,
2554 3636 2757 3692 frustra
2792 3638 3096 3708 vigilamus.

2205 3726 2458 3782 Decursis
2509 3726 2673 3798 igitur
2717 3741 2815 3782 sex
2858 3726 3155 3784 visionibus
3193 3727 3331 3793 istis,
3358 3738 3691 3783 transeamus

2133 3818 2203 3874 ad
2238 3818 2528 3874 secundam
2575 3816 2870 3873 Salvatoris
2926 3832 3113 3873 vocem
3160 3818 3388 3874 dicentis
3419 3835 3437 3872 :
3473 3834 3494 3870 ι
3546 3818 3687 3888 Vigi-

2132 3909 2258 3965 late.
2291 3929 2311 3963 ι
2344 3909 2684 3980 Vigilandum
2732 3912 2985 3975 omnino,
3034 3919 3090 3964 et
3135 3925 3355 3966 somnus
3406 3910 3475 3965 ab
3521 3908 3691 3965 oculis

2132 3999 2479 4067 auferendus,
2530 4000 2656 4071 quia
2710 4002 2949 4055 latrones
2998 3999 3152 4055 multi
3185 3999 3433 4056 obsident
3460 4000 3565 4055 iter
3599 4014 3695 4054 no-

2132 4099 2305 4147 strum
2334 4091 2586 4147 toxicatis
2609 4090 2906 4146 missilibus
2933 4089 3280 4155 fonnidandi,
3308 4090 3509 4145 nullum
3544 4104 3694 4159 pror-

2132 4197 2225 4237 sus
2241 4183 2558 4237 intentatum
2584 4182 2818 4237 transire
2832 4182 3178 4237 sustinentes.
3198 4181 3332 4236 Tres
3345 4183 3488 4236 enim
3513 4182 3695 4236 hostes

2132 4273 2435 4343 praecipuos
2480 4271 2742 4327 habemus
2767 4280 2822 4327 et
2846 4270 3200 4342 prmcipitium
3236 4271 3545 4337 suadentes,
3568 4286 3691 4326 car-

468 4378 493 4413 s
526 4361 787 4416 Dominus
812 4361 1028 4417 Petrum
1071 4361 1283 4432 (Ibid.).
1314 4381 1334 4414 ι
1361 4361 1688 4431 Respectum
1719 4361 1916 4417 Christi
1944 4378 2030 4417 se-
2054 4395 2108 4457 Β
2135 4377 2280 4426 ιιειιι,
2316 4360 2609 4426 diabolum,
2659 4370 2712 4415 et
2756 4361 3044 4427 mundum;
3093 4376 3157 4416 ex
3184 4359 3381 4430 quibus
3405 4360 3535 4424 duo,
3603 4360 3699 4416 etsi

462 4451 646 4521 quitur
668 4450 824 4507 ﬂetus
850 4450 1018 4516 Petri,
1043 4460 1098 4507 et
1122 4451 1482 4522 lacrymarum
1512 4451 1816 4506 amaritudo
1846 4450 2029 4506 dulce-

462 4544 640 4600 dinem
667 4544 902 4615 antiqua:
927 4544 1203 4615 dignitatis
1224 4544 1512 4599 instaurat.

531 4633 773 4697 Felices,
822 4643 1011 4689 sancte
1045 4632 1307 4703 apostole,
1334 4632 1585 4704 lacrymze
1616 4640 1740 4698 true,
1774 4647 1895 4703 quae
1917 4630 2031 4686 cul-

458 4737 586 4794 pam
633 4724 875 4793 abluunt,
905 4724 1129 4793 gradum
1176 4726 1495 4791 restituunt,
1527 4724 1706 4779 debita
1729 4724 2028 4789 dimittunt,

459 4814 722 4883 ampliora
777 4813 1142 4867 committunt.
1187 4811 1446 4883 Respexit
1488 4813 1679 4881 pietas,
1707 4820 1761 4867 et
1782 4812 2029 4882 impietas

458 4903 648 4967 cessit,
700 4912 757 4958 et
797 4904 1026 4958 accessit
1076 4903 1253 4971 prisca
1327 4901 1689 4956 familiaritas.
1744 4899 2023 4969 Denique:

465 5011 503 5060 ι,
523 4993 709 5051 Simon
753 4992 998 5059 Joannis,
1015 4993 1204 5063 ,diligis
1246 5007 1333 5046 me
1381 4971 1502 5060 plus
1550 4991 1669 5045 his?
1704 4989 1874 5046 Pasce
1900 5006 2032 5046 oves

458 5097 615 5138 meas
651 5081 831 5153 (Joan.
866 5083 982 5148 xxi)
1014 5098 1026 5133 :
1069 5099 1088 5133 ι
1120 5089 1175 5135 ει
1219 5080 1304 5134 his
1348 5078 1569 5143 similia,
1601 5079 1730 5148 quid
1755 5087 1901 5144 sunt,
1924 5076 2028 5141 nisi

461 5187 654 5243 magna
681 5172 1001 5227 documenta
1046 5168 1472 5224 familiaritatis?
1509 5168 1642 5223 illud
1664 5168 1826 5223 etiam
1848 5169 2028 5240 singu-

458 5260 576 5317 lare
595 5260 770 5317 sancti
798 5259 1035 5331 Spiritus
1054 5273 1339 5328 organum,
1362 5272 1521 5328 quem
1545 5258 1752 5313 invenit
1771 5258 2031 5314 Dominus

459 5352 755 5407 secundum
800 5366 895 5406 cor
941 5340 1123 5413 suum,
1164 5348 1250 5403 cui
1305 5348 1541 5404 revelata
1586 5356 1713 5404 sunt
1742 5347 1947 5403 incerta
1975 5358 2030 5402 et

463 5441 673 5495 occulta
713 5440 991 5511 sapientiae
1037 5438 1173 5504 Dei,
1219 5452 1399 5495 nonne
1444 5454 1567 5494 eum
1618 5437 1927 5502 homicidio,
1973 5447 2030 5491 et

459 5530 729 5606 qlplterio
773 5530 1060 5602 insignitus
1102 5537 1185 5585 est
1213 5540 1339 5586 nota
1384 5538 1437 5585 et
1458 5530 1674 5585 nomine
1697 5529 2030 5599 proditoris?

475 5603 581 5679 Sed
610 5621 732 5676 vide
760 5636 921 5691 quam
962 5619 1125 5677 celeri
1152 5619 1486 5691 pmnitentiae
1535 5617 1673 5675 saltu
1703 5619 1931 5676 resilivit
1960 5619 2031 5675 ad

2131 4450 2421 4520 aliquando
2462 4450 2841 4512 intermittunt,
2888 4464 3159 4518 nunquam
3187 4456 3364 4503 tamen
3389 4447 3695 4511 dimittunt;

2051 4560 2065 4569 -
2131 4542 2325 4597 tertius
2369 4550 2573 4607 autem,
2626 4540 2870 4595 diabolus
2920 4539 3201 4602 videlicet,
3249 4540 3322 4595 ita
3368 4537 3696 4594 inexorabile

2129 4634 2311 4688 odium
2348 4634 2632 4688 adversum
2683 4646 2782 4686 nos
2828 4641 3065 4697 exercet,
3110 4641 3169 4686 ut
3204 4646 3478 4700 nunquam
3527 4634 3597 4685 ab
3628 4644 3694 4683 eo

2131 4722 2397 4787 inducias,
2451 4721 2533 4776 vel
2565 4722 2618 4775 in
2668 4720 2775 4775 ictu
2823 4721 2962 4776 oculi
2989 4721 3322 4790 potuerimus
3349 4728 3692 4787 extorquere.

2131 4813 2201 4867 At
2232 4820 2290 4867 ut
2317 4813 2481 4867 verba
2543 4811 2687 4866 illius
2731 4812 2968 4867 oratoris
3016 4798 3304 4881 ponamus,
3358 4809 3451 4877 qui
3500 4808 3696 4877 ubique

2133 4900 2337 4958 redolet
2388 4900 2728 4965 Ciceronem,
2783 4914 2905 4953 eum
2932 4898 3033 4953 hoc
3058 4896 3403 4967 quotidianus
3424 4902 3480 4950 et
3499 4907 3698 4963 anceps

2132 5003 2477 5059 congressus,
2508 5002 2574 5042 ex
2598 4986 2699 5043 hoc
2725 4988 3065 5042 innumerum
3094 4985 3308 5061 vulnus,
3330 5000 3431 5039 nec
3457 4999 3523 5039 ex
3552 4982 3695 5038 facili

2132 5077 2444 5133 cicatricem
2478 5078 2824 5147 promittens;
2860 5077 2961 5132 sub
3005 5078 3107 5131 hoc
3148 5090 3308 5131 casus
3337 5073 3613 5143 frequens,
3643 5082 3699 5127 et

2133 5170 2419 5243 respiratio
2446 5168 2702 5234 difﬁcilis;
2732 5170 2797 5224 de
2820 5169 2922 5224 hoc
2947 5184 3094 5233 rara,
3126 5176 3180 5223 et
3208 5181 3480 5237 nunquam
3506 5180 3699 5221 secura

2131 5259 2390 5324 victoria;
2421 5257 2547 5313 huic
2584 5257 2833 5313 voluntas
2886 5271 3101 5327 semper
3157 5255 3359 5326 iniqua,
3399 5263 3453 5310 et
3479 5252 3695 5307 fallendi

2134 5348 2488 5419 principatus.
2520 5346 2653 5413 Quis
2701 5347 2962 5402 adversus
3011 5347 3155 5401 hunc
3199 5344 3395 5415 poterit
3453 5342 3701 5413 vigilare,

2135 5439 2239 5494 nisi
2260 5448 2443 5494 custos
2465 5438 2552 5492 ille
2576 5436 2644 5492 de
2664 5445 2824 5492 nocte
2845 5436 3056 5490 venerit
3070 5436 3122 5488 in
3136 5433 3392 5491 auxilium
3416 5427 3698 5487 nostrum?

2135 5530 2237 5585 Per
2266 5545 2365 5584 nos
2412 5542 2644 5596 namque
2692 5542 2799 5582 non
2827 5525 3135 5601 sufficimus,
3172 5524 3280 5581 into
3318 5517 3698 5586 deficitnus,si

2133 5618 2466 5678 conﬁdamus
2495 5617 2550 5674 in
2587 5617 2765 5673 nobis.

3288 5726 3451 5741 '~""'
