  <div class='ocr_page' id='page_1' title='image "/cluster/home/n/w/nwhite01/storage/ocr_20150623/144/hvd.32044054760046/416.png"; bbox 0 0 4064 6208; ppageno 0'>
   <div class='ocr_carea' id='block_1_1' title="bbox 1793 314 2202 372">
    <p class='ocr_par' dir='ltr' id='par_1_1' title="bbox 1793 314 2202 372">
     <span class='ocr_line' id='line_1_1' title="bbox 1793 314 2202 372; baseline -0.005 0"><span class='ocrx_word' id='word_1_1' title='bbox 1793 315 2024 372; x_wconf 70' lang='grc' dir='ltr'><strong>ΒΕΗΜΟ</strong></span> <span class='ocrx_word' id='word_1_2' title='bbox 2051 314 2202 370; x_wconf 74' lang='lat' dir='ltr'><strong>LVII.</strong></span> 
     </span>
    </p>
   </div>
   <div class='ocr_carea' id='block_1_2' title="bbox 3544 319 3650 374">
    <p class='ocr_par' dir='ltr' id='par_1_2' title="bbox 3544 319 3650 374">
     <span class='ocr_line' id='line_1_2' title="bbox 3544 319 3650 374; baseline 0.019 -2"><span class='ocrx_word' id='word_1_3' title='bbox 3544 319 3650 374; x_wconf 74' lang='lat'><strong>829.</strong></span> 
     </span>
    </p>
   </div>
   <div class='ocr_carea' id='block_1_3' title="bbox 486 424 3649 499">
    <p class='ocr_par' dir='ltr' id='par_1_3' title="bbox 486 424 3649 499">
     <span class='ocr_line' id='line_1_3' title="bbox 486 424 3649 499; baseline 0.002 -21"><span class='ocrx_word' id='word_1_4' title='bbox 486 424 736 480; x_wconf 55' lang='lat' dir='ltr'><strong>Attende;</strong></span> <span class='ocrx_word' id='word_1_5' title='bbox 765 433 943 478; x_wconf 68' lang='lat' dir='ltr'><strong>autem</strong></span> <span class='ocrx_word' id='word_1_6' title='bbox 979 426 1062 481; x_wconf 65' lang='lat' dir='ltr'><strong>de&quot;</strong></span> <span class='ocrx_word' id='word_1_7' title='bbox 1089 427 1246 482; x_wconf 87' lang='lat' dir='ltr'><strong>hoste</strong></span> <span class='ocrx_word' id='word_1_8' title='bbox 1281 425 1384 482; x_wconf 88' lang='lat' dir='ltr'><strong>isto</strong></span> <span class='ocrx_word' id='word_1_9' title='bbox 1440 426 1698 483; x_wconf 79' lang='lat' dir='ltr'><strong>invisibili</strong></span> <span class='ocrx_word' id='word_1_10' title='bbox 1741 439 1975 496; x_wconf 86' lang='lat' dir='ltr'><strong>quantus</strong></span> <span class='ocrx_word' id='word_1_11' title='bbox 2007 435 2049 490; x_wconf 78' lang='grc' dir='ltr'>Α</span> <span class='ocrx_word' id='word_1_12' title='bbox 2081 439 2232 482; x_wconf 83' lang='lat' dir='ltr'><strong>stans</strong></span> <span class='ocrx_word' id='word_1_13' title='bbox 2273 425 2474 496; x_wconf 82' lang='lat' dir='ltr'><strong>iugiter</strong></span> <span class='ocrx_word' id='word_1_14' title='bbox 2503 444 2598 496; x_wconf 89' lang='lat' dir='ltr'><strong>per</strong></span> <span class='ocrx_word' id='word_1_15' title='bbox 2628 428 2800 492; x_wconf 76' lang='lat' dir='ltr'><strong>diem;</strong></span> <span class='ocrx_word' id='word_1_16' title='bbox 2843 434 2898 480; x_wconf 87' lang='lat' dir='ltr'><strong>et</strong></span> <span class='ocrx_word' id='word_1_17' title='bbox 2935 442 3098 499; x_wconf 51' lang='lat' dir='ltr'><strong>super</strong></span> <span class='ocrx_word' id='word_1_18' title='bbox 3143 429 3441 483; x_wconf 80' lang='lat' dir='ltr'><strong>custodiam</strong></span> <span class='ocrx_word' id='word_1_19' title='bbox 3477 433 3649 487; x_wconf 82' lang='lat' dir='ltr'><strong>meam</strong></span> 
     </span>
    </p>
   </div>
   <div class='ocr_carea' id='block_1_4' title="bbox 411 516 1993 585">
    <p class='ocr_par' dir='ltr' id='par_1_4' title="bbox 411 516 1993 585">
     <span class='ocr_line' id='line_1_4' title="bbox 411 516 1993 585; baseline -0.001 -15"><span class='ocrx_word' id='word_1_20' title='bbox 411 517 748 585; x_wconf 85' lang='lat' dir='ltr'><strong>ingrediatur</strong></span> <span class='ocrx_word' id='word_1_21' title='bbox 805 518 874 568; x_wconf 88' lang='lat' dir='ltr'><strong>ad</strong></span> <span class='ocrx_word' id='word_1_22' title='bbox 936 516 1210 585; x_wconf 75' lang='lat' dir='ltr'><strong>singulare</strong></span> <span class='ocrx_word' id='word_1_23' title='bbox 1265 523 1561 582; x_wconf 73' lang='lat' dir='ltr'><strong>certamen,</strong></span> <span class='ocrx_word' id='word_1_24' title='bbox 1601 517 1786 585; x_wconf 77' lang='lat' dir='ltr'><strong>qualia</strong></span> <span class='ocrx_word' id='word_1_25' title='bbox 1845 517 1993 584; x_wconf 71' lang='lat' dir='ltr'><strong>gerit-</strong></span> 
     </span>
    </p>
   </div>
   <div class='ocr_carea' id='block_1_5' title="bbox 412 605 1980 676">
    <p class='ocr_par' dir='ltr' id='par_1_5' title="bbox 412 605 1980 676">
     <span class='ocr_line' id='line_1_5' title="bbox 412 605 1980 676; baseline 0 -19"><span class='ocrx_word' id='word_1_26' title='bbox 412 621 588 666; x_wconf 89' lang='lat' dir='ltr'><strong>arma,</strong></span> <span class='ocrx_word' id='word_1_27' title='bbox 617 620 780 676; x_wconf 85' lang='lat' dir='ltr'><strong>quam</strong></span> <span class='ocrx_word' id='word_1_28' title='bbox 835 605 1022 669; x_wconf 86' lang='lat' dir='ltr'><strong>fortia,</strong></span> <span class='ocrx_word' id='word_1_29' title='bbox 1050 621 1156 672; x_wconf 89' lang='lat' dir='ltr'><strong>quo</strong></span> <span class='ocrx_word' id='word_1_30' title='bbox 1209 605 1422 660; x_wconf 90' lang='lat' dir='ltr'><strong>turbine</strong></span> <span class='ocrx_word' id='word_1_31' title='bbox 1482 612 1728 675; x_wconf 77' lang='lat' dir='ltr'><strong>torqueat</strong></span> <span class='ocrx_word' id='word_1_32' title='bbox 1751 607 1980 660; x_wconf 86' lang='lat' dir='ltr'><strong>hastam.</strong></span> 
     </span>
    </p>
   </div>
   <div class='ocr_carea' id='block_1_6' title="bbox 412 693 1984 764">
    <p class='ocr_par' dir='ltr' id='par_1_6' title="bbox 412 693 1984 764">
     <span class='ocr_line' id='line_1_6' title="bbox 412 693 1984 764; baseline 0 -16"><span class='ocrx_word' id='word_1_33' title='bbox 412 693 613 749; x_wconf 76' lang='lat' dir='ltr'><strong>Recole</strong></span> <span class='ocrx_word' id='word_1_34' title='bbox 665 693 858 747; x_wconf 83' lang='lat' dir='ltr'><strong>librum</strong></span> <span class='ocrx_word' id='word_1_35' title='bbox 903 693 1103 758; x_wconf 81' lang='lat' dir='ltr'><strong>Jeb,et</strong></span> <span class='ocrx_word' id='word_1_36' title='bbox 1135 694 1440 759; x_wconf 74' lang='lat' dir='ltr'><strong>historiam</strong></span> <span class='ocrx_word' id='word_1_37' title='bbox 1464 695 1691 764; x_wconf 77' lang='lat' dir='ltr'><strong>Regum,</strong></span> <span class='ocrx_word' id='word_1_38' title='bbox 1718 705 1772 750; x_wconf 88' lang='lat' dir='ltr'><strong>et</strong></span> <span class='ocrx_word' id='word_1_39' title='bbox 1801 712 1984 751; x_wconf 82' lang='lat' dir='ltr'><strong>arma-</strong></span> 
     </span>
    </p>
   </div>
   <div class='ocr_carea' id='block_1_7' title="bbox 415 783 1986 853">
    <p class='ocr_par' dir='ltr' id='par_1_7' title="bbox 415 783 1986 853">
     <span class='ocr_line' id='line_1_7' title="bbox 415 783 1986 853; baseline 0.003 -17"><span class='ocrx_word' id='word_1_40' title='bbox 415 791 638 846; x_wconf 80' lang='lat' dir='ltr'><strong>tum,.et</strong></span> <span class='ocrx_word' id='word_1_41' title='bbox 669 798 820 836; x_wconf 89' lang='lat' dir='ltr'><strong>arma</strong></span> <span class='ocrx_word' id='word_1_42' title='bbox 867 783 1175 847; x_wconf 89' lang='lat' dir='ltr'><strong>considera,</strong></span> <span class='ocrx_word' id='word_1_43' title='bbox 1224 784 1472 853; x_wconf 82' lang='lat' dir='ltr'><strong>quiaqui</strong></span> <span class='ocrx_word' id='word_1_44' title='bbox 1501 784 1719 840; x_wconf 87' lang='lat' dir='ltr'><strong>Goliatb</strong></span> <span class='ocrx_word' id='word_1_45' title='bbox 1760 787 1813 839; x_wconf 92' lang='lat' dir='ltr'><strong>in</strong></span> <span class='ocrx_word' id='word_1_46' title='bbox 1845 785 1986 841; x_wconf 89' lang='lat' dir='ltr'><strong>libre</strong></span> 
     </span>
    </p>
   </div>
   <div class='ocr_carea' id='block_1_8' title="bbox 416 873 1978 943">
    <p class='ocr_par' dir='ltr' id='par_1_8' title="bbox 416 873 1978 943">
     <span class='ocr_line' id='line_1_8' title="bbox 416 873 1978 943; baseline 0.002 -17"><span class='ocrx_word' id='word_1_47' title='bbox 416 873 642 943; x_wconf 82' lang='lat' dir='ltr'><strong>Regum,</strong></span> <span class='ocrx_word' id='word_1_48' title='bbox 676 873 816 928; x_wconf 84' lang='lat' dir='ltr'><strong>idem</strong></span> <span class='ocrx_word' id='word_1_49' title='bbox 844 882 928 927; x_wconf 89' lang='lat' dir='ltr'><strong>est</strong></span> <span class='ocrx_word' id='word_1_50' title='bbox 955 873 1200 927; x_wconf 85' lang='lat' dir='ltr'><strong>diabolus</strong></span> <span class='ocrx_word' id='word_1_51' title='bbox 1247 873 1306 926; x_wconf 68' lang='lat' dir='ltr'><strong>in.</strong></span> <span class='ocrx_word' id='word_1_52' title='bbox 1332 888 1499 942; x_wconf 86' lang='lat' dir='ltr'><strong>regno</strong></span> <span class='ocrx_word' id='word_1_53' title='bbox 1519 874 1978 929; x_wconf 86' lang='lat' dir='ltr'><strong>Christianorum.</strong></span> 
     </span>
    </p>
   </div>
   <div class='ocr_carea' id='block_1_9' title="bbox 417 961 1986 1036">
    <p class='ocr_par' dir='ltr' id='par_1_9' title="bbox 417 961 1986 1036">
     <span class='ocr_line' id='line_1_9' title="bbox 417 961 1986 1036; baseline 0.003 -22"><span class='ocrx_word' id='word_1_54' title='bbox 417 961 594 1018; x_wconf 80' lang='lat' dir='ltr'><strong>liabet.</strong></span> <span class='ocrx_word' id='word_1_55' title='bbox 619 964 762 1018; x_wconf 92' lang='lat' dir='ltr'><strong>enim</strong></span> <span class='ocrx_word' id='word_1_56' title='bbox 805 962 1016 1017; x_wconf 79' lang='lat' dir='ltr'><strong>hastam</strong></span> <span class='ocrx_word' id='word_1_57' title='bbox 1040 962 1438 1029; x_wconf 84' lang='lat' dir='ltr'><strong>delectationis,</strong></span> <span class='ocrx_word' id='word_1_58' title='bbox 1476 964 1855 1021; x_wconf 84' lang='lat' dir='ltr'><strong>ebdurationis</strong></span> <span class='ocrx_word' id='word_1_59' title='bbox 1876 967 1986 1036; x_wconf 85' lang='lat' dir='ltr'><strong>cly-</strong></span> 
     </span>
    </p>
   </div>
   <div class='ocr_carea' id='block_1_10' title="bbox 415 1053 1984 1125">
    <p class='ocr_par' dir='ltr' id='par_1_10' title="bbox 415 1053 1984 1125">
     <span class='ocr_line' id='line_1_10' title="bbox 415 1053 1984 1125; baseline 0.001 -16"><span class='ocrx_word' id='word_1_60' title='bbox 415 1069 602 1123; x_wconf 86' lang='lat' dir='ltr'><strong>peum,</strong></span> <span class='ocrx_word' id='word_1_61' title='bbox 641 1053 1058 1122; x_wconf 54' lang='lat' dir='ltr'><strong>desperationis</strong></span> <span class='ocrx_word' id='word_1_62' title='bbox 1092 1053 1336 1120; x_wconf 81' lang='lat' dir='ltr'><strong>loricam,</strong></span> <span class='ocrx_word' id='word_1_63' title='bbox 1389 1053 1625 1125; x_wconf 75' lang='lat' dir='ltr'><strong>gladium</strong></span> <span class='ocrx_word' id='word_1_64' title='bbox 1676 1057 1984 1120; x_wconf 87' lang='lat' dir='ltr'><strong>occisionis,</strong></span> 
     </span>
    </p>
   </div>
   <div class='ocr_carea' id='block_1_11' title="bbox 417 1143 1998 1216">
    <p class='ocr_par' dir='ltr' id='par_1_11' title="bbox 417 1143 1998 1216">
     <span class='ocr_line' id='line_1_11' title="bbox 417 1143 1998 1216; baseline 0.002 -20"><span class='ocrx_word' id='word_1_65' title='bbox 417 1144 744 1213; x_wconf 85' lang='lat' dir='ltr'><strong>armigerum</strong></span> <span class='ocrx_word' id='word_1_66' title='bbox 772 1143 1106 1212; x_wconf 79' lang='lat' dir='ltr'><strong>superbiam,</strong></span> <span class='ocrx_word' id='word_1_67' title='bbox 1125 1145 1222 1212; x_wconf 86' lang='lat' dir='ltr'><strong>qui</strong></span> <span class='ocrx_word' id='word_1_68' title='bbox 1251 1145 1684 1211; x_wconf 88' lang='lat' dir='ltr'><strong>anteeediteum,</strong></span> <span class='ocrx_word' id='word_1_69' title='bbox 1711 1156 1766 1201; x_wconf 91' lang='lat' dir='ltr'><strong>et</strong></span> <span class='ocrx_word' id='word_1_70' title='bbox 1793 1163 1998 1216; x_wconf 57' lang='lat' dir='ltr'><strong>expro«</strong></span> 
     </span>
    </p>
   </div>
   <div class='ocr_carea' id='block_1_12' title="bbox 416 1228 1996 1298">
    <p class='ocr_par' dir='ltr' id='par_1_12' title="bbox 416 1228 1996 1298">
     <span class='ocr_line' id='line_1_12' title="bbox 416 1228 1996 1298; baseline 0 -14"><span class='ocrx_word' id='word_1_71' title='bbox 416 1228 538 1284; x_wconf 88' lang='lat' dir='ltr'><strong>brat</strong></span> <span class='ocrx_word' id='word_1_72' title='bbox 585 1228 886 1298; x_wconf 79' lang='lat' dir='ltr'><strong>agminibus</strong></span> <span class='ocrx_word' id='word_1_73' title='bbox 939 1230 1035 1284; x_wconf 89' lang='lat' dir='ltr'><strong>Dei</strong></span> <span class='ocrx_word' id='word_1_74' title='bbox 1093 1231 1348 1296; x_wconf 77' lang='lat' dir='ltr'><strong>viventis,</strong></span> <span class='ocrx_word' id='word_1_75' title='bbox 1399 1241 1465 1287; x_wconf 85' lang='lat' dir='ltr'><strong>et</strong></span> <span class='ocrx_word' id='word_1_76' title='bbox 1507 1233 1641 1288; x_wconf 86' lang='lat' dir='ltr'><strong>dicit</strong></span> <span class='ocrx_word' id='word_1_77' title='bbox 1685 1234 1934 1290; x_wconf 85' lang='lat' dir='ltr'><strong>inimicus</strong></span> <span class='ocrx_word' id='word_1_78' title='bbox 1969 1251 1996 1288; x_wconf 45' lang='grc' dir='ltr'><strong>ες</strong></span> 
     </span>
    </p>
   </div>
   <div class='ocr_carea' id='block_1_13' title="bbox 421 1318 1999 1393">
    <p class='ocr_par' dir='ltr' id='par_1_13' title="bbox 421 1318 1999 1393">
     <span class='ocr_line' id='line_1_13' title="bbox 421 1318 1999 1393; baseline 0.003 -23"><span class='ocrx_word' id='word_1_79' title='bbox 421 1336 442 1370; x_wconf 71' lang='grc' dir='ltr'><strong>ι</strong></span> <span class='ocrx_word' id='word_1_80' title='bbox 487 1318 810 1387; x_wconf 85' lang='lat' dir='ltr'><strong>Persequar,</strong></span> <span class='ocrx_word' id='word_1_81' title='bbox 862 1329 918 1373; x_wconf 91' lang='lat' dir='ltr'><strong>et</strong></span> <span class='ocrx_word' id='word_1_82' title='bbox 965 1323 1470 1388; x_wconf 71' lang='lat' dir='ltr'><strong>comprehendam,</strong></span> <span class='ocrx_word' id='word_1_83' title='bbox 1508 1323 1761 1377; x_wconf 79' lang='lat' dir='ltr'><strong>dividam</strong></span> <span class='ocrx_word' id='word_1_84' title='bbox 1791 1323 1999 1393; x_wconf 86' lang='lat' dir='ltr'><strong>spolia,.</strong></span> 
     </span>
    </p>
   </div>
   <div class='ocr_carea' id='block_1_14' title="bbox 415 1409 1986 1482">
    <p class='ocr_par' dir='ltr' id='par_1_14' title="bbox 415 1409 1986 1482">
     <span class='ocr_line' id='line_1_14' title="bbox 415 1409 1986 1482; baseline 0.002 -18"><span class='ocrx_word' id='word_1_85' title='bbox 415 1409 727 1479; x_wconf 89' lang='lat' dir='ltr'><strong>Implebitur</strong></span> <span class='ocrx_word' id='word_1_86' title='bbox 747 1411 924 1463; x_wconf 86' lang='lat' dir='ltr'><strong>anima</strong></span> <span class='ocrx_word' id='word_1_87' title='bbox 957 1425 1073 1464; x_wconf 88' lang='lat' dir='ltr'><strong>mea</strong></span> <span class='ocrx_word' id='word_1_88' title='bbox 1105 1411 1299 1480; x_wconf 70' lang='lat' dir='ltr'><strong>(Ex-od.</strong></span> <span class='ocrx_word' id='word_1_89' title='bbox 1335 1412 1444 1480; x_wconf 89' lang='lat' dir='ltr'><strong>xv).</strong></span> <span class='ocrx_word' id='word_1_90' title='bbox 1466 1431 1486 1464; x_wconf 76' lang='grc' dir='ltr'><strong>ι</strong></span> <span class='ocrx_word' id='word_1_91' title='bbox 1515 1411 1592 1465; x_wconf 89' lang='lat' dir='ltr'><strong>Tu</strong></span> <span class='ocrx_word' id='word_1_92' title='bbox 1623 1423 1800 1466; x_wconf 88' lang='lat' dir='ltr'><strong>autem</strong></span> <span class='ocrx_word' id='word_1_93' title='bbox 1824 1412 1986 1482; x_wconf 85' lang='lat' dir='ltr'><strong>quid?</strong></span> 
     </span>
    </p>
   </div>
   <div class='ocr_carea' id='block_1_15' title="bbox 414 1499 1986 1570">
    <p class='ocr_par' dir='ltr' id='par_1_15' title="bbox 414 1499 1986 1570">
     <span class='ocr_line' id='line_1_15' title="bbox 414 1499 1986 1570; baseline 0.003 -16"><span class='ocrx_word' id='word_1_94' title='bbox 414 1500 644 1555; x_wconf 74' lang='lat' dir='ltr'><strong>Assnme</strong></span> <span class='ocrx_word' id='word_1_95' title='bbox 669 1499 1016 1570; x_wconf 84' lang='lat' dir='ltr'><strong>apostolicam</strong></span> <span class='ocrx_word' id='word_1_96' title='bbox 1060 1511 1413 1567; x_wconf 84' lang='lat' dir='ltr'><strong>armaturam,</strong></span> <span class='ocrx_word' id='word_1_97' title='bbox 1441 1513 1654 1558; x_wconf 88' lang='lat' dir='ltr'><strong>scutum</strong></span> <span class='ocrx_word' id='word_1_98' title='bbox 1684 1503 1832 1568; x_wconf 86' lang='lat' dir='ltr'><strong>ﬂdei,</strong></span> <span class='ocrx_word' id='word_1_99' title='bbox 1855 1504 1986 1558; x_wconf 88' lang='lat' dir='ltr'><strong>lori-</strong></span> 
     </span>
    </p>
   </div>
   <div class='ocr_carea' id='block_1_16' title="bbox 414 1591 1985 1663">
    <p class='ocr_par' dir='ltr' id='par_1_16' title="bbox 414 1591 1985 1663">
     <span class='ocr_line' id='line_1_16' title="bbox 414 1591 1985 1663; baseline 0.004 -17"><span class='ocrx_word' id='word_1_100' title='bbox 414 1606 535 1646; x_wconf 91' lang='lat' dir='ltr'><strong>cam</strong></span> <span class='ocrx_word' id='word_1_101' title='bbox 581 1591 830 1660; x_wconf 63' lang='lat' dir='ltr'><strong>justitiar,</strong></span> <span class='ocrx_word' id='word_1_102' title='bbox 882 1591 1120 1662; x_wconf 79' lang='lat' dir='ltr'><strong>gladium</strong></span> <span class='ocrx_word' id='word_1_103' title='bbox 1170 1595 1421 1663; x_wconf 86' lang='lat' dir='ltr'><strong>spiritus,</strong></span> <span class='ocrx_word' id='word_1_104' title='bbox 1479 1594 1985 1663; x_wconf 80' lang='lat' dir='ltr'><strong>circnmspectionis</strong></span> 
     </span>
    </p>
   </div>
   <div class='ocr_carea' id='block_1_17' title="bbox 401 1673 1984 1750">
    <p class='ocr_par' dir='ltr' id='par_1_17' title="bbox 401 1673 1984 1750">
     <span class='ocr_line' id='line_1_17' title="bbox 401 1673 1984 1750; baseline 0.004 -17"><span class='ocrx_word' id='word_1_105' title='bbox 401 1673 654 1744; x_wconf 69' lang='lat' dir='ltr'><strong>&#39;hastam;</strong></span> <span class='ocrx_word' id='word_1_106' title='bbox 686 1689 741 1734; x_wconf 91' lang='lat' dir='ltr'><strong>et</strong></span> <span class='ocrx_word' id='word_1_107' title='bbox 797 1682 1067 1750; x_wconf 78' lang='lat' dir='ltr'><strong>praecedat</strong></span> <span class='ocrx_word' id='word_1_108' title='bbox 1105 1691 1155 1736; x_wconf 90' lang='lat' dir='ltr'><strong>te</strong></span> <span class='ocrx_word' id='word_1_109' title='bbox 1196 1683 1472 1738; x_wconf 88' lang='lat' dir='ltr'><strong>humilitas</strong></span> <span class='ocrx_word' id='word_1_110' title='bbox 1495 1692 1550 1737; x_wconf 89' lang='lat' dir='ltr'><strong>et</strong></span> <span class='ocrx_word' id='word_1_111' title='bbox 1586 1684 1714 1738; x_wconf 90' lang='lat' dir='ltr'><strong>die:</strong></span> <span class='ocrx_word' id='word_1_112' title='bbox 1746 1703 1764 1736; x_wconf 76' lang='grc' dir='ltr'><strong>ι</strong></span> <span class='ocrx_word' id='word_1_113' title='bbox 1793 1685 1984 1740; x_wconf 85' lang='lat' dir='ltr'><strong>Perse-</strong></span> 
     </span>
    </p>
   </div>
   <div class='ocr_carea' id='block_1_18' title="bbox 2084 517 3653 589">
    <p class='ocr_par' dir='ltr' id='par_1_18' title="bbox 2084 517 3653 589">
     <span class='ocr_line' id='line_1_18' title="bbox 2084 517 3653 589; baseline 0.004 -18"><span class='ocrx_word' id='word_1_114' title='bbox 2084 533 2182 586; x_wconf 82' lang='lat' dir='ltr'><strong>cgo</strong></span> <span class='ocrx_word' id='word_1_115' title='bbox 2211 533 2350 581; x_wconf 89' lang='lat' dir='ltr'><strong>sum,</strong></span> <span class='ocrx_word' id='word_1_116' title='bbox 2382 528 2532 573; x_wconf 84' lang='lat' dir='ltr'><strong>stans</strong></span> <span class='ocrx_word' id='word_1_117' title='bbox 2563 519 2692 572; x_wconf 90' lang='lat' dir='ltr'><strong>totis</strong></span> <span class='ocrx_word' id='word_1_118' title='bbox 2721 518 2973 573; x_wconf 82' lang='lat' dir='ltr'><strong>noctibus</strong></span> <span class='ocrx_word' id='word_1_119' title='bbox 3019 517 3158 587; x_wconf 81' lang='lat' dir='ltr'><strong>(Isa.</strong></span> <span class='ocrx_word' id='word_1_120' title='bbox 3204 518 3339 589; x_wconf 68' lang='grc' dir='ltr'>χχι).</span> <span class='ocrx_word' id='word_1_121' title='bbox 3387 539 3403 572; x_wconf 73' lang='grc' dir='ltr'><strong>ι</strong></span> <span class='ocrx_word' id='word_1_122' title='bbox 3436 519 3545 575; x_wconf 84' lang='lat' dir='ltr'><strong>Nec</strong></span> <span class='ocrx_word' id='word_1_123' title='bbox 3572 538 3653 577; x_wconf 84' lang='lat' dir='ltr'><strong>so-</strong></span> 
     </span>
    </p>
   </div>
   <div class='ocr_carea' id='block_1_19' title="bbox 2085 607 3652 672">
    <p class='ocr_par' dir='ltr' id='par_1_19' title="bbox 2085 607 3652 672">
     <span class='ocr_line' id='line_1_19' title="bbox 2085 607 3652 672; baseline 0.003 -12"><span class='ocrx_word' id='word_1_124' title='bbox 2085 607 2194 660; x_wconf 89' lang='lat' dir='ltr'><strong>lum</strong></span> <span class='ocrx_word' id='word_1_125' title='bbox 2250 616 2398 663; x_wconf 88' lang='lat' dir='ltr'><strong>stare</strong></span> <span class='ocrx_word' id='word_1_126' title='bbox 2449 609 2726 672; x_wconf 75' lang='lat' dir='ltr'><strong>convenit,</strong></span> <span class='ocrx_word' id='word_1_127' title='bbox 2751 609 2846 662; x_wconf 90' lang='lat' dir='ltr'><strong>sed</strong></span> <span class='ocrx_word' id='word_1_128' title='bbox 2886 615 3154 660; x_wconf 89' lang='lat' dir='ltr'><strong>armatum</strong></span> <span class='ocrx_word' id='word_1_129' title='bbox 3189 616 3336 662; x_wconf 89' lang='lat' dir='ltr'><strong>stare</strong></span> <span class='ocrx_word' id='word_1_130' title='bbox 3376 619 3652 665; x_wconf 83' lang='lat' dir='ltr'><strong>armatura</strong></span> 
     </span>
    </p>
   </div>
   <div class='ocr_carea' id='block_1_20' title="bbox 2085 697 3654 768">
    <p class='ocr_par' dir='ltr' id='par_1_20' title="bbox 2085 697 3654 768">
     <span class='ocr_line' id='line_1_20' title="bbox 2085 697 3654 768; baseline 0.001 -16"><span class='ocrx_word' id='word_1_131' title='bbox 2085 699 2174 752; x_wconf 91' lang='lat' dir='ltr'><strong>illa</strong></span> <span class='ocrx_word' id='word_1_132' title='bbox 2208 713 2370 768; x_wconf 89' lang='lat' dir='ltr'><strong>quam</strong></span> <span class='ocrx_word' id='word_1_133' title='bbox 2424 698 2714 767; x_wconf 87' lang='lat' dir='ltr'><strong>Apostolus</strong></span> <span class='ocrx_word' id='word_1_134' title='bbox 2768 698 2938 752; x_wconf 86' lang='lat' dir='ltr'><strong>dicit:</strong></span> <span class='ocrx_word' id='word_1_135' title='bbox 2968 715 2987 748; x_wconf 73' lang='grc' dir='ltr'><strong>ι</strong></span> <span class='ocrx_word' id='word_1_136' title='bbox 3032 697 3238 752; x_wconf 89' lang='lat' dir='ltr'><strong>lnduite</strong></span> <span class='ocrx_word' id='word_1_137' title='bbox 3289 714 3383 752; x_wconf 91' lang='lat' dir='ltr'><strong>vos</strong></span> <span class='ocrx_word' id='word_1_138' title='bbox 3412 711 3654 754; x_wconf 87' lang='lat' dir='ltr'><strong>armatu-</strong></span> 
     </span>
    </p>
   </div>
   <div class='ocr_carea' id='block_1_21' title="bbox 2085 789 3653 860">
    <p class='ocr_par' dir='ltr' id='par_1_21' title="bbox 2085 789 3653 860">
     <span class='ocr_line' id='line_1_21' title="bbox 2085 789 3653 860; baseline 0.003 -18"><span class='ocrx_word' id='word_1_139' title='bbox 2085 806 2198 843; x_wconf 91' lang='lat' dir='ltr'><strong>ram</strong></span> <span class='ocrx_word' id='word_1_140' title='bbox 2237 792 2328 844; x_wconf 86' lang='lat' dir='ltr'><strong>Dei</strong></span> <span class='ocrx_word' id='word_1_141' title='bbox 2369 790 2587 860; x_wconf 84' lang='lat' dir='ltr'><strong>(Ephes.</strong></span> <span class='ocrx_word' id='word_1_142' title='bbox 2630 790 2727 859; x_wconf 70' lang='grc' dir='ltr'><strong>γι).</strong></span> <span class='ocrx_word' id='word_1_143' title='bbox 2764 809 2781 842; x_wconf 80' lang='grc' dir='ltr'><strong>ι</strong></span> <span class='ocrx_word' id='word_1_144' title='bbox 2816 789 2967 845; x_wconf 82' lang='lat' dir='ltr'><strong>Alter</strong></span> <span class='ocrx_word' id='word_1_145' title='bbox 3017 799 3322 848; x_wconf 89' lang='lat' dir='ltr'><strong>nostrorum</strong></span> <span class='ocrx_word' id='word_1_146' title='bbox 3351 799 3653 860; x_wconf 89' lang='lat' dir='ltr'><strong>temporum</strong></span> 
     </span>
    </p>
   </div>
   <div class='ocr_carea' id='block_1_22' title="bbox 2086 879 3656 950">
    <p class='ocr_par' dir='ltr' id='par_1_22' title="bbox 2086 879 3656 950">
     <span class='ocr_line' id='line_1_22' title="bbox 2086 879 3656 950; baseline 0.003 -16"><span class='ocrx_word' id='word_1_147' title='bbox 2086 879 2312 943; x_wconf 86' lang='lat' dir='ltr'><strong>Tullius,</strong></span> <span class='ocrx_word' id='word_1_148' title='bbox 2343 881 2412 935; x_wconf 90' lang='lat' dir='ltr'><strong>de</strong></span> <span class='ocrx_word' id='word_1_149' title='bbox 2453 895 2561 950; x_wconf 90' lang='lat' dir='ltr'><strong>quo</strong></span> <span class='ocrx_word' id='word_1_150' title='bbox 2607 882 2857 950; x_wconf 86' lang='lat' dir='ltr'><strong>superius</strong></span> <span class='ocrx_word' id='word_1_151' title='bbox 2896 881 3225 935; x_wconf 89' lang='lat' dir='ltr'><strong>mentionem</strong></span> <span class='ocrx_word' id='word_1_152' title='bbox 3265 880 3388 943; x_wconf 87' lang='lat' dir='ltr'><strong>feci,</strong></span> <span class='ocrx_word' id='word_1_153' title='bbox 3421 897 3656 938; x_wconf 85' lang='lat' dir='ltr'><strong>vernans</strong></span> 
     </span>
    </p>
   </div>
   <div class='ocr_carea' id='block_1_23' title="bbox 2061 967 3652 1037">
    <p class='ocr_par' dir='ltr' id='par_1_23' title="bbox 2061 967 3652 1037">
     <span class='ocr_line' id='line_1_23' title="bbox 2061 967 3652 1037; baseline 0.004 -18"><span class='ocrx_word' id='word_1_154' title='bbox 2061 969 2283 1037; x_wconf 67' lang='lat' dir='ltr'><strong>,ulvique</strong></span> <span class='ocrx_word' id='word_1_155' title='bbox 2305 967 2438 1022; x_wconf 81' lang='lat' dir='ltr'><strong>flere</strong></span> <span class='ocrx_word' id='word_1_156' title='bbox 2455 983 2786 1033; x_wconf 86' lang='lat' dir='ltr'><strong>sermonum,</strong></span> <span class='ocrx_word' id='word_1_157' title='bbox 2811 981 3142 1023; x_wconf 86' lang='lat' dir='ltr'><strong>armaturam</strong></span> <span class='ocrx_word' id='word_1_158' title='bbox 3175 969 3230 1023; x_wconf 91' lang='lat' dir='ltr'><strong>in</strong></span> <span class='ocrx_word' id='word_1_159' title='bbox 3270 970 3412 1025; x_wconf 89' lang='lat' dir='ltr'><strong>hunc</strong></span> <span class='ocrx_word' id='word_1_160' title='bbox 3437 972 3652 1026; x_wconf 91' lang='lat' dir='ltr'><strong>modum</strong></span> 
     </span>
    </p>
   </div>
   <div class='ocr_carea' id='block_1_24' title="bbox 2088 1057 3657 1128">
    <p class='ocr_par' dir='ltr' id='par_1_24' title="bbox 2088 1057 3657 1128">
     <span class='ocr_line' id='line_1_24' title="bbox 2088 1057 3657 1128; baseline 0.005 -20"><span class='ocrx_word' id='word_1_161' title='bbox 2088 1057 2437 1112; x_wconf 88' lang='lat' dir='ltr'><strong>lucidissimis</strong></span> <span class='ocrx_word' id='word_1_162' title='bbox 2463 1059 2716 1126; x_wconf 87' lang='lat' dir='ltr'><strong>capitulis</strong></span> <span class='ocrx_word' id='word_1_163' title='bbox 2747 1058 3038 1113; x_wconf 89' lang='lat' dir='ltr'><strong>inauravit.</strong></span> <span class='ocrx_word' id='word_1_164' title='bbox 3072 1058 3129 1112; x_wconf 90' lang='lat' dir='ltr'><strong>Si</strong></span> <span class='ocrx_word' id='word_1_165' title='bbox 3161 1058 3388 1113; x_wconf 88' lang='lat' dir='ltr'><strong>fabulosi</strong></span> <span class='ocrx_word' id='word_1_166' title='bbox 3427 1061 3657 1128; x_wconf 80' lang='lat' dir='ltr'><strong>spiritus</strong></span> 
     </span>
    </p>
   </div>
   <div class='ocr_carea' id='block_1_25' title="bbox 2085 1148 3653 1220">
    <p class='ocr_par' dir='ltr' id='par_1_25' title="bbox 2085 1148 3653 1220">
     <span class='ocr_line' id='line_1_25' title="bbox 2085 1148 3653 1220; baseline 0.003 -19"><span class='ocrx_word' id='word_1_167' title='bbox 2085 1156 2140 1201; x_wconf 88' lang='lat' dir='ltr'><strong>et</strong></span> <span class='ocrx_word' id='word_1_168' title='bbox 2171 1149 2538 1202; x_wconf 88' lang='lat' dir='ltr'><strong>incantatores</strong></span> <span class='ocrx_word' id='word_1_169' title='bbox 2564 1157 2742 1204; x_wconf 92' lang='lat' dir='ltr'><strong>motus</strong></span> <span class='ocrx_word' id='word_1_170' title='bbox 2770 1149 2953 1203; x_wconf 86' lang='lat' dir='ltr'><strong>carnis</strong></span> <span class='ocrx_word' id='word_1_171' title='bbox 2973 1149 3117 1204; x_wconf 88' lang='lat' dir='ltr'><strong>circa</strong></span> <span class='ocrx_word' id='word_1_172' title='bbox 3155 1157 3207 1202; x_wconf 88' lang='lat' dir='ltr'><strong>te</strong></span> <span class='ocrx_word' id='word_1_173' title='bbox 3233 1148 3653 1220; x_wconf 82' lang='lat' dir='ltr'><strong>obstrepuerint,</strong></span> 
     </span>
    </p>
   </div>
   <div class='ocr_carea' id='block_1_26' title="bbox 2085 1235 3658 1308">
    <p class='ocr_par' dir='ltr' id='par_1_26' title="bbox 2085 1235 3658 1308">
     <span class='ocr_line' id='line_1_26' title="bbox 2085 1235 3658 1308; baseline 0.003 -20"><span class='ocrx_word' id='word_1_174' title='bbox 2085 1235 2318 1300; x_wconf 74' lang='lat' dir='ltr'><strong>confide,</strong></span> <span class='ocrx_word' id='word_1_175' title='bbox 2340 1245 2398 1290; x_wconf 87' lang='lat' dir='ltr'><strong>ct</strong></span> <span class='ocrx_word' id='word_1_176' title='bbox 2439 1236 2527 1292; x_wconf 90' lang='lat' dir='ltr'><strong>die</strong></span> <span class='ocrx_word' id='word_1_177' title='bbox 2553 1253 2568 1290; x_wconf 87' lang='lat'><strong>:</strong></span> <span class='ocrx_word' id='word_1_178' title='bbox 2607 1255 2624 1288; x_wconf 78' lang='grc' dir='ltr'><strong>ι</strong></span> <span class='ocrx_word' id='word_1_179' title='bbox 2675 1236 2944 1292; x_wconf 85' lang='lat' dir='ltr'><strong>Discedite</strong></span> <span class='ocrx_word' id='word_1_180' title='bbox 2967 1251 2996 1290; x_wconf 93' lang='lat' dir='ltr'><strong>a</strong></span> <span class='ocrx_word' id='word_1_181' title='bbox 3024 1250 3133 1304; x_wconf 91' lang='lat' dir='ltr'><strong>me,</strong></span> <span class='ocrx_word' id='word_1_182' title='bbox 3155 1235 3395 1308; x_wconf 77' lang='lat' dir='ltr'><strong>maligni,</strong></span> <span class='ocrx_word' id='word_1_183' title='bbox 3415 1247 3475 1292; x_wconf 79' lang='lat' dir='ltr'><strong>et</strong></span> <span class='ocrx_word' id='word_1_184' title='bbox 3504 1254 3658 1294; x_wconf 88' lang='lat' dir='ltr'><strong>scru-</strong></span> 
     </span>
    </p>
   </div>
   <div class='ocr_carea' id='block_1_27' title="bbox 2087 1325 3657 1396">
    <p class='ocr_par' dir='ltr' id='par_1_27' title="bbox 2087 1325 3657 1396">
     <span class='ocr_line' id='line_1_27' title="bbox 2087 1325 3657 1396; baseline 0.003 -19"><span class='ocrx_word' id='word_1_185' title='bbox 2087 1325 2241 1378; x_wconf 89' lang='lat' dir='ltr'><strong>tabor</strong></span> <span class='ocrx_word' id='word_1_186' title='bbox 2267 1327 2520 1380; x_wconf 90' lang='lat' dir='ltr'><strong>mandata</strong></span> <span class='ocrx_word' id='word_1_187' title='bbox 2560 1326 2656 1380; x_wconf 91' lang='lat' dir='ltr'><strong>Dei</strong></span> <span class='ocrx_word' id='word_1_188' title='bbox 2689 1327 2793 1380; x_wconf 85' lang='lat' dir='ltr'><strong>mei</strong></span> <span class='ocrx_word' id='word_1_189' title='bbox 2822 1325 2994 1395; x_wconf 84' lang='lat' dir='ltr'><strong>(Psal.</strong></span> <span class='ocrx_word' id='word_1_190' title='bbox 3026 1325 3238 1396; x_wconf 79' lang='lat' dir='ltr'><strong>cxvm).</strong></span> <span class='ocrx_word' id='word_1_191' title='bbox 3276 1345 3295 1378; x_wconf 82' lang='grc' dir='ltr'><strong>ι</strong></span> <span class='ocrx_word' id='word_1_192' title='bbox 3332 1326 3390 1380; x_wconf 90' lang='lat' dir='ltr'><strong>Si</strong></span> <span class='ocrx_word' id='word_1_193' title='bbox 3418 1328 3657 1382; x_wconf 88' lang='lat' dir='ltr'><strong>recalere</strong></span> 
     </span>
    </p>
   </div>
   <div class='ocr_carea' id='block_1_28' title="bbox 2085 1414 3653 1483">
    <p class='ocr_par' dir='ltr' id='par_1_28' title="bbox 2085 1414 3653 1483">
     <span class='ocr_line' id='line_1_28' title="bbox 2085 1414 3653 1483; baseline 0.002 -17"><span class='ocrx_word' id='word_1_194' title='bbox 2085 1428 2304 1482; x_wconf 85' lang='lat' dir='ltr'><strong>carnem</strong></span> <span class='ocrx_word' id='word_1_195' title='bbox 2332 1416 2594 1479; x_wconf 82' lang='lat' dir='ltr'><strong>senseris,</strong></span> <span class='ocrx_word' id='word_1_196' title='bbox 2626 1423 2681 1470; x_wconf 89' lang='lat' dir='ltr'><strong>et</strong></span> <span class='ocrx_word' id='word_1_197' title='bbox 2719 1414 2855 1468; x_wconf 87' lang='lat' dir='ltr'><strong>velle</strong></span> <span class='ocrx_word' id='word_1_198' title='bbox 2884 1415 3128 1469; x_wconf 87' lang='lat' dir='ltr'><strong>revelare</strong></span> <span class='ocrx_word' id='word_1_199' title='bbox 3155 1415 3221 1468; x_wconf 90' lang='lat' dir='ltr'><strong>ad</strong></span> <span class='ocrx_word' id='word_1_200' title='bbox 3249 1415 3477 1483; x_wconf 88' lang='lat' dir='ltr'><strong>ineptias</strong></span> <span class='ocrx_word' id='word_1_201' title='bbox 3508 1430 3653 1478; x_wconf 88' lang='lat' dir='ltr'><strong>suas,</strong></span> 
     </span>
    </p>
   </div>
   <div class='ocr_carea' id='block_1_29' title="bbox 2085 1502 3655 1571">
    <p class='ocr_par' dir='ltr' id='par_1_29' title="bbox 2085 1502 3655 1571">
     <span class='ocr_line' id='line_1_29' title="bbox 2085 1502 3655 1571; baseline 0 -15"><span class='ocrx_word' id='word_1_202' title='bbox 2085 1512 2202 1556; x_wconf 86' lang='lat' dir='ltr'><strong>esto</strong></span> <span class='ocrx_word' id='word_1_203' title='bbox 2247 1511 2505 1557; x_wconf 86' lang='lat' dir='ltr'><strong>constans</strong></span> <span class='ocrx_word' id='word_1_204' title='bbox 2533 1511 2588 1557; x_wconf 88' lang='lat' dir='ltr'><strong>et</strong></span> <span class='ocrx_word' id='word_1_205' title='bbox 2627 1503 2715 1558; x_wconf 87' lang='lat' dir='ltr'><strong>die</strong></span> <span class='ocrx_word' id='word_1_206' title='bbox 2747 1521 2760 1555; x_wconf 88' lang='lat'>:</span> <span class='ocrx_word' id='word_1_207' title='bbox 2793 1521 2811 1554; x_wconf 74' lang='grc' dir='ltr'><strong>ι</strong></span> <span class='ocrx_word' id='word_1_208' title='bbox 2848 1502 3070 1571; x_wconf 83' lang='lat' dir='ltr'><strong>Conﬁge</strong></span> <span class='ocrx_word' id='word_1_209' title='bbox 3115 1503 3306 1557; x_wconf 88' lang='lat' dir='ltr'><strong>timore</strong></span> <span class='ocrx_word' id='word_1_210' title='bbox 3345 1512 3436 1555; x_wconf 90' lang='lat' dir='ltr'><strong>tuo</strong></span> <span class='ocrx_word' id='word_1_211' title='bbox 3461 1517 3655 1557; x_wconf 87' lang='lat' dir='ltr'><strong>earncs</strong></span> 
     </span>
    </p>
   </div>
   <div class='ocr_carea' id='block_1_30' title="bbox 2085 1591 3659 1663">
    <p class='ocr_par' dir='ltr' id='par_1_30' title="bbox 2085 1591 3659 1663">
     <span class='ocr_line' id='line_1_30' title="bbox 2085 1591 3659 1663; baseline 0.002 -17"><span class='ocrx_word' id='word_1_212' title='bbox 2085 1607 2250 1656; x_wconf 87' lang='lat' dir='ltr'><strong>meas,</strong></span> <span class='ocrx_word' id='word_1_213' title='bbox 2278 1593 2502 1648; x_wconf 85' lang='lat' dir='ltr'><strong>Domine</strong></span> <span class='ocrx_word' id='word_1_214' title='bbox 2541 1592 2751 1663; x_wconf 82' lang='lat' dir='ltr'><strong>(Ibid.).</strong></span> <span class='ocrx_word' id='word_1_215' title='bbox 2787 1611 2806 1645; x_wconf 79' lang='grc' dir='ltr'><strong>ι</strong></span> <span class='ocrx_word' id='word_1_216' title='bbox 2840 1591 2900 1646; x_wconf 85' lang='lat' dir='ltr'><strong>Si</strong></span> <span class='ocrx_word' id='word_1_217' title='bbox 2947 1602 3318 1662; x_wconf 86' lang='lat' dir='ltr'><strong>paupertatem</strong></span> <span class='ocrx_word' id='word_1_218' title='bbox 3353 1593 3531 1646; x_wconf 84' lang='lat' dir='ltr'><strong>odisse</strong></span> <span class='ocrx_word' id='word_1_219' title='bbox 3554 1609 3659 1649; x_wconf 74' lang='lat' dir='ltr'><strong>ete-</strong></span> 
     </span>
    </p>
   </div>
   <div class='ocr_carea' id='block_1_31' title="bbox 2083 1681 3654 1750">
    <p class='ocr_par' dir='ltr' id='par_1_31' title="bbox 2083 1681 3654 1750">
     <span class='ocr_line' id='line_1_31' title="bbox 2083 1681 3654 1750; baseline 0 -16"><span class='ocrx_word' id='word_1_220' title='bbox 2083 1681 2252 1750; x_wconf 81' lang='lat' dir='ltr'><strong>peris,</strong></span> <span class='ocrx_word' id='word_1_221' title='bbox 2275 1690 2330 1736; x_wconf 90' lang='lat' dir='ltr'><strong>et</strong></span> <span class='ocrx_word' id='word_1_222' title='bbox 2361 1681 2634 1737; x_wconf 86' lang='lat' dir='ltr'><strong>desiderio</strong></span> <span class='ocrx_word' id='word_1_223' title='bbox 2685 1681 2994 1736; x_wconf 78' lang='lat' dir='ltr'><strong>divitiarum</strong></span> <span class='ocrx_word' id='word_1_224' title='bbox 3044 1681 3334 1750; x_wconf 70' lang='lat' dir='ltr'><strong>incmperis</strong></span> <span class='ocrx_word' id='word_1_225' title='bbox 3382 1682 3654 1745; x_wconf 86' lang='lat' dir='ltr'><strong>suscitari,</strong></span> 
     </span>
    </p>
   </div>
   <div class='ocr_carea' id='block_1_32' title="bbox 411 1761 3653 1841">
    <p class='ocr_par' dir='ltr' id='par_1_32' title="bbox 411 1761 3653 1841">
     <span class='ocr_line' id='line_1_32' title="bbox 411 1761 3653 1841; baseline 0 -17"><span class='ocrx_word' id='word_1_226' title='bbox 411 1787 550 1840; x_wconf 91' lang='lat' dir='ltr'><strong>quar</strong></span> <span class='ocrx_word' id='word_1_227' title='bbox 577 1771 828 1826; x_wconf 90' lang='lat' dir='ltr'><strong>inimicos</strong></span> <span class='ocrx_word' id='word_1_228' title='bbox 865 1787 1038 1836; x_wconf 87' lang='lat' dir='ltr'><strong>meos,</strong></span> <span class='ocrx_word' id='word_1_229' title='bbox 1063 1781 1122 1826; x_wconf 90' lang='lat' dir='ltr'><strong>et</strong></span> <span class='ocrx_word' id='word_1_230' title='bbox 1147 1772 1598 1840; x_wconf 90' lang='lat' dir='ltr'><strong>comprehendam</strong></span> <span class='ocrx_word' id='word_1_231' title='bbox 1632 1773 1773 1840; x_wconf 90' lang='lat' dir='ltr'><strong>illos,</strong></span> <span class='ocrx_word' id='word_1_232' title='bbox 1801 1785 1852 1830; x_wconf 91' lang='lat' dir='ltr'><strong>et</strong></span> <span class='ocrx_word' id='word_1_233' title='bbox 1877 1791 1981 1830; x_wconf 92' lang='lat' dir='ltr'><strong>non</strong></span> <span class='ocrx_word' id='word_1_234' title='bbox 2016 1772 2060 1830; x_wconf 83' lang='grc' dir='ltr'><strong>Β</strong></span> <span class='ocrx_word' id='word_1_235' title='bbox 2087 1772 2457 1841; x_wconf 82' lang='lat' dir='ltr'><strong>expergiscere</strong></span> <span class='ocrx_word' id='word_1_236' title='bbox 2483 1780 2537 1825; x_wconf 92' lang='lat' dir='ltr'><strong>et</strong></span> <span class='ocrx_word' id='word_1_237' title='bbox 2567 1772 2654 1826; x_wconf 91' lang='lat' dir='ltr'><strong>die</strong></span> <span class='ocrx_word' id='word_1_238' title='bbox 2684 1787 2697 1824; x_wconf 86' lang='lat'><strong>:</strong></span> <span class='ocrx_word' id='word_1_239' title='bbox 2737 1789 2755 1823; x_wconf 73' lang='grc' dir='ltr'><strong>ι</strong></span> <span class='ocrx_word' id='word_1_240' title='bbox 2792 1761 2885 1827; x_wconf 67' lang='lat' dir='ltr'><strong>We</strong></span> <span class='ocrx_word' id='word_1_241' title='bbox 2919 1771 3095 1838; x_wconf 83' lang='lat' dir='ltr'><strong>vobis,</strong></span> <span class='ocrx_word' id='word_1_242' title='bbox 3122 1771 3338 1835; x_wconf 88' lang='lat' dir='ltr'><strong>divites,</strong></span> <span class='ocrx_word' id='word_1_243' title='bbox 3369 1772 3459 1841; x_wconf 90' lang='lat' dir='ltr'><strong>qui</strong></span> <span class='ocrx_word' id='word_1_244' title='bbox 3488 1772 3653 1826; x_wconf 91' lang='lat' dir='ltr'><strong>habe-</strong></span> 
     </span>
    </p>
   </div>
   <div class='ocr_carea' id='block_1_33' title="bbox 411 1863 1982 1936">
    <p class='ocr_par' dir='ltr' id='par_1_33' title="bbox 411 1863 1982 1936">
     <span class='ocr_line' id='line_1_33' title="bbox 411 1863 1982 1936; baseline 0.003 -20"><span class='ocrx_word' id='word_1_245' title='bbox 411 1873 702 1918; x_wconf 85' lang='lat' dir='ltr'><strong>eonvertar</strong></span> <span class='ocrx_word' id='word_1_246' title='bbox 737 1863 908 1918; x_wconf 91' lang='lat' dir='ltr'><strong>donec</strong></span> <span class='ocrx_word' id='word_1_247' title='bbox 955 1865 1210 1919; x_wconf 81' lang='lat' dir='ltr'><strong>deficiant</strong></span> <span class='ocrx_word' id='word_1_248' title='bbox 1265 1863 1603 1936; x_wconf 46' lang='lat' dir='ltr'><strong>(Psalavu).</strong></span> <span class='ocrx_word' id='word_1_249' title='bbox 1640 1885 1658 1918; x_wconf 76' lang='grc' dir='ltr'><strong>ι</strong></span> <span class='ocrx_word' id='word_1_250' title='bbox 1689 1866 1732 1922; x_wconf 93' lang='grc' dir='ltr'><strong>Ο</strong></span> <span class='ocrx_word' id='word_1_251' title='bbox 1758 1867 1982 1922; x_wconf 89' lang='lat' dir='ltr'><strong>Domine</strong></span> 
     </span>
    </p>
   </div>
   <div class='ocr_carea' id='block_1_34' title="bbox 408 1953 1980 2024">
    <p class='ocr_par' dir='ltr' id='par_1_34' title="bbox 408 1953 1980 2024">
     <span class='ocr_line' id='line_1_34' title="bbox 408 1953 1980 2024; baseline 0.004 -18"><span class='ocrx_word' id='word_1_252' title='bbox 408 1953 561 2018; x_wconf 76' lang='lat' dir='ltr'><strong>Iesu,</strong></span> <span class='ocrx_word' id='word_1_253' title='bbox 592 1954 831 2023; x_wconf 91' lang='lat' dir='ltr'><strong>nunquid</strong></span> <span class='ocrx_word' id='word_1_254' title='bbox 859 1969 1012 2024; x_wconf 68' lang='lat' dir='ltr'><strong>requa</strong></span> <span class='ocrx_word' id='word_1_255' title='bbox 1053 1970 1229 2024; x_wconf 88' lang='lat' dir='ltr'><strong>pugna</strong></span> <span class='ocrx_word' id='word_1_256' title='bbox 1257 1965 1340 2010; x_wconf 89' lang='lat' dir='ltr'><strong>est</strong></span> <span class='ocrx_word' id='word_1_257' title='bbox 1365 1956 1598 2010; x_wconf 88' lang='lat' dir='ltr'><strong>hominis</strong></span> <span class='ocrx_word' id='word_1_258' title='bbox 1623 1965 1678 2011; x_wconf 91' lang='lat' dir='ltr'><strong>et</strong></span> <span class='ocrx_word' id='word_1_259' title='bbox 1700 1957 1980 2024; x_wconf 71' lang='lat' dir='ltr'><strong>daemonis,</strong></span> 
     </span>
    </p>
   </div>
   <div class='ocr_carea' id='block_1_35' title="bbox 410 2046 1983 2116">
    <p class='ocr_par' dir='ltr' id='par_1_35' title="bbox 410 2046 1983 2116">
     <span class='ocr_line' id='line_1_35' title="bbox 410 2046 1983 2116; baseline 0.003 -17"><span class='ocrx_word' id='word_1_260' title='bbox 410 2046 642 2116; x_wconf 86' lang='lat' dir='ltr'><strong>duplicis</strong></span> <span class='ocrx_word' id='word_1_261' title='bbox 667 2057 722 2100; x_wconf 90' lang='lat' dir='ltr'><strong>et</strong></span> <span class='ocrx_word' id='word_1_262' title='bbox 744 2046 1028 2116; x_wconf 88' lang='lat' dir='ltr'><strong>simplicis,</strong></span> <span class='ocrx_word' id='word_1_263' title='bbox 1060 2046 1215 2102; x_wconf 86' lang='lat' dir='ltr'><strong>fortis</strong></span> <span class='ocrx_word' id='word_1_264' title='bbox 1245 2057 1300 2102; x_wconf 87' lang='lat' dir='ltr'><strong>et</strong></span> <span class='ocrx_word' id='word_1_265' title='bbox 1331 2048 1645 2104; x_wconf 85' lang='lat' dir='ltr'><strong>imbecillis?</strong></span> <span class='ocrx_word' id='word_1_266' title='bbox 1667 2049 1858 2104; x_wconf 88' lang='lat' dir='ltr'><strong>Invoca</strong></span> <span class='ocrx_word' id='word_1_267' title='bbox 1895 2066 1983 2105; x_wconf 89' lang='lat' dir='ltr'><strong>me</strong></span> 
     </span>
    </p>
   </div>
   <div class='ocr_carea' id='block_1_36' title="bbox 411 2136 1980 2206">
    <p class='ocr_par' dir='ltr' id='par_1_36' title="bbox 411 2136 1980 2206">
     <span class='ocr_line' id='line_1_36' title="bbox 411 2136 1980 2206; baseline 0.003 -16"><span class='ocrx_word' id='word_1_268' title='bbox 411 2137 466 2190; x_wconf 93' lang='lat' dir='ltr'><strong>in</strong></span> <span class='ocrx_word' id='word_1_269' title='bbox 497 2136 584 2190; x_wconf 92' lang='lat' dir='ltr'><strong>die</strong></span> <span class='ocrx_word' id='word_1_270' title='bbox 615 2136 997 2201; x_wconf 77' lang='lat' dir='ltr'><strong>tribulationis,</strong></span> <span class='ocrx_word' id='word_1_271' title='bbox 1050 2138 1128 2191; x_wconf 90' lang='lat' dir='ltr'><strong>ait</strong></span> <span class='ocrx_word' id='word_1_272' title='bbox 1161 2137 1440 2203; x_wconf 86' lang='lat' dir='ltr'><strong>Dominus,</strong></span> <span class='ocrx_word' id='word_1_273' title='bbox 1471 2147 1526 2192; x_wconf 93' lang='lat' dir='ltr'><strong>et</strong></span> <span class='ocrx_word' id='word_1_274' title='bbox 1565 2155 1752 2206; x_wconf 80' lang='lat' dir='ltr'><strong>eruam</strong></span> <span class='ocrx_word' id='word_1_275' title='bbox 1805 2151 1878 2206; x_wconf 91' lang='lat' dir='ltr'><strong>te,</strong></span> <span class='ocrx_word' id='word_1_276' title='bbox 1926 2151 1980 2195; x_wconf 90' lang='lat' dir='ltr'><strong>et</strong></span> 
     </span>
    </p>
   </div>
   <div class='ocr_carea' id='block_1_37' title="bbox 408 2224 1978 2297">
    <p class='ocr_par' dir='ltr' id='par_1_37' title="bbox 408 2224 1978 2297">
     <span class='ocr_line' id='line_1_37' title="bbox 408 2224 1978 2297; baseline 0.001 -17"><span class='ocrx_word' id='word_1_277' title='bbox 408 2224 798 2281; x_wconf 80' lang='lat' dir='ltr'><strong>honorificabis</strong></span> <span class='ocrx_word' id='word_1_278' title='bbox 845 2242 932 2281; x_wconf 90' lang='lat' dir='ltr'><strong>me</strong></span> <span class='ocrx_word' id='word_1_279' title='bbox 979 2224 1150 2297; x_wconf 82' lang='lat' dir='ltr'><strong>(Psal.</strong></span> <span class='ocrx_word' id='word_1_280' title='bbox 1181 2227 1350 2296; x_wconf 73' lang='grc' dir='ltr'>χιιι).</span> <span class='ocrx_word' id='word_1_281' title='bbox 1377 2229 1572 2284; x_wconf 85' lang='lat' dir='ltr'><strong>Invoco</strong></span> <span class='ocrx_word' id='word_1_282' title='bbox 1602 2238 1671 2296; x_wconf 82' lang='lat' dir='ltr'><strong>te,</strong></span> <span class='ocrx_word' id='word_1_283' title='bbox 1707 2229 1978 2296; x_wconf 87' lang='lat' dir='ltr'><strong>Salvator,</strong></span> 
     </span>
    </p>
   </div>
   <div class='ocr_carea' id='block_1_38' title="bbox 407 2317 1986 2389">
    <p class='ocr_par' dir='ltr' id='par_1_38' title="bbox 407 2317 1986 2389">
     <span class='ocr_line' id='line_1_38' title="bbox 407 2317 1986 2389; baseline 0.004 -21"><span class='ocrx_word' id='word_1_284' title='bbox 407 2317 749 2386; x_wconf 84' lang='lat' dir='ltr'><strong>apprehende</strong></span> <span class='ocrx_word' id='word_1_285' title='bbox 803 2331 980 2382; x_wconf 89' lang='lat' dir='ltr'><strong>arma,</strong></span> <span class='ocrx_word' id='word_1_286' title='bbox 1009 2325 1063 2372; x_wconf 92' lang='lat' dir='ltr'><strong>et</strong></span> <span class='ocrx_word' id='word_1_287' title='bbox 1111 2326 1324 2372; x_wconf 87' lang='lat' dir='ltr'><strong>scutum</strong></span> <span class='ocrx_word' id='word_1_288' title='bbox 1357 2317 1530 2388; x_wconf 80' lang='lat' dir='ltr'><strong>(Psal.</strong></span> <span class='ocrx_word' id='word_1_289' title='bbox 1580 2319 1786 2389; x_wconf 77' lang='lat' dir='ltr'><strong>xxxrv),</strong></span> <span class='ocrx_word' id='word_1_290' title='bbox 1815 2329 1875 2374; x_wconf 92' lang='lat' dir='ltr'><strong>nt</strong></span> <span class='ocrx_word' id='word_1_291' title='bbox 1899 2323 1986 2374; x_wconf 82' lang='lat' dir='ltr'><strong>vi-</strong></span> 
     </span>
    </p>
   </div>
   <div class='ocr_carea' id='block_1_39' title="bbox 405 2406 1976 2476">
    <p class='ocr_par' dir='ltr' id='par_1_39' title="bbox 405 2406 1976 2476">
     <span class='ocr_line' id='line_1_39' title="bbox 405 2406 1976 2476; baseline 0.002 -16"><span class='ocrx_word' id='word_1_292' title='bbox 405 2407 565 2462; x_wconf 88' lang='lat' dir='ltr'><strong>deam</strong></span> <span class='ocrx_word' id='word_1_293' title='bbox 597 2418 786 2464; x_wconf 87' lang='lat' dir='ltr'><strong>contra</strong></span> <span class='ocrx_word' id='word_1_294' title='bbox 815 2407 1011 2462; x_wconf 90' lang='lat' dir='ltr'><strong>fortem</strong></span> <span class='ocrx_word' id='word_1_295' title='bbox 1069 2417 1340 2462; x_wconf 85' lang='lat' dir='ltr'><strong>armatum</strong></span> <span class='ocrx_word' id='word_1_296' title='bbox 1379 2406 1658 2464; x_wconf 82' lang='lat' dir='ltr'><strong>fortiorem</strong></span> <span class='ocrx_word' id='word_1_297' title='bbox 1686 2418 1976 2476; x_wconf 87' lang='lat' dir='ltr'><strong>armatum,</strong></span> 
     </span>
    </p>
   </div>
   <div class='ocr_carea' id='block_1_40' title="bbox 406 2497 1984 2571">
    <p class='ocr_par' dir='ltr' id='par_1_40' title="bbox 406 2497 1984 2571">
     <span class='ocr_line' id='line_1_40' title="bbox 406 2497 1984 2571; baseline 0.003 -19"><span class='ocrx_word' id='word_1_298' title='bbox 406 2506 464 2552; x_wconf 88' lang='lat' dir='ltr'><strong>et</strong></span> <span class='ocrx_word' id='word_1_299' title='bbox 507 2507 758 2553; x_wconf 89' lang='lat' dir='ltr'><strong>conteras</strong></span> <span class='ocrx_word' id='word_1_300' title='bbox 785 2497 1068 2569; x_wconf 83' lang='lat' dir='ltr'><strong>Assyrium</strong></span> <span class='ocrx_word' id='word_1_301' title='bbox 1101 2497 1152 2552; x_wconf 91' lang='lat' dir='ltr'><strong>in</strong></span> <span class='ocrx_word' id='word_1_302' title='bbox 1183 2506 1324 2552; x_wconf 91' lang='lat' dir='ltr'><strong>terra</strong></span> <span class='ocrx_word' id='word_1_303' title='bbox 1355 2512 1469 2554; x_wconf 90' lang='lat' dir='ltr'><strong>tua.</strong></span> <span class='ocrx_word' id='word_1_304' title='bbox 1501 2499 1666 2556; x_wconf 87' lang='lat' dir='ltr'><strong>Facta</strong></span> <span class='ocrx_word' id='word_1_305' title='bbox 1695 2516 1823 2571; x_wconf 88' lang='lat' dir='ltr'><strong>ergo</strong></span> <span class='ocrx_word' id='word_1_306' title='bbox 1849 2519 1984 2556; x_wconf 69' lang='lat' dir='ltr'><strong>con-&#39;</strong></span> 
     </span>
    </p>
   </div>
   <div class='ocr_carea' id='block_1_41' title="bbox 407 2588 1975 2661">
    <p class='ocr_par' dir='ltr' id='par_1_41' title="bbox 407 2588 1975 2661">
     <span class='ocr_line' id='line_1_41' title="bbox 407 2588 1975 2661; baseline 0.004 -20"><span class='ocrx_word' id='word_1_307' title='bbox 407 2588 720 2658; x_wconf 85' lang='lat' dir='ltr'><strong>gressiene,</strong></span> <span class='ocrx_word' id='word_1_308' title='bbox 772 2589 1026 2644; x_wconf 89' lang='lat' dir='ltr'><strong>inimicos</strong></span> <span class='ocrx_word' id='word_1_309' title='bbox 1071 2597 1194 2642; x_wconf 89' lang='lat' dir='ltr'><strong>tuos</strong></span> <span class='ocrx_word' id='word_1_310' title='bbox 1242 2590 1592 2658; x_wconf 88' lang='lat' dir='ltr'><strong>comminuet,</strong></span> <span class='ocrx_word' id='word_1_311' title='bbox 1621 2600 1680 2645; x_wconf 92' lang='lat' dir='ltr'><strong>ut</strong></span> <span class='ocrx_word' id='word_1_312' title='bbox 1705 2592 1975 2661; x_wconf 88' lang='lat' dir='ltr'><strong>pulverem</strong></span> 
     </span>
    </p>
   </div>
   <div class='ocr_carea' id='block_1_42' title="bbox 407 2663 1978 2752">
    <p class='ocr_par' dir='ltr' id='par_1_42' title="bbox 407 2663 1978 2752">
     <span class='ocr_line' id='line_1_42' title="bbox 407 2663 1978 2752; baseline 0.003 -20"><span class='ocrx_word' id='word_1_313' title='bbox 407 2689 535 2734; x_wconf 86' lang='lat' dir='ltr'><strong>ante</strong></span> <span class='ocrx_word' id='word_1_314' title='bbox 589 2679 779 2735; x_wconf 82' lang='lat' dir='ltr'><strong>faciem</strong></span> <span class='ocrx_word' id='word_1_315' title='bbox 834 2680 1001 2743; x_wconf 87' lang='lat' dir='ltr'><strong>venti,</strong></span> <span class='ocrx_word' id='word_1_316' title='bbox 1034 2689 1090 2734; x_wconf 90' lang='lat' dir='ltr'><strong>et</strong></span> <span class='ocrx_word' id='word_1_317' title='bbox 1134 2691 1192 2735; x_wconf 93' lang='lat' dir='ltr'><strong>ut</strong></span> <span class='ocrx_word' id='word_1_318' title='bbox 1223 2681 1395 2735; x_wconf 89' lang='lat' dir='ltr'><strong>lutum</strong></span> <span class='ocrx_word' id='word_1_319' title='bbox 1427 2663 1726 2752; x_wconf 64' lang='lat' dir='ltr'><strong>platearum</strong></span> <span class='ocrx_word' id='word_1_320' title='bbox 1778 2683 1978 2739; x_wconf 89' lang='lat' dir='ltr'><strong>delebit</strong></span> 
     </span>
    </p>
   </div>
   <div class='ocr_carea' id='block_1_43' title="bbox 406 2769 1972 2846">
    <p class='ocr_par' dir='ltr' id='par_1_43' title="bbox 406 2769 1972 2846">
     <span class='ocr_line' id='line_1_43' title="bbox 406 2769 1972 2846; baseline 0.004 -23"><span class='ocrx_word' id='word_1_321' title='bbox 406 2786 502 2825; x_wconf 89' lang='lat' dir='ltr'><strong>eos</strong></span> <span class='ocrx_word' id='word_1_322' title='bbox 532 2769 702 2841; x_wconf 82' lang='lat' dir='ltr'><strong>(I’sal.</strong></span> <span class='ocrx_word' id='word_1_323' title='bbox 807 2770 960 2840; x_wconf 81' lang='lat' dir='ltr'><strong>xvn).</strong></span> <span class='ocrx_word' id='word_1_324' title='bbox 991 2770 1082 2827; x_wconf 92' lang='lat' dir='ltr'><strong>Sic</strong></span> <span class='ocrx_word' id='word_1_325' title='bbox 1121 2780 1302 2827; x_wconf 88' lang='lat' dir='ltr'><strong>autem</strong></span> <span class='ocrx_word' id='word_1_326' title='bbox 1338 2782 1524 2828; x_wconf 89' lang='lat' dir='ltr'><strong>contra</strong></span> <span class='ocrx_word' id='word_1_327' title='bbox 1549 2774 1711 2829; x_wconf 90' lang='lat' dir='ltr'><strong>istum</strong></span> <span class='ocrx_word' id='word_1_328' title='bbox 1741 2775 1972 2846; x_wconf 84' lang='lat' dir='ltr'><strong>vigilan-</strong></span> 
     </span>
    </p>
   </div>
   <div class='ocr_carea' id='block_1_44' title="bbox 407 2861 1978 2930">
    <p class='ocr_par' dir='ltr' id='par_1_44' title="bbox 407 2861 1978 2930">
     <span class='ocr_line' id='line_1_44' title="bbox 407 2861 1978 2930; baseline 0.005 -16"><span class='ocrx_word' id='word_1_329' title='bbox 407 2861 537 2915; x_wconf 90' lang='lat' dir='ltr'><strong>dum</strong></span> <span class='ocrx_word' id='word_1_330' title='bbox 567 2869 649 2917; x_wconf 90' lang='lat' dir='ltr'><strong>est</strong></span> <span class='ocrx_word' id='word_1_331' title='bbox 677 2868 738 2916; x_wconf 89' lang='lat' dir='ltr'><strong>nt</strong></span> <span class='ocrx_word' id='word_1_332' title='bbox 778 2875 993 2930; x_wconf 88' lang='lat' dir='ltr'><strong>semper</strong></span> <span class='ocrx_word' id='word_1_333' title='bbox 1017 2862 1083 2917; x_wconf 90' lang='lat' dir='ltr'><strong>de</strong></span> <span class='ocrx_word' id='word_1_334' title='bbox 1109 2862 1347 2919; x_wconf 90' lang='lat' dir='ltr'><strong>redivivo</strong></span> <span class='ocrx_word' id='word_1_335' title='bbox 1392 2864 1686 2920; x_wconf 87' lang='lat' dir='ltr'><strong>certamine</strong></span> <span class='ocrx_word' id='word_1_336' title='bbox 1713 2864 1904 2922; x_wconf 85' lang='lat' dir='ltr'><strong>timeas</strong></span> <span class='ocrx_word' id='word_1_337' title='bbox 1921 2875 1978 2922; x_wconf 90' lang='lat' dir='ltr'><strong>et</strong></span> 
     </span>
    </p>
   </div>
   <div class='ocr_carea' id='block_1_45' title="bbox 407 2951 1266 3022">
    <p class='ocr_par' dir='ltr' id='par_1_45' title="bbox 407 2951 1266 3022">
     <span class='ocr_line' id='line_1_45' title="bbox 407 2951 1266 3022; baseline 0.003 -18"><span class='ocrx_word' id='word_1_338' title='bbox 407 2953 476 3007; x_wconf 91' lang='lat' dir='ltr'><strong>de</strong></span> <span class='ocrx_word' id='word_1_339' title='bbox 503 2951 725 3006; x_wconf 88' lang='lat' dir='ltr'><strong>victoria</strong></span> <span class='ocrx_word' id='word_1_340' title='bbox 759 2967 865 3006; x_wconf 90' lang='lat' dir='ltr'><strong>non</strong></span> <span class='ocrx_word' id='word_1_341' title='bbox 893 2952 1170 3022; x_wconf 86' lang='lat' dir='ltr'><strong>desperes.</strong></span> <span class='ocrx_word' id='word_1_342' title='bbox 1254 2981 1266 2996; x_wconf 62' lang='grc' dir='ltr'><strong>κ</strong></span> 
     </span>
    </p>
   </div>
   <div class='ocr_carea' id='block_1_46' title="bbox 474 3059 1972 3132">
    <p class='ocr_par' dir='ltr' id='par_1_46' title="bbox 474 3059 1972 3132">
     <span class='ocr_line' id='line_1_46' title="bbox 474 3059 1972 3132; baseline 0.003 -19"><span class='ocrx_word' id='word_1_343' title='bbox 474 3059 638 3130; x_wconf 82' lang='lat'><strong>300</strong></span> <span class='ocrx_word' id='word_1_344' title='bbox 664 3061 804 3114; x_wconf 86' lang='lat' dir='ltr'><strong>Caro</strong></span> <span class='ocrx_word' id='word_1_345' title='bbox 839 3068 1019 3115; x_wconf 83' lang='lat' dir='ltr'><strong>autem</strong></span> <span class='ocrx_word' id='word_1_346' title='bbox 1067 3062 1168 3116; x_wconf 90' lang='lat' dir='ltr'><strong>sub</strong></span> <span class='ocrx_word' id='word_1_347' title='bbox 1204 3061 1541 3117; x_wconf 88' lang='lat' dir='ltr'><strong>necessitatis</strong></span> <span class='ocrx_word' id='word_1_348' title='bbox 1581 3063 1760 3132; x_wconf 90' lang='lat' dir='ltr'><strong>specie</strong></span> <span class='ocrx_word' id='word_1_349' title='bbox 1785 3062 1972 3120; x_wconf 89' lang='lat' dir='ltr'><strong>furiosi</strong></span> 
     </span>
    </p>
   </div>
   <div class='ocr_carea' id='block_1_47' title="bbox 2086 1861 3656 1932">
    <p class='ocr_par' dir='ltr' id='par_1_47' title="bbox 2086 1861 3656 1932">
     <span class='ocr_line' id='line_1_47' title="bbox 2086 1861 3656 1932; baseline 0.002 -18"><span class='ocrx_word' id='word_1_350' title='bbox 2086 1861 2153 1915; x_wconf 89' lang='lat' dir='ltr'><strong>tis</strong></span> <span class='ocrx_word' id='word_1_351' title='bbox 2181 1863 2270 1915; x_wconf 92' lang='lat' dir='ltr'><strong>bic</strong></span> <span class='ocrx_word' id='word_1_352' title='bbox 2291 1861 2716 1917; x_wconf 90' lang='lat' dir='ltr'><strong>consolationem</strong></span> <span class='ocrx_word' id='word_1_353' title='bbox 2761 1872 2998 1917; x_wconf 88' lang='lat' dir='ltr'><strong>vestram</strong></span> <span class='ocrx_word' id='word_1_354' title='bbox 3037 1863 3220 1932; x_wconf 84' lang='lat' dir='ltr'><strong>(_Luc.</strong></span> <span class='ocrx_word' id='word_1_355' title='bbox 3286 1879 3340 1918; x_wconf 87' lang='lat' dir='ltr'><strong>vt</strong></span> <span class='ocrx_word' id='word_1_356' title='bbox 3388 1863 3430 1930; x_wconf 83' lang='lat'><strong>).</strong></span> <span class='ocrx_word' id='word_1_357' title='bbox 3471 1882 3488 1914; x_wconf 79' lang='grc' dir='ltr'><strong>ι</strong></span> <span class='ocrx_word' id='word_1_358' title='bbox 3523 1863 3580 1919; x_wconf 92' lang='lat' dir='ltr'><strong>Si</strong></span> <span class='ocrx_word' id='word_1_359' title='bbox 3604 1872 3656 1917; x_wconf 85' lang='lat' dir='ltr'><strong>te</strong></span> 
     </span>
    </p>
   </div>
   <div class='ocr_carea' id='block_1_48' title="bbox 2081 1953 3656 2024">
    <p class='ocr_par' dir='ltr' id='par_1_48' title="bbox 2081 1953 3656 2024">
     <span class='ocr_line' id='line_1_48' title="bbox 2081 1953 3656 2024; baseline 0.003 -18"><span class='ocrx_word' id='word_1_360' title='bbox 2081 1953 2384 2008; x_wconf 87' lang='lat' dir='ltr'><strong>demulceat</strong></span> <span class='ocrx_word' id='word_1_361' title='bbox 2416 1954 2684 2018; x_wconf 86' lang='lat' dir='ltr'><strong>adulator,</strong></span> <span class='ocrx_word' id='word_1_362' title='bbox 2723 1962 2777 2007; x_wconf 89' lang='lat' dir='ltr'><strong>et</strong></span> <span class='ocrx_word' id='word_1_363' title='bbox 2805 1954 2872 2008; x_wconf 90' lang='lat' dir='ltr'><strong>ad</strong></span> <span class='ocrx_word' id='word_1_364' title='bbox 2903 1953 3186 2024; x_wconf 80' lang='lat' dir='ltr'><strong>plebiculae</strong></span> <span class='ocrx_word' id='word_1_365' title='bbox 3217 1954 3403 2009; x_wconf 82' lang='lat' dir='ltr'><strong>laudes</strong></span> <span class='ocrx_word' id='word_1_366' title='bbox 3441 1955 3656 2010; x_wconf 89' lang='lat' dir='ltr'><strong>animus</strong></span> 
     </span>
    </p>
   </div>
   <div class='ocr_carea' id='block_1_49' title="bbox 2081 2041 3652 2113">
    <p class='ocr_par' dir='ltr' id='par_1_49' title="bbox 2081 2041 3652 2113">
     <span class='ocr_line' id='line_1_49' title="bbox 2081 2041 3652 2113; baseline 0.001 -17"><span class='ocrx_word' id='word_1_367' title='bbox 2081 2041 2392 2107; x_wconf 85' lang='lat' dir='ltr'><strong>hilareseat,</strong></span> <span class='ocrx_word' id='word_1_368' title='bbox 2424 2043 2756 2109; x_wconf 82' lang='lat' dir='ltr'><strong>confertare,</strong></span> <span class='ocrx_word' id='word_1_369' title='bbox 2803 2052 2858 2098; x_wconf 91' lang='lat' dir='ltr'><strong>et</strong></span> <span class='ocrx_word' id='word_1_370' title='bbox 2901 2043 3031 2098; x_wconf 90' lang='lat' dir='ltr'><strong>dic:</strong></span> <span class='ocrx_word' id='word_1_371' title='bbox 3071 2062 3089 2094; x_wconf 86' lang='grc'><strong><em>‹</em></strong></span> <span class='ocrx_word' id='word_1_372' title='bbox 3130 2041 3317 2099; x_wconf 87' lang='lat' dir='ltr'><strong>Oleum</strong></span> <span class='ocrx_word' id='word_1_373' title='bbox 3353 2045 3652 2113; x_wconf 86' lang='lat' dir='ltr'><strong>peccatoris</strong></span> 
     </span>
    </p>
   </div>
   <div class='ocr_carea' id='block_1_50' title="bbox 2079 2132 3651 2207">
    <p class='ocr_par' dir='ltr' id='par_1_50' title="bbox 2079 2132 3651 2207">
     <span class='ocr_line' id='line_1_50' title="bbox 2079 2132 3651 2207; baseline 0.002 -20"><span class='ocrx_word' id='word_1_374' title='bbox 2079 2148 2184 2188; x_wconf 90' lang='lat' dir='ltr'><strong>non</strong></span> <span class='ocrx_word' id='word_1_375' title='bbox 2232 2134 2524 2203; x_wconf 88' lang='lat' dir='ltr'><strong>impingnet</strong></span> <span class='ocrx_word' id='word_1_376' title='bbox 2562 2144 2724 2202; x_wconf 90' lang='lat' dir='ltr'><strong>caput</strong></span> <span class='ocrx_word' id='word_1_377' title='bbox 2775 2149 2954 2189; x_wconf 91' lang='lat' dir='ltr'><strong>meum</strong></span> <span class='ocrx_word' id='word_1_378' title='bbox 2997 2132 3170 2204; x_wconf 84' lang='lat' dir='ltr'><strong>(Psal.</strong></span> <span class='ocrx_word' id='word_1_379' title='bbox 3215 2133 3360 2207; x_wconf 72' lang='lat' dir='ltr'><strong>exn).</strong></span> <span class='ocrx_word' id='word_1_380' title='bbox 3403 2153 3421 2186; x_wconf 74' lang='grc' dir='ltr'><strong>ι</strong></span> <span class='ocrx_word' id='word_1_381' title='bbox 3469 2133 3524 2188; x_wconf 91' lang='lat' dir='ltr'><strong>Si</strong></span> <span class='ocrx_word' id='word_1_382' title='bbox 3558 2135 3651 2190; x_wconf 88' lang='lat' dir='ltr'><strong>tibi</strong></span> 
     </span>
    </p>
   </div>
   <div class='ocr_carea' id='block_1_51' title="bbox 2078 2221 3654 2294">
    <p class='ocr_par' dir='ltr' id='par_1_51' title="bbox 2078 2221 3654 2294">
     <span class='ocr_line' id='line_1_51' title="bbox 2078 2221 3654 2294; baseline 0 -17"><span class='ocrx_word' id='word_1_383' title='bbox 2078 2233 2398 2293; x_wconf 84' lang='lat' dir='ltr'><strong>suggeratur</strong></span> <span class='ocrx_word' id='word_1_384' title='bbox 2421 2225 2472 2278; x_wconf 92' lang='lat' dir='ltr'><strong>in</strong></span> <span class='ocrx_word' id='word_1_385' title='bbox 2493 2221 2731 2279; x_wconf 87' lang='lat' dir='ltr'><strong>futurum</strong></span> <span class='ocrx_word' id='word_1_386' title='bbox 2762 2237 2970 2294; x_wconf 90' lang='lat' dir='ltr'><strong>tempus</strong></span> <span class='ocrx_word' id='word_1_387' title='bbox 2997 2224 3195 2278; x_wconf 90' lang='lat' dir='ltr'><strong>bonum</strong></span> <span class='ocrx_word' id='word_1_388' title='bbox 3225 2223 3440 2278; x_wconf 78' lang='lat' dir='ltr'><strong>differre</strong></span> <span class='ocrx_word' id='word_1_389' title='bbox 3459 2238 3654 2292; x_wconf 85' lang='lat' dir='ltr'><strong>prepo-</strong></span> 
     </span>
    </p>
   </div>
   <div class='ocr_carea' id='block_1_52' title="bbox 2079 2313 3652 2390">
    <p class='ocr_par' dir='ltr' id='par_1_52' title="bbox 2079 2313 3652 2390">
     <span class='ocr_line' id='line_1_52' title="bbox 2079 2313 3652 2390; baseline -0.001 -21"><span class='ocrx_word' id='word_1_390' title='bbox 2079 2314 2264 2380; x_wconf 89' lang='lat' dir='ltr'><strong>situm,</strong></span> <span class='ocrx_word' id='word_1_391' title='bbox 2281 2330 2544 2386; x_wconf 89' lang='lat' dir='ltr'><strong>consurge</strong></span> <span class='ocrx_word' id='word_1_392' title='bbox 2560 2323 2612 2369; x_wconf 92' lang='lat' dir='ltr'><strong>et</strong></span> <span class='ocrx_word' id='word_1_393' title='bbox 2630 2315 2718 2370; x_wconf 92' lang='lat' dir='ltr'><strong>dic</strong></span> <span class='ocrx_word' id='word_1_394' title='bbox 2741 2331 2754 2368; x_wconf 94' lang='lat'>:</span> <span class='ocrx_word' id='word_1_395' title='bbox 2780 2333 2798 2366; x_wconf 77' lang='grc' dir='ltr'><strong>ι</strong></span> <span class='ocrx_word' id='word_1_396' title='bbox 2831 2315 2956 2370; x_wconf 89' lang='lat' dir='ltr'><strong>Dies</strong></span> <span class='ocrx_word' id='word_1_397' title='bbox 2980 2314 3187 2368; x_wconf 91' lang='lat' dir='ltr'><strong>Domini</strong></span> <span class='ocrx_word' id='word_1_398' title='bbox 3211 2313 3350 2390; x_wconf 62' lang='lat' dir='ltr'><strong>sicn}</strong></span> <span class='ocrx_word' id='word_1_399' title='bbox 3377 2313 3484 2378; x_wconf 90' lang='lat' dir='ltr'><strong>fur,</strong></span> <span class='ocrx_word' id='word_1_400' title='bbox 3502 2314 3577 2368; x_wconf 88' lang='lat' dir='ltr'><strong>ita</strong></span> <span class='ocrx_word' id='word_1_401' title='bbox 3600 2315 3652 2368; x_wconf 93' lang='lat' dir='ltr'><strong>in</strong></span> 
     </span>
    </p>
   </div>
   <div class='ocr_carea' id='block_1_53' title="bbox 2077 2395 3650 2474">
    <p class='ocr_par' dir='ltr' id='par_1_53' title="bbox 2077 2395 3650 2474">
     <span class='ocr_line' id='line_1_53' title="bbox 2077 2395 3650 2474; baseline -0.002 -15"><span class='ocrx_word' id='word_1_402' title='bbox 2077 2413 2232 2459; x_wconf 90' lang='lat' dir='ltr'><strong>nocte</strong></span> <span class='ocrx_word' id='word_1_403' title='bbox 2256 2404 2434 2459; x_wconf 89' lang='lat' dir='ltr'><strong>veniet</strong></span> <span class='ocrx_word' id='word_1_404' title='bbox 2457 2403 2541 2474; x_wconf 89' lang='grc'><strong>(11</strong></span> <span class='ocrx_word' id='word_1_405' title='bbox 2561 2401 2708 2456; x_wconf 83' lang='lat' dir='ltr'><strong>Petr.</strong></span> <span class='ocrx_word' id='word_1_406' title='bbox 2736 2402 2838 2474; x_wconf 84' lang='lat' dir='ltr'><strong>tu).</strong></span> <span class='ocrx_word' id='word_1_407' title='bbox 2861 2421 2880 2453; x_wconf 76' lang='grc' dir='ltr'><strong>ι</strong></span> <span class='ocrx_word' id='word_1_408' title='bbox 2913 2395 2968 2457; x_wconf 89' lang='lat' dir='ltr'><strong>Si</strong></span> <span class='ocrx_word' id='word_1_409' title='bbox 2991 2402 3114 2470; x_wconf 83' lang='lat' dir='ltr'><strong>gula</strong></span> <span class='ocrx_word' id='word_1_410' title='bbox 3143 2402 3436 2456; x_wconf 80' lang='lat' dir='ltr'><strong>desaeviens</strong></span> <span class='ocrx_word' id='word_1_411' title='bbox 3459 2401 3650 2456; x_wconf 80' lang='lat' dir='ltr'><strong>lautio-</strong></span> 
     </span>
    </p>
   </div>
   <div class='ocr_carea' id='block_1_54' title="bbox 2076 2491 3650 2562">
    <p class='ocr_par' dir='ltr' id='par_1_54' title="bbox 2076 2491 3650 2562">
     <span class='ocr_line' id='line_1_54' title="bbox 2076 2491 3650 2562; baseline -0.003 -12"><span class='ocrx_word' id='word_1_412' title='bbox 2076 2509 2164 2550; x_wconf 89' lang='lat' dir='ltr'><strong>res</strong></span> <span class='ocrx_word' id='word_1_413' title='bbox 2193 2496 2283 2550; x_wconf 89' lang='lat' dir='ltr'><strong>tibi</strong></span> <span class='ocrx_word' id='word_1_414' title='bbox 2306 2494 2766 2550; x_wconf 86' lang='lat' dir='ltr'><strong>eommendaverit</strong></span> <span class='ocrx_word' id='word_1_415' title='bbox 2792 2502 3104 2562; x_wconf 86' lang='lat' dir='ltr'><strong>apparatus,</strong></span> <span class='ocrx_word' id='word_1_416' title='bbox 3132 2491 3416 2546; x_wconf 88' lang='lat' dir='ltr'><strong>recalcitra</strong></span> <span class='ocrx_word' id='word_1_417' title='bbox 3449 2501 3502 2547; x_wconf 90' lang='lat' dir='ltr'><strong>et</strong></span> <span class='ocrx_word' id='word_1_418' title='bbox 3526 2493 3611 2548; x_wconf 91' lang='lat' dir='ltr'><strong>dic</strong></span> <span class='ocrx_word' id='word_1_419' title='bbox 3637 2511 3650 2546; x_wconf 93' lang='lat'><strong>:</strong></span> 
     </span>
    </p>
   </div>
   <div class='ocr_carea' id='block_1_55' title="bbox 2081 2581 3654 2654">
    <p class='ocr_par' dir='ltr' id='par_1_55' title="bbox 2081 2581 3654 2654">
     <span class='ocr_line' id='line_1_55' title="bbox 2081 2581 3654 2654; baseline 0 -16"><span class='ocrx_word' id='word_1_420' title='bbox 2081 2605 2100 2638; x_wconf 73' lang='grc' dir='ltr'><strong>ι</strong></span> <span class='ocrx_word' id='word_1_421' title='bbox 2127 2585 2246 2641; x_wconf 84' lang='grc' dir='ltr'>Νοιι</span> <span class='ocrx_word' id='word_1_422' title='bbox 2275 2595 2359 2640; x_wconf 91' lang='lat' dir='ltr'><strong>est</strong></span> <span class='ocrx_word' id='word_1_423' title='bbox 2385 2600 2612 2654; x_wconf 80' lang='lat' dir='ltr'><strong>regnum</strong></span> <span class='ocrx_word' id='word_1_424' title='bbox 2632 2585 2726 2638; x_wconf 91' lang='lat' dir='ltr'><strong>Dei</strong></span> <span class='ocrx_word' id='word_1_425' title='bbox 2745 2598 2867 2638; x_wconf 90' lang='lat' dir='ltr'><strong>esea</strong></span> <span class='ocrx_word' id='word_1_426' title='bbox 2891 2591 3115 2654; x_wconf 86' lang='lat' dir='ltr'><strong>etpetus</strong></span> <span class='ocrx_word' id='word_1_427' title='bbox 3139 2581 3316 2650; x_wconf 84' lang='lat' dir='ltr'><strong>(Rom.</strong></span> <span class='ocrx_word' id='word_1_428' title='bbox 3341 2581 3476 2653; x_wconf 79' lang='lat' dir='ltr'><strong>xiv).</strong></span> <span class='ocrx_word' id='word_1_429' title='bbox 3505 2602 3523 2634; x_wconf 72' lang='grc' dir='ltr'><strong>ι</strong></span> <span class='ocrx_word' id='word_1_430' title='bbox 3559 2583 3654 2638; x_wconf 82' lang='lat' dir='ltr'><strong>His</strong></span> 
     </span>
    </p>
   </div>
   <div class='ocr_carea' id='block_1_56' title="bbox 2074 2670 3651 2746">
    <p class='ocr_par' dir='ltr' id='par_1_56' title="bbox 2074 2670 3651 2746">
     <span class='ocr_line' id='line_1_56' title="bbox 2074 2670 3651 2746; baseline -0.003 -15"><span class='ocrx_word' id='word_1_431' title='bbox 2074 2677 2219 2732; x_wconf 90' lang='lat' dir='ltr'><strong>velut</strong></span> <span class='ocrx_word' id='word_1_432' title='bbox 2250 2677 2569 2746; x_wconf 84' lang='lat' dir='ltr'><strong>quibusdam</strong></span> <span class='ocrx_word' id='word_1_433' title='bbox 2610 2673 3064 2744; x_wconf 89' lang='lat' dir='ltr'><strong>increpationibus</strong></span> <span class='ocrx_word' id='word_1_434' title='bbox 3090 2670 3374 2742; x_wconf 71' lang='lat' dir='ltr'><strong>diffugiunt</strong></span> <span class='ocrx_word' id='word_1_435' title='bbox 3427 2673 3651 2738; x_wconf 80' lang='lat' dir='ltr'><strong>inimici,</strong></span> 
     </span>
    </p>
   </div>
   <div class='ocr_carea' id='block_1_57' title="bbox 2074 2761 3652 2835">
    <p class='ocr_par' dir='ltr' id='par_1_57' title="bbox 2074 2761 3652 2835">
     <span class='ocr_line' id='line_1_57' title="bbox 2074 2761 3652 2835; baseline -0.003 -13"><span class='ocrx_word' id='word_1_436' title='bbox 2074 2767 2340 2822; x_wconf 89' lang='lat' dir='ltr'><strong>delabitur</strong></span> <span class='ocrx_word' id='word_1_437' title='bbox 2353 2767 2614 2820; x_wconf 87' lang='lat' dir='ltr'><strong>memoria</strong></span> <span class='ocrx_word' id='word_1_438' title='bbox 2627 2765 2979 2834; x_wconf 87' lang='lat' dir='ltr'><strong>voluptatum,</strong></span> <span class='ocrx_word' id='word_1_439' title='bbox 2999 2764 3179 2819; x_wconf 89' lang='lat' dir='ltr'><strong>carnis</strong></span> <span class='ocrx_word' id='word_1_440' title='bbox 3203 2761 3500 2835; x_wconf 88' lang='lat' dir='ltr'><strong>gnrgulitas</strong></span> <span class='ocrx_word' id='word_1_441' title='bbox 3526 2777 3652 2818; x_wconf 85' lang='lat' dir='ltr'><strong>con-</strong></span> 
     </span>
    </p>
   </div>
   <div class='ocr_carea' id='block_1_58' title="bbox 2077 2853 3651 2922">
    <p class='ocr_par' dir='ltr' id='par_1_58' title="bbox 2077 2853 3651 2922">
     <span class='ocr_line' id='line_1_58' title="bbox 2077 2853 3651 2922; baseline -0.004 -11"><span class='ocrx_word' id='word_1_442' title='bbox 2077 2857 2338 2922; x_wconf 88' lang='lat' dir='ltr'><strong>tiscescit,</strong></span> <span class='ocrx_word' id='word_1_443' title='bbox 2367 2867 2569 2911; x_wconf 81' lang='lat' dir='ltr'><strong>sanctae</strong></span> <span class='ocrx_word' id='word_1_444' title='bbox 2608 2855 3038 2910; x_wconf 84' lang='lat' dir='ltr'><strong>conversationis</strong></span> <span class='ocrx_word' id='word_1_445' title='bbox 3067 2855 3220 2909; x_wconf 90' lang='lat' dir='ltr'><strong>initia</strong></span> <span class='ocrx_word' id='word_1_446' title='bbox 3247 2853 3651 2917; x_wconf 84' lang='lat' dir='ltr'><strong>convalescunt,</strong></span> 
     </span>
    </p>
   </div>
   <div class='ocr_carea' id='block_1_59' title="bbox 2073 2945 3527 3016">
    <p class='ocr_par' dir='ltr' id='par_1_59' title="bbox 2073 2945 3527 3016">
     <span class='ocr_line' id='line_1_59' title="bbox 2073 2945 3527 3016; baseline 0 -14"><span class='ocrx_word' id='word_1_447' title='bbox 2073 2949 2304 3002; x_wconf 88' lang='lat' dir='ltr'><strong>mundus</strong></span> <span class='ocrx_word' id='word_1_448' title='bbox 2341 2947 2721 3012; x_wconf 88' lang='lat' dir='ltr'><strong>contemnitur,</strong></span> <span class='ocrx_word' id='word_1_449' title='bbox 2751 2955 3035 3016; x_wconf 82' lang='lat' dir='ltr'><strong>superatur</strong></span> <span class='ocrx_word' id='word_1_450' title='bbox 3065 2945 3234 3000; x_wconf 89' lang='lat' dir='ltr'><strong>hostis</strong></span> <span class='ocrx_word' id='word_1_451' title='bbox 3254 2945 3527 3015; x_wconf 89' lang='lat' dir='ltr'><strong>antiquus.</strong></span> 
     </span>
    </p>
   </div>
   <div class='ocr_carea' id='block_1_60' title="bbox 2146 3021 3652 3109">
    <p class='ocr_par' dir='ltr' id='par_1_60' title="bbox 2146 3021 3652 3109">
     <span class='ocr_line' id='line_1_60' title="bbox 2146 3021 3652 3109; baseline -0.004 -16"><span class='ocrx_word' id='word_1_452' title='bbox 2146 3039 2237 3093; x_wconf 89' lang='lat' dir='ltr'><strong>Sic</strong></span> <span class='ocrx_word' id='word_1_453' title='bbox 2259 3039 2421 3109; x_wconf 80' lang='lat' dir='ltr'><strong>igitur</strong></span> <span class='ocrx_word' id='word_1_454' title='bbox 2445 3037 2636 3093; x_wconf 90' lang='lat' dir='ltr'><strong>videns</strong></span> <span class='ocrx_word' id='word_1_455' title='bbox 2664 3021 2716 3091; x_wconf 83' lang='lat' dir='ltr'><strong>et</strong></span> <span class='ocrx_word' id='word_1_456' title='bbox 2763 3035 2995 3104; x_wconf 80' lang='lat' dir='ltr'><strong>vigilans</strong></span> <span class='ocrx_word' id='word_1_457' title='bbox 3026 3034 3108 3089; x_wconf 83' lang='lat' dir='ltr'><strong>fac</strong></span> <span class='ocrx_word' id='word_1_458' title='bbox 3147 3032 3445 3088; x_wconf 80' lang='lat' dir='ltr'><strong>funiculum</strong></span> <span class='ocrx_word' id='word_1_459' title='bbox 3478 3032 3652 3102; x_wconf 89' lang='lat' dir='ltr'><strong>tripli-</strong></span> 
     </span>
    </p>
   </div>
   <div class='ocr_carea' id='block_1_61' title="bbox 408 3114 3645 3221">
    <p class='ocr_par' dir='ltr' id='par_1_61' title="bbox 408 3114 3645 3221">
     <span class='ocr_line' id='line_1_61' title="bbox 408 3114 3645 3221; baseline -0.008 -19"><span class='ocrx_word' id='word_1_460' title='bbox 408 3114 682 3204; x_wconf 59' lang='grc' dir='ltr'>ωἶπῖὦῶθ</span> <span class='ocrx_word' id='word_1_461' title='bbox 710 3149 794 3204; x_wconf 89' lang='lat' dir='ltr'><strong>sui</strong></span> <span class='ocrx_word' id='word_1_462' title='bbox 825 3148 970 3204; x_wconf 84' lang='lat' dir='ltr'><strong>velat</strong></span> <span class='ocrx_word' id='word_1_463' title='bbox 1019 3150 1333 3221; x_wconf 73' lang='lat' dir='ltr'><strong>imaginem,</strong></span> <span class='ocrx_word' id='word_1_464' title='bbox 1389 3161 1442 3207; x_wconf 90' lang='lat' dir='ltr'><strong>et</strong></span> <span class='ocrx_word' id='word_1_465' title='bbox 1472 3114 1969 3209; x_wconf 54' lang='lat' dir='ltr'><strong>nunerferculorum</strong></span> <span class='ocrx_word' id='word_1_466' title='bbox 1999 3114 2044 3176; x_wconf 78' lang='lat' dir='ltr'>C</span> <span class='ocrx_word' id='word_1_467' title='bbox 2075 3145 2216 3196; x_wconf 60' lang='lat' dir='ltr'><strong>cem:</strong></span> <span class='ocrx_word' id='word_1_468' title='bbox 2246 3129 2338 3221; x_wconf 61' lang='grc' dir='ltr'>ςιυῖ</span> <span class='ocrx_word' id='word_1_469' title='bbox 2383 3126 2600 3221; x_wconf 47' lang='lat' dir='ltr'><strong>(limen?</strong></span> <span class='ocrx_word' id='word_1_470' title='bbox 2640 3127 2929 3221; x_wconf 59' lang='lat' dir='ltr'><strong>rmllpifur.</strong></span> <span class='ocrx_word' id='word_1_471' title='bbox 2968 3135 3022 3180; x_wconf 71' lang='lat' dir='ltr'><strong>Cl</strong></span> <span class='ocrx_word' id='word_1_472' title='bbox 3050 3124 3218 3179; x_wconf 71' lang='lat' dir='ltr'><strong>ll‘ﬂnSi</strong></span> <span class='ocrx_word' id='word_1_473' title='bbox 3256 3125 3323 3178; x_wconf 81' lang='lat' dir='ltr'><strong>ad</strong></span> <span class='ocrx_word' id='word_1_474' title='bbox 3350 3123 3645 3221; x_wconf 57' lang='lat' dir='ltr'><strong>orationes.</strong></span> 
     </span>
    </p>
   </div>
   <div class='ocr_carea' id='block_1_62' title="bbox 403 3239 1970 3310">
    <p class='ocr_par' dir='ltr' id='par_1_62' title="bbox 403 3239 1970 3310">
     <span class='ocr_line' id='line_1_62' title="bbox 403 3239 1970 3310; baseline 0.004 -19"><span class='ocrx_word' id='word_1_475' title='bbox 403 3239 668 3293; x_wconf 82' lang='lat' dir='ltr'><strong>varietate</strong></span> <span class='ocrx_word' id='word_1_476' title='bbox 719 3240 947 3309; x_wconf 90' lang='lat' dir='ltr'><strong>repleta,</strong></span> <span class='ocrx_word' id='word_1_477' title='bbox 979 3255 1124 3295; x_wconf 91' lang='lat' dir='ltr'><strong>nunc</strong></span> <span class='ocrx_word' id='word_1_478' title='bbox 1180 3241 1417 3310; x_wconf 88' lang='lat' dir='ltr'><strong>pretiosa</strong></span> <span class='ocrx_word' id='word_1_479' title='bbox 1451 3241 1574 3296; x_wconf 89' lang='lat' dir='ltr'><strong>vina</strong></span> <span class='ocrx_word' id='word_1_480' title='bbox 1609 3251 1970 3308; x_wconf 85' lang='lat' dir='ltr'><strong>commutans,</strong></span> 
     </span>
    </p>
   </div>
   <div class='ocr_carea' id='block_1_63' title="bbox 406 3328 1990 3401">
    <p class='ocr_par' dir='ltr' id='par_1_63' title="bbox 406 3328 1990 3401">
     <span class='ocr_line' id='line_1_63' title="bbox 406 3328 1990 3401; baseline 0.004 -19"><span class='ocrx_word' id='word_1_481' title='bbox 406 3328 596 3398; x_wconf 84' lang='lat' dir='ltr'><strong>incipit</strong></span> <span class='ocrx_word' id='word_1_482' title='bbox 645 3329 916 3395; x_wconf 84' lang='lat' dir='ltr'><strong>lascivire,</strong></span> <span class='ocrx_word' id='word_1_483' title='bbox 966 3330 1272 3401; x_wconf 82' lang='lat' dir='ltr'><strong>laxatisque</strong></span> <span class='ocrx_word' id='word_1_484' title='bbox 1321 3331 1510 3396; x_wconf 89' lang='lat' dir='ltr'><strong>frenis,</strong></span> <span class='ocrx_word' id='word_1_485' title='bbox 1561 3341 1674 3387; x_wconf 84' lang='lat' dir='ltr'><strong>tota</strong></span> <span class='ocrx_word' id='word_1_486' title='bbox 1721 3332 1894 3388; x_wconf 87' lang='lat' dir='ltr'><strong>fertur</strong></span> <span class='ocrx_word' id='word_1_487' title='bbox 1917 3333 1990 3388; x_wconf 72' lang='lat' dir='ltr'><strong>in.</strong></span> 
     </span>
    </p>
   </div>
   <div class='ocr_carea' id='block_1_64' title="bbox 403 3420 1972 3494">
    <p class='ocr_par' dir='ltr' id='par_1_64' title="bbox 403 3420 1972 3494">
     <span class='ocr_line' id='line_1_64' title="bbox 403 3420 1972 3494; baseline 0.004 -20"><span class='ocrx_word' id='word_1_488' title='bbox 403 3433 662 3490; x_wconf 70' lang='lat' dir='ltr'><strong>praeceps.</strong></span> <span class='ocrx_word' id='word_1_489' title='bbox 689 3420 862 3476; x_wconf 88' lang='lat' dir='ltr'><strong>Satim</strong></span> <span class='ocrx_word' id='word_1_490' title='bbox 899 3422 1289 3478; x_wconf 89' lang='lat' dir='ltr'><strong>recrudescunt</strong></span> <span class='ocrx_word' id='word_1_491' title='bbox 1342 3423 1590 3487; x_wconf 80' lang='lat' dir='ltr'><strong>allectus,</strong></span> <span class='ocrx_word' id='word_1_492' title='bbox 1613 3424 1972 3494; x_wconf 78' lang='lat' dir='ltr'><strong>cogitationes</strong></span> 
     </span>
    </p>
   </div>
   <div class='ocr_carea' id='block_1_65' title="bbox 405 3510 1974 3583">
    <p class='ocr_par' dir='ltr' id='par_1_65' title="bbox 405 3510 1974 3583">
     <span class='ocr_line' id='line_1_65' title="bbox 405 3510 1974 3583; baseline 0.004 -19"><span class='ocrx_word' id='word_1_493' title='bbox 405 3510 688 3575; x_wconf 86' lang='lat' dir='ltr'><strong>rebellant,</strong></span> <span class='ocrx_word' id='word_1_494' title='bbox 722 3512 853 3567; x_wconf 65' lang='lat' dir='ltr'><strong>visae</strong></span> <span class='ocrx_word' id='word_1_495' title='bbox 896 3521 1274 3582; x_wconf 87' lang='lat' dir='ltr'><strong>proponuntur-</strong></span> <span class='ocrx_word' id='word_1_496' title='bbox 1311 3512 1596 3582; x_wconf 77' lang='lat' dir='ltr'><strong>imagines,</strong></span> <span class='ocrx_word' id='word_1_497' title='bbox 1623 3522 1678 3568; x_wconf 91' lang='lat' dir='ltr'><strong>et</strong></span> <span class='ocrx_word' id='word_1_498' title='bbox 1704 3515 1974 3583; x_wconf 89' lang='lat' dir='ltr'><strong>pingimus</strong></span> 
     </span>
    </p>
   </div>
   <div class='ocr_carea' id='block_1_66' title="bbox 405 3600 1973 3672">
    <p class='ocr_par' dir='ltr' id='par_1_66' title="bbox 405 3600 1973 3672">
     <span class='ocr_line' id='line_1_66' title="bbox 405 3600 1973 3672; baseline 0.002 -16"><span class='ocrx_word' id='word_1_499' title='bbox 405 3600 461 3656; x_wconf 91' lang='lat' dir='ltr'><strong>in</strong></span> <span class='ocrx_word' id='word_1_500' title='bbox 489 3601 744 3657; x_wconf 86' lang='lat' dir='ltr'><strong>cordibus</strong></span> <span class='ocrx_word' id='word_1_501' title='bbox 792 3604 993 3658; x_wconf 89' lang='lat' dir='ltr'><strong>nostris</strong></span> <span class='ocrx_word' id='word_1_502' title='bbox 1035 3603 1179 3672; x_wconf 88' lang='lat' dir='ltr'><strong>quod</strong></span> <span class='ocrx_word' id='word_1_503' title='bbox 1227 3602 1414 3658; x_wconf 85' lang='lat' dir='ltr'><strong>multis</strong></span> <span class='ocrx_word' id='word_1_504' title='bbox 1456 3604 1837 3660; x_wconf 72' lang='lat' dir='ltr'><strong>diebusdeleri</strong></span> <span class='ocrx_word' id='word_1_505' title='bbox 1867 3620 1973 3659; x_wconf 92' lang='lat' dir='ltr'><strong>non</strong></span> 
     </span>
    </p>
   </div>
   <div class='ocr_carea' id='block_1_67' title="bbox 405 3692 1972 3764">
    <p class='ocr_par' dir='ltr' id='par_1_67' title="bbox 405 3692 1972 3764">
     <span class='ocr_line' id='line_1_67' title="bbox 405 3692 1972 3764; baseline 0.001 -18"><span class='ocrx_word' id='word_1_506' title='bbox 405 3692 598 3761; x_wconf 91' lang='lat' dir='ltr'><strong>possit.</strong></span> <span class='ocrx_word' id='word_1_507' title='bbox 653 3692 974 3764; x_wconf 85' lang='lat' dir='ltr'><strong>lngurgitati</strong></span> <span class='ocrx_word' id='word_1_508' title='bbox 1023 3695 1193 3760; x_wconf 88' lang='lat' dir='ltr'><strong>enim,</strong></span> <span class='ocrx_word' id='word_1_509' title='bbox 1248 3708 1356 3748; x_wconf 92' lang='lat' dir='ltr'><strong>non</strong></span> <span class='ocrx_word' id='word_1_510' title='bbox 1395 3693 1715 3759; x_wconf 91' lang='lat' dir='ltr'><strong>confortati;</strong></span> <span class='ocrx_word' id='word_1_511' title='bbox 1745 3694 1972 3763; x_wconf 89' lang='lat' dir='ltr'><strong>impleti,</strong></span> 
     </span>
    </p>
   </div>
   <div class='ocr_carea' id='block_1_68' title="bbox 405 3781 1974 3852">
    <p class='ocr_par' dir='ltr' id='par_1_68' title="bbox 405 3781 1974 3852">
     <span class='ocr_line' id='line_1_68' title="bbox 405 3781 1974 3852; baseline 0.004 -20"><span class='ocrx_word' id='word_1_512' title='bbox 405 3795 507 3836; x_wconf 88' lang='lat' dir='ltr'><strong>nec</strong></span> <span class='ocrx_word' id='word_1_513' title='bbox 535 3781 746 3845; x_wconf 89' lang='lat' dir='ltr'><strong>nutriti,</strong></span> <span class='ocrx_word' id='word_1_514' title='bbox 776 3791 833 3837; x_wconf 90' lang='lat' dir='ltr'><strong>et</strong></span> <span class='ocrx_word' id='word_1_515' title='bbox 862 3797 1110 3852; x_wconf 88' lang='lat' dir='ltr'><strong>corpore,</strong></span> <span class='ocrx_word' id='word_1_516' title='bbox 1138 3791 1196 3838; x_wconf 90' lang='lat' dir='ltr'><strong>et</strong></span> <span class='ocrx_word' id='word_1_517' title='bbox 1225 3783 1390 3838; x_wconf 90' lang='lat' dir='ltr'><strong>corde</strong></span> <span class='ocrx_word' id='word_1_518' title='bbox 1415 3783 1791 3850; x_wconf 84' lang='lat' dir='ltr'><strong>distendimur,</strong></span> <span class='ocrx_word' id='word_1_519' title='bbox 1822 3799 1974 3841; x_wconf 85' lang='lat' dir='ltr'><strong>com-</strong></span> 
     </span>
    </p>
   </div>
   <div class='ocr_carea' id='block_1_69' title="bbox 404 3871 1210 3942">
    <p class='ocr_par' dir='ltr' id='par_1_69' title="bbox 404 3871 1210 3942">
     <span class='ocr_line' id='line_1_69' title="bbox 404 3871 1210 3942; baseline 0.006 -19"><span class='ocrx_word' id='word_1_520' title='bbox 404 3871 687 3940; x_wconf 84' lang='lat' dir='ltr'><strong>pleturque</strong></span> <span class='ocrx_word' id='word_1_521' title='bbox 711 3871 839 3927; x_wconf 91' lang='lat' dir='ltr'><strong>illud</strong></span> <span class='ocrx_word' id='word_1_522' title='bbox 869 3872 1162 3942; x_wconf 86' lang='lat' dir='ltr'><strong>satyricum</strong></span> <span class='ocrx_word' id='word_1_523' title='bbox 1197 3891 1210 3927; x_wconf 90' lang='lat'><strong>:</strong></span> 
     </span>
    </p>
   </div>
   <div class='ocr_carea' id='block_1_70' title="bbox 532 4003 1766 4068">
    <p class='ocr_par' dir='ltr' id='par_1_70' title="bbox 532 4003 1766 4068">
     <span class='ocr_line' id='line_1_70' title="bbox 532 4003 1766 4068; baseline 0.001 -15"><span class='ocrx_word' id='word_1_524' title='bbox 532 4003 748 4066; x_wconf 84' lang='lat' dir='ltr'><strong>Inguinis</strong></span> <span class='ocrx_word' id='word_1_525' title='bbox 767 4012 818 4054; x_wconf 90' lang='lat' dir='ltr'><strong>et</strong></span> <span class='ocrx_word' id='word_1_526' title='bbox 848 4006 1020 4068; x_wconf 79' lang='lat' dir='ltr'><strong>capitis</strong></span> <span class='ocrx_word' id='word_1_527' title='bbox 1044 4004 1223 4054; x_wconf 83' lang='lat' dir='ltr'><strong>nullum</strong></span> <span class='ocrx_word' id='word_1_528' title='bbox 1254 4005 1516 4056; x_wconf 73' lang='lat' dir='ltr'><strong>discrimen</strong></span> <span class='ocrx_word' id='word_1_529' title='bbox 1540 4004 1766 4054; x_wconf 80' lang='lat' dir='ltr'><strong>habetur.</strong></span> 
     </span>
    </p>
   </div>
   <div class='ocr_carea' id='block_1_71' title="bbox 473 4103 1967 4176">
    <p class='ocr_par' dir='ltr' id='par_1_71' title="bbox 473 4103 1967 4176">
     <span class='ocr_line' id='line_1_71' title="bbox 473 4103 1967 4176; baseline 0.003 -18"><span class='ocrx_word' id='word_1_530' title='bbox 473 4103 646 4159; x_wconf 83' lang='lat' dir='ltr'><strong>Parce</strong></span> <span class='ocrx_word' id='word_1_531' title='bbox 681 4107 1040 4168; x_wconf 88' lang='lat' dir='ltr'><strong>sermonibus,</strong></span> <span class='ocrx_word' id='word_1_532' title='bbox 1069 4107 1195 4176; x_wconf 88' lang='lat' dir='ltr'><strong>quia</strong></span> <span class='ocrx_word' id='word_1_533' title='bbox 1225 4107 1395 4174; x_wconf 91' lang='lat' dir='ltr'><strong>turpis</strong></span> <span class='ocrx_word' id='word_1_534' title='bbox 1425 4107 1692 4162; x_wconf 87' lang='lat' dir='ltr'><strong>sententia</strong></span> <span class='ocrx_word' id='word_1_535' title='bbox 1725 4121 1831 4162; x_wconf 93' lang='lat' dir='ltr'><strong>non</strong></span> <span class='ocrx_word' id='word_1_536' title='bbox 1859 4107 1967 4164; x_wconf 89' lang='lat' dir='ltr'><strong>nisi</strong></span> 
     </span>
    </p>
   </div>
   <div class='ocr_carea' id='block_1_72' title="bbox 403 4193 1974 4266">
    <p class='ocr_par' dir='ltr' id='par_1_72' title="bbox 403 4193 1974 4266">
     <span class='ocr_line' id='line_1_72' title="bbox 403 4193 1974 4266; baseline 0.006 -22"><span class='ocrx_word' id='word_1_537' title='bbox 403 4193 586 4248; x_wconf 83' lang='lat' dir='ltr'><strong>verbis</strong></span> <span class='ocrx_word' id='word_1_538' title='bbox 634 4196 881 4264; x_wconf 87' lang='lat' dir='ltr'><strong>turpibus</strong></span> <span class='ocrx_word' id='word_1_539' title='bbox 924 4196 1180 4265; x_wconf 81' lang='lat' dir='ltr'><strong>explicari</strong></span> <span class='ocrx_word' id='word_1_540' title='bbox 1228 4205 1423 4265; x_wconf 91' lang='lat' dir='ltr'><strong>potest,</strong></span> <span class='ocrx_word' id='word_1_541' title='bbox 1458 4205 1514 4250; x_wconf 91' lang='lat' dir='ltr'><strong>et</strong></span> <span class='ocrx_word' id='word_1_542' title='bbox 1559 4197 1850 4266; x_wconf 88' lang='lat' dir='ltr'><strong>unicuique</strong></span> <span class='ocrx_word' id='word_1_543' title='bbox 1877 4214 1974 4253; x_wconf 82' lang='lat' dir='ltr'><strong>ne-</strong></span> 
     </span>
    </p>
   </div>
   <div class='ocr_carea' id='block_1_73' title="bbox 402 4287 1972 4359">
    <p class='ocr_par' dir='ltr' id='par_1_73' title="bbox 402 4287 1972 4359">
     <span class='ocr_line' id='line_1_73' title="bbox 402 4287 1972 4359; baseline 0.004 -21"><span class='ocrx_word' id='word_1_544' title='bbox 402 4292 576 4338; x_wconf 88' lang='lat' dir='ltr'><strong>strum</strong></span> <span class='ocrx_word' id='word_1_545' title='bbox 609 4294 776 4339; x_wconf 91' lang='lat' dir='ltr'><strong>totum</strong></span> <span class='ocrx_word' id='word_1_546' title='bbox 804 4295 910 4350; x_wconf 88' lang='lat' dir='ltr'><strong>est,</strong></span> <span class='ocrx_word' id='word_1_547' title='bbox 935 4287 1019 4341; x_wconf 89' lang='lat' dir='ltr'><strong>vel</strong></span> <span class='ocrx_word' id='word_1_548' title='bbox 1051 4287 1192 4355; x_wconf 90' lang='lat' dir='ltr'><strong>quod</strong></span> <span class='ocrx_word' id='word_1_549' title='bbox 1249 4296 1511 4353; x_wconf 88' lang='lat' dir='ltr'><strong>tacemus,</strong></span> <span class='ocrx_word' id='word_1_550' title='bbox 1545 4287 1628 4342; x_wconf 88' lang='lat' dir='ltr'><strong>vel</strong></span> <span class='ocrx_word' id='word_1_551' title='bbox 1658 4291 1800 4359; x_wconf 88' lang='lat' dir='ltr'><strong>quod</strong></span> <span class='ocrx_word' id='word_1_552' title='bbox 1823 4289 1972 4345; x_wconf 82' lang='lat' dir='ltr'><strong>voln-</strong></span> 
     </span>
    </p>
   </div>
   <div class='ocr_carea' id='block_1_74' title="bbox 404 4364 1965 4452">
    <p class='ocr_par' dir='ltr' id='par_1_74' title="bbox 404 4364 1965 4452">
     <span class='ocr_line' id='line_1_74' title="bbox 404 4364 1965 4452; baseline 0.004 -27"><span class='ocrx_word' id='word_1_553' title='bbox 404 4386 524 4426; x_wconf 89' lang='lat' dir='ltr'><strong>mus</strong></span> <span class='ocrx_word' id='word_1_554' title='bbox 549 4373 845 4452; x_wconf 69' lang='lat' dir='ltr'><strong>praeterire.</strong></span> <span class='ocrx_word' id='word_1_555' title='bbox 879 4373 1080 4428; x_wconf 82' lang='lat' dir='ltr'><strong>Tenuis</strong></span> <span class='ocrx_word' id='word_1_556' title='bbox 1105 4383 1280 4428; x_wconf 91' lang='lat' dir='ltr'><strong>autem</strong></span> <span class='ocrx_word' id='word_1_557' title='bbox 1305 4389 1510 4436; x_wconf 86' lang='lat' dir='ltr'><strong>mensa.</strong></span> <span class='ocrx_word' id='word_1_558' title='bbox 1531 4376 1685 4430; x_wconf 89' lang='lat' dir='ltr'><strong>cibus</strong></span> <span class='ocrx_word' id='word_1_559' title='bbox 1704 4364 1965 4445; x_wconf 83' lang='lat' dir='ltr'><strong>asperior,</strong></span> 
     </span>
    </p>
   </div>
   <div class='ocr_carea' id='block_1_75' title="bbox 2073 3213 3653 3290">
    <p class='ocr_par' dir='ltr' id='par_1_75' title="bbox 2073 3213 3653 3290">
     <span class='ocr_line' id='line_1_75' title="bbox 2073 3213 3653 3290; baseline -0.004 -16"><span class='ocrx_word' id='word_1_560' title='bbox 2073 3219 2387 3290; x_wconf 87' lang='lat' dir='ltr'><strong>ingrediens</strong></span> <span class='ocrx_word' id='word_1_561' title='bbox 2426 3218 2684 3273; x_wconf 85' lang='lat' dir='ltr'><strong>interiora</strong></span> <span class='ocrx_word' id='word_1_562' title='bbox 2735 3217 2840 3272; x_wconf 82' lang='lat' dir='ltr'><strong>veli</strong></span> <span class='ocrx_word' id='word_1_563' title='bbox 2865 3232 2986 3271; x_wconf 90' lang='lat' dir='ltr'><strong>cum</strong></span> <span class='ocrx_word' id='word_1_564' title='bbox 3034 3231 3246 3270; x_wconf 91' lang='lat' dir='ltr'><strong>summo</strong></span> <span class='ocrx_word' id='word_1_565' title='bbox 3275 3213 3529 3284; x_wconf 81' lang='lat' dir='ltr'><strong>pontifice</strong></span> <span class='ocrx_word' id='word_1_566' title='bbox 3553 3214 3653 3268; x_wconf 87' lang='lat' dir='ltr'><strong>Do-</strong></span> 
     </span>
    </p>
   </div>
   <div class='ocr_carea' id='block_1_76' title="bbox 2072 3303 3651 3374">
    <p class='ocr_par' dir='ltr' id='par_1_76' title="bbox 2072 3303 3651 3374">
     <span class='ocr_line' id='line_1_76' title="bbox 2072 3303 3651 3374; baseline -0.006 -10"><span class='ocrx_word' id='word_1_567' title='bbox 2072 3311 2220 3364; x_wconf 91' lang='lat' dir='ltr'><strong>mino</strong></span> <span class='ocrx_word' id='word_1_568' title='bbox 2281 3318 2469 3363; x_wconf 89' lang='lat' dir='ltr'><strong>nostro</strong></span> <span class='ocrx_word' id='word_1_569' title='bbox 2519 3305 2646 3362; x_wconf 74' lang='lat' dir='ltr'><strong>Iesu</strong></span> <span class='ocrx_word' id='word_1_570' title='bbox 2703 3305 2939 3371; x_wconf 89' lang='lat' dir='ltr'><strong>Christo,</strong></span> <span class='ocrx_word' id='word_1_571' title='bbox 2988 3305 3077 3374; x_wconf 93' lang='lat' dir='ltr'><strong>qui</strong></span> <span class='ocrx_word' id='word_1_572' title='bbox 3124 3305 3282 3374; x_wconf 80' lang='lat'><strong>301</strong></span> <span class='ocrx_word' id='word_1_573' title='bbox 3328 3303 3651 3373; x_wconf 87' lang='lat' dir='ltr'><strong>propitiatur</strong></span> 
     </span>
    </p>
   </div>
   <div class='ocr_carea' id='block_1_77' title="bbox 2069 3387 3648 3466">
    <p class='ocr_par' dir='ltr' id='par_1_77' title="bbox 2069 3387 3648 3466">
     <span class='ocr_line' id='line_1_77' title="bbox 2069 3387 3648 3466; baseline -0.004 -11"><span class='ocrx_word' id='word_1_574' title='bbox 2069 3401 2324 3455; x_wconf 88' lang='lat' dir='ltr'><strong>omnibus</strong></span> <span class='ocrx_word' id='word_1_575' title='bbox 2375 3398 2751 3466; x_wconf 89' lang='lat' dir='ltr'><strong>iniquitatibus</strong></span> <span class='ocrx_word' id='word_1_576' title='bbox 2777 3387 2925 3457; x_wconf 81' lang='lat' dir='ltr'><strong>tuis.</strong></span> <span class='ocrx_word' id='word_1_577' title='bbox 2964 3396 3054 3466; x_wconf 93' lang='lat' dir='ltr'><strong>qui</strong></span> <span class='ocrx_word' id='word_1_578' title='bbox 3109 3395 3314 3450; x_wconf 76' lang='lat' dir='ltr'><strong>assiStit</strong></span> <span class='ocrx_word' id='word_1_579' title='bbox 3356 3394 3520 3448; x_wconf 88' lang='lat' dir='ltr'><strong>vultui</strong></span> <span class='ocrx_word' id='word_1_580' title='bbox 3552 3394 3648 3449; x_wconf 89' lang='lat' dir='ltr'><strong>Dei</strong></span> 
     </span>
    </p>
   </div>
   <div class='ocr_carea' id='block_1_78' title="bbox 2072 3483 3646 3560">
    <p class='ocr_par' dir='ltr' id='par_1_78' title="bbox 2072 3483 3646 3560">
     <span class='ocr_line' id='line_1_78' title="bbox 2072 3483 3646 3560; baseline -0.004 -18"><span class='ocrx_word' id='word_1_581' title='bbox 2072 3504 2171 3560; x_wconf 89' lang='lat' dir='ltr'><strong>pro</strong></span> <span class='ocrx_word' id='word_1_582' title='bbox 2201 3495 2271 3542; x_wconf 89' lang='lat' dir='ltr'><strong>te.</strong></span> <span class='ocrx_word' id='word_1_583' title='bbox 2299 3487 2581 3542; x_wconf 86' lang='lat' dir='ltr'><strong>Admissus</strong></span> <span class='ocrx_word' id='word_1_584' title='bbox 2607 3498 2786 3541; x_wconf 92' lang='lat' dir='ltr'><strong>autem</strong></span> <span class='ocrx_word' id='word_1_585' title='bbox 2832 3503 2936 3541; x_wconf 91' lang='lat' dir='ltr'><strong>non</strong></span> <span class='ocrx_word' id='word_1_586' title='bbox 2989 3485 3069 3540; x_wconf 89' lang='lat' dir='ltr'><strong>sic</strong></span> <span class='ocrx_word' id='word_1_587' title='bbox 3106 3484 3383 3547; x_wconf 87' lang='lat' dir='ltr'><strong>audacter,</strong></span> <span class='ocrx_word' id='word_1_588' title='bbox 3421 3483 3646 3539; x_wconf 83' lang='lat' dir='ltr'><strong>etfron-</strong></span> 
     </span>
    </p>
   </div>
   <div class='ocr_carea' id='block_1_79' title="bbox 2074 3574 3649 3650">
    <p class='ocr_par' dir='ltr' id='par_1_79' title="bbox 2074 3574 3649 3650">
     <span class='ocr_line' id='line_1_79' title="bbox 2074 3574 3649 3650; baseline -0.004 -15"><span class='ocrx_word' id='word_1_589' title='bbox 2074 3589 2188 3635; x_wconf 84' lang='lat' dir='ltr'><strong>tese</strong></span> <span class='ocrx_word' id='word_1_590' title='bbox 2218 3580 2434 3650; x_wconf 77' lang='lat' dir='ltr'><strong>ingeras</strong></span> <span class='ocrx_word' id='word_1_591' title='bbox 2465 3587 2522 3640; x_wconf 67' lang='lat' dir='ltr'><strong>to</strong></span> <span class='ocrx_word' id='word_1_592' title='bbox 2547 3576 2719 3633; x_wconf 91' lang='lat' dir='ltr'><strong>oculis</strong></span> <span class='ocrx_word' id='word_1_593' title='bbox 2742 3575 3067 3644; x_wconf 86' lang='lat' dir='ltr'><strong>maiestatis,</strong></span> <span class='ocrx_word' id='word_1_594' title='bbox 3097 3575 3191 3630; x_wconf 89' lang='lat' dir='ltr'><strong>sed</strong></span> <span class='ocrx_word' id='word_1_595' title='bbox 3216 3574 3516 3629; x_wconf 88' lang='lat' dir='ltr'><strong>humillima</strong></span> <span class='ocrx_word' id='word_1_596' title='bbox 3541 3583 3649 3629; x_wconf 78' lang='lat' dir='ltr'><strong>tre-</strong></span> 
     </span>
    </p>
   </div>
   <div class='ocr_carea' id='block_1_80' title="bbox 2071 3662 3649 3738">
    <p class='ocr_par' dir='ltr' id='par_1_80' title="bbox 2071 3662 3649 3738">
     <span class='ocr_line' id='line_1_80' title="bbox 2071 3662 3649 3738; baseline -0.002 -16"><span class='ocrx_word' id='word_1_597' title='bbox 2071 3668 2345 3738; x_wconf 87' lang='lat' dir='ltr'><strong>pidatione</strong></span> <span class='ocrx_word' id='word_1_598' title='bbox 2371 3681 2690 3731; x_wconf 83' lang='lat' dir='ltr'><strong>concussus,</strong></span> <span class='ocrx_word' id='word_1_599' title='bbox 2745 3665 2934 3720; x_wconf 86' lang='lat' dir='ltr'><strong>saltem</strong></span> <span class='ocrx_word' id='word_1_600' title='bbox 2971 3662 3242 3734; x_wconf 89' lang='lat' dir='ltr'><strong>quomodo</strong></span> <span class='ocrx_word' id='word_1_601' title='bbox 3269 3663 3337 3719; x_wconf 90' lang='lat' dir='ltr'><strong>ad</strong></span> <span class='ocrx_word' id='word_1_602' title='bbox 3375 3671 3523 3718; x_wconf 87' lang='lat' dir='ltr'><strong>tanta</strong></span> <span class='ocrx_word' id='word_1_603' title='bbox 3545 3663 3649 3719; x_wconf 86' lang='lat' dir='ltr'><strong>mi-</strong></span> 
     </span>
    </p>
   </div>
   <div class='ocr_carea' id='block_1_81' title="bbox 2077 3755 3112 3826">
    <p class='ocr_par' dir='ltr' id='par_1_81' title="bbox 2077 3755 3112 3826">
     <span class='ocr_line' id='line_1_81' title="bbox 2077 3755 3112 3826; baseline -0.005 -12"><span class='ocrx_word' id='word_1_604' title='bbox 2077 3757 2261 3814; x_wconf 89' lang='lat' dir='ltr'><strong>racula</strong></span> <span class='ocrx_word' id='word_1_605' title='bbox 2287 3755 2498 3812; x_wconf 89' lang='lat' dir='ltr'><strong>admitti</strong></span> <span class='ocrx_word' id='word_1_606' title='bbox 2533 3756 2796 3826; x_wconf 89' lang='lat' dir='ltr'><strong>potueris,</strong></span> <span class='ocrx_word' id='word_1_607' title='bbox 2820 3755 3112 3810; x_wconf 85' lang='lat' dir='ltr'><strong>admirare.</strong></span> 
     </span>
    </p>
   </div>
   <div class='ocr_carea' id='block_1_82' title="bbox 2110 3844 3644 3919">
    <p class='ocr_par' dir='ltr' id='par_1_82' title="bbox 2110 3844 3644 3919">
     <span class='ocr_line' id='line_1_82' title="bbox 2110 3844 3644 3919; baseline -0.002 -15"><span class='ocrx_word' id='word_1_608' title='bbox 2110 3917 2114 3919; x_wconf 8' lang='grc' dir='ltr'>ἒ</span> <span class='ocrx_word' id='word_1_609' title='bbox 2145 3850 2228 3904; x_wconf 90' lang='lat' dir='ltr'><strong>Sit</strong></span> <span class='ocrx_word' id='word_1_610' title='bbox 2263 3846 2597 3917; x_wconf 14' lang='lat' dir='ltr'><strong>ergoieratie</strong></span> <span class='ocrx_word' id='word_1_611' title='bbox 2639 3846 2963 3907; x_wconf 83' lang='lat' dir='ltr'><strong>verecunda,</strong></span> <span class='ocrx_word' id='word_1_612' title='bbox 3009 3853 3068 3898; x_wconf 92' lang='lat' dir='ltr'><strong>nt</strong></span> <span class='ocrx_word' id='word_1_613' title='bbox 3108 3844 3494 3900; x_wconf 84' lang='lat' dir='ltr'><strong>erubescamus</strong></span> <span class='ocrx_word' id='word_1_614' title='bbox 3521 3861 3644 3915; x_wconf 91' lang='lat' dir='ltr'><strong>pee-</strong></span> 
     </span>
    </p>
   </div>
   <div class='ocr_carea' id='block_1_83' title="bbox 2076 3933 3646 4009">
    <p class='ocr_par' dir='ltr' id='par_1_83' title="bbox 2076 3933 3646 4009">
     <span class='ocr_line' id='line_1_83' title="bbox 2076 3933 3646 4009; baseline -0.003 -15"><span class='ocrx_word' id='word_1_615' title='bbox 2076 3948 2197 4009; x_wconf 84' lang='lat' dir='ltr'><strong>cata</strong></span> <span class='ocrx_word' id='word_1_616' title='bbox 2229 3946 2443 4004; x_wconf 84' lang='lat' dir='ltr'><strong>nostra,</strong></span> <span class='ocrx_word' id='word_1_617' title='bbox 2480 3944 2538 3992; x_wconf 92' lang='lat' dir='ltr'><strong>et</strong></span> <span class='ocrx_word' id='word_1_618' title='bbox 2579 3944 2744 3991; x_wconf 83' lang='lat' dir='ltr'><strong>tantae</strong></span> <span class='ocrx_word' id='word_1_619' title='bbox 2773 3933 3088 3989; x_wconf 81' lang='lat' dir='ltr'><strong>reverentiae</strong></span> <span class='ocrx_word' id='word_1_620' title='bbox 3115 3933 3451 4000; x_wconf 87' lang='lat' dir='ltr'><strong>deferemus;</strong></span> <span class='ocrx_word' id='word_1_621' title='bbox 3488 3950 3646 4004; x_wconf 88' lang='lat' dir='ltr'><strong>pura,</strong></span> 
     </span>
    </p>
   </div>
   <div class='ocr_carea' id='block_1_84' title="bbox 2073 4024 3645 4095">
    <p class='ocr_par' dir='ltr' id='par_1_84' title="bbox 2073 4024 3645 4095">
     <span class='ocr_line' id='line_1_84' title="bbox 2073 4024 3645 4095; baseline -0.002 -14"><span class='ocrx_word' id='word_1_622' title='bbox 2073 4037 2134 4084; x_wconf 88' lang='lat' dir='ltr'><strong>ut</strong></span> <span class='ocrx_word' id='word_1_623' title='bbox 2167 4026 2298 4082; x_wconf 90' lang='lat' dir='ltr'><strong>nihil</strong></span> <span class='ocrx_word' id='word_1_624' title='bbox 2336 4027 2404 4082; x_wconf 89' lang='lat' dir='ltr'><strong>ab</strong></span> <span class='ocrx_word' id='word_1_625' title='bbox 2453 4025 2568 4094; x_wconf 89' lang='lat' dir='ltr'><strong>ipso</strong></span> <span class='ocrx_word' id='word_1_626' title='bbox 2603 4029 2801 4095; x_wconf 68' lang='lat' dir='ltr'><strong>praeter</strong></span> <span class='ocrx_word' id='word_1_627' title='bbox 2850 4025 3024 4094; x_wconf 91' lang='lat' dir='ltr'><strong>ipsum</strong></span> <span class='ocrx_word' id='word_1_628' title='bbox 3062 4038 3400 4092; x_wconf 64' lang='lat' dir='ltr'><strong>quaramns;</strong></span> <span class='ocrx_word' id='word_1_629' title='bbox 3426 4024 3645 4088; x_wconf 87' lang='lat' dir='ltr'><strong>devota,</strong></span> 
     </span>
    </p>
   </div>
   <div class='ocr_carea' id='block_1_85' title="bbox 2072 4111 3642 4186">
    <p class='ocr_par' dir='ltr' id='par_1_85' title="bbox 2072 4111 3642 4186">
     <span class='ocr_line' id='line_1_85' title="bbox 2072 4111 3642 4186; baseline -0.004 -15"><span class='ocrx_word' id='word_1_630' title='bbox 2072 4128 2131 4171; x_wconf 89' lang='lat' dir='ltr'><strong>ut</strong></span> <span class='ocrx_word' id='word_1_631' title='bbox 2161 4116 2217 4170; x_wconf 90' lang='lat' dir='ltr'><strong>in</strong></span> <span class='ocrx_word' id='word_1_632' title='bbox 2240 4113 2564 4186; x_wconf 89' lang='lat' dir='ltr'><strong>pinguedine</strong></span> <span class='ocrx_word' id='word_1_633' title='bbox 2591 4112 2812 4183; x_wconf 88' lang='lat' dir='ltr'><strong>spiritus</strong></span> <span class='ocrx_word' id='word_1_634' title='bbox 2849 4127 2971 4167; x_wconf 90' lang='lat' dir='ltr'><strong>eam</strong></span> <span class='ocrx_word' id='word_1_635' title='bbox 3003 4119 3058 4166; x_wconf 88' lang='lat' dir='ltr'><strong>et</strong></span> <span class='ocrx_word' id='word_1_636' title='bbox 3081 4111 3498 4180; x_wconf 85' lang='lat' dir='ltr'><strong>prolendamus;</strong></span> <span class='ocrx_word' id='word_1_637' title='bbox 3529 4127 3642 4165; x_wconf 82' lang='lat' dir='ltr'><strong>ant-</strong></span> 
     </span>
    </p>
   </div>
   <div class='ocr_carea' id='block_1_86' title="bbox 2072 4202 3644 4278">
    <p class='ocr_par' dir='ltr' id='par_1_86' title="bbox 2072 4202 3644 4278">
     <span class='ocr_line' id='line_1_86' title="bbox 2072 4202 3644 4278; baseline -0.003 -18"><span class='ocrx_word' id='word_1_638' title='bbox 2072 4202 2186 4278; x_wconf 83' lang='lat' dir='ltr'><strong>pla,</strong></span> <span class='ocrx_word' id='word_1_639' title='bbox 2209 4215 2269 4261; x_wconf 90' lang='lat' dir='ltr'><strong>ut</strong></span> <span class='ocrx_word' id='word_1_640' title='bbox 2292 4205 2643 4261; x_wconf 79' lang='lat' dir='ltr'><strong>extendamus</strong></span> <span class='ocrx_word' id='word_1_641' title='bbox 2665 4219 2784 4258; x_wconf 88' lang='lat' dir='ltr'><strong>eam</strong></span> <span class='ocrx_word' id='word_1_642' title='bbox 2813 4218 2980 4273; x_wconf 90' lang='lat' dir='ltr'><strong>usque</strong></span> <span class='ocrx_word' id='word_1_643' title='bbox 3016 4205 3083 4259; x_wconf 88' lang='lat' dir='ltr'><strong>ad</strong></span> <span class='ocrx_word' id='word_1_644' title='bbox 3108 4204 3386 4270; x_wconf 85' lang='lat' dir='ltr'><strong>inimicos;</strong></span> <span class='ocrx_word' id='word_1_645' title='bbox 3425 4205 3494 4259; x_wconf 93' lang='lat' dir='ltr'><strong>sit</strong></span> <span class='ocrx_word' id='word_1_646' title='bbox 3516 4219 3644 4261; x_wconf 85' lang='lat' dir='ltr'><strong>cen-</strong></span> 
     </span>
    </p>
   </div>
   <div class='ocr_carea' id='block_1_87' title="bbox 2075 4294 3641 4365">
    <p class='ocr_par' dir='ltr' id='par_1_87' title="bbox 2075 4294 3641 4365">
     <span class='ocr_line' id='line_1_87' title="bbox 2075 4294 3641 4365; baseline -0.002 -14"><span class='ocrx_word' id='word_1_647' title='bbox 2075 4297 2246 4362; x_wconf 88' lang='lat' dir='ltr'><strong>tinua,</strong></span> <span class='ocrx_word' id='word_1_648' title='bbox 2285 4311 2352 4351; x_wconf 90' lang='lat' dir='ltr'><strong>ne</strong></span> <span class='ocrx_word' id='word_1_649' title='bbox 2378 4295 2779 4350; x_wconf 89' lang='lat' dir='ltr'><strong>intermissione</strong></span> <span class='ocrx_word' id='word_1_650' title='bbox 2817 4294 2912 4348; x_wconf 87' lang='lat' dir='ltr'><strong>ﬁat</strong></span> <span class='ocrx_word' id='word_1_651' title='bbox 2956 4295 3266 4362; x_wconf 87' lang='lat' dir='ltr'><strong>remissior;</strong></span> <span class='ocrx_word' id='word_1_652' title='bbox 3309 4296 3380 4350; x_wconf 90' lang='lat' dir='ltr'><strong>sit</strong></span> <span class='ocrx_word' id='word_1_653' title='bbox 3433 4305 3641 4365; x_wconf 87' lang='lat' dir='ltr'><strong>pacata,</strong></span> 
     </span>
    </p>
   </div>
   <div class='ocr_carea' id='block_1_88' title="bbox 2075 4382 3640 4456">
    <p class='ocr_par' dir='ltr' id='par_1_88' title="bbox 2075 4382 3640 4456">
     <span class='ocr_line' id='line_1_88' title="bbox 2075 4382 3640 4456; baseline -0.001 -16"><span class='ocrx_word' id='word_1_654' title='bbox 2075 4403 2143 4440; x_wconf 94' lang='lat' dir='ltr'><strong>ne</strong></span> <span class='ocrx_word' id='word_1_655' title='bbox 2183 4385 2505 4441; x_wconf 88' lang='lat' dir='ltr'><strong>turbulentis</strong></span> <span class='ocrx_word' id='word_1_656' title='bbox 2539 4384 2925 4456; x_wconf 87' lang='lat' dir='ltr'><strong>cogitationum</strong></span> <span class='ocrx_word' id='word_1_657' title='bbox 2953 4382 3204 4441; x_wconf 84' lang='lat' dir='ltr'><strong>ﬂuctibus</strong></span> <span class='ocrx_word' id='word_1_658' title='bbox 3247 4384 3640 4456; x_wconf 88' lang='lat' dir='ltr'><strong>submergatur.</strong></span> 
     </span>
    </p>
   </div>
   <div class='ocr_carea' id='block_1_89' title="bbox 403 4451 1977 4546">
    <p class='ocr_par' dir='ltr' id='par_1_89' title="bbox 403 4451 1969 4533">
     <span class='ocr_line' id='line_1_89' title="bbox 403 4451 1969 4533; baseline 0.004 -19"><span class='ocrx_word' id='word_1_659' title='bbox 403 4451 702 4531; x_wconf 80' lang='lat' dir='ltr'><strong>simplicior</strong></span> <span class='ocrx_word' id='word_1_660' title='bbox 715 4471 892 4530; x_wconf 83' lang='lat' dir='ltr'><strong>potus,</strong></span> <span class='ocrx_word' id='word_1_661' title='bbox 908 4477 1103 4532; x_wconf 89' lang='lat' dir='ltr'><strong>corpus</strong></span> <span class='ocrx_word' id='word_1_662' title='bbox 1121 4462 1355 4527; x_wconf 82' lang='lat' dir='ltr'><strong>ﬁrmant,</strong></span> <span class='ocrx_word' id='word_1_663' title='bbox 1373 4463 1694 4518; x_wconf 83' lang='lat' dir='ltr'><strong>conﬁrmant</strong></span> <span class='ocrx_word' id='word_1_664' title='bbox 1707 4467 1969 4533; x_wconf 89' lang='lat' dir='ltr'><strong>animum,</strong></span> 
     </span>
    </p>
   </div>
   <div class='ocr_carea' id='block_1_90' title="bbox 2078 4451 3642 4546">
    <p class='ocr_par' dir='ltr' id='par_1_90' title="bbox 2078 4475 3642 4546">
     <span class='ocr_line' id='line_1_90' title="bbox 2078 4475 3642 4546; baseline -0.001 -15"><span class='ocrx_word' id='word_1_665' title='bbox 2078 4476 2292 4542; x_wconf 83' lang='lat' dir='ltr'><strong>Fateor,</strong></span> <span class='ocrx_word' id='word_1_666' title='bbox 2319 4477 2524 4531; x_wconf 76' lang='lat' dir='ltr'><strong>excessi</strong></span> <span class='ocrx_word' id='word_1_667' title='bbox 2547 4475 2784 4538; x_wconf 89' lang='lat' dir='ltr'><strong>modum,</strong></span> <span class='ocrx_word' id='word_1_668' title='bbox 2809 4483 2862 4529; x_wconf 92' lang='lat' dir='ltr'><strong>et</strong></span> <span class='ocrx_word' id='word_1_669' title='bbox 2887 4477 3058 4546; x_wconf 88' lang='lat' dir='ltr'><strong>magis</strong></span> <span class='ocrx_word' id='word_1_670' title='bbox 3072 4476 3228 4531; x_wconf 88' lang='lat' dir='ltr'><strong>solito</strong></span> <span class='ocrx_word' id='word_1_671' title='bbox 3255 4485 3462 4531; x_wconf 88' lang='lat' dir='ltr'><strong>vestras</strong></span> <span class='ocrx_word' id='word_1_672' title='bbox 3482 4493 3642 4530; x_wconf 81' lang='lat' dir='ltr'><strong>aures</strong></span> 
     </span>
    </p>
   </div>
   <div class='ocr_carea' id='block_1_91' title="bbox 397 4552 1966 4622">
    <p class='ocr_par' dir='ltr' id='par_1_91' title="bbox 397 4552 1966 4622">
     <span class='ocr_line' id='line_1_91' title="bbox 397 4552 1966 4622; baseline 0.003 -17"><span class='ocrx_word' id='word_1_673' title='bbox 397 4558 460 4606; x_wconf 79' lang='lat' dir='ltr'><strong>et</strong></span> <span class='ocrx_word' id='word_1_674' title='bbox 509 4552 792 4622; x_wconf 89' lang='lat' dir='ltr'><strong>utriusque</strong></span> <span class='ocrx_word' id='word_1_675' title='bbox 836 4553 1076 4608; x_wconf 87' lang='lat' dir='ltr'><strong>hominis</strong></span> <span class='ocrx_word' id='word_1_676' title='bbox 1125 4562 1324 4608; x_wconf 87' lang='lat' dir='ltr'><strong>statum</strong></span> <span class='ocrx_word' id='word_1_677' title='bbox 1371 4553 1601 4608; x_wconf 90' lang='lat' dir='ltr'><strong>reddunt</strong></span> <span class='ocrx_word' id='word_1_678' title='bbox 1631 4554 1966 4611; x_wconf 86' lang='lat' dir='ltr'><strong>alacriorem.</strong></span> 
     </span>
    </p>
   </div>
   <div class='ocr_carea' id='block_1_92' title="bbox 475 4642 1969 4716">
    <p class='ocr_par' dir='ltr' id='par_1_92' title="bbox 475 4642 1969 4716">
     <span class='ocr_line' id='line_1_92' title="bbox 475 4642 1969 4716; baseline 0.005 -20"><span class='ocrx_word' id='word_1_679' title='bbox 475 4642 702 4699; x_wconf 76' lang='lat' dir='ltr'><strong>Mundus</strong></span> <span class='ocrx_word' id='word_1_680' title='bbox 752 4659 882 4700; x_wconf 82' lang='lat' dir='ltr'><strong>vero</strong></span> <span class='ocrx_word' id='word_1_681' title='bbox 923 4645 1050 4714; x_wconf 90' lang='lat' dir='ltr'><strong>quid</strong></span> <span class='ocrx_word' id='word_1_682' title='bbox 1091 4644 1254 4699; x_wconf 85' lang='lat' dir='ltr'><strong>facit?</strong></span> <span class='ocrx_word' id='word_1_683' title='bbox 1282 4642 1452 4700; x_wconf 86' lang='lat' dir='ltr'><strong>Offert</strong></span> <span class='ocrx_word' id='word_1_684' title='bbox 1505 4645 1662 4700; x_wconf 89' lang='lat' dir='ltr'><strong>nobis</strong></span> <span class='ocrx_word' id='word_1_685' title='bbox 1707 4647 1969 4716; x_wconf 89' lang='lat' dir='ltr'><strong>quidquid</strong></span> 
     </span>
    </p>
   </div>
   <div class='ocr_carea' id='block_1_93' title="bbox 399 4733 1972 4803">
    <p class='ocr_par' dir='ltr' id='par_1_93' title="bbox 399 4733 1972 4803">
     <span class='ocr_line' id='line_1_93' title="bbox 399 4733 1972 4803; baseline 0.002 -16"><span class='ocrx_word' id='word_1_686' title='bbox 399 4734 686 4803; x_wconf 87' lang='lat' dir='ltr'><strong>pulchrum</strong></span> <span class='ocrx_word' id='word_1_687' title='bbox 749 4745 832 4789; x_wconf 89' lang='lat' dir='ltr'><strong>est</strong></span> <span class='ocrx_word' id='word_1_688' title='bbox 878 4736 1019 4796; x_wconf 90' lang='lat' dir='ltr'><strong>visu,</strong></span> <span class='ocrx_word' id='word_1_689' title='bbox 1071 4743 1126 4788; x_wconf 87' lang='lat' dir='ltr'><strong>et</strong></span> <span class='ocrx_word' id='word_1_690' title='bbox 1155 4733 1646 4803; x_wconf 89' lang='lat' dir='ltr'><strong>concupiscentiam</strong></span> <span class='ocrx_word' id='word_1_691' title='bbox 1683 4735 1885 4799; x_wconf 87' lang='lat' dir='ltr'><strong>carnis,</strong></span> <span class='ocrx_word' id='word_1_692' title='bbox 1915 4748 1972 4790; x_wconf 87' lang='lat' dir='ltr'><strong>et</strong></span> 
     </span>
    </p>
   </div>
   <div class='ocr_carea' id='block_1_94' title="bbox 400 4823 1966 4894">
    <p class='ocr_par' dir='ltr' id='par_1_94' title="bbox 400 4823 1966 4894">
     <span class='ocr_line' id='line_1_94' title="bbox 400 4823 1966 4894; baseline 0.003 -18"><span class='ocrx_word' id='word_1_693' title='bbox 400 4823 677 4877; x_wconf 89' lang='lat' dir='ltr'><strong>oculorum</strong></span> <span class='ocrx_word' id='word_1_694' title='bbox 704 4833 758 4879; x_wconf 93' lang='lat' dir='ltr'><strong>et</strong></span> <span class='ocrx_word' id='word_1_695' title='bbox 789 4825 1138 4879; x_wconf 89' lang='lat' dir='ltr'><strong>ambitionem</strong></span> <span class='ocrx_word' id='word_1_696' title='bbox 1184 4824 1388 4887; x_wconf 60' lang='lat' dir='ltr'><strong>seaculi,</strong></span> <span class='ocrx_word' id='word_1_697' title='bbox 1425 4833 1483 4877; x_wconf 92' lang='lat' dir='ltr'><strong>ut</strong></span> <span class='ocrx_word' id='word_1_698' title='bbox 1526 4824 1780 4894; x_wconf 83' lang='lat' dir='ltr'><strong>illaqueet</strong></span> <span class='ocrx_word' id='word_1_699' title='bbox 1804 4827 1966 4882; x_wconf 87' lang='lat' dir='ltr'><strong>mise-</strong></span> 
     </span>
    </p>
   </div>
   <div class='ocr_carea' id='block_1_95' title="bbox 401 4916 1967 4988">
    <p class='ocr_par' dir='ltr' id='par_1_95' title="bbox 401 4916 1967 4988">
     <span class='ocr_line' id='line_1_95' title="bbox 401 4916 1967 4988; baseline 0.001 -17"><span class='ocrx_word' id='word_1_700' title='bbox 401 4931 510 4982; x_wconf 65' lang='lat' dir='ltr'><strong>ros,</strong></span> <span class='ocrx_word' id='word_1_701' title='bbox 538 4917 859 4986; x_wconf 86' lang='lat' dir='ltr'><strong>illaqueates</strong></span> <span class='ocrx_word' id='word_1_702' title='bbox 886 4917 1205 4988; x_wconf 82' lang='lat' dir='ltr'><strong>strangulet,</strong></span> <span class='ocrx_word' id='word_1_703' title='bbox 1237 4917 1597 4987; x_wconf 82' lang='lat' dir='ltr'><strong>strangulatus</strong></span> <span class='ocrx_word' id='word_1_704' title='bbox 1626 4916 1967 4986; x_wconf 88' lang='lat' dir='ltr'><strong>sempiternis</strong></span> 
     </span>
    </p>
   </div>
   <div class='ocr_carea' id='block_1_96' title="bbox 402 5004 1974 5062">
    <p class='ocr_par' dir='ltr' id='par_1_96' title="bbox 402 5004 1974 5062">
     <span class='ocr_line' id='line_1_96' title="bbox 402 5004 1974 5062; baseline -0.001 -2"><span class='ocrx_word' id='word_1_705' title='bbox 402 5007 641 5061; x_wconf 82' lang='lat' dir='ltr'><strong>involvat</strong></span> <span class='ocrx_word' id='word_1_706' title='bbox 692 5008 974 5062; x_wconf 87' lang='lat' dir='ltr'><strong>incendiis.</strong></span> <span class='ocrx_word' id='word_1_707' title='bbox 1004 5006 1201 5060; x_wconf 88' lang='lat' dir='ltr'><strong>Tentat</strong></span> <span class='ocrx_word' id='word_1_708' title='bbox 1250 5021 1349 5061; x_wconf 89' lang='lat' dir='ltr'><strong>nos</strong></span> <span class='ocrx_word' id='word_1_709' title='bbox 1391 5004 1816 5060; x_wconf 88' lang='lat' dir='ltr'><strong>multiformibus</strong></span> <span class='ocrx_word' id='word_1_710' title='bbox 1837 5005 1974 5061; x_wconf 86' lang='lat' dir='ltr'><strong>insi-</strong></span> 
     </span>
    </p>
   </div>
   <div class='ocr_carea' id='block_1_97' title="bbox 401 5094 1970 5166">
    <p class='ocr_par' dir='ltr' id='par_1_97' title="bbox 401 5094 1970 5166">
     <span class='ocr_line' id='line_1_97' title="bbox 401 5094 1970 5166; baseline -0.002 -15"><span class='ocrx_word' id='word_1_711' title='bbox 401 5097 528 5160; x_wconf 89' lang='lat' dir='ltr'><strong>diis,</strong></span> <span class='ocrx_word' id='word_1_712' title='bbox 565 5098 810 5166; x_wconf 88' lang='lat' dir='ltr'><strong>superius</strong></span> <span class='ocrx_word' id='word_1_713' title='bbox 853 5113 951 5166; x_wconf 90' lang='lat' dir='ltr'><strong>per</strong></span> <span class='ocrx_word' id='word_1_714' title='bbox 1000 5096 1332 5166; x_wconf 90' lang='lat' dir='ltr'><strong>superbiam,</strong></span> <span class='ocrx_word' id='word_1_715' title='bbox 1400 5108 1498 5164; x_wconf 89' lang='lat' dir='ltr'><strong>per</strong></span> <span class='ocrx_word' id='word_1_716' title='bbox 1533 5094 1802 5150; x_wconf 77' lang='lat' dir='ltr'><strong>luxuriam</strong></span> <span class='ocrx_word' id='word_1_717' title='bbox 1831 5095 1970 5148; x_wconf 86' lang='lat' dir='ltr'><strong>infe-</strong></span> 
     </span>
    </p>
   </div>
   <div class='ocr_carea' id='block_1_98' title="bbox 405 5185 1969 5256">
    <p class='ocr_par' dir='ltr' id='par_1_98' title="bbox 405 5185 1969 5256">
     <span class='ocr_line' id='line_1_98' title="bbox 405 5185 1969 5256; baseline -0.001 -17"><span class='ocrx_word' id='word_1_718' title='bbox 405 5187 546 5251; x_wconf 82' lang='lat' dir='ltr'><strong>rius;</strong></span> <span class='ocrx_word' id='word_1_719' title='bbox 571 5203 599 5240; x_wconf 89' lang='lat' dir='ltr'><strong>a</strong></span> <span class='ocrx_word' id='word_1_720' title='bbox 639 5188 844 5242; x_wconf 77' lang='lat' dir='ltr'><strong>dextris</strong></span> <span class='ocrx_word' id='word_1_721' title='bbox 871 5201 965 5256; x_wconf 89' lang='lat' dir='ltr'><strong>per</strong></span> <span class='ocrx_word' id='word_1_722' title='bbox 995 5186 1430 5256; x_wconf 87' lang='lat' dir='ltr'><strong>prosperitatem,</strong></span> <span class='ocrx_word' id='word_1_723' title='bbox 1471 5200 1569 5254; x_wconf 91' lang='lat' dir='ltr'><strong>per</strong></span> <span class='ocrx_word' id='word_1_724' title='bbox 1589 5185 1969 5239; x_wconf 86' lang='lat' dir='ltr'><strong>adversitatem</strong></span> 
     </span>
    </p>
   </div>
   <div class='ocr_carea' id='block_1_99' title="bbox 400 5273 1966 5345">
    <p class='ocr_par' dir='ltr' id='par_1_99' title="bbox 400 5273 1966 5345">
     <span class='ocr_line' id='line_1_99' title="bbox 400 5273 1966 5345; baseline 0 -17"><span class='ocrx_word' id='word_1_725' title='bbox 400 5290 431 5328; x_wconf 92' lang='lat' dir='ltr'><strong>a</strong></span> <span class='ocrx_word' id='word_1_726' title='bbox 479 5275 744 5341; x_wconf 88' lang='lat' dir='ltr'><strong>sinistris;</strong></span> <span class='ocrx_word' id='word_1_727' title='bbox 785 5276 1028 5330; x_wconf 87' lang='lat' dir='ltr'><strong>anterius</strong></span> <span class='ocrx_word' id='word_1_728' title='bbox 1071 5291 1167 5345; x_wconf 90' lang='lat' dir='ltr'><strong>per</strong></span> <span class='ocrx_word' id='word_1_729' title='bbox 1213 5276 1399 5329; x_wconf 90' lang='lat' dir='ltr'><strong>mundi</strong></span> <span class='ocrx_word' id='word_1_730' title='bbox 1449 5273 1966 5344; x_wconf 88' lang='lat' dir='ltr'><strong>concupiscentiam,</strong></span> 
     </span>
    </p>
   </div>
   <div class='ocr_carea' id='block_1_100' title="bbox 400 5365 1964 5436">
    <p class='ocr_par' dir='ltr' id='par_1_100' title="bbox 400 5365 1964 5436">
     <span class='ocr_line' id='line_1_100' title="bbox 400 5365 1964 5436; baseline 0.002 -17"><span class='ocrx_word' id='word_1_731' title='bbox 400 5367 669 5435; x_wconf 88' lang='lat' dir='ltr'><strong>posterius</strong></span> <span class='ocrx_word' id='word_1_732' title='bbox 691 5381 787 5435; x_wconf 83' lang='lat' dir='ltr'><strong>per</strong></span> <span class='ocrx_word' id='word_1_733' title='bbox 811 5367 1206 5436; x_wconf 59' lang='lat' dir='ltr'><strong>praeteritorum</strong></span> <span class='ocrx_word' id='word_1_734' title='bbox 1230 5367 1482 5421; x_wconf 90' lang='lat' dir='ltr'><strong>vitiorum</strong></span> <span class='ocrx_word' id='word_1_735' title='bbox 1510 5365 1964 5432; x_wconf 82' lang='lat' dir='ltr'><strong>recordationem,</strong></span> 
     </span>
    </p>
   </div>
   <div class='ocr_carea' id='block_1_101' title="bbox 401 5457 1752 5528">
    <p class='ocr_par' dir='ltr' id='par_1_101' title="bbox 401 5457 1752 5528">
     <span class='ocr_line' id='line_1_101' title="bbox 401 5457 1752 5528; baseline 0.001 -19"><span class='ocrx_word' id='word_1_736' title='bbox 401 5457 458 5510; x_wconf 91' lang='lat' dir='ltr'><strong>in</strong></span> <span class='ocrx_word' id='word_1_737' title='bbox 485 5459 773 5512; x_wconf 86' lang='lat' dir='ltr'><strong>orbiculari</strong></span> <span class='ocrx_word' id='word_1_738' title='bbox 805 5467 949 5512; x_wconf 89' lang='lat' dir='ltr'><strong>metu</strong></span> <span class='ocrx_word' id='word_1_739' title='bbox 978 5474 1073 5528; x_wconf 92' lang='lat' dir='ltr'><strong>per</strong></span> <span class='ocrx_word' id='word_1_740' title='bbox 1101 5458 1487 5512; x_wconf 91' lang='lat' dir='ltr'><strong>involutionem</strong></span> <span class='ocrx_word' id='word_1_741' title='bbox 1513 5471 1752 5513; x_wconf 87' lang='lat' dir='ltr'><strong>sensum.</strong></span> 
     </span>
    </p>
   </div>
   <div class='ocr_carea' id='block_1_102' title="bbox 480 5546 1964 5620">
    <p class='ocr_par' dir='ltr' id='par_1_102' title="bbox 480 5546 1964 5620">
     <span class='ocr_line' id='line_1_102' title="bbox 480 5546 1964 5620; baseline 0.001 -19"><span class='ocrx_word' id='word_1_742' title='bbox 480 5549 711 5618; x_wconf 82' lang='lat' dir='ltr'><strong>Vigilare</strong></span> <span class='ocrx_word' id='word_1_743' title='bbox 763 5551 926 5620; x_wconf 88' lang='lat' dir='ltr'><strong>igitur</strong></span> <span class='ocrx_word' id='word_1_744' title='bbox 975 5564 1195 5604; x_wconf 86' lang='lat' dir='ltr'><strong>necesse</strong></span> <span class='ocrx_word' id='word_1_745' title='bbox 1238 5556 1322 5603; x_wconf 89' lang='lat' dir='ltr'><strong>est</strong></span> <span class='ocrx_word' id='word_1_746' title='bbox 1355 5549 1613 5603; x_wconf 88' lang='lat' dir='ltr'><strong>adversus</strong></span> <span class='ocrx_word' id='word_1_747' title='bbox 1660 5546 1964 5616; x_wconf 89' lang='lat' dir='ltr'><strong>huiusmodi</strong></span> 
     </span>
    </p>
   </div>
   <div class='ocr_carea' id='block_1_103' title="bbox 402 5636 1964 5708">
    <p class='ocr_par' dir='ltr' id='par_1_103' title="bbox 402 5636 1964 5708">
     <span class='ocr_line' id='line_1_103' title="bbox 402 5636 1964 5708; baseline -0.002 -15"><span class='ocrx_word' id='word_1_748' title='bbox 402 5639 755 5705; x_wconf 71' lang='lat' dir='ltr'><strong>latrunculos,</strong></span> <span class='ocrx_word' id='word_1_749' title='bbox 821 5655 1148 5708; x_wconf 88' lang='lat' dir='ltr'><strong>manumque</strong></span> <span class='ocrx_word' id='word_1_750' title='bbox 1206 5638 1487 5702; x_wconf 88' lang='lat' dir='ltr'><strong>sicariam,</strong></span> <span class='ocrx_word' id='word_1_751' title='bbox 1539 5647 1593 5691; x_wconf 91' lang='lat' dir='ltr'><strong>et</strong></span> <span class='ocrx_word' id='word_1_752' title='bbox 1651 5651 1773 5692; x_wconf 92' lang='lat' dir='ltr'><strong>cum</strong></span> <span class='ocrx_word' id='word_1_753' title='bbox 1829 5636 1964 5691; x_wconf 86' lang='lat' dir='ltr'><strong>Isaia</strong></span> 
     </span>
    </p>
   </div>
   <div class='ocr_carea' id='block_1_104' title="bbox 400 5725 1970 5798">
    <p class='ocr_par' dir='ltr' id='par_1_104' title="bbox 400 5725 1970 5798">
     <span class='ocr_line' id='line_1_104' title="bbox 400 5725 1970 5798; baseline 0 -17"><span class='ocrx_word' id='word_1_754' title='bbox 400 5728 683 5784; x_wconf 82' lang='lat' dir='ltr'><strong>dicendum</strong></span> <span class='ocrx_word' id='word_1_755' title='bbox 731 5747 744 5782; x_wconf 72' lang='grc' dir='ltr'><strong>ι</strong></span> <span class='ocrx_word' id='word_1_756' title='bbox 789 5749 807 5781; x_wconf 74' lang='grc' dir='ltr'><strong>ι</strong></span> <span class='ocrx_word' id='word_1_757' title='bbox 854 5730 1027 5798; x_wconf 81' lang='lat' dir='ltr'><strong>Super</strong></span> <span class='ocrx_word' id='word_1_758' title='bbox 1086 5727 1360 5783; x_wconf 84' lang='lat' dir='ltr'><strong>seecnlam</strong></span> <span class='ocrx_word' id='word_1_759' title='bbox 1417 5725 1626 5783; x_wconf 62' lang='lat' dir='ltr'><strong>Don‘ini</strong></span> <span class='ocrx_word' id='word_1_760' title='bbox 1675 5741 1774 5788; x_wconf 70' lang='lat' dir='ltr'><strong>ego</strong></span> <span class='ocrx_word' id='word_1_761' title='bbox 1816 5738 1970 5785; x_wconf 66' lang='lat' dir='ltr'><strong>sum.</strong></span> 
     </span>
    </p>
   </div>
   <div class='ocr_carea' id='block_1_105' title="bbox 2077 4563 3642 4634">
    <p class='ocr_par' dir='ltr' id='par_1_105' title="bbox 2077 4563 3642 4634">
     <span class='ocr_line' id='line_1_105' title="bbox 2077 4563 3642 4634; baseline 0 -13"><span class='ocrx_word' id='word_1_762' title='bbox 2077 4582 2306 4622; x_wconf 89' lang='lat' dir='ltr'><strong>onerare</strong></span> <span class='ocrx_word' id='word_1_763' title='bbox 2343 4581 2448 4620; x_wconf 92' lang='lat' dir='ltr'><strong>non</strong></span> <span class='ocrx_word' id='word_1_764' title='bbox 2494 4565 2670 4629; x_wconf 91' lang='lat' dir='ltr'><strong>timui,</strong></span> <span class='ocrx_word' id='word_1_765' title='bbox 2715 4565 2840 4618; x_wconf 89' lang='lat' dir='ltr'><strong>dum</strong></span> <span class='ocrx_word' id='word_1_766' title='bbox 2884 4564 3055 4633; x_wconf 83' lang='lat' dir='ltr'><strong>stylus</strong></span> <span class='ocrx_word' id='word_1_767' title='bbox 3104 4564 3156 4618; x_wconf 93' lang='lat' dir='ltr'><strong>in</strong></span> <span class='ocrx_word' id='word_1_768' title='bbox 3195 4563 3642 4634; x_wconf 87' lang='lat' dir='ltr'><strong>longinquitatem</strong></span> 
     </span>
    </p>
   </div>
   <div class='ocr_carea' id='block_1_106' title="bbox 2075 4653 3641 4721">
    <p class='ocr_par' dir='ltr' id='par_1_106' title="bbox 2075 4653 3641 4721">
     <span class='ocr_line' id='line_1_106' title="bbox 2075 4653 3641 4721; baseline -0.003 -10"><span class='ocrx_word' id='word_1_769' title='bbox 2075 4657 2402 4711; x_wconf 84' lang='lat' dir='ltr'><strong>extenditur.</strong></span> <span class='ocrx_word' id='word_1_770' title='bbox 2434 4655 2540 4709; x_wconf 88' lang='lat' dir='ltr'><strong>Sed</strong></span> <span class='ocrx_word' id='word_1_771' title='bbox 2568 4654 2701 4717; x_wconf 91' lang='lat' dir='ltr'><strong>scio,</strong></span> <span class='ocrx_word' id='word_1_772' title='bbox 2734 4653 2858 4721; x_wconf 89' lang='lat' dir='ltr'><strong>quia</strong></span> <span class='ocrx_word' id='word_1_773' title='bbox 2904 4653 3170 4720; x_wconf 87' lang='lat' dir='ltr'><strong>patienter</strong></span> <span class='ocrx_word' id='word_1_774' title='bbox 3190 4653 3416 4709; x_wconf 89' lang='lat' dir='ltr'><strong>audistis</strong></span> <span class='ocrx_word' id='word_1_775' title='bbox 3460 4670 3546 4708; x_wconf 90' lang='lat' dir='ltr'><strong>me</strong></span> <span class='ocrx_word' id='word_1_776' title='bbox 3574 4655 3641 4708; x_wconf 89' lang='lat' dir='ltr'><strong>de</strong></span> 
     </span>
    </p>
   </div>
   <div class='ocr_carea' id='block_1_107' title="bbox 2077 4741 3644 4816">
    <p class='ocr_par' dir='ltr' id='par_1_107' title="bbox 2077 4741 3644 4816">
     <span class='ocr_line' id='line_1_107' title="bbox 2077 4741 3644 4816; baseline -0.001 -16"><span class='ocrx_word' id='word_1_777' title='bbox 2077 4747 2219 4801; x_wconf 90' lang='lat' dir='ltr'><strong>illius</strong></span> <span class='ocrx_word' id='word_1_778' title='bbox 2247 4744 2502 4816; x_wconf 89' lang='lat' dir='ltr'><strong>patientia</strong></span> <span class='ocrx_word' id='word_1_779' title='bbox 2527 4743 2908 4811; x_wconf 90' lang='lat' dir='ltr'><strong>disputantem,</strong></span> <span class='ocrx_word' id='word_1_780' title='bbox 2940 4742 3031 4813; x_wconf 85' lang='lat' dir='ltr'><strong>qui</strong></span> <span class='ocrx_word' id='word_1_781' title='bbox 3056 4751 3138 4797; x_wconf 89' lang='lat' dir='ltr'><strong>est</strong></span> <span class='ocrx_word' id='word_1_782' title='bbox 3169 4741 3311 4798; x_wconf 88' lang='lat' dir='ltr'><strong>Deus</strong></span> <span class='ocrx_word' id='word_1_783' title='bbox 3331 4743 3644 4798; x_wconf 89' lang='lat' dir='ltr'><strong>benedictus</strong></span> 
     </span>
    </p>
   </div>
   <div class='ocr_carea' id='block_1_108' title="bbox 2070 4835 2584 4892">
    <p class='ocr_par' dir='ltr' id='par_1_108' title="bbox 2070 4835 2584 4892">
     <span class='ocr_line' id='line_1_108' title="bbox 2070 4835 2584 4892; baseline -0.006 0"><span class='ocrx_word' id='word_1_784' title='bbox 2070 4839 2122 4892; x_wconf 91' lang='lat' dir='ltr'><strong>in</strong></span> <span class='ocrx_word' id='word_1_785' title='bbox 2149 4836 2365 4892; x_wconf 67' lang='lat' dir='ltr'><strong>saecula.</strong></span> <span class='ocrx_word' id='word_1_786' title='bbox 2391 4835 2584 4889; x_wconf 84' lang='lat' dir='ltr'><strong>Amen.</strong></span> 
     </span>
    </p>
   </div>
   <div class='ocr_carea' id='block_1_109' title="bbox 2610 4911 3093 4967">
    <p class='ocr_par' dir='ltr' id='par_1_109' title="bbox 2610 4911 3093 4967">
     <span class='ocr_line' id='line_1_109' title="bbox 2610 4911 3093 4967; baseline -0.004 0"><span class='ocrx_word' id='word_1_787' title='bbox 2610 4915 2629 4934; x_wconf 83' lang='lat'><strong><em>‘</em></strong></span> <span class='ocrx_word' id='word_1_788' title='bbox 2673 4911 2902 4967; x_wconf 78' lang='lat' dir='ltr'><strong>SERMO</strong></span> <span class='ocrx_word' id='word_1_789' title='bbox 2939 4911 3093 4966; x_wconf 76' lang='lat' dir='ltr'><strong>LVII.</strong></span> 
     </span>
    </p>
   </div>
   <div class='ocr_carea' id='block_1_110' title="bbox 2224 4993 3492 5063">
    <p class='ocr_par' dir='ltr' id='par_1_110' title="bbox 2224 4993 3492 5063">
     <span class='ocr_line' id='line_1_110' title="bbox 2224 4993 3492 5063; baseline -0.002 -13"><span class='ocrx_word' id='word_1_790' title='bbox 2224 5012 2260 5050; x_wconf 91' lang='grc' dir='ltr'>ι.</span> <span class='ocrx_word' id='word_1_791' title='bbox 2303 5011 2366 5049; x_wconf 75' lang='lat' dir='ltr'><strong>nr.</strong></span> <span class='ocrx_word' id='word_1_792' title='bbox 2405 5011 2451 5050; x_wconf 87' lang='lat' dir='ltr'><strong>s.</strong></span> <span class='ocrx_word' id='word_1_793' title='bbox 2493 5009 2700 5048; x_wconf 68' lang='lat' dir='ltr'><strong>meum</strong></span> <span class='ocrx_word' id='word_1_794' title='bbox 2738 5007 3010 5047; x_wconf 70' lang='lat' dir='ltr'><strong>nosrone</strong></span> <span class='ocrx_word' id='word_1_795' title='bbox 3049 4993 3177 5062; x_wconf 85' lang='lat' dir='ltr'><strong>(xxx</strong></span> <span class='ocrx_word' id='word_1_796' title='bbox 3215 4995 3492 5063; x_wconf 67' lang='lat' dir='ltr'><strong>novum).</strong></span> 
     </span>
    </p>
   </div>
   <div class='ocr_carea' id='block_1_111' title="bbox 2143 5083 3636 5149">
    <p class='ocr_par' dir='ltr' id='par_1_111' title="bbox 2143 5083 3636 5149">
     <span class='ocr_line' id='line_1_111' title="bbox 2143 5083 3636 5149; baseline -0.001 -10"><span class='ocrx_word' id='word_1_797' title='bbox 2143 5085 2337 5149; x_wconf 81' lang='lat' dir='ltr'><strong>Hodie,</strong></span> <span class='ocrx_word' id='word_1_798' title='bbox 2375 5084 2572 5139; x_wconf 87' lang='lat' dir='ltr'><strong>fratres</strong></span> <span class='ocrx_word' id='word_1_799' title='bbox 2599 5083 2901 5138; x_wconf 84' lang='lat' dir='ltr'><strong>charissitni</strong></span> <span class='ocrx_word' id='word_1_800' title='bbox 2924 5123 2940 5148; x_wconf 92' lang='lat'><strong>,</strong></span> <span class='ocrx_word' id='word_1_801' title='bbox 2963 5083 3022 5135; x_wconf 86' lang='grc' dir='ltr'><strong>Β.</strong></span> <span class='ocrx_word' id='word_1_802' title='bbox 3053 5083 3280 5138; x_wconf 53' lang='lat' dir='ltr'><strong>Andreas</strong></span> <span class='ocrx_word' id='word_1_803' title='bbox 3306 5085 3460 5138; x_wconf 89' lang='lat' dir='ltr'><strong>nobis</strong></span> <span class='ocrx_word' id='word_1_804' title='bbox 3484 5083 3636 5138; x_wconf 60' lang='lat' dir='ltr'><strong>festio</strong></span> 
     </span>
    </p>
   </div>
   <div class='ocr_carea' id='block_1_112' title="bbox 2073 5172 3641 5244">
    <p class='ocr_par' dir='ltr' id='par_1_112' title="bbox 2073 5172 3641 5244">
     <span class='ocr_line' id='line_1_112' title="bbox 2073 5172 3641 5244; baseline -0.002 -13"><span class='ocrx_word' id='word_1_805' title='bbox 2073 5177 2212 5232; x_wconf 89' lang='lat' dir='ltr'><strong>vitas</strong></span> <span class='ocrx_word' id='word_1_806' title='bbox 2253 5177 2428 5231; x_wconf 85' lang='lat' dir='ltr'><strong>votiva</strong></span> <span class='ocrx_word' id='word_1_807' title='bbox 2466 5175 2816 5244; x_wconf 89' lang='lat' dir='ltr'><strong>resplendnit,</strong></span> <span class='ocrx_word' id='word_1_808' title='bbox 2867 5188 2987 5242; x_wconf 79' lang='lat' dir='ltr'><strong>quae</strong></span> <span class='ocrx_word' id='word_1_809' title='bbox 3030 5173 3172 5228; x_wconf 85' lang='lat' dir='ltr'><strong>inter</strong></span> <span class='ocrx_word' id='word_1_810' title='bbox 3197 5173 3370 5244; x_wconf 87' lang='lat' dir='ltr'><strong>ipsam</strong></span> <span class='ocrx_word' id='word_1_811' title='bbox 3401 5172 3641 5243; x_wconf 85' lang='lat' dir='ltr'><strong>glacialis</strong></span> 
     </span>
    </p>
   </div>
   <div class='ocr_carea' id='block_1_113' title="bbox 2073 5263 3640 5338">
    <p class='ocr_par' dir='ltr' id='par_1_113' title="bbox 2073 5263 3640 5338">
     <span class='ocr_line' id='line_1_113' title="bbox 2073 5263 3640 5338; baseline -0.006 -14"><span class='ocrx_word' id='word_1_812' title='bbox 2073 5271 2278 5325; x_wconf 70' lang='lat' dir='ltr'><strong>brumae</strong></span> <span class='ocrx_word' id='word_1_813' title='bbox 2310 5267 2593 5338; x_wconf 89' lang='lat' dir='ltr'><strong>caliginem</strong></span> <span class='ocrx_word' id='word_1_814' title='bbox 2611 5305 2626 5330; x_wconf 96' lang='lat'><strong>,</strong></span> <span class='ocrx_word' id='word_1_815' title='bbox 2651 5264 2944 5334; x_wconf 89' lang='lat' dir='ltr'><strong>iucundam</strong></span> <span class='ocrx_word' id='word_1_816' title='bbox 2967 5263 3171 5318; x_wconf 89' lang='lat' dir='ltr'><strong>nostris</strong></span> <span class='ocrx_word' id='word_1_817' title='bbox 3191 5263 3459 5318; x_wconf 90' lang='lat' dir='ltr'><strong>mentibus</strong></span> <span class='ocrx_word' id='word_1_818' title='bbox 3486 5264 3640 5316; x_wconf 87' lang='lat' dir='ltr'><strong>indu-</strong></span> 
     </span>
    </p>
   </div>
   <div class='ocr_carea' id='block_1_114' title="bbox 2070 5354 3637 5421">
    <p class='ocr_par' dir='ltr' id='par_1_114' title="bbox 2070 5354 3637 5421">
     <span class='ocr_line' id='line_1_114' title="bbox 2070 5354 3637 5421; baseline -0.004 -6"><span class='ocrx_word' id='word_1_819' title='bbox 2070 5363 2151 5415; x_wconf 87' lang='lat' dir='ltr'><strong>xit</strong></span> <span class='ocrx_word' id='word_1_820' title='bbox 2187 5361 2384 5414; x_wconf 66' lang='lat' dir='ltr'><strong>laetitia:</strong></span> <span class='ocrx_word' id='word_1_821' title='bbox 2419 5357 2787 5421; x_wconf 84' lang='lat' dir='ltr'><strong>serenitatem,</strong></span> <span class='ocrx_word' id='word_1_822' title='bbox 2835 5366 2892 5409; x_wconf 88' lang='lat' dir='ltr'><strong>et</strong></span> <span class='ocrx_word' id='word_1_823' title='bbox 2942 5356 3068 5410; x_wconf 92' lang='lat' dir='ltr'><strong>dum</strong></span> <span class='ocrx_word' id='word_1_824' title='bbox 3109 5355 3251 5409; x_wconf 89' lang='lat' dir='ltr'><strong>aeris</strong></span> <span class='ocrx_word' id='word_1_825' title='bbox 3298 5354 3637 5409; x_wconf 86' lang='lat' dir='ltr'><strong>inclementia</strong></span> 
     </span>
    </p>
   </div>
   <div class='ocr_carea' id='block_1_115' title="bbox 2073 5443 3641 5514">
    <p class='ocr_par' dir='ltr' id='par_1_115' title="bbox 2073 5443 3641 5514">
     <span class='ocr_line' id='line_1_115' title="bbox 2073 5443 3641 5514; baseline -0.005 -10"><span class='ocrx_word' id='word_1_826' title='bbox 2073 5449 2410 5504; x_wconf 78' lang='lat' dir='ltr'><strong>extrinsecus</strong></span> <span class='ocrx_word' id='word_1_827' title='bbox 2434 5445 2745 5514; x_wconf 88' lang='lat' dir='ltr'><strong>obrigescit,</strong></span> <span class='ocrx_word' id='word_1_828' title='bbox 2775 5443 2908 5496; x_wconf 90' lang='lat' dir='ltr'><strong>tanti</strong></span> <span class='ocrx_word' id='word_1_829' title='bbox 2932 5443 3249 5512; x_wconf 66' lang='lat' dir='ltr'><strong>praeliateris</strong></span> <span class='ocrx_word' id='word_1_830' title='bbox 3270 5443 3452 5497; x_wconf 88' lang='lat' dir='ltr'><strong>audita</strong></span> <span class='ocrx_word' id='word_1_831' title='bbox 3475 5443 3641 5497; x_wconf 72' lang='lat' dir='ltr'><strong>victo-</strong></span> 
     </span>
    </p>
   </div>
   <div class='ocr_carea' id='block_1_116' title="bbox 2073 5535 3642 5609">
    <p class='ocr_par' dir='ltr' id='par_1_116' title="bbox 2073 5535 3642 5609">
     <span class='ocr_line' id='line_1_116' title="bbox 2073 5535 3642 5609; baseline -0.005 -13"><span class='ocrx_word' id='word_1_832' title='bbox 2073 5543 2175 5599; x_wconf 88' lang='lat' dir='ltr'><strong>ria.</strong></span> <span class='ocrx_word' id='word_1_833' title='bbox 2217 5540 2303 5609; x_wconf 89' lang='lat' dir='ltr'><strong>pia</strong></span> <span class='ocrx_word' id='word_1_834' title='bbox 2345 5538 2508 5594; x_wconf 88' lang='lat' dir='ltr'><strong>corda</strong></span> <span class='ocrx_word' id='word_1_835' title='bbox 2549 5537 2616 5591; x_wconf 89' lang='lat' dir='ltr'><strong>ad</strong></span> <span class='ocrx_word' id='word_1_836' title='bbox 2649 5535 2984 5606; x_wconf 86' lang='lat' dir='ltr'><strong>procinctum</strong></span> <span class='ocrx_word' id='word_1_837' title='bbox 3027 5535 3286 5603; x_wconf 89' lang='lat' dir='ltr'><strong>spiritalis</strong></span> <span class='ocrx_word' id='word_1_838' title='bbox 3327 5535 3642 5590; x_wconf 87' lang='lat' dir='ltr'><strong>certaminis</strong></span> 
     </span>
    </p>
   </div>
   <div class='ocr_carea' id='block_1_117' title="bbox 2073 5622 3641 5697">
    <p class='ocr_par' dir='ltr' id='par_1_117' title="bbox 2073 5622 3641 5697">
     <span class='ocr_line' id='line_1_117' title="bbox 2073 5622 3641 5697; baseline -0.007 -11"><span class='ocrx_word' id='word_1_839' title='bbox 2073 5631 2286 5695; x_wconf 88' lang='lat' dir='ltr'><strong>incitat,</strong></span> <span class='ocrx_word' id='word_1_840' title='bbox 2323 5636 2379 5683; x_wconf 91' lang='lat' dir='ltr'><strong>et</strong></span> <span class='ocrx_word' id='word_1_841' title='bbox 2423 5627 2663 5697; x_wconf 85' lang='lat' dir='ltr'><strong>insignes</strong></span> <span class='ocrx_word' id='word_1_842' title='bbox 2699 5624 3016 5680; x_wconf 88' lang='lat' dir='ltr'><strong>bellatorunt</strong></span> <span class='ocrx_word' id='word_1_843' title='bbox 3051 5622 3251 5680; x_wconf 89' lang='lat' dir='ltr'><strong>Christi</strong></span> <span class='ocrx_word' id='word_1_844' title='bbox 3283 5626 3492 5680; x_wconf 87' lang='lat' dir='ltr'><strong>animos</strong></span> <span class='ocrx_word' id='word_1_845' title='bbox 3521 5626 3641 5692; x_wconf 87' lang='lat' dir='ltr'><strong>igne</strong></span> 
     </span>
    </p>
   </div>
   <div class='ocr_carea' id='block_1_118' title="bbox 2075 5714 3637 5783">
    <p class='ocr_par' dir='ltr' id='par_1_118' title="bbox 2075 5714 3637 5783">
     <span class='ocr_line' id='line_1_118' title="bbox 2075 5714 3637 5783; baseline -0.008 -5"><span class='ocrx_word' id='word_1_846' title='bbox 2075 5720 2239 5778; x_wconf 89' lang='lat' dir='ltr'><strong>divini</strong></span> <span class='ocrx_word' id='word_1_847' title='bbox 2265 5717 2465 5774; x_wconf 90' lang='lat' dir='ltr'><strong>ameris</strong></span> <span class='ocrx_word' id='word_1_848' title='bbox 2497 5715 2812 5773; x_wconf 82' lang='lat' dir='ltr'><strong>inﬂammat.</strong></span> <span class='ocrx_word' id='word_1_849' title='bbox 2837 5714 2981 5770; x_wconf 85' lang='lat' dir='ltr'><strong>Inter</strong></span> <span class='ocrx_word' id='word_1_850' title='bbox 3009 5725 3206 5772; x_wconf 82' lang='lat' dir='ltr'><strong>cuncta</strong></span> <span class='ocrx_word' id='word_1_851' title='bbox 3235 5729 3366 5772; x_wconf 86' lang='lat' dir='ltr'><strong>sane</strong></span> <span class='ocrx_word' id='word_1_852' title='bbox 3395 5715 3637 5783; x_wconf 78' lang='lat' dir='ltr'><strong>martyrii</strong></span> 
     </span>
    </p>
   </div>
  </div>
