4064 6208
408 292 516 348 823

977 288 1035 342 S.
1074 285 1276 340 PETRI
1318 282 1596 339 DAMIANI
1636 282 1785 338 OI’P.
1829 279 2008 334 PARS
2048 277 2175 333 SEU
2218 278 2452 335 Τωιυδ
2486 279 2548 333 II.
2590 279 3071 349 -—_SERMONES.

3550 282 3653 336 89.5

411 421 608 476 genere
652 405 783 463 illud
810 403 1063 467 nobilius,
1103 400 1231 455 illud
1266 414 1374 453 non
1413 395 1685 454 immerito
1710 393 1986 464 iudicatur
2012 394 2063 453 Δ
2090 402 2213 442 rare
2246 388 2519 443 licuisset!
2549 389 2803 444 nimirum
2834 405 2956 445 cum
2999 390 3132 444 tanti
3168 392 3420 447 desiderii
3463 397 3660 452 ardore

409 512 529 551 esse
575 496 934 565 przecipuum,
962 491 1104 562 quod
1146 490 1199 543 in
1236 490 1354 558 ipso
1387 486 1747 556 Redemptore
1774 494 1983 550 nostro,

408 587 586 656 capite
613 585 863 639 videlicet
889 590 1218 650 martyrum,
1260 575 1612 647 cognoscitur
1654 574 1979 630 dedicatum.

412 676 562 730 Unde
599 689 720 728 cum
762 673 942 726 divina
984 668 1313 739 dispensatio
1351 667 1571 721 Petrum
1618 674 1672 719 et
1717 666 1985 719 Andream

408 765 772 821 consummari
800 779 895 833 per
929 763 1107 817 crucis
1147 760 1465 830 supplicium
1493 757 1680 820 voluit,
1711 757 1852 811 inter
1882 770 1988 810 cae-

408 868 554 911 teros
582 854 870 923 apostolos,
902 852 1025 907 licet
1046 866 1236 905 omnes
1265 850 1425 904 unius
1454 847 1758 918 potestatis,
1800 856 1857 901 et
1899 846 1983 900 di-

408 947 629 1017 gnitatis
648 947 777 1009 sint,
805 942 1201 1012 quodammodo
1218 940 1464 1017 egregios
1484 948 1645 1008 atque
1661 938 1987 1007 conspicuos

404 1038 552 1093 fecit.
577 1037 720 1091 Crux
746 1037 913 1100 enim,
952 1048 1072 1104 qua:
1097 1048 1276 1103 regem
1308 1030 1568 1100 praemisit
1596 1044 1660 1083 ao
1687 1038 1984 1097 sceptrum,

401 1130 589 1183 eadem
638 1138 928 1197 utrumque
973 1125 1195 1180 militem
1259 1124 1653 1190 subsequenter
1693 1121 1874 1175 evexit
1917 1119 1986 1174 ad

400 1220 702 1289 prmmium.

473 1331 516 1388 Ο
546 1334 701 1386 beata
735 1330 1086 1402 germanitas,
1121 1342 1283 1398 quam
1316 1326 1457 1381 sicut
1479 1324 1679 1379 mundo
1713 1336 1815 1377 una
1849 1335 1981 1377 con-

404 1422 738 1493 sanguinitas
757 1420 946 1485 edidit,
972 1419 1049 1473 sic
1075 1420 1261 1473 eadem
1287 1415 1629 1486 triumphalis
1651 1427 1797 1468 mors
1818 1412 1986 1467 victo—

404 1529 494 1567 res
521 1514 585 1565 ad
613 1522 759 1565 astra
799 1509 1120 1574 transmisit,
1158 1514 1215 1562 et
1260 1522 1395 1577 quos
1439 1507 1494 1560 in
1540 1504 1641 1560 hac
1678 1503 1789 1558 vita
1827 1502 1986 1558 unius

402 1604 616 1677 generis
650 1602 875 1673 protulit
898 1610 1090 1657 natura
1121 1609 1421 1663 consortes,
1447 1597 1500 1651 in
1525 1597 1671 1652 illam
1695 1593 1987 1652 beatitudi-

402 1714 526 1753 nem
551 1697 936 1767 sempiternam
966 1710 1097 1750 crux
1125 1694 1413 1767 parturivit
1444 1690 1705 1762 :equales!
1728 1688 1983 1759 Ejusdem

2087 494 2377 536 succensus
2397 480 2665 551 flagitaret
2677 480 2986 536 Mediatoris
2997 480 3310 545 adventum,
3327 492 3383 538 et
3403 493 3663 555 tanquam

2087 585 2318 627 morosa:
2360 571 2635 629 dilationis
2666 573 2953 644 impatiens
2980 589 3215 637 aestuans
3250 588 3605 654 proclamaret
3641 613 3657 651 :

2092 682 2111 716 ι
2158 664 2371 720 Utinam
2395 665 2730 735 dirumperes
2751 668 2938 736 cmlos,
2968 680 3023 726 et
3049 673 3428 736 descenderes!
3452 683 3498 738 A
3524 682 3663 744 facie

2087 763 2178 809 tua
2209 764 2420 811 montes
2462 755 2792 823 detinerent,
2830 760 2970 815 sicut
2998 765 3212 820 exustio
3247 768 3382 837 ignis
3420 769 3666 832 tabesce-

2088 852 2229 911 rent,
2257 859 2412 916 aqua:
2458 846 2713 903 arderent
2755 849 2905 920 igne;
2959 860 3018 906 ut
3055 865 3239 910 notum
3278 858 3431 916 fieret
3464 878 3661 921 nomen

2087 943 2239 990 tuum
2279 937 2513 993 inimicis
2554 939 2660 993 tuis
2698 937 2835 1010 (Im.
2896 946 3067 1013 uiv).
3113 964 3132 998 ι
3177 947 3347 1015 Quam
3403 954 3662 1015 terribilis

2088 1042 2153 1082 ac
2172 1028 2463 1085 vehemens
2485 1029 2614 1085 tuba
2641 1045 2744 1087 vox
2776 1032 2890 1089 haec
2922 1035 2976 1089 in
3006 1036 3151 1093 Petri
3176 1041 3340 1095 corde
3357 1050 3659 1115 personuit,

2086 1124 2142 1170 et
2177 1125 2431 1186 tanquam
2455 1120 2794 1189 repentinum
2818 1122 3020 1180 fulmen
3050 1127 3322 1197 inopinato
3347 1147 3660 1206 coruscans,

1990 1267 2000 1278 ι
2088 1209 2374 1301 attonitum
2411 1208 2541 1265 fecit
2570 1229 2585 1265 :
2621 1231 2640 1264 ι
2672 1212 3000 1285 Invenimus,
3030 1219 3232 1289 inquit,
3265 1221 3541 1297 Mcssiam,
3569 1232 3662 1301 qui

2087 1297 2282 1353 dicitur
2306 1300 2552 1357 Christus
2580 1302 2762 1372 (Joan.
2788 1307 2847 1375 ι).
2898 1326 2917 1360 ι

2260 1392 2611 1460 ριωιίειιὼηη
2642 1394 2801 1464 plane
2834 1398 2942 1451 Ilex
2975 1399 3157 1470 gloria:
3178 1404 3323 1461 solus
3348 1407 3661 1483 advenerat,

2087 1488 2142 1535 et
2171 1481 2292 1536 ideo
2317 1484 2384 1537 ad
2409 1483 2748 1553 procinctum
2770 1486 2892 1541 belli
2919 1490 3173 1558 paulatim
3200 1495 3300 1549 sibi
3323 1495 3434 1566 jam
3467 1481 3664 1560 milites

2087 1570 2423 1642 acquirebat.
2478 1573 2710 1629 Venerat
2761 1591 2993 1645 namque
3038 1588 3096 1634 ut
3140 1578 3335 1639 fortem
3392 1598 3660 1647 armatum

2086 1666 2473 1734 superveniens
2497 1667 2759 1734 vinceret,
2796 1678 2851 1722 et
2888 1668 3142 1726 universa
3174 1690 3343 1742 artua,
3383 1675 3435 1732 in
3468 1682 3661 1749 quibus

404 1787 706 1842 nobilitatis
747 1787 799 1840 in
853 1794 997 1841 terra
1028 1786 1271 1840 eamdem
1318 1782 1582 1854 prosapie:
1612 1779 1981 1835 celsitudinem

2087 1754 2413 1823 confidebat,
2441 1757 2679 1812 auferret
2707 1758 2860 1829 (Luc.
2889 1759 2986 1831 xi).
3014 1762 3282 1831 Venerat,
3315 1778 3371 1821 ut
3393 1773 3660 1841 captivum

401 1877 704 1931 sortiuntur
727 1876 779 1930 in
816 1873 975 1931 cwlo.
1016 1875 1116 1942 Qui
1153 1875 1297 1930 enim
1326 1874 1414 1927 hic
1445 1879 1569 1926 sunt
1614 1870 1704 1924 filii
1735 1868 1976 1932 Joannis,

402 1965 513 2020 illic
543 1974 668 2019 sunt
698 1964 790 2019 filii
825 1964 1025 2019 crucis.
1055 1963 1145 2018 Isti
1175 1965 1483 2018 enim‘sunt
1524 1961 1617 2017 filii
1647 1960 1857 2025 Chore,
1888 1959 1979 2031 qui

401 2074 455 2113 in
486 2058 838 2126 quorumdam
876 2056 1205 2127 psalmorum
1234 2054 1404 2109 titulis
1426 2061 1811 2123 praenotantur.
1836 2048 1981 2106 Crux

400 2148 566 2209 enim,
591 2142 835 2217 qnaa‘eos
864 2147 1158 2201 morientes
1189 2146 1317 2200 huic
1345 2145 1467 2198 vitae
1504 2142 1794 2207 subtraxit,
1819 2140 1983 2196 cccle-

401 2236 473 2290 sti
527 2235 862 2291 Hierusalem
907 2244 1253 2290 renascentes
1301 2249 1423 2289 cum
1466 2230 1773 2301 triumphali
1814 2229 1980 2301 gloria

399 2342 568 2383 novos
589 2327 734 2381 cives
762 2324 983 2380 invexit.
1014 2325 1079 2381 Et
1104 2325 1349 2380 Andreas
1378 2324 1593 2395 quidem
1617 2323 1669 2377 in
1703 2318 1981 2391 apostolici

399 2426 620 2471 senatus
642 2416 884 2486 catalogo
923 2416 1189 2470 secundus
1216 2417 1465 2485 ponitur,
1499 2415 1589 2482 qui
1627 2422 1808 2467 tamen
1836 2409 1985 2481 agni-

400 2506 547 2560 tione
652 2505 885 2567 Domini,
933 2500 1091 2573 juxta
1129 2503 1494 2575 evangelicam
1543 2500 1724 2566 fidem,
1778 2499 1987 2569 primus

398 2594 697 2651 invenitur.
726 2593 867 2648 Dicit
903 2593 1047 2648 enim
1086 2590 1323 2648 Joannes
1369 2590 1699 2661 evangelista
1742 2608 1755 2642 :
1799 2605 1817 2639 ι
1850 2586 1983 2655 Quia

398 2700 523 2740 eum
546 2692 713 2739 staret
740 2682 999 2748 Joannes,
1031 2692 1086 2738 et
1115 2699 1179 2738 ex
1203 2681 1487 2753 discipulis
1525 2681 1639 2751 ejus
1669 2680 1799 2744 duo,
1821 2687 1875 2733 et
1904 2691 1987 2733 re-

402 2777 637 2845 spiciens
660 2774 845 2829 Iesum
871 2774 1254 2841 ambulantem,
1279 2775 1417 2829 dixit
1445 2793 1457 2829 :
1486 2773 1627 2828 Ecce
1652 2772 1837 2843 Agnus
1869 2770 1985 2825 Dei.

400 2867 470 2921 Et
514 2866 795 2920 audientes
834 2879 955 2917 eum
997 2865 1103 2918 duo
1152 2864 1401 2934 discipuli
1449 2863 1773 2932 loquentem,
1816 2859 1988 2916 secuti

401 2965 527 3010 sunt
557 2955 762 3010 Iesum.
795 2974 813 3006 ι
842 2953 904 3008 Et
928 2954 1085 3025 paulo
1110 2962 1232 3025 post
1262 2967 1276 3007 :
1307 2973 1325 3006 ι
1361 2954 1487 3007 Erat
1522 2961 1701 3006 autem
1723 2950 1985 3017 Andreas,

406 3046 604 3116 inquit,
637 3043 804 3100 frater
850 3044 1088 3099 Simonis
1138 3044 1306 3111 l’etri,
1338 3059 1479 3098 unus
1520 3059 1587 3099 ex
1633 3042 1859 3106 duobus,
1894 3041 1985 3112 qui

2083 1846 2377 1912 hominem,
2409 1848 2500 1915 qui
2524 1847 2624 1902 sub
2646 1848 2925 1905 diabolica:
2954 1854 3253 1923 tyrannidis
3282 1854 3411 1930 jugo
3446 1875 3662 1930 preme-

2082 1936 2263 2003 batur,
2300 1940 2554 2009 eriperet,
2601 1945 2656 1994 et
2706 1938 2774 1995 ad
2814 1941 3163 2013 ingenuitatis
3207 1948 3439 2018 antiqua:
3480 1953 3663 2009 titulos

2084 2040 2386 2087 revocaret.
2418 2032 2674 2101 Venerat,
2702 2041 2761 2090 ut
2783 2050 2938 2091 suum
2961 2035 3119 2094 Israel
3151 2039 3216 2095 de
3242 2042 3453 2100 vinculo
3472 2050 3661 2104 vetusti

2083 2125 2385 2182 Pharaonis
2415 2126 2738 2193 absolveret,
2767 2139 2822 2182 et
2853 2127 2905 2182 in
2940 2144 3100 2183 manu
3128 2130 3291 2197 forti,
3322 2144 3482 2204 atque
3508 2140 3663 2192 robu-

2085 2225 2191 2281 sta,
2226 2225 2385 2271 terra:
2412 2216 2551 2271 laete
2590 2218 2817 2273 etmelle
2837 2219 3073 2275 mananti
3104 2223 3333 2289 prmvius
3366 2224 3559 2281 ductor
3583 2229 3666 2283 in-

2086 2305 2271 2361 ferret.
2300 2303 2416 2361 Non
2444 2315 2623 2361 tamen
2651 2305 2885 2375 eligebat
2915 2307 2967 2360 in
2998 2308 3324 2380 adjutorium
3348 2314 3449 2368 sibi
3478 2316 3665 2371 trium-

2085 2394 2334 2467 phalibus
2357 2396 2527 2453 titulis
2556 2397 2760 2461 claros,
2796 2413 2901 2453 non
2926 2409 3173 2455 strenuos
3199 2402 3487 2460 bellatores
3507 2449 3520 2472 ,
3558 2425 3663 2464 non

2087 2486 2430 2541 frementium
2458 2501 2772 2543 ascensorcs
2794 2504 3076 2559 equorum,
3105 2505 3209 2544 non
3236 2492 3465 2564 denique
3492 2499 3664 2567 philo-

2088 2579 2286 2647 50phos
2305 2586 2361 2632 et
2387 2575 2703 2647 eloquentes
2726 2620 2740 2644 ,
2771 2581 2865 2634 sed
2899 2579 3091 2635 retium
3118 2588 3396 2656 vectores),
3424 2597 3478 2641 et
3507 2606 3662 2659 pere-

2090 2671 2217 2726 xilis
2246 2670 2506 2725 naviculae
2531 2669 2782 2741 remiges,
2807 2679 2865 2725 ut
2887 2669 3110 2726 victoria
3136 2673 3235 2728 soli
3257 2675 3449 2732 divinae
3477 2688 3665 2750 poten-

2090 2763 2198 2827 tiaa,
2232 2777 2337 2816 non
2367 2762 2619 2816 humanis
2647 2761 2853 2816 viribus
2879 2761 3201 2817 ascribatur.

2160 2853 2311 2909 Hanc
2344 2868 2507 2925 porro
2530 2852 2811 2908 victoriam
2849 2850 2935 2907 illa
2968 2854 3116 2909 urbis
3145 2853 3362 2912 Iericho
3383 2859 3511 2915 olim
3542 2862 3666 2916 sub-

2089 2945 2271 2999 versio
2295 2944 2561 3015 figuravit,
2583 2946 2799 3013 quando
2825 2960 2931 2999 non
2961 2943 3189 3000 telorum
3222 2948 3532 3015 missilibus,
3562 2964 3664 3005 non

2091 3035 2351 3102 falaricis,
2380 3051 2486 3092 non
2518 3045 2668 3091 certe
2708 3036 2968 3091 bellorum
3011 3039 3338 3108 quibuslibet
3382 3022 3663 3111 machinis,

404 3135 686 3189 audierant
715 3134 781 3187 ab
804 3132 1031 3197 Joanne,
1062 3142 1114 3187 et
1136 3132 1299 3203 302
1332 3132 1500 3187 secuti
1548 3131 1760 3186 fuerant
1789 3144 1931 3186 eum.
1962 3147 1982 3183 ι
2015 3125 2062 3188 C
2094 3129 2188 3184 sed
2214 3127 2559 3183 vociferantis
2592 3129 2774 3199 populi
2803 3130 3057 3198 strepitu,
3096 3139 3151 3184 et
3191 3133 3335 3188 tubis
3368 3134 3668 3206 clangenti-

405 3224 611 3279 Deinde
638 3223 884 3295 sequitur
908 3241 920 3276 :
942 3243 959 3274 ‹
993 3223 1196 3278 Invenit
1224 3223 1311 3278 hic
1335 3224 1566 3293 primum
1589 3220 1811 3277 fratrem
1832 3235 1987 3275 suum

406 3314 741 3389 Simeonem,
785 3320 841 3368 ct
868 3312 999 3370 dicit
1032 3314 1081 3370 ei
1127 3331 1142 3367 :
1190 3312 1500 3368 Invenimus
1542 3310 1815 3377 Messiam,
1846 3311 1989 3381 quod

401 3414 489 3458 est
518 3404 932 3475 interpretatum
956 3403 1224 3471 Christus,
1249 3410 1305 3460 et
1326 3403 1549 3459 adduxit
1571 3418 1694 3459 eum
1717 3402 1784 3457 ad
1803 3401 1988 3458 Iesum

402 3491 592 3565 (Joan.
625 3494 686 3567 t).
734 3513 759 3548 ι

473 3582 613 3638 Ecce
654 3583 901 3641 Andreas
949 3585 1091 3640 inter
1137 3585 1252 3657 ipsa
1297 3583 1421 3641 novi
1464 3582 1695 3637 tirocinii
1731 3582 1811 3637 sui
1842 3580 1989 3637 rudi-

403 3682 589 3728 menta
616 3671 934 3741 fructificat,
970 3683 1025 3728 et
1064 3673 1312 3729 veritatis
1331 3673 1441 3744 jam
1474 3672 1794 3745 praedicator
1821 3670 1988 3727 elfici-

403 3774 514 3829 tur,
553 3763 706 3832 cujus
733 3764 905 3819 adhuc
928 3765 1015 3818 vix
1053 3772 1171 3820 erat
1208 3763 1445 3819 auditor.
1481 3762 1662 3819 Novus
1688 3762 1986 3832 discipulus

403 3854 599 3919 factus,
631 3871 736 3908 non
760 3866 842 3910 est
866 3855 1080 3926 propria
1112 3855 1283 3909 salute
1303 3863 1613 3918 contentus,
1646 3852 1988 3923 condiscipu-

402 3944 485 3999 los
519 3945 733 4016 quaerit,
772 3943 1157 4002 ad'lucrandos
1178 3944 1313 4001 alios
1336 3945 1607 4000 fraternus
1633 3959 1691 4000 se
1718 3956 1871 4002 amor
1893 3959 1987 4000 ex-

406 4038 597 4091 tendit.
652 4035 993 4093 Thesaurum
1044 4038 1269 4108 reperit,
1322 4037 1520 4110 gaudet
1564 4035 1691 4091 aliis
1733 4036 1983 4107 prodere,

404 4127 607 4180 furtum
640 4126 889 4201 deputat,
942 4127 1092 4182 illum
1139 4129 1260 4183 sine
1304 4127 1648 4183 consortibus
1689 4126 1983 4198 possidere.
2030 4130 2033 4131 ⁷

404 4217 602 4271 Fausta
632 4218 865 4289 denique
891 4228 945 4273 et
967 4219 1226 4289 prmclara
1253 4220 1446 4273 futura:
1489 4218 1690 4273 indolis
1715 4217 1868 4290 signa
1896 4233 1987 4272 no-

403 4321 505 4360 vus
542 4309 644 4360 tiro
673 4308 983 4377 praetendit,
1009 4309 1100 4379 qui
1136 4309 1189 4362 in
1222 4309 1338 4379 ipso
1370 4308 1593 4364 novitize
1616 4307 1986 4363 conversionis

405 4396 650 4462 exordio,
680 4412 805 4451 mox
834 4397 976 4467 quod
1004 4396 1267 4453 didicerat
1299 4398 1501 4464 docuit,
1536 4397 1678 4467 quod
1702 4407 1986 4469 acceperat

2093 3216 2197 3272 bus
2220 3218 2580 3273 munitissima
2617 3217 2733 3287 ejus
2762 3219 2963 3273 mtenia
3003 3230 3325 3277 corruerunt
3358 3222 3498 3294 (los.
3569 3225 3663 3296 vi).

2090 3308 2429 3380 Praeceperat
2456 3323 2688 3378 namque
2720 3310 2977 3365 Dominus
3005 3309 3169 3367 Josue
3203 3320 3267 3366 ut
3286 3326 3468 3368 arcam
3494 3310 3664 3373 finde-

2091 3402 2168 3457 ris
2212 3403 2314 3457 viri
2354 3402 2643 3457 bellatores
2688 3403 2883 3457 armati
2924 3403 3310 3473 praecederent,
3355 3408 3666 3463 sacerdotes

2090 3502 2271 3549 autem
2302 3504 2507 3562 septem
2532 3494 2691 3564 303
2723 3494 2967 3549 buccinis
2992 3494 3327 3565 clangerent,
3354 3497 3543 3567 sicque
3570 3512 3667 3569 per

2088 3594 2296 3655 septem
2321 3584 2670 3640 nihilominus
2705 3585 2820 3639 dies
2854 3584 3073 3640 Iericho
3108 3586 3306 3640 mmnia
3344 3586 3659 3644 circuirent.

2089 3674 2330 3746 Septimo
2373 3675 2557 3745 itaque
2595 3676 2700 3739 die,
2750 3676 2879 3730 dum
2931 3675 3253 3731 vociferatio
3295 3680 3473 3750 populi
3523 3679 3663 3735 tubis

2088 3764 2467 3835 clangentibus
2490 3765 2853 3828 admiscetur,
2887 3763 3103 3820 Jericho
3130 3767 3375 3835 protinus
3404 3784 3433 3821 a
3475 3767 3663 3823 funda-

2086 3865 2268 3911 mento
2294 3854 2529 3925 collapsa
2556 3857 2906 3910 subvertitur.

2157 3947 2295 4014 Quid
2330 3957 2413 4003 est
2452 3957 2634 4002 autem
2676 3949 2817 4019 quod
2866 3950 2933 4005 ad
2975 3952 3294 4021 capiendam
3335 3953 3524 4007 urbem
3557 3970 3661 4009 non

2086 4038 2294 4111 gladius
2330 4038 2600 4105 educitur,
2651 4055 2758 4096 non
2812 4040 2917 4096 tela
2938 4042 3237 4108 vibrantur,
3280 4059 3386 4099 non
3424 4044 3661 4114 iaculum

2087 4130 2325 4185 mittitur
2343 4171 2358 4196 ,
2386 4146 2495 4186 non
2525 4131 2670 4186 acies
2694 4129 3195 4189 militariscuneiad
3220 4134 3539 4204 irruptionis
3563 4135 3663 4190 im-

2086 4229 2267 4290 petum
2291 4221 2646 4291 constipatur,
2675 4221 2768 4276 sed
2795 4220 2934 4277 tubis
2954 4223 3219 4279 duntaxat
3235 4206 3663 4282 sacerdotalibus

2086 4312 2380 4382 clangitur,
2405 4322 2459 4367 et
2491 4312 2570 4367 sic
2592 4312 2816 4367 victoria
2847 4329 2953 4368 non
2972 4312 3222 4384 jamjure
3249 4316 3405 4384 belli,
3433 4316 3528 4373 sed
3558 4319 3663 4374 vir-

2091 4414 2205 4460 tute
2230 4405 2406 4475 potius
2432 4405 2753 4459 sacramenti
2781 4404 2845 4460 de
2876 4407 3151 4476 superatis
3178 4407 3424 4484 hqstibus
3452 4408 3666 4465 obtine—

406 4484 637 4540 iideliter
679 4486 943 4558 erogavit.
998 4486 1248 4558 Magnum
1271 4487 1682 4552 nuntium,n0va
1723 4494 1778 4543 et
1818 4467 1987 4543 adnii-
2013 4467 2067 4528 D
2093 4467 2597 4553 tul-‘2'Deliramemi
2633 4510 2766 4551 sane
2792 4467 3069 4552 videretur
3094 4467 3328 4567 inepfia,
3367 4499 3413 4554 si
3442 4500 3668 4556 avide";

406 4574 577 4628 randa
615 4572 988 4639 relatio,illum
1028 4575 1343 4646 promittere
1382 4574 1664 4631 visibiliter
1699 4576 1987 4631 ostenden-

409 4664 560 4731 dum,
594 4682 754 4735 quem
797 4672 876 4722 tot
920 4666 1303 4738 prophetat-nm
1330 4664 1549 4724 oracula
1590 4668 1988 4737 prmcinuerant

405 4757 738 4816 adfuturum.

476 4871 652 4940 Magni
707 4881 854 4928 certe
901 4873 1146 4944 mysterii
1196 4873 1408 4943 baiulus
1467 4875 1718 4931 Andreas
1772 4877 1983 4932 exstitit

404 4960 582 5025 fratri,
615 4960 709 5030 qui
737 4960 991 5015 nimirum
1022 4976 1146 5017 eum
1195 4977 1257 5017 se
1294 4963 1563 5032 reperisse
1601 4972 1832 5021 testatus
1875 4976 1985 5032 est,

405 5066 565 5119 quem
611 5049 681 5105 ab
716 5050 924 5121 origine
966 5051 1149 5106 mundi
1195 5067 1385 5106 omnes
1421 5054 1594 5107 sancti
1624 5068 1747 5108 cum
1788 5070 1981 5126 magno

410 5142 679 5197 desiderio
722 5141 1019 5211 praestolati
1050 5152 1197 5207 sunt,
1233 5152 1289 5196 et
1331 5150 1507 5197 tamen
1536 5144 1720 5198 videre
1747 5160 1853 5199 non
1889 5161 1983 5215 po-

407 5239 642 5286 tuerunt.
675 5229 792 5286 Non
834 5233 936 5287 hoc
973 5234 1271 5300 praestitum
1311 5242 1395 5287 est
1429 5234 1749 5302 patriarchae
1791 5232 1982 5299 Iacob,

405 5322 497 5389 qui
540 5322 798 5377 dicebat:
841 5340 859 5375 ι
895 5322 1149 5377 Salutare
1175 5331 1322 5377 tuum
1368 5326 1721 5391 exspectabo,
1760 5325 1983 5380 Domine

410 5406 561 5475 (Ceu.
591 5412 761 5481 sua).
794 5431 813 5463 ι
850 5410 967 5465 Non
999 5411 1247 5478 Abrahae,
1272 5412 1359 5467 cui
1390 5414 1567 5467 divina
1596 5415 1817 5484 sponsio
1843 5414 1986 5469 facta

406 5507 508 5561 est,
545 5502 687 5566 quod
728 5501 782 5555 in
815 5504 1023 5557 semine
1050 5518 1149 5557 suo
1188 5504 1535 5567 hzercditaret
1565 5521 1753 5561 omnes
1796 5517 1986 5575 gentes

406 5588 560 5654 (Gen.
586 5593 744 5661 xm).
774 5593 819 5649 Ο
854 5595 1041 5664 quanti
1080 5596 1184 5650 hoc
1224 5596 1384 5665 pretii
1413 5597 1737 5652 mstimasset
1763 5598 1993 5667 insignis

407 5679 497 5738 ille
529 5686 793 5756 propheta
834 5686 1023 5753 Isaias,
1054 5688 1098 5742 si
1129 5687 1178 5743 ei
1210 5688 1279 5743 ad
1313 5688 1415 5745 hoc
1449 5691 1815 5761 spectaculum
1846 5694 1986 5764 aspi-

2093 4604 2200 4643 non
2231 4587 2420 4643 fuisset
2454 4586 2677 4643 victoria
2706 4586 3017 4642 subsecuta.
3047 4587 3154 4642 Sed
3184 4602 3279 4658 per
3306 4587 3526 4644 Jericho
3547 4604 3667 4659 quas

2086 4679 2292 4736 dicitur
2322 4677 2483 4743 luna,
2523 4692 2630 4732 non
2675 4677 2970 4746 incongrue
2998 4675 3233 4733 mundus
3269 4678 3544 4745 inuuitur,
3575 4678 3665 4748 qui

2087 4772 2171 4828 sic
2188 4786 2284 4844 per
2305 4770 2599 4827 labentium
2631 4779 2903 4826 momenta
2927 4778 3257 4839 temporum,
3280 4780 3541 4841 tanquam
3570 4786 3667 4841 per

2089 4873 2367 4920 menstrua
2392 4864 2712 4919 detrimenta
2739 4862 2947 4918 finitur.
2973 4864 3113 4918 Area
3137 4872 3317 4919 autem
3336 4871 3527 4919 sancta
3549 4871 3669 4918 erat

2089 4955 2371 5023 Ecclesia;
2391 4956 2534 5010 tubae
2553 4970 2684 5011 vero
2705 4954 2937 5025 apostoli
2962 4964 3107 5019 sunt,
3130 4956 3214 5011 vel
3235 4956 3473 5025 quinque
3493 4954 3669 5012 εδειεή

2091 5049 2339 5105 doctores
2365 5047 2651 5114 Ecclesiae,
2674 5064 2907 5118 quorum
2928 5048 3180 5104 videlicet
3208 5048 3673 5106 admonitionibus

2090 5139 2214 5195 dum
2237 5154 2479 5210 pugnare
2503 5153 2717 5210 semper
2755 5150 2944 5195 contra
2977 5140 3161 5195 carnis
3186 5140 3470 5196 illecebras
3494 5149 3549 5194 et
3571 5155 3667 5194 an-

2060 5264 2063 5267 ν
2089 5234 2221 5302 tiqui
2246 5233 2419 5288 hostis
2447 5230 2666 5286 insidias
2688 5231 2897 5294 nititur,
2932 5230 3077 5286 velut
3096 5232 3163 5286 ad
3192 5231 3474 5286 conflictus
3493 5231 3673 5285 aciem

2088 5337 2145 5382 et
2171 5324 2507 5382 conserenda
2533 5323 2673 5379 bella
2696 5324 2949 5379 tubarum
2979 5323 3323 5393 clangoribus
3343 5322 3670 5384 incitamur;

2087 5431 2207 5487 qua:
2238 5416 2490 5471 nimirum
2529 5414 2671 5470 tubae
2705 5422 2913 5483 septem
2955 5413 3122 5468 fuisse
3153 5412 3497 5475 referuntur,
3537 5412 3668 5480 quia

2088 5509 2473 5579 praedicatores
2502 5506 2674 5563 sancti
2705 5506 3038 5575 septiformis
3063 5504 3298 5576 Spiritus
3328 5505 3504 5576 gratia
3536 5510 3664 5559 sunt

2090 5601 2299 5671 repleti.
2338 5602 2557 5669 Septem
2604 5610 2819 5670 quoque
2863 5599 3070 5654 dierum
3102 5599 3477 5656 vicissitudine
3502 5613 3663 5654 ouum

2091 5703 2300 5765 tempus
2324 5702 2521 5749 nostra:
2549 5690 2892 5747 mortalitatis
2920 5690 3201 5747 evolvitur.
