4064 6208
364 315 469 372 8ἳ5

1820 309 2050 372 SERMO
2072 307 2226 370 LVII.

3497 313 3602 369 820

439 425 638 482 [rbem
666 437 796 493 ergo
829 421 1045 478 Iericho
1079 419 1388 480 sacerdotes
1412 436 1593 479 arcam
1617 418 1856 480 ferentes
1877 434 1932 479 ct
1959 427 2008 483 Α
2035 437 2132 492 per
2147 419 2484 476 Psalmistam
2500 415 2700 475 dicitur
2728 432 2746 476 :
2776 439 2796 474 ι
2824 415 2929 478 Pro
2947 420 3190 492 patribus
3213 422 3319 478 tuis
3339 423 3451 479 nati
3477 434 3603 480 sunt

364 523 678 593 clangentes
699 530 902 590 septem
928 522 1116 577 diebus
1154 523 1521 592 circumeunt,
1560 532 1613 579 et
1644 525 1784 578 muri
1815 523 1936 592 ejus

362 631 460 686 per
501 629 642 668 arcte
678 614 1020 681 praesentiam
1054 623 1110 668 et
1151 615 1401 670 tubarum
1437 615 1674 670 sonitum
1711 615 1932 680 cadunt,

361 704 487 772 quia
516 703 569 757 in
610 703 770 773 hujus
807 703 1052 758 mortalis
1084 704 1207 759 vita
1235 705 1488 771 decursu,
1529 705 1658 759 dum
1701 705 1934 760 circum-

359 807 573 862 quaque
598 807 696 862 per
721 793 908 848 orbem
941 801 1206 848 terrarum
1229 805 1420 849 sancta
1448 805 1696 850 movetur
1713 833 1728 860 ,
1762 805 1818 850 et
1847 795 1932 850 di-

360 883 835 948 lataturEcclesia.
864 899 964 954 per
975 894 1178 940 sanctae
1199 886 1598 955 prmdicationis
1620 887 1932 943 instantiam

360 975 538 1028 cannis
566 974 692 1028 elati
738 974 924 1029 mundi
959 975 1209 1045 superbia
1231 974 1521 1045 frangitur,
1546 984 1601 1031 et
1627 985 1824 1032 cuncta
1851 975 1933 1030 in-

361 1064 634 1121 fidelitatis
662 1064 936 1124 obstacula
961 1066 1316 1121 subruuntur.
1845 1055 1856 1067 ’

431 1157 492 1211 Et
526 1155 823 1210 notandum
859 1156 1002 1224 quod
1029 1156 1228 1211 armati
1265 1155 1463 1214 milites
1487 1172 1609 1214 cum
1638 1158 1932 1214 sacerdoti-

359 1245 464 1300 bus
487 1245 566 1300 ire
587 1243 845 1313 jubentur
881 1262 894 1298 :
928 1245 1206 1312 nimirum,
1234 1255 1296 1301 ut
1321 1255 1376 1301 et
1410 1247 1470 1314 ii,
1494 1247 1690 1317 quibus
1712 1262 1818 1303 non
1848 1259 1932 1304 est

361 1335 657 1405 injunctum
684 1334 962 1406 promendi
985 1335 1256 1407 clangoris
1286 1336 1543 1404 cilicium,
1585 1351 1930 1409 nequaquam

359 1439 418 1478 se
451 1432 684 1479 remotos
710 1424 1008 1496 intelligant
1035 1439 1066 1479 a
1081 1429 1464 1497 congressione
1491 1426 1773 1494 bellomm,
1797 1445 1933 1499 qua-

360 1525 516 1572 tenus
545 1524 598 1569 et
623 1515 682 1582 ii,
716 1515 806 1584 qui
831 1531 938 1571 non
965 1516 1292 1586 przedicant.
1323 1527 1514 1573 contra
1532 1517 1730 1573 occulti
1758 1519 1932 1574 hostis

361 1606 584 1660 insidias
613 1605 805 1659 armati
837 1605 1207 1672 nihilominus,
1231 1616 1288 1662 et
1308 1608 1685 1677 circumspecti
1714 1621 1932 1679 semper

359 1698 628 1753 incedant.
657 1696 827 1768 Hujus
849 1697 1028 1766 itaque
1047 1697 1172 1752 belli
1195 1697 1359 1752 duces
1379 1713 1444 1752 ac
1462 1698 1732 1767 principes
1751 1699 1926 1754 sancti

359 1789 584 1858 apostoli
615 1799 760 1855 sunt,
797 1790 888 1858 qui
925 1803 1108 1844 arcam
1135 1788 1356 1844 fmderis
1383 1788 1771 1846 Jerichuntinis
1793 1805 1928 1847 mu:-

361 1880 539 1945 nibus,
584 1877 712 1934 cum
759 1878 1012 1935 tubarum
1050 1877 1305 1949 clangore
1340 1878 1763 1946 circumferunt;
1806 1879 1934 1955 quia

358 1989 456 2043 per
505 1971 670 2027 totius
721 1970 905 2027 mundi
944 1970 1231 2036 circulum,
1277 1979 1479 2027 sancte
1529 1971 1934 2040 praedicatioois

357 2061 533 2119 cilicio
555 2060 807 2117 Ecclesiae
832 2071 1171 2118 sacramenta
1191 2060 1516 2116 diffundunt.
1549 2081 1568 2114 ι
1609 2061 1668 2116 lu
1695 2075 1932 2128 omnem,

357 2152 523 2216 enim,
553 2158 753 2206 terram
796 2150 967 2206 exivit
994 2165 1162 2206 sonus
1184 2164 1396 2216 eorum,
1427 2159 1483 2207 et
1528 2151 1582 2206 in
1624 2151 1760 2207 fines
1783 2151 1934 2207 orbis

359 2252 518 2297 terrm
546 2242 710 2299 verba
751 2256 938 2296 eorum
986 2239 1160 2313 (Psal.
1202 2242 1378 2313 xvin).
1415 2261 1433 2294 ι
1468 2241 1706 2298 Evolutis
1752 2251 1932 2298 autem

356 2347 450 2388 sex
495 2331 704 2395 diebus,
748 2331 978 2402 septimo
1026 2331 1239 2387 tandem
1281 2331 1369 2386 die
1416 2344 1510 2387 rex
1564 2329 1783 2386 Iericho
1808 2345 1931 2386 cum
1976 2388 1978 2390 ,

356 2421 504 2477 omni
531 2421 726 2492 populo
754 2421 930 2490 gladio
970 2421 1268 2478 devorante
1307 2422 1676 2487 consumitur,
1720 2422 1846 2492 quia
1876 2422 1932 2476 in

357 2512 444 2567 die
478 2513 767 2568 novissimo
795 2511 1040 2568 diabolus
1063 2550 1080 2578 ,
1128 2513 1220 2582 qui
1253 2521 1336 2568 est
1365 2526 1461 2568 rex
1505 2513 1772 2582 superbiae
1807 2527 1931 2568 cum

354 2602 608 2658 omnibus
627 2601 738 2657 suis
761 2603 1082 2672 sequacibus
1099 2640 1114 2667 ,
1141 2601 1298 2672 quasi
1325 2600 1560 2670 quodam
1583 2601 1778 2656 divinat
1807 2615 1934 2656 sen-

357 2695 541 2751 tentia
586 2693 785 2765 gladio,
815 2694 973 2750 morti
1017 2696 1289 2763 perpetuas
1333 2693 1740 2749 condemnatur.
1779 2692 1932 2749 Tunc

359 2800 552 2858 nempe
601 2785 713 2850 flet,
761 2786 904 2855 quod
952 2801 1050 2856 per
1083 2785 1402 2856 Apostolum
1451 2784 1652 2840 dicitur
1686 2803 1700 2838 :
1734 2802 1754 2836 ι
1791 2783 1929 2851 Quia

356 2893 482 2933 cum
511 2877 856 2933 evacuavcrit
870 2891 1099 2937 .omnem
1126 2876 1485 2946 principatum
1511 2885 1566 2931 et
1591 2889 1806 2931 omnem
1834 2889 1931 2945 po-

359 2979 608 3026 testatem
634 2980 691 3024 et
716 2967 969 3025 virtutem
995 3006 1012 3033 ,
1051 2969 1343 3024 novissime
1369 2968 1585 3023 inimica
1617 2968 1930 3024 destruetur

356 3077 502 3118 mors
531 3061 586 3134 (1
626 3061 746 3116 Cor.
783 3060 892 3131 xv).
931 3079 950 3114 ι
994 3055 1118 3116 Sola
1154 3069 1333 3116 autem
1369 3059 1559 3115 domus
1589 3059 1776 3114 Bahab
1822 3073 1933 3114 me-

357 3154 579 3210 retricis.
595 3153 790 3218 evasit,
837 3166 1001 3222 quam
1026 3151 1279 3208 videlicet
1323 3150 1597 3205 funiculus
1640 3150 1930 3206 coccineus

357 3243 411 3298 in
439 3241 673 3297 fenestra
699 3241 976 3296 discrevit.
1007 3240 1206 3296 Domus
1233 3248 1411 3294 autem
1438 3239 1525 3293 illa
1554 3239 1768 3297 unicam
1791 3254 1930 3308 prae-

356 3334 556 3405 figurat
579 3333 894 3396 Ecclesium,
921 3346 1042 3401 quas
1069 3329 1354 3400 purificata
1399 3338 1486 3385 est
1507 3343 1541 3384 a
1599 3328 1930 3397 turpitudine

355 3424 754 3488 fornicationis,
784 3438 883 3494 per
909 3422 1204 3478 fenestram
1228 3416 1608 3486 confessionis,
1633 3419 1685 3473 in
1711 3418 1929 3489 sangui-

357 3517 443 3572 nis
491 3515 833 3572 remissione.
882 3513 1010 3568 Haec
1064 3511 1223 3583 plane
1256 3527 1287 3564 a
1327 3509 1598 3566 communi
1653 3508 1928 3579 pereuntis

356 3609 542 3665 mundi
567 3608 827 3663 liberatur
848 3605 1080 3670 excidio,
1106 3604 1231 3674 quia
1255 3603 1308 3658 in
1337 3603 1576 3657 fenestra
1601 3600 1793 3655 domus
1818 3614 1929 3654 sua:

355 3705 668 3762 coccineum
697 3704 827 3774 ligat
857 3701 1176 3766 funiculum,
1205 3699 1331 3755 dum
1359 3695 1522 3768 305.
1548 3696 1602 3750 in
1628 3708 1724 3749 ore
1745 3708 1930 3762 corpo-

355 3797 434 3851 ris
473 3789 556 3851 sui
601 3803 820 3865 portare
853 3805 959 3846 non
994 3789 1192 3846 desinit
1218 3786 1488 3858 passionis
1522 3783 1813 3839 Dominica:
1837 3796 1927 3836 sa-

355 3895 712 3942 cramentum.
748 3901 768 3936 t
805 3881 978 3939 Corde
995 3881 1141 3937 enim
1164 3879 1402 3934 creditur
1433 3875 1809 3946 adjustitiam,
1831 3888 1928 3928 ore

357 3987 540 4033 autem
588 3975 858 4032 confessio
899 3971 960 4029 fit
1001 3974 1070 4028 ad
1111 3971 1340 4028 salutem
1369 3968 1549 4039 (liora.
1592 3966 1672 4038 x).
1705 3985 1724 4019 ι
1757 3965 1928 4020 Porro

357 4081 542 4124 autem
560 4067 834 4122 funiculus
867 4065 956 4120 ille
986 4063 1054 4118 ad
1083 4062 1301 4117 domum
1325 4065 1446 4113 erat
1471 4056 1691 4127 ligatus,
1720 4053 1815 4110 sed
1835 4069 1929 4109 ex-

354 4161 527 4218 terius
549 4156 978 4228 videbatur,quia
1003 4154 1296 4210 Dominica:
1320 4150 1499 4206 crucis
1529 4149 1660 4204 fides
1682 4148 1736 4204 in
1766 4147 1929 4203 corde

355 4253 636 4319 retinetur,
660 4264 782 4322 qua)
801 4249 914 4306 oris
934 4246 1276 4304 confessione
1303 4241 1661 4313 depromitur.
1683 4237 1928 4308 Reliquis

353 4345 569 4416 quidem
593 4341 1192 4416 pereuntibus,omnes,
1223 4335 1315 4405 qui
1341 4334 1396 4388 in
1424 4335 1582 4388 domo
1603 4331 1692 4385 illa
1724 4329 1926 4400 reperti

2037 511 2130 565 tibi
2154 511 2246 566 lilii
2271 527 2288 577 ;
2319 529 2339 563 ι
2371 512 2472 581 ipsi
2493 526 2626 566 sane
2661 512 2922 582 apostoli,
2951 515 3040 582 qui
3068 515 3135 568 ad
3163 515 3478 584 capiendam
3503 517 3604 570 bu-

2035 617 2207 656 mante
2253 603 2518 672 superbiae
2569 601 2785 658 Jericbo
2850 613 2957 656 tam
3013 604 3210 669 valida,
3239 615 3345 659 tam
3388 606 3604 662 robusta

2033 692 2287 748 fulminea
2322 693 2762 761 praedicationum
2784 709 3002 748 suorum
3028 693 3206 762 jacula
3231 706 3564 754 contorsere.

2103 782 2272 838 Unius
2289 783 2635 854 ejusdemque
2670 784 2924 840 Ecclesim
2944 795 3191 854 etpatres
3211 787 3605 856 quodammodo

2031 876 2280 932 videntur
2307 887 2362 932 et
2387 876 2503 941 filii,
2528 876 2622 930 filii
2658 875 2904 931 videlicet
2932 877 3361 946 patriarcharum
3393 889 3446 932 et
3487 894 3609 952 pro-

2030 966 2348 1036 phetarum;
2376 974 2559 1037 patres
2577 979 2706 1021 vero
2732 966 3170 1036 subsequentium
3193 969 3432 1022 omnium
3457 969 3607 1022 dein-

2031 1073 2157 1129 ceps
2181 1058 2498 1114 electorum.
2549 1055 2689 1111 Hinc
2729 1065 2813 1112 est
2841 1057 2982 1111 enim
3029 1058 3170 1126 quod
3215 1057 3380 1127 Moysi
3427 1059 3608 1113 divina
3681 1109 3693 1121 ,

2030 1160 2160 1202 voce
2184 1148 2512 1217 prmcipitur,
2573 1153 2633 1200 ut
2665 1154 2720 1201 et
2758 1146 2920 1200 bases
2962 1155 3248 1215 argenteas
3285 1147 3503 1208 fundat,
3551 1157 3605 1200 et

2032 1234 2240 1290 tabulas
2271 1237 2546 1292 inauratos
2574 1235 2806 1304 desuper
2835 1233 3008 1302 erigat
3036 1232 3231 1304 (Exod.
3263 1233 3432 1302 xxvn).
3466 1233 3608 1300 Quid

2030 1339 2210 1383 autem
2240 1343 2336 1398 per
2366 1329 2522 1383 bases
2545 1335 2849 1397 argenteas,
2895 1324 2999 1380 nisi
3047 1325 3432 1394 pr0phetarum
3459 1319 3608 1379 vides

2030 1427 2119 1473 tur
2139 1419 2271 1473 ordo
2295 1418 2519 1488 signari,
2547 1420 2638 1488 qui
2665 1417 2792 1471 dum
2826 1415 2988 1486 primi
3033 1416 3098 1470 dc
3137 1425 3481 1470 sacramento
3505 1413 3606 1470 Ec-

2029 1507 2207 1562 clesia:
2237 1516 2364 1562 sunt
2401 1507 2582 1574 locuti,
2611 1506 2766 1576 quasi
2797 1505 3056 1576 quasdam
3088 1504 3248 1558 bases
3290 1519 3386 1558 eos
3413 1502 3608 1572 aspicis

2029 1615 2150 1654 mus
2171 1615 2202 1654 a
2225 1598 2576 1654 fundamento
2604 1613 2931 1668 consurgere
2957 1605 3012 1650 et
3037 1594 3376 1667 superposita
3392 1594 3612 1649 fabricat

2029 1690 2267 1758 pondera
2297 1690 2598 1748 sustinere?

2103 1779 2241 1846 Quid
2269 1793 2397 1833 vero
2423 1793 2520 1848 per
2554 1778 2783 1846 tabulas,
2806 1778 2910 1833 nisi
2945 1779 3115 1835 sancti
3147 1778 3445 1850 figurantur
3472 1790 3610 1849 apo-1
3667 1803 3676 1813 ε

2032 1870 2180 1935 stoli,
2217 1871 2308 1940 qui
2336 1878 2558 1925 extensa
2596 1885 2694 1938 per
2746 1870 3005 1926 mundum
3052 1871 3431 1939 praedicatidne
3479 1879 3606 1926 sunt

2032 1960 2364 2030 amplissime
2391 1961 2632 2016 dilatuti?
2657 1961 3033 2030 Apostolorum
3067 1975 3299 2030 namque
3326 1963 3565 2017 doctrina
3585 2001 3604 2027 ,

2031 2053 2186 2120 quasi
2229 2051 2549 2122 quibusdam
2592 2053 2812 2107 basibus
2843 2052 3168 2122 propheticae
3212 2053 3605 2122 praedicationis

2033 2143 2284 2200 innititur
2311 2158 2606 2212 eorumque
2649 2144 2973 2198 auctoritate
3016 2143 3082 2197 ad
3115 2152 3290 2199 status
3323 2146 3408 2198 sui
3441 2145 3606 2199 robur

2032 2233 2259 2288 firmiter
2288 2233 2568 2290 solidatur.
2597 2233 2751 2289 Unde
2776 2243 2832 2290 et
2855 2234 3154 2304 conjunctae
3180 2234 3322 2289 binae
3357 2236 3514 2290 bases
3545 2237 3600 2290 in

2031 2323 2256 2394 singulis
2302 2324 2498 2380 tabulis
2527 2334 2924 2394 supponuntur,
2973 2327 3098 2396 quia
3150 2326 3276 2380 dum
3325 2327 3603 2396 prophetae

2031 2414 2205 2468 sancti
2238 2413 2292 2469 in
2319 2414 2499 2469 verbis
2516 2414 2632 2469 suis
2658 2415 2888 2469 invicem
2923 2414 2992 2469 de
3032 2415 3225 2470 futura:
3265 2425 3391 2470 tunc
3419 2416 3608 2471 Ecclec

2031 2505 2126 2559 site
2151 2513 2492 2559 sacramento
2516 2504 2871 2569 concordant,
2895 2513 2948 2560 et
2970 2505 3359 2574 subsequentes
3385 2514 3605 2574 aposto-

2030 2595 2111 2650 los
2157 2594 2488 2650 aedificantes
2515 2594 2811 2659 aedificant;
2849 2603 3059 2649 etcum
3103 2609 3135 2648 a
3187 2595 3495 2664 semetipsis
3543 2595 3603 2649 in

2030 2685 2178 2740 nullo
2218 2686 2573 2753 dissentiunt,
2606 2685 2724 2740 illos
2753 2685 2807 2740 in
2854 2701 2912 2741 se
2963 2687 3234 2741 robustius
3263 2685 3449 2754 ﬁgunt.
3494 2685 3608 2742 Nec

2033 2775 2305 2830 immerito
2329 2776 2510 2842 bases,
2557 2776 2754 2844 quibus
2794 2776 3067 2844 prophetas
3109 2776 3422 2844 signantur,
3453 2784 3512 2829 ut
3538 2789 3618 2828 ex

2031 2873 2258 2934 argento
2295 2865 2526 2920 debeant
2567 2864 2718 2918 fundi
2763 2864 3094 2933 praecipitur.
3139 2864 3362 2932 Argenti
3401 2865 3604 2934 quippe

2030 2955 2251 3011 claritas
2275 2971 2343 3011 ex
2370 2971 2470 3009 usu
2500 2964 2770 3019 servatur,
2801 2953 2916 3007 sine
2943 2968 3042 3006 usu
3075 2964 3253 3006 autem
3284 2953 3337 3006 in
3367 2952 3607 3022 nigredi-

2036 3062 2157 3102 nem
2182 3047 2427 3102 vertitur.
2451 3045 2842 3114 Prophetarum
2881 3057 3093 3112 quoque
3113 3043 3276 3106 dicta,
3316 3051 3606 3112 antequam

2034 3139 2328 3210 apostolica
2384 3136 2764 3207 praedicatione
2811 3134 3201 3203 clarescerent,
3251 3132 3374 3200 quia
3410 3134 3461 3186 in
3504 3147 3602 3186 usu

2029 3231 2326 3301 spiritualis
2352 3228 2716 3298 intelligentia:
2737 3241 2842 3280 non
2867 3232 3040 3288 erant,
3071 3223 3196 3278 dum
3221 3222 3460 3291 conspici
3490 3237 3603 3292 prae

2025 3322 2369 3387 obscuritate
2389 3336 2496 3374 non
2531 3327 2805 3388 poterant,
2831 3317 2984 3385 quasi
3037 3317 3186 3386 nigra
3230 3314 3599 3376 remanebant,

2029 3423 2084 3468 at
2122 3421 2403 3482 postquam
2433 3408 2740 3478 apostolicae
2771 3406 3172 3476 praadicationis
3201 3419 3391 3459 manus
3415 3405 3604 3458 vatici-

2029 3505 2116 3559 nia
2138 3504 2367 3559 obscura
2396 3499 2639 3562 detersit,
2685 3496 2944 3568 quidquid
2989 3495 3127 3549 lucis
3177 3495 3231 3548 in
3260 3493 3339 3548 eis
3368 3493 3596 3554 latebat,

2029 3594 2284 3650 inclaruit
2309 3604 2608 3660 sensusque
2630 3603 2820 3644 eorum
2849 3586 3104 3657 mysticos
3152 3585 3206 3638 in
3249 3599 3406 3638 usum
3432 3581 3610 3644 dedit,

2029 3683 2154 3752 quia
2185 3681 2348 3736 verba
2380 3679 2491 3748 jam
2519 3677 2680 3733 rebus
2710 3689 2832 3731 esse
2869 3674 3114 3744 exposita
3142 3673 3424 3742 perspicue
3468 3686 3613 3724 nun»-

2031 3771 2206 3826 tiavit.
2231 3769 2359 3825 Jure
2381 3769 2546 3840 igitur
2572 3766 2959 3836 pracipiuntur
2995 3763 3114 3818 fleri
3140 3773 3194 3816 et
3226 3763 3381 3817 bases
3412 3775 3620 3830 argen-

2029 3876 2130 3925 tem
2168 3873 2222 3921 et
2277 3863 2470 3919 tabula:
2521 3863 2812 3924 deam-atas,
2850 3861 2975 3930 quia
3020 3858 3273 3914 videlicet
3314 3857 3617 3925 apostolica.

2027 3955 2188 4028 305
2239 3962 2506 4024 praecepta
2547 3952 2933 4023 prophetarum
2990 3947 3225 4004 oraculis
3275 3947 3430 4017 longe
3483 3953 3612 4000 sunt

2028 4047 2276 4103 clariora.

2102 4136 2172 4193 Ut
2193 4151 2323 4206 ergo
2361 4135 2429 4190 ad
2459 4133 2735 4204 superiora
2767 4131 3073 4194 redeamus,
3105 4143 3212 4184 non
3241 4127 3614 4197 incongruum

2028 4239 2115 4286 est
2145 4229 2189 4286 si
2218 4238 2273 4284 et
2298 4243 2427 4283 arca
2450 4236 2505 4281 et
2531 4225 2723 4280 domus
2765 4223 3092 4287 meretricis,
3136 4235 3259 4290 qua:
3305 4218 3618 4282 obsidetur,

2032 4334 2199 4375 unam
2226 4317 2581 4386 eamdemque
2624 4315 2930 4384 exprimere
2977 4313 3261 4367 videantur
3289 4308 3620 4370 Ecclesiam,

353 4398 499 4501 sunt,
523 4398 715 4490 mortis
735 4398 963 4489 evasere
985 4398 1318 4500 periculum;
1345 4424 1472 4494 quia
1497 4398 1798 4476 sicutintra
1822 4420 1926 4474 Ec-
1953 4431 2013 4494 Β
2032 4425 2156 4501 cum
2199 4407 2436 4501 ejusdem
2470 4405 2753 4501 Ecclesiae,
2799 4405 2940 4460 sicut
2985 4403 3189 4456 dictum
3237 4407 3370 4501 est,"
3391 4398 3617 4501 diversa

351 4525 576 4582 clesiam
601 4537 794 4580 omnes
819 4521 1094 4577 salvantur
1115 4515 1296 4582 electi,
1325 4514 1398 4569 ita
1436 4521 1588 4568 extra
1632 4509 1928 4566 Ecclesiam

351 4631 514 4674 nemo
535 4615 733 4686 poterit
752 4613 932 4670 salvus
953 4607 1201 4666 inveniri.

427 4705 535 4761 Sed
568 4704 801 4760 fortasse
825 4701 1084 4772 qumritur
1125 4695 1397 4768 quomodo
1419 4701 1476 4750 et
1499 4707 1649 4758 arca,
1687 4705 1808 4761 qua
1835 4704 1929 4743 ur-

352 4793 478 4849 bem
527 4790 855 4850 circumiens
898 4786 1200 4852 obsidebat,
1232 4793 1288 4840 et
1323 4785 1514 4838 domus
1554 4779 1770 4844 Rahab,
1812 4791 1932 4848 qua:

353 4883 525 4953 Ipsius
571 4881 844 4938 moenibus
885 4875 1214 4941 inluerebat,
1261 4882 1491 4942 utraque
1534 4869 1789 4926 nimirum
1847 4881 1935 4922 res

355 4974 788 5044 etiamdesignat
820 4969 1116 5026 Eeclesiam
1138 5004 1154 5031 ,
1198 4981 1322 5022 eum
1363 4977 1490 5019 arca
1514 4961 1763 5018 videlicet
1787 4959 1934 5015 obsi-

354 5065 483 5120 deat
508 5072 562 5118 et
594 5068 891 5132 expugnet;
922 5061 1112 5116 domus
1164 5066 1342 5110 autem
1380 5053 1628 5107 videatur
1665 5047 1934 5105 obsessa?

358 5152 468 5210 Sed
492 5154 609 5210 haec
637 5152 850 5224 questio
893 5149 1054 5205 facile
1094 5145 1347 5209 solvitur,
1374 5142 1420 5199 si
1448 5142 1503 5196 in
1542 5139 1802 5196 membris
1831 5136 1934 5190 Ec-

357 5245 565 5312 clesiae,
587 5258 710 5314 qua
733 5243 806 5298 sit
823 5241 1136 5303 diversitas,
1169 5234 1438 5292 subtiliter
1465 5230 1794 5286 attendatur.
1825 5227 1931 5281 Ec-

356 5335 522 5392 clesia
551 5348 784 5404 namque
802 5339 1073 5402 expugnat
1115 5325 1433 5388 Ecclesiam,
1471 5337 1594 5377 cum
1621 5317 1933 5389 praedicato-

357 5438 470 5490 res,
500 5423 782 5494 magistri,
807 5431 864 5477 et
887 5417 1130 5490 discipuli
1164 5412 1542 5496 praesidentes,
1571 5417 1628 5463 et
1651 5407 1930 5475 obtempeo

357 5527 544 5575 rantes
563 5531 629 5573 ex
659 5531 768 5572 uno
790 5513 988 5572 divine
1007 5507 1432 5584 regenerationis
1451 5505 1600 5560 fonte
1617 5499 1930 5572 procedere,

357 5628 525 5667 riuum
549 5612 780 5681 denique
821 5622 1016 5679 corpus
1039 5603 1293 5661 Ecclesiae
1330 5609 1582 5669 tanquam
1623 5586 1832 5650 diversa
1853 5591 1934 5646 vi-

364 5706 592 5762 deantur
646 5703 888 5759 membra
917 5698 1204 5771 complere.
1254 5694 1353 5753 Cui
1398 5692 1650 5748 nimirum
1683 5685 1932 5744 Ecclesia:
1967 5750 1970 5753 ,

2035 4500 2145 4556 sint
2175 4499 2442 4560 membra,
2467 4493 2572 4549 alia
2596 4493 2847 4550 videlicet
2865 4507 2962 4562 per
2983 4500 3185 4545 sancta:
3207 4485 3621 4556 praedicationis

2035 4591 2294 4648 ambitum
2322 4585 2645 4648 obsidentis,
2676 4584 2780 4638 alia
2801 4599 2832 4637 a
2859 4597 2970 4637 sum
2992 4579 3348 4641 inﬁdelitatis,
3370 4576 3454 4631 vel
3480 4591 3616 4645 pra-

2034 4679 2221 4734 vitatis
2245 4673 2762 4741 munimine,salutis
2795 4670 3053 4727 doctrinae
3083 4669 3279 4737 iaculis
3305 4665 3620 4730 obruenda,

2037 4769 2140 4825 alia
2158 4768 2270 4838 jam
2297 4764 2619 4828 domestica,
2642 4762 2748 4816 alia
2769 4761 2944 4816 adhuc
2969 4775 3064 4828 per
3089 4757 3428 4813 aversionem
3454 4753 3619 4824 pravi

2036 4859 2217 4930 operis
2238 4855 2603 4914 aliena.Hunc
2627 4854 2680 4908 in
2708 4851 3072 4907 testimonium
3099 4847 3395 4918 spiritualis
3421 4858 3618 4916 pugnae-

2035 4947 2344 5006 conﬂictum
2372 4945 2541 5002 Isaias
2587 4942 2698 5013 jam
2745 4943 3089 5003 odoraverat,
3135 4952 3280 4999 cum,
3322 4943 3619 5004 postquam

2036 5039 2336 5098 Salvatoris
2365 5037 2657 5092 adventum
2704 5031 2988 5102 perspicue
3016 5027 3414 5097 descripsisset,
3441 5024 3620 5096 proti-

2034 5147 2137 5188 nus
2161 5129 2368 5186 addidit
2388 5146 2404 5182 :
2433 5145 2451 5178 ι
2469 5126 2538 5182 Ει
2560 5140 2656 5182 cor
2679 5122 2900 5194 Egypti
2924 5120 3160 5175 tabescet
3189 5119 3242 5173 in
3276 5114 3456 5172 medio
3469 5116 3618 5184 ejus,

2035 5232 2090 5279 et
2118 5233 2448 5278 concurrere
2478 5217 2674 5272 faciam
2705 5213 2987 5284 IEgyptios
3014 5211 3277 5265 adversus
3301 5205 3616 5277 Egyptios,

2034 5320 2090 5368 et
2115 5310 2375 5383 pugnabit
2402 5308 2487 5362 vir
2510 5315 2703 5362 contra
2732 5303 2956 5357 fratrem
3002 5316 3185 5365 suum,
3213 5308 3269 5355 et
3302 5299 3386 5352 vir
3417 5305 3614 5352 contra

2035 5405 2270 5459 amicum
2289 5415 2472 5465 suum,
2492 5408 2547 5453 et
2568 5396 2760 5452 civitas
2785 5394 3046 5448 adversus
3061 5391 3360 5452 civitatem,
3383 5401 3609 5457 regnum

2034 5497 2297 5552 adversus
2323 5505 2572 5562 regnum,
2609 5496 2665 5543 et
2688 5487 3029 5554 dirumpetur
3056 5483 3281 5553 spiritus
3306 5477 3522 5549 Egypti
3552 5477 3609 5532 in
3713 5531 3716 5538 ,

2034 5585 2334 5643 visceribus
2354 5582 2471 5653 ejus
2498 5579 2634 5651 (ha.
2675 5576 2812 5648 xix).
2839 5596 2860 5630 ι

2102 5679 2237 5734 Cum
2263 5674 2428 5747 igitur
2457 5686 2552 5743 per
2595 5668 2905 5741 apostolicae
2946 5663 3350 5740 praedicationis
3372 5661 3622 5720 obsidio-
