4064 6208
481 261 583 315 8'27

1083 265 1139 320 S.
1182 263 1383 320 PETRI
1411 264 1693 322 DAMiANl
1730 267 1879 323 OPP.
1912 262 2089 322 PARS
2115 262 2258 323 SEU‘
2293 261 2528 324 TOMUS
2566 267 2624 322 ll.
2657 294 2726 309 --
2761 265 3146 323 SERMONES.

3617 260 3726 317 838

487 391 629 440 nem,
663 374 857 429 fratres
886 373 1209 442 charissimi,
1250 378 1314 431 de
1351 379 1625 446 pereuntis
1649 374 1866 433 Iericho
1892 380 2060 433 simus
2088 381 2132 438 Α
2165 376 2441 430 hominum
2468 387 2667 446 pestes,
2699 376 2790 446 qui
2837 376 2972 430 dum'
2991 374 3433 446 philosophorum
3462 385 3646 430 sectas
3675 377 3725 428 iu

489 465 947 518 mternecionibus
977 465 1138 530 eruti,
1188 466 1297 521 imo
1340 468 1406 521 de
1441 468 1712 521 subversa:
1743 467 2059 539 gentilitatis

487 557 698 611 excidio
717 556 971 610 divinitus
989 556 1222 620 liberati,
1239 572 1346 611 non
1369 573 1654 627 gravemur
1669 558 1831 613 duces
1849 566 2062 612 nostros

490 649 762 714 subsequi,
805 661 910 713 quo
955 647 1294 715 praecedunt;
1328 662 1432 701 non
1481 647 1728 704 videatur
1773 664 2060 703 onerosum

488 741 744 808 quidquid
770 739 925 793 nobis
960 754 1058 808 pro
1088 748 1272 794 nostra
1301 740 1474 794 salute
1502 742 1837 810 praecipiunt.

560 829 697 884 Ecce
745 831 884 886 beati
936 830 1161 898 apostoli
1207 829 1401 885 Petrus
1446 841 1503 885 et
1530 832 1772 887 Andreas
1802 834 1868 888 ad
1897 848 2063 888 unum

492 919 698 974 Domini
736 919 972 986 jubentis
1018 919 1323 988 imperium,
1376 933 1482 976 non
1528 921 1911 979 dubitaverunt
1943 941 2062 994 qnze

405 1052 410 1058 .
488 1009 837 1078 possidebant
863 1019 1058 1064 cuncta
1083 1009 1406 1079 relinquere.
1431 1020 1492 1065 ut
1521 1014 1750 1069 terrenis
1777 1030 2061 1070 mereren—

490 1109 580 1154 tur
623 1098 864 1154 cmlestia
901 1107 1231 1169 permutare.
1275 1100 1561 1156 Dimittunt
1604 1117 1725 1172 qua:
1753 1117 1866 1173 prae
1891 1105 2064 1160 oculis

489 1201 637 1254 sum,
665 1200 723 1244 ut
755 1191 1042 1247 invisibilia
1087 1193 1227 1246 bona
1272 1193 1556 1262 recipiant.
1597 1193 1934 1264 Postpouunt
1966 1197 2065 1250 ha-

488 1283 624 1348 bita,
668 1283 734 1336 ad
766 1292 981 1353 sperata
1019 1283 1352 1358 pertingant,
1385 1285 1454 1344 ad
1479 1301 1708 1356 regnum
1733 1302 1830 1357 per
1859 1284 2065 1356 suppli-

490 1374 632 1428 cium
663 1381 967 1436 transeunt,
997 1375 1064 1428 ad
1092 1384 1306 1427 :eternae
1332 1375 1456 1428 vitae
1483 1377 1674 1445 gaudia
1702 1390 1798 1444 per
1821 1391 2063 1431 momen-

491 1471 708 1518 taneum
755 1463 933 1517 crucis
974 1463 1268 1530 patibulum
1299 1465 1682 1532 provehuntur.
1716 1463 1852 1518 Nihil
1880 1462 1980 1519 sibi
2007 1465 2059 1519 in

492 1555 918 1623 peregrinatione
947 1562 1244 1615 reservant,
1266 1563 1322 1607 ut
1343 1554 1718 1623 pervenientes
1738 1555 1802 1607 ad
1830 1555 2060 1623 patriam

491 1640 670 1693 omnia
701 1639 857 1692 simul
885 1639 1176 1692 inveniant.
1215 1636 1367 1692 Unde
1403 1653 1525 1693 cum
1560 1639 1664 1694 illis
1690 1654 1786 1712 per
1812 1641 2064 1694 immuta-

2161 465 2459 520 Ecclesiam
2485 466 2666 520 conati
2697 475 2831 520 sunt
2865 467 3226 529 introducere,
3274 464 3410 518 iram
3455 464 3549 519 Dei
3596 481 3732 535 quo-

2161 555 2446 609 dammodo
2486 571 2649 625 super
2678 563 2855 610 castra
2886 555 3052 610 lsrael
3095 554 3195 608 visi
3239 561 3369 608 sunt
3410 567 3727 623 provocare.

2163 644 2270 700 Sed
2301 645 2338 698 ii
2363 645 2540 700 obruti
2568 653 2691 700 sunt
2719 660 2839 699 cum
2883 645 3068 700 Acban
3110 643 3212 698 sub
3247 657 3441 698 acervo
3470 641 3728 711 lapidum;

2161 735 2286 804 quia
2297 734 2538 804 oppressi
2553 743 2676 788 sunt
2691 733 3085 788 immanissimo
3106 732 3344 800 pondere
3362 741 3727 800 peccatorum.

2231 823 2340 879 Nos
2367 835 2569 890 autem,
2616 822 2816 879 fratres
2843 823 3170 887 charissimi,
3221 821 3348 891 quia
3391 821 3731 891 philosophia

2161 924 2346 970 nostra
2391 914 2644 970 Christus
2687 925 2768 969 est
2822 923 2877 968 et
2926 911 3014 968 hic
3056 912 3367 977 cruciﬁxus,
3415 920 3578 981 atque
3606 912 3728 966 ideo

2161 991 2450 1076 magistros
2499 995 2781 1070 habemus,
2835 1019 2941 1060 non
2972 1013 3238 1067 oratores,
3274 1003 3368 1058 sed
3415 993 3732 1073 piscatores,

2162 1111 2267 1150 non
2300 1104 2546 1152 versutos
2569 1106 2624 1150 et
2650 1095 2983 1166 eloquentes,
3029 1097 3122 1151 sed
3149 1095 3308 1150 mites
3348 1109 3413 1149 ac
3439 1095 3734 1163 simplices,

2162 1186 2533 1255 despiciantus‘
2551 1184 2870 1254 sapientiam
2895 1169 3014 1254 qius
3035 1193 3231 1248 czecat;
3259 1193 3578 1253 appetamus
3601 1185 3736 1237 stul-

2163 1277 2334 1331 titiam
2378 1293 2500 1346 quae
2549 1279 2819 1334 discentes
2870 1279 3155 1333 illuminat.
3212 1296 3230 1328 ι
3273 1277 3407 1345 Quia
3460 1278 3625 1344 enim,
3677 1288 3734 1331 ut

2161 1367 2456 1438 Apostolus
2477 1369 2574 1433 ait,
2610 1380 2719 1423 non
2743 1369 2998 1439 cognovit
3028 1368 3270 1422 mundus
3291 1383 3386 1437 per
3413 1367 3732 1437 sapientiam

2163 1461 2350 1526 Deum,
2402 1462 2597 1531 placuit
2637 1476 2734 1530 per
2780 1462 3060 1516 stultitiam
3109 1461 3506 1530 praidicationis
3555 1460 3734 1515 salvos

2162 1547 2344 1603 facere
2370 1549 2655 1604 credentes
2692 1548 2742 1620 (1
2774 1548 2896 1603 Cor.
2924 1550 3028 1618 1).»

2235 1639 2535 1695 Teneamus
2576 1641 2740 1712 igitur
2781 1641 2833 1694 in
2883 1655 2980 1694 sua
3034 1639 3271 1711 puritate
3327 1639 3650 1701 doctrinam,
3679 1648 3745 1693 et

493 1731 690 1783 tionem
725 1730 962 1782 dexterae
988 1728 1198 1783 Escelsi
1232 1728 1561 1788 boc.factum
1590 1741 1691 1794 est,
1721 1739 1781 1784 ut
1809 1731 1899 1800 qui
1935 1739 2062 1785 tunc
2091 1716 2136 1775 Β
2163 1737 2327 1784 recta:
2352 1728 2476 1783 ﬁdei
2505 1729 2856 1784 adhibeamus
2890 1730 3071 1798 operis
3093 1729 3413 1784 efﬁcaciam.
3443 1721 3735 1783 Enatemus

492 1818 684 1887 abjecti
719 1818 1040 1871 videbantur
1085 1827 1139 1871 et
1168 1818 1418 1881 humiles,
1450 1835 1591 1874 nunc
1645 1820 1946 1874 animarum
1974 1819 2066 1887 ju-

491 1907 640 1960 dices
673 1915 728 1959 et
765 1905 1000 1960 crelestis
1041 1907 1151 1960 sint
1177 1908 1342 1960 curia:
1371 1919 1667 1962 senatores.
1699 1906 1848 1962 Tunc
1877 1908 2060 1962 vilium

490 2009 828 2064 possessores
858 1996 1075 2060 retium,
1106 2011 1250 2050 nunc
1289 1998 1340 2050 in
1372 2000 1555 2069 regnis
1589 1999 1900 2055 ccelestibus
1924 2000 2065 2055 obti-

493 2094 622 2139 nent
649 2087 835 2157 gloriae
873 2087 1256 2156 principatum.
1281 2081 1374 2142 ‘Et
1418 2105 1553 2159 quos
1582 2092 1634 2144 in
1687 2103 1830 2146 terra
1859 2095 2065 2163 positos

490 2177 604 2243 ipsa
640 2187 971 2229 terrenarum
1019 2191 1200 2230 rerum
1257 2180 1412 2247 copia
1462 2180 1800 2246 destituerat,
1844 2195 1987 2237 nunc
2010 2190 2065 2236 et

492 2272 658 2325 totius
683 2273 832 2336 orbis
874 2273 1242 2326 monarchiam
1297 2282 1482 2327 tenent
1525 2281 1582 2327 et
1622 2273 1674 2325 in
1721 2273 1810 2327 illa
1857 2273 2063 2328 cmlesti

492 2360 824 2415 Hierusalem
888 2361 1186 2430 judiciariae
1246 2363 1528 2432 potestatis
1576 2361 1726 2419 soliis
1753 2365 2062 2433 praesident.

491 2454 700 2522 Quique
723 2455 950 2508 extremi
981 2469 1117 2523 pene
1160 2451 1373 2509 fuerant
1420 2454 1720 2517 hominum,
1754 2469 1893 2507 nunc
1937 2470 2066 2508 con-

492 2545 638 2598 cives
677 2554 800 2597 sunt
841 2556 894 2597 et
939 2545 1229 2615 participes
1260 2544 1593 2610 angelorum.
1625 2545 1754 2598 Boni
1797 2545 2062 2613 siquidem

493 2635 733 2702 magistri
756 2644 810 2687 et
840 2637 977 2704 grati
1025 2638 1446 2690 remuneratoris
1494 2637 1769 2692 adbzesere
1799 2637 2062 2707 vestigiis,

493 2726 583 2794 qni
629 2727 708 2778 eis
759 2743 945 2779 aurum
994 2743 1090 2794 pro
1137 2742 1316 2794 emno,
1367 2737 1558 2782 cuncta
1592 2743 1692 2798 pro
1741 2728 1932 2792 nihilo,
1964 2744 2063 2797 pro

495 2816 732 2870 tenebris
760 2818 952 2879 lucem,
979 2833 1073 2886 pro
1096 2820 1306 2873 somnio
1337 2821 1569 2874 reddidit
1597 2822 1900 2875 veritatem.
1931 2820 2064 2888 Qui-

494 2906 594 2959 bus
631 2906 882 2960 nimirum
929 2916 982 2961 et
1035 2908 1084 2961 in
1135 2908 1272 2962 uelo
1316 2909 1431 2979 ipse
1472 2911 1542 2964 sit
1586 2912 1889 2979 praemium,
1919 2921 1974 2965 et
2007 2911 2061 2965 in

497 2995 654 3048 terris
683 3009 895 3064 quoque
917 2997 1156 3050 omnium
1186 2996 1402 3064 subjicit
1429 2997 1552 3066 jura
1584 3015 1891 3068 regnorum.

2162 1819 2514 1889 procellosum
2567 1821 2848 1874 mundana:
2900 1819 3324 1888 perturbationis
3374 1818 3612 1873 ﬁuettnn.
3653 1819 3734 1871 In-

2162 1908 2302 1964 cludi
2338 1904 2500 1965 libeat
2527 1918 2797 1965 tantorum
2829 1911 3033 1964 retibus
3061 1910 3412 1979 piscatorum.
3441 1909 3729 1963 lucaleseat

2162 2016 2258 2057 cor
2285 2010 2530 2057 nostrum
2567 2003 2634 2056 ad
2681 2011 2789 2056 tam
2834 2011 3097 2072 prompta:
3123 2001 3460 2065 obedientia,
3495 2009 3602 2054 tam
3632 2000 3710 2054 fer

2162 2091 2489 2146 vemissimte
2514 2093 2817 2147 devotionis
2863 2091 3188 2162 exemplum,
3220 2101 3277 2146 et
3303 2093 3444 2160 quod
3486 2091 3736 2144 doctores

2162 2188 2378 2236 nostros
2412 2183 2657 2236 novimus
2684 2190 2814 2237 tunc
2840 2181 3054 2247 fecisse,
3095 2183 3197 2253 ipsi
3224 2182 3385 2237 etiam
3411 2182 3590 2235 divina
3620 2181 3731 2250 epi-

2166 2269 2370 2324 tulante
2392 2269 2700 2336 clementia,
2731 2271 3046 2327 studeamus
3085 2271 3328 2342 implere.
3375 2271 3514 2326 Ecce
3551 2271 3736 2325 beatos

2163 2357 2380 2424 fratres,
2411 2359 2628 2414 Petrum
2652 2359 2902 2415 videlicet
2926 2368 2982 2414 et
3001 2359 3293 2422 Andream,
3326 2373 3597 2428 nunquam
3617 2368 3743 2427 post

2164 2450 2569 2505 conversionem
2595 2451 2822 2521 legimus
2851 2450 3056 2505 carnali
3089 2451 3318 2520 quadam
3339 2449 3754 2504 necessitudine

2165 2539 2379 2595 sibimet
2415 2542 2647 2597 invicem
2696 2541 3018 2596 familiarius
3044 2541 3352 2605 adluesisse,
3385 2555 3546 2609 quam
3573 2548 3732 2594 caete-

2164 2632 2258 2696 ris,
2308 2649 2413 2686 non
2445 2635 2647 2688 arctius
2695 2634 2837 2688 inter
2879 2649 2938 2688 se
2974 2643 3159 2689 mutuo
3185 2633 3580 2689 conftederatos
3606 2631 3736 2686 aﬁ'e-

2163 2733 2251 2775 cm
2279 2761 2294 2782 ,
2345 2735 2449 2775 non
2501 2721 2714 2776 easdem
2767 2721 3074 2790 provincias
3113 2721 3508 2792 praedicationis
3561 2721 3736 2791 gratia

2164 2813 2511 2877 consortitos,
2541 2823 2617 2878 et,
2647 2822 2707 2868 ut
2747 2814 2918 2888 magis
2947 2823 3188 2883 stupeas,
3216 2829 3322 2866 non
3350 2813 3575 2868 moleste
3613 2812 3731 2865 tulit

2161 2905 2403 2960 Andreas
2429 2905 2572 2974 quod
2598 2907 2652 2960 in
2679 2903 2784 2960 ﬁde
2821 2905 3051 2974 primus,
3099 2902 3271 2958 factus
3309 2912 3391 2958 est
3415 2901 3623 2957 ordinis
3653 2901 3734 2954 di-

2165 2997 2369 3067 gnitate
2393 2995 2692 3061 secundus;
2719 3009 2820 3050 nec
2850 2993 2967 3049 zelo
3002 2994 3196 3049 ductus
3223 3002 3324 3059 est,
3353 2992 3493 3061 quod
3520 2990 3741 3054 Petrus,-

567 3082 670 3138 Per
700 3054 838 3140 hanc
858 3100 986 3155 ergo
1011 3087 1172 3149 viam,
1202 3054 1394 3142 fratres
1419 3054 1547 3152 mei,
1567 3054 1676 3157 qu;
1704 3103 1799 3141 nos
1828 3103 2062 3158 prmces-
2090 3054 2138 3118 ο
2165 3054 2260 3154 qui
2281 3085 2396 3154 ejus
2419 3086 2618 3140 ducatu
2637 3087 2908 3156 posterior
2931 3085 3180 3150 credidit,
3202 3084 3462 3153 cujusque
3483 3083 3551 3137 ad
3575 3081 3742 3135 fidem.

493 3185 634 3235 sere,
666 3186 976 3242 sequamur,
1009 3173 1052 3227 si
1083 3174 1228 3240 illuc,
1271 3176 1360 3230 ubi
1391 3183 1538 3242 sunt,
1577 3176 1887 3246 pertingere
1917 3176 2068 3231 volu-

496 3279 632 3316 mus.
661 3264 789 3318 Post
813 3267 911 3321 hos
939 3267 1119 3335 itaque
1144 3277 1288 3324 recta
1315 3269 1400 3323 via
1433 3271 1762 3340 gradientes,
1793 3271 1872 3325 sic
1903 3272 2067 3326 relin-

493 3359 722 3421 quamus
743 3355 979 3422 Iericho,
1017 3373 1206 3440 eorum
1237 3361 1519 3414 obsidione
1547 3359 1883 3415 submersam
1917 3360 2067 3432 [sub-

490 3447 728 3519 versam]
782 3457 939 3517 atque
982 3451 1333 3517 destructum,
1375 3461 1432 3504 ut
1464 3467 1801 3522 nequaquam
1850 3453 1916 3507 de
1949 3444 2065 3520 ejus

495 3536 840 3591 anathemate
892 3538 1092 3607 aliquid
1150 3555 1494 3610 usurpemus.
1553 3541 1808 3596 Prohibet
1870 3556 2065 3611 nempe

492 3622 652 3679 Jesus
683 3626 772 3680 ille
805 3625 969 3694 Nave,
1003 3645 1069 3682 ne
1118 3629 1186 3683 de
1233 3630 1577 3686 facultatibus
1617 3629 1834 3686 Iericho
1871 3633 2062 3702 aliquis

492 3718 842 3784 concupiscat
884 3718 1022 3788 (los.
1071 3721 1165 3791 vi).
1199 3721 1356 3776 Vetat
1397 3733 1451 3776 et
1480 3732 1665 3778 noster
1687 3723 1865 3790 .lesns,
1909 3740 2062 3781 verus

492 3807 678 3873 utique
705 3806 971 3870 Salvator,
996 3819 1053 3861 ut
1079 3826 1236 3864 nemo
1259 3827 1321 3866 ea
1348 3827 1466 3881 quae
1490 3815 1672 3868 mundi
1700 3828 1825 3868 sunt
1853 3815 2059 3884 diligat.

497 3914 518 3947 ι
547 3896 740 3961 Nolite,
758 3899 944 3968 inquit,
959 3901 1120 3972 303
1137 3904 1502 3958 thesauriaare
1528 3906 1679 3958 vobis
1703 3909 1985 3962 thesauros
2005 3909 2056 3962 in

497 3995 637 4039 terra
677 3989 888 4055 (Matth.
919 3997 1011 4058 vt).
1043 4011 1060 4042 ι
1089 3992 1152 4044 Ει
1183 4008 1276 4060 per
1297 3995 1593 4062 apostolum
1624 4011 1776 4049 suum
1804 4015 1817 4050 :
1846 4016 1865 4048 ι
1890 3996 2063 4052 Nolite

493 4076 713 4147 diligere
770 4081 1049 4143 mundum,
1088 4097 1260 4150 neque
1309 4098 1369 4136 ea
1429 4100 1548 4152 qum
1601 4085 1652 4137 in
1707 4087 1906 4142 mundo
1936 4097 2063 4141 suat

488 4165 545 4234 (1
566 4167 848 4229 locum)»
869 4169 982 4222 Non
1016 4187 1142 4238 ergo
1168 4173 1232 4224 ad
1263 4174 1563 4240 exemplum
1595 4176 1825 4229 infelicis
1852 4178 2058 4242 Achan,

492 4254 560 4307 de
578 4255 918 4310 anathemate
939 4258 1150 4311 .lericho
1173 4260 1371 4327 aliquid
1393 4262 1918 4334 defraudemuons.
1937 4267 2059 4336 vn),

494 4353 552 4396 ut
579 4344 827 4398 videlicet
848 4348 978 4400 nihil
1005 4363 1068 4401 ex
1093 4348 1365 4402 dissolutis
1393 4353 1674 4405 mandante
1693 4356 2058 4410 conversatio-

493 4437 577 4490 nis
632 4439 886 4500 moribus,
943 4433 1240 4508 disciplinis
1293 4441 1678 4499 ecclesiasticis
1733 4447 2056 4501 inseramus.

491 4527 605 4582 Non
635 4531 940 4584 auferamus
967 4532 1205 4600 pallium,
1237 4542 1296 4586 ut
1339 4544 1459 4604 post
1509 4536 1874 4589 imlumentnm
1911 4537 2058 4600 ﬁdei,

488 4619 690 4672 coitum
741 4624 1212 4677 eonversationum
1255 4625 1597 4680 saecularium
1633 4617 1944 4682 nullatenus
1973 4629 2056 4682 in-

489 4707 734 4763 duamus.
769 4710 881 4764 Non
910 4715 1117 4782 argenti
1149 4715 1330 4779 siclos,
1361 4724 1416 4768 nt
1441 4717 1530 4786 qui
1554 4727 1814 4770 aitet-num
1847 4719 2058 4771 thesau-

490 4800 691 4852 mm'in
723 4800 861 4853 caelo
889 4803 1244 4867 recondimns,
1275 4806 1478 4858 nullam
1511 4808 1864 4875 temporalem
1894 4823 2055 4876 pecu-

491 4888 633 4942 niam
673 4906 769 4959 per
811 4893 1154 4947 ambitionem
1205 4895 1256 4946 in
1293 4893 1513 4948 sudario
1557 4912 1901 4965 reponamus.
1940 4891 2054 4951 Non

490 4979 720 5049 denique
775 4984 1010 5049 regulam
1069 5001 1308 5049 auream,
1359 4995 1413 5041 ut
1448 4988 1498 5040 in
1531 4988 1825 5042 Ecclesiam
1853 4989 2053 5042 Christi

491 5083 596 5122 non
642 5081 894 5124 accurata
940 5072 1342 5128 intrmlucamus
1381 5075 1753 5129 haereticorum
1781 5076 2052 5145 dogmata,

491 5171 598 5210 non
653 5161 907 5212 trutinata
963 5163 1400 5231 pbilosoriborum
1460 5173 1613 5219 acute
1664 5165 2052 5234 disputantium

485 5247 689 5310 studia,
741 5248 820 5302 vel
856 5258 1133 5317 poetarum
1163 5251 1444 5306 elaborata
1489 5252 1765 5320 ﬁgmenta.
1810 5252 1932 5305 llaec
1972 5261 2056 5306 cst

482 5336 631 5388 enim
657 5354 819 5393 aurea
852 5339 939 5392 illa
969 5340 1172 5409 regula,
1199 5341 1380 5394 Iimato
1411 5342 1659 5396 videlicet
1699 5351 1861 5410 atque
1889 5341 2055 5410 polito

485 5439 738 5483 sermone
766 5431 990 5493 directa,
1018 5441 1070 5485 el
1099 5432 1244 5486 velut
1274 5448 1440 5487 aureo
1474 5433 1757 5489 luculentm
1789 5433 2054 5487 facundia:

484 5513 663 5570 nitore
719 5521 932 5574 vestita.
987 5521 1137 5576 lianc
1192 5533 1370 5576 autem
1423 5523 1660 5592 regulam
1715 5523 1874 5597 furatj
1926 5533 2054 5577 sunt

483 5603 670 5674 Arius,
720 5605 953 5664 Marcion
988 5621 1044 5666 et
1091 5613 1364 5683 Appelles,
1407 5612 1632 5682 aliaque
1677 5627 2050 5683 perversurum

2168 3175 2283 3244 ipse
2304 3176 2532 3244 praevius
2563 3175 2684 3241 fuit,
2707 3176 2981 3244 priorattts
3006 3185 3184 3229 tamen
3217 3175 3359 3229 inter
3388 3187 3578 3228 omnes
3603 3187 3734 3241 apo-

2166 3268 2333 3322 stolos
2369 3267 2492 3336 jura
2545 3267 2802 3338 suscepit.
2854 3265 3006 3320 Hanc
3060 3280 3254 3336 nempe
3304 3263 3743 3319 mortiﬁcationis

2167 3357 2403 3426 regulam
2427 3356 2597 3411 oculis
2643 3355 2844 3410 nostris
2881 3369 3148 3426 supernus
3179 3356 3434 3424 magister
3463 3354 3742 3424 apposuit,-

2166 3447 2306 3500 bane
2331 3445 2486 3500 nobis
2529 3461 2673 3500 verte
2699 3443 3023 3500 humilitatis
3057 3459 3320 3510 normam,
3354 3458 3451 3513 per
3479 3457 3641 3510 quam
3673 3441 3734 3494 il-

2165 3537 2275 3591 lum
2305 3545 2450 3592 recta
2477 3539 2562 3592 via
2590 3551 2960 3606 sequeremur,
2982 3535 3248 3589 exhibuit.
3277 3533 3335 3588 ln
3361 3533 3468 3587 illis
3501 3546 3741 3600 namque-

2165 3629 2354 3700 primis
2381 3627 2677 3697 discipulis,
2708 3643 2843 3697 quos
2869 3635 2924 3681 et
2966 3626 3149 3680 tnundi
3198 3625 3450 3680 doctores
3475 3623 3738 3686 instituit,

2163 3720 2401 3774 omnium
2446 3719 2705 3772 virtutum
2758 3718 2983 3771 formam
3035 3716 3312 3786 signanter
3353 3715 3624 3783 expressit
3677 3723 3736 3766 ιιι

2165 3825 2332 3881 usque
2360 3809 2428 3864 ad
2456 3809 2975 3864 consummationem
3001 3805 3179 3861 saeculi
3212 3807 3582 3874 unusquisque
3605 3804 3730 3857 ﬁlle-

2164 3901 2293 3954 lium
2325 3901 2390 3953 ad
2414 3914 2505 3954 eos
2535 3899 2854 3952 imitationis
2878 3897 3064 3952 oculos
3093 3895 3312 3966 dirigat,
3340 3905 3394 3950 et
3418 3911 3514 3964 per
3540 3909 3730 3948 eorum

2165 3995 2435 4051 tramitem
2479 3993 2804 4047 neutrolibet
2837 3992 3240 4046 exorbitaturus
3277 3988 3510 4049 incedat,
3541 3996 3730 4055 quate-

2162 4103 2262 4142 nus
2293 4086 2518 4140 tenendo
2543 4085 2728 4139 vitales
2757 4082 3040 4137 aﬁluentite
3083 4081 3242 4152 307
3272 4080 3414 4154 rivos
3441 4079 3724 4149 pervenia-

2164 4191 2282 4229 mus
2309 4176 2374 4228 ad
2402 4173 2627 4236 fontem,
2656 4172 2930 4240 sequendo
2961 4171 3157 4225 milites
3194 4179 3340 4224 recto
3375 4169 3574 4227 itinere
3601 4182 3721 4235 per-

2161 4265 2422 4318 ducamur
2475 4264 2539 4316 ad
2591 4277 2804 4331 regem,
2870 4261 3053 4316 Jesum
3116 4260 3385 4314 Christum
3443 4258 3726 4312 Dominum

2163 4363 2426 4417 nostrum,
2457 4353 2546 4420 qui
2594 4367 2714 4406 cum
2755 4351 2917 4405 Patre
2943 4363 3000 4405 et
3045 4351 3243 4420 Spiritu
3293 4357 3482 4403 sancto
3521 4347 3654 4401 vivit
3677 4354 3730 4401 et

2163 4453 2349 4513 regnat
2373 4457 2470 4512 per
2490 4442 2669 4495 omnia
2699 4439 2892 4495 smcula
2924 4439 3263 4494 saeculorum.
3291 4436 3488 4491 Amen.

2716 4531 2946 4588 SERMO
2994 4531 3171 4586 LVlll.

2309 4642 2368 4680 ιι.
2403 4641 2470 4679 ne
2509 4641 2552 4678 s.
2590 4638 2799 4679 ANDREA
2834 4637 3124 4677 arosrono.
3161 4620 3286 4692 (xu
3315 4619 3569 4684 novena.)

2229 4717 2294 4769 Et
2339 4718 2576 4785 quietum
2624 4716 2885 4777 studium,
2930 4727 2984 4770 et
3026 4723 3288 4768 attentum
3332 4712 3627 4776 silentium,
3674 4721 3724 4766 et

2160 4816 2308 4882 tanta
2367 4809 2500 4860 tanti
2531 4808 2633 4860 viri
2674 4805 2940 4861 festivitas
2994 4817 3235 4870 monent,
3267 4807 3373 4860 imo
3401 4806 3728 4874 compellunt

2161 4899 2359 4967 aliquid
2383 4901 2560 4952 dicere
2585 4899 2651 4951 ad
2680 4900 3066 4953 ostendendam
3092 4898 3312 4968 gloriam
3342 4898 3581 4959 deitatis,
3610 4899 3725 4967 glo—

2162 4990 2294 5043 riam
2347 4989 2653 5057 apostolica:
2703 4990 2997 5059 dignitatis,
3043 4989 3398 5043 confessionis
3447 4989 3726 5043 virtutem.

2161 5079 2360 5132 Demus
2385 5077 2608 5146 gloriam
2654 5078 2796 5132 laudi
2870 5078 2986 5146 ejus
3028 5077 3197 5147 (Paul.
3245 5079 3393 5149 ιιι),
3424 5093 3582 5146 quem
3615 5079 3726 5131 lau-

2161 5169 2289 5222 dant
2315 5181 2501 5221 omnes
2522 5175 2730 5238 gentes,
2772 5168 2861 5237 qui
2904 5168 3178 5221 ministros
3223 5182 3350 5222 suos
3383 5176 3437 5220 et
3463 5166 3723 5220 laudatet

2158 5257 2453 5312 laudabiles
2479 5258 2622 5312 facit.
2651 5258 2768 5326 Ipse
2794 5267 2894 5322 est,
2920 5257 3004 5311 cui
3039 5258 3298 5312 assistunt
3324 5258 3497 5328 angeli
3523 5258 3589 5310 ad
3631 5274 3723 5312 au-

2155 5348 2400 5401 diendam
2449 5361 2640 5401 vocem
2697 5361 3004 5400 sermonum
3055 5345 3170 5413 ejus
3227 5345 3396 5415 (l’sal.
3445 5350 3574 5411 cn);
3632 5345 3719 5415 qui

2154 5435 2336 5489 stellas
2357 5443 2532 5497 vocat,
2559 5444 2613 5488 et
2635 5419 2860 5488 dicunt:
2889 5434 3157 5488 Adsumus
3185 5434 3402 5505 (Barac.
3430 5436 3547 5502 tu);
3572 5433 3720 5501 cujus

2155 5542 2345 5581 manus
2371 5527 2611 5580 extendit
2652 5527 2850 5590 cmlos;
2895 5526 2986 5595 qui
3027 5525 3269 5580 fundavit
3313 5534 3510 5579 terram
3564 5540 3722 5592 super

2155 5615 2501 5672 stabilitatem
2550 5631 2704 5672 suam
2760 5613 2934 5687 (I‘sal.
2963 5617 3103 5688 cm),
3147 5617 3237 5685 qui
3290 5617 3532 5686 graditur
3563 5628 3720 5684 super
