4064 6208
403 314 505 371 8⁴ὶ9

1747 306 1980 365 SERMO
2017 308 2196 367 LVIII.

3539 304 3644 356 830

404 433 598 483 ﬂuctus
622 440 819 491 maris;
852 423 943 495 qui
974 418 1099 479 fecit
1129 420 1394 477 mirabilia
1420 419 1566 477 solus
1588 417 1762 491 (Psal.
1790 422 1970 490 LXXI);
2005 428 2051 484 Λ
2079 423 2285 476 deatur.
2318 418 2471 476 Unde
2500 433 2608 473 non
2637 416 2909 473 immerito
2956 416 3009 487 in
3053 414 3380 488 singularem
3408 425 3634 471 auctori-

401 519 457 572 in
489 530 647 585 quem
676 513 986 569 desiderant
1030 511 1202 581 angeli
1243 509 1574 580 prOSpicere.
1604 508 1721 579 lpse
1748 516 1849 573 est,
1886 510 1978 577 qui

401 606 529 661 fecit
573 604 773 667 omnia,
819 610 875 655 et
909 601 963 655 in
1012 601 1261 655 omnibus
1304 614 1422 667 qua:
1472 597 1617 659 fecit,
1649 611 1981 666 quacunque

405 697 588 753 voluit.
641 695 797 761 Huic,
827 693 1051 755 servire,
1104 706 1330 759 regnare
1374 699 1485 756 est;
1515 690 1606 758 qui
1635 690 1857 744 servivit
1879 702 1979 759 pro

402 786 576 842 nobis'
606 786 706 839 sub
745 783 879 837 dura
929 792 985 835 et
1025 780 1176 851 gravi
1230 779 1572 842 necessitate,
1601 786 1658 832 et
1687 792 1976 848 purpuram

401 892 514 931 sure
556 874 858 929 divinitatis
887 872 1064 927 cilicio
1094 878 1291 924 nostra:
1317 868 1663 924 mortalitatis
1704 867 1978 936 operiens,

401 979 602 1036 pauper
670 972 725 1018 et
778 962 1059 1016 mendicus
1088 960 1234 1013 venit
1281 959 1337 1013 in
1386 958 1659 1027 regionem
1713 966 1974 1012 nostram.

401 1055 651 1124 Nunquid
697 1068 803 1107 non
853 1051 1010 1106 ludus
1055 1050 1206 1104 vobis
1258 1048 1491 1113 videtur,
1539 1046 1735 1111 Judaei,
1760 1046 1976 1116 pagani,

400 1144 663 1207 hzeretici,
686 1152 741 1196 et
762 1141 940 1197 omnis
962 1140 1051 1195 illa
1068 1138 1535 1202 subsannantium,
1556 1136 1667 1191 imo
1697 1136 1977 1191 insanien-

403 1237 536 1289 tium
567 1235 743 1299 turba,
777 1248 899 1287 cum
944 1231 1195 1295 dicimus,
1223 1228 1418 1284 Filium
1457 1227 1551 1283 Dei
1579 1241 1823 1289 carnem,
1852 1240 1979 1293 cru:

403 1341 539 1388 cem,
570 1334 820 1389 mortem,
865 1321 1048 1377 clavos
1086 1331 1141 1376 et
1185 1321 1428 1375 lanceam
1473 1317 1769 1373 tolerasse?
1796 1316 1979 1371 Ludus

400 1415 645 1486 profecto
675 1422 779 1477 est,
806 1412 949 1467 unde
982 1411 1063 1466 sic
1096 1410 1252 1465 nobis
1294 1408 1513 1473 luditur,
1564 1415 1622 1461 ut
1663 1405 1817 1460 vobis
1858 1404 1979 1458 illu-

402 1506 582 1561 datur.
1375 1546 1390 1559 λ.
1454 1493 1459 1497 ⁴

477 1595 676 1651 Unicus
705 1593 794 1649 ille
831 1592 1059 1662 Sapiens
1106 1590 1264 1661 hujus
1308 1589 1554 1661 mysterii
1598 1604 1704 1644 non
1754 1588 1977 1658 ignarus

400 1685 587 1740 ludum
635 1685 796 1739 istum
842 1683 1071 1755 eleganti
1116 1697 1367 1738 sermone
1401 1681 1657 1752 prtelusit.
1692 1680 1975 1735 «Delecta-

2083 511 2210 564 tatis
2239 525 2416 564 arcem
2450 518 2699 577 suscepta
2748 516 2855 572 est,
2891 522 3054 576 quam
3084 507 3175 576 qui
3227 506 3476 560 viderunt
3505 507 3646 560 scri-

2079 608 2305 670 pserunt
2351 601 2468 655 orbi
2510 610 2565 654 et
2615 600 2846 654 ministri
2905 599 3057 654 fuere
3109 599 3393 653 sermonis.
3425 598 3651 653 Vocatio

2078 692 2214 760 ejus,
2244 693 2352 745 vita
2378 701 2432 745 et
2458 692 2637 761 passio
2662 692 2875 760 cognita
2903 699 3027 745 sunt
3052 691 3222 753 vobis,
3253 698 3306 744 et
3334 705 3495 756 nunc,
3519 689 3648 759 quid

2078 790 2323 851 superest
2360 789 2417 834 ut
2442 797 2473 835 a
2517 796 2604 835 me
2624 781 2851 850 amplius
2880 778 3237 849 exspectetis?
3266 778 3645 832 Verumtamen

2078 878 2261 923 monet
2306 884 2393 923 me
2434 869 2596 924 lectio
2637 870 2950 939 apostolica,
2978 878 3037 921 ιιι
3062 867 3449 936 aliquantisper
3489 866 3555 920 de
3582 880 3649 919 ea

2078 972 2270 1017 vestrae
2298 963 2612 1016 reverentia:
2661 961 3048 1031 colloquamur.
3097 959 3188 1013 Ait
3226 958 3369 1033 enim
3395 974 3409 1014 :
3438 977 3455 1009 ι
3476 957 3651 1011 Corde

2076 1054 2319 1108 creditur
2343 1054 2409 1108 ad
2428 1052 2717 1122 justitiam,
2745 1068 2839 1108 ore
2864 1062 3043 1107 autem
3083 1051 3354 1106 confessio
3382 1050 3443 1105 ﬁt
3468 1050 3535 1104 ad
3561 1063 3655 1102 sa-

2078 1141 2241 1197 lutem
2266 1144 2536 1215 (Rom.x).
2571 1163 2597 1196 ιη
2620 1142 2759 1199 Dicit
2781 1144 2924 1198 enim
2948 1142 3227 1211 Scriptura
3253 1157 3267 1196 :
3301 1161 3318 1193 ι
3341 1140 3528 1196 Omnis
3554 1140 3647 1209 qui

2076 1234 2252 1288 credit
2291 1235 2342 1288 in
2371 1234 2551 1299 illum;
2585 1250 2691 1289 non
2720 1227 3443 1301 confundeturUsa.xxvttt).
3475 1248 3493 1282 ι
3519 1226 3646 1283 Tria

2077 1332 2351 1391 ponuntur
2379 1322 2486 1387 hic,
2514 1331 2570 1376 et
2605 1324 2766 1377 corde
2792 1322 3015 1376 credere
3057 1321 3126 1375 ad
3158 1317 3444 1388 justitiam,
3475 1328 3531 1374 et
3553 1334 3648 1373 ore

2076 1412 2319 1467 conﬁteri
2370 1415 2436 1467 ad
2465 1413 2715 1478 salutem,
2747 1422 2803 1467 et
2844 1414 2897 1466 in
2950 1412 3099 1466 illum
3129 1412 3370 1477 credere,
3401 1411 3454 1465 in
3487 1423 3646 1479 quem

2076 1503 2165 1571 qui
2197 1503 2634 1558 crediderit-non
2662 1502 3044 1557 confundetur.
3079 1500 3263 1555 Solum
3294 1515 3388 1554 cor
3415 1499 3653 1553 hominis

2076 1607 2247 1661 capax
2291 1600 2375 1646 est
2403 1591 2629 1645 rationis
2651 1600 2706 1645 et
2729 1589 3073 1658 susceptibile
3117 1588 3497 1659 mysteriorum
3527 1587 3647 1648 Dei,

2076 1680 2219 1749 quod
2248 1690 2532 1752 purgatum
2572 1688 2734 1749 atque
2758 1678 2984 1747 politum
3014 1678 3182 1747 ipsam
3210 1676 3506 1731 divinitatis
3526 1673 3651 1728 sub-

400 1778 521 1842 bar,
567 1777 763 1847 inquit,
805 1790 902 1845 per
929 1774 1167 1844 singulos
1193 1774 1329 1839 dies,
1375 1773 1567 1829 ludens
1609 1788 1791 1827 coram
1823 1787 1887 1827 eo
1919 1772 1974 1827 in
2005 1769 2051 1826 Β
2078 1770 2353 1835 stantiam,
2379 1770 2480 1825 etsi
2503 1785 2608 1824 non
2632 1766 3056 1837 comprehendit,
3072 1765 3424 1834 apprehendit
3453 1772 3650 1817 tamen.

401 1868 587 1921 orbem
619 1876 885 1921 terrarum
935 1864 1119 1936 (Prov.
1152 1864 1294 1935 Vill).
1317 1884 1336 1915 ι
1373 1862 1529 1918 Lusit
1572 1863 1768 1933 quippe
1793 1877 1975 1917 coram

402 1956 535 2019 Deo,
566 1970 688 2009 cum
721 1969 936 2008 carnem
968 1968 1036 2007 ex
1081 1952 1199 2021 ejus
1245 1960 1516 2021 prmcepto
1555 1952 1808 2020 suscepit,
1839 1960 1893 2005 et
1924 1951 1977 2005 in

400 2046 587 2098 orbem
610 2052 895 2107 terrarum,
924 2042 1050 2112 quia
1080 2042 1147 2097 ad
1169 2043 1593 2113 redemptionem
1619 2041 1766 2097 orbis
1799 2050 1977 2096 terra-

400 2149 538 2196 rum,
571 2134 866 2188 delectatus
893 2147 991 2202 per
1013 2132 1254 2204 singulos
1281 2133 1417 2200 dies,
1452 2134 1506 2188 in
1552 2133 1779 2204 singulis
1821 2149 1979 2203 apos-

401 2223 528 2277 tolis
552 2221 895 2291 jucundatus,
923 2223 1048 2277 dum
1079 2222 1169 2277 uni
1207 2223 1431 2277 tradidit
1460 2237 1685 2291 regnum
1715 2223 1975 2278 catlorum

401 2312 616 2383 (Matth.
639 2313 773 2384 xvr),
796 2314 950 2367 alteri
972 2314 1039 2368 de
1057 2321 1275 2384 pectore
1293 2328 1391 2368 suo
1416 2313 1821 2369 reclinatorium
1850 2313 1979 2368 fecit

398 2399 582 2471 (Joan.
612 2401 753 2472 xm).
786 2419 804 2452 ι
828 2401 893 2455 Et
921 2401 1124 2457 delicia
1165 2416 1299 2457 mete
1345 2417 1467 2457 esse
1495 2417 1618 2458 cum
1646 2402 1771 2457 ﬁliis
1805 2402 1976 2457 homi—

400 2506 529 2546 num
552 2489 732 2563 (Prov.
764 2492 904 2564 vnt).
926 2510 945 2545 ι
974 2492 1236 2547 Putabam
1265 2505 1385 2560 ego,
1411 2492 1638 2548 Domine
1659 2491 1807 2558 Jesu,
1833 2493 1975 2562 quod

401 2582 606 2637 delicia:
631 2590 734 2637 tua:
761 2592 943 2639 essent
967 2598 1073 2638 non
1102 2598 1226 2638 cum
1250 2582 1378 2637 ﬁliis
1398 2582 1703 2646 hominum,
1728 2585 1824 2638 sed
1850 2599 1975 2639 cum

398 2671 583 2728 choris
628 2672 957 2744 angelorum,
1003 2673 1094 2728 ubi
1126 2673 1426 2729 divinitatis
1457 2674 1627 2744 gloria
1677 2674 1888 2730 thronis
1921 2682 1977 2729 et

401 2763 763 2833 potestatibus
799 2763 1169 2830 admirandus,
1206 2764 1543 2834 superiorum
1586 2765 1770 2821 oculos
1796 2780 1978 2820 rever-

396 2852 558 2907 beras
585 2861 921 2907 naturarum.
965 2852 1041 2907 lbi
1069 2852 1243 2909 lucem
1296 2854 1508 2910 habitas
1552 2856 1974 2911 inarcessibilem

399 2939 453 3007 (ι
509 2940 645 2995 Tim.
683 2941 779 3012 vt),
825 2952 880 2997 et
925 2943 1386 2998 circumstantiam
1438 2943 1859 3000 clarissimorum
1896 2945 1977 2998 lu-

399 3029 605 3085 minum
653 3033 729 3087 tui
771 3032 991 3089 luminis
1018 3033 1228 3105 obtegis
1270 3034 1570 3105 majestate.
1604 3034 1712 3091 Sed
1734 3036 1830 3103 illa
1863 3036 1973 3091 cle-

398 3121 733 3177 mentissima
764 3130 852 3177 tua
884 3124 1059 3193 pietas
1092 3132 1151 3179 et
1175 3125 1482 3196 benignitas
1527 3128 1796 3183 adoranda
1846 3128 1978 3181 deli-
2003 3110 2049 3171 Ο

398 3212 514 3268 cias
542 3228 670 3268 suas
688 3214 815 3269 dicit
846 3230 967 3271 esse
998 3230 1120 3270 cum
1146 3215 1271 3271 ﬁliis
1301 3218 1596 3271 hominum.
1621 3217 1712 3272 Isti
1738 3227 1863 3273 sunt
1882 3218 1974 3273 ﬁlii

398 3299 698 3368 hominum,
722 3304 814 3373 qui
836 3315 1190 3373 speraverant
1214 3308 1314 3363 sub
1341 3306 1759 3379 tegmine,(Psal.
1785 3309 1973 3380 xxxv),

397 3404 535 3458 quos
558 3391 765 3462 elegisti
794 3394 859 3449 de
888 3393 1061 3464 plebe,
1090 3410 1318 3465 quorum
1349 3395 1525 3451 lavisti
1566 3398 1746 3466 pedes,
1784 3398 1977 3466 quibus

398 3487 551 3535 tuum
601 3481 863 3552 Spiritum
922 3482 1183 3551 infudisti,
1241 3486 1332 3555 qui
1388 3485 1544 3540 ﬁdem
1603 3486 1678 3539 tui
1741 3488 1976 3542 nominis

397 3569 677 3640 quadrigis
700 3572 1023 3653 evangelieis
1046 3588 1144 3645 per
1179 3574 1363 3631 orbem
1394 3574 1753 3645 quadriﬁdutn
1789 3586 1973 3649 porta-

398 3671 617 3716 verunt.

467 3749 603 3808 Nota
633 3761 811 3810 tamen
841 3754 984 3826 quod
1033 3756 1164 3814 dicit
1212 3772 1318 3813 non
1349 3773 1471 3814 cum
1513 3758 1845 3824 hominibus,
1879 3759 1974 3814 sed

398 3855 521 3895 cum
548 3840 674 3898 ﬁliis
720 3844 1019 3903 hominum.
1064 3846 1175 3916 Ego
1204 3855 1333 3917 puto
1369 3848 1617 3904 homines
1643 3850 1711 3903 ad
1737 3858 1971 3904 veterem

398 3930 694 3999 hominem,
717 3931 856 3991 ﬁlios
875 3949 1003 3991 vero
1019 3935 1297 3990 hominum
1318 3937 1385 3991 ad
1410 3936 1577 3992 tilium
1599 3938 1833 3992 hominis
1853 3953 1974 4007 per-

397 4018 591 4084 tinere,
611 4018 763 4088 juxta
793 4037 956 4091 quam
985 4023 1395 4094 intelligentiam
1421 4040 1554 4095 puer
1582 4026 1864 4082 citharista
1894 4027 1974 4081 sic

396 4104 608 4161 intonat
634 4125 647 4159 :
679 4125 697 4160 ι
721 4109 853 4177 Quis
896 4118 979 4167 est
1006 4113 1168 4167 homo
1194 4113 1339 4183 quod
1383 4128 1594 4168 memor
1619 4129 1678 4169 es
1705 4112 1844 4182 ejus,
1876 4123 1971 4170 aut

396 4195 540 4251 ﬁlius
569 4198 824 4266 hominis,
854 4202 1105 4271 quoniam
1138 4203 1327 4258 visitas
1375 4205 1538 4259 eum?
1566 4205 1738 4276 (Psal.
1767 4210 1913 4279 vm.)
1944 4228 1963 4260 ι

396 4283 651 4353 Videsne,
679 4290 805 4358 quia
830 4290 999 4346 Deum
1037 4293 1272 4349 hominis
1296 4309 1417 4351 esse
1446 4311 1763 4365 memorem,
1798 4299 1968 4354 ﬁlium

394 4389 525 4431 vero
553 4377 789 4433 hominis
815 4380 980 4451 308
1017 4397 1077 4437 se
1101 4383 1383 4439 conﬁrmat
1406 4385 1661 4441 visitare?
1686 4387 1971 4444 Praesumi-

2079 1857 2188 1912 Cor
2212 1868 2296 1913 est
2321 1859 2373 1912 in
2403 1867 2645 1927 pectore,
2673 1858 2852 1911 anima
2886 1858 2936 1911 in
2979 1855 3162 1919 corde,
3194 1869 3348 1909 mens
3371 1854 3425 1907 in
3447 1854 3650 1917 anima,

2080 1949 2212 2003 ﬁdes
2241 1949 2293 2002 in
2325 1956 2521 2013 mente,
2569 1946 2815 2003 Christus
2872 1946 3080 2009 inﬁde,
3127 1954 3181 1999 et
3225 1945 3327 1998 hoc
3375 1958 3495 1997 esse
3522 1952 3650 2012 puto

2079 2038 2218 2106 quod
2243 2036 2372 2091 dicit
2394 2036 2683 2107 Apostolus
2706 2054 2718 2090 :
2744 2054 2761 2087 ι
2792 2034 3046 2090 Habitare
3074 2032 3346 2088 Christum
3370 2047 3471 2102 per
3490 2031 3650 2085 ﬁdem

2078 2127 2131 2181 in
2167 2126 2418 2181 cordibus
2441 2126 2636 2181 vestris
2665 2125 2883 2196 (Ephes.
2907 2123 3015 2191 ιιι).
3050 2143 3069 2177 ι

2146 2215 2259 2271 Hoc
2285 2216 2447 2286 igitur
2474 2216 2528 2271 in
2553 2216 2977 2270 meracissimam
3007 2214 3298 2284 cliquatum
3345 2222 3429 2267 est
3450 2213 3653 2282 purita-

2078 2315 2219 2372 tem,
2276 2323 2398 2362 cum
2448 2308 2630 2363 omnia
2681 2307 2940 2377 mysteria
2994 2306 3318 2362 Christiana:
3364 2305 3489 2361 ﬁdei
3547 2304 3653 2360 ﬁde

2077 2398 2340 2469 principis
2365 2399 2709 2462 inconcussa,
2738 2398 2911 2453 nihilo
2941 2398 3035 2453 tibi
3063 2397 3453 2453 dubitationem
3482 2395 3648 2466 parit,

2077 2488 2200 2544 licet
2238 2504 2341 2542 non
2400 2488 2586 2543 videas
2624 2488 2911 2543 rationem.
2970 2486 3099 2542 Haec
3146 2496 3232 2541 est
3277 2482 3651 2541 consummata

2069 2578 2300 2649 justitia,
2328 2578 2566 2648 perfecta
2588 2578 2810 2643 veritas,
2841 2588 2899 2633 et
2920 2593 3046 2633 vera
3072 2577 3353 2648 perfectio,
3392 2576 3438 2631 si
3473 2586 3651 2631 tamen

2075 2669 2187 2724 oris
2210 2668 2477 2725 confessio
2500 2670 2886 2738 subsequatur.
2928 2668 3090 2723 Fides
3118 2669 3264 2722 enim
3312 2666 3494 2722 cordis
3535 2666 3653 2721 sine

2076 2758 2179 2813 ﬁde
2203 2760 2334 2822 oris,
2362 2770 2454 2812 aut
2479 2758 2624 2813 nulla
2643 2766 2747 2822 est,
2776 2766 2871 2811 aut
2896 2772 3083 2826 parva,
3103 2755 3382 2811 Salvatore
3409 2755 3649 2809 dicente:

2080 2866 2099 2899 ι
2127 2847 2226 2913 Qui
2258 2863 2343 2901 me
2389 2847 2670 2901 erubuerit
2716 2855 2772 2900 et
2809 2861 2959 2901 meos
2987 2859 3291 2909 sermones,
3319 2843 3461 2897 hunc
3483 2843 3654 2897 Filius

2074 2936 2310 2991 hominis
2360 2938 2644 2991 erubescet
2692 2950 2877 2989 coram
2928 2934 3131 3000 angelis
3178 2932 3272 2987 Dei
3320 2931 3471 3003 (Luc.
3504 2932 3647 3002 tr).r

2075 3027 2141 3081 Et
2168 3029 2425 3096 propheta
2452 3041 2468 3082 :
2499 3045 2516 3078 ι
2538 3027 2707 3083 Periit
2734 3026 2889 3091 ﬁdes,
2923 3026 3100 3081 ablata
3131 3036 3214 3079 est
3244 3024 3311 3079 de
3338 3040 3433 3079 ore
3464 3040 3649 3079 eorum

2080 3116 2215 3186 (Jer.
2242 3118 2360 3185 vn).
2388 3135 2408 3168 ι
2454 3115 2569 3171 Non
2601 3115 2742 3169 dixit
2786 3115 2851 3169 de
2898 3115 3083 3180 corde,
3117 3114 3211 3167 sed
3261 3113 3326 3167 de
3375 3127 3491 3176 ore,
3523 3113 3650 3181 quia

2077 3209 2211 3265 nihil
2244 3210 2384 3265 valet
2407 3209 2542 3264 ﬁdes
2570 3207 2771 3273 cordis,
2801 3207 2918 3262 sine
2941 3206 3047 3262 ﬁde
3068 3206 3204 3271 oris,
3228 3220 3329 3259 nec
3357 3204 3490 3259 ﬁdes
3514 3204 3647 3272 oris,

2076 3299 2194 3354 sine
2224 3297 2328 3353 ﬁde
2349 3298 2552 3363 cordis,
2592 3313 2714 3353 cum
2746 3298 2848 3351 ista
2871 3295 3163 3364 justitiam,
3199 3295 3290 3349 illa
3319 3295 3484 3349 donet
3508 3293 3654 3350 salu-

2079 3398 2209 3453 tem,
2236 3390 2361 3459 quia
2391 3388 2540 3444 salus
2566 3404 2597 3442 a
2621 3388 2857 3459 justitia,
2884 3386 2969 3441 vel
2997 3386 3207 3455 justitia
3234 3401 3263 3439 a
3296 3386 3467 3441 salute
3497 3399 3651 3455 sepa-

2076 3479 2186 3533 rari
2212 3492 2317 3533 non
2345 3486 2592 3548 possunt.
2616 3478 2790 3533 Crede
2815 3492 2945 3547 ergo
2980 3484 3034 3532 et
3059 3476 3340 3541 conﬁtere,
3373 3475 3648 3529 nihilomi-

2075 3583 2178 3623 nus
2202 3567 2463 3623 conﬁtere
2490 3578 2545 3624 et
2571 3570 2753 3635 crede,
2796 3569 2923 3649 quia
2950 3568 3083 3624 ﬁdes
3111 3566 3178 3622 ad
3196 3567 3484 3639 justitiam,
3514 3582 3647 3623 con-

2079 3658 2243 3716 fessio
2265 3659 2324 3715 ﬁt
2349 3661 2418 3716 ad
2441 3661 2695 3716 salutem.

2148 3750 2346 3819 Vcrum
2372 3751 2625 3820 quoniam
2662 3751 2715 3805 in
2740 3750 2857 3806 hinc
2879 3750 3193 3806 devenimus
3212 3750 3327 3805 loca
3358 3759 3412 3805 et
3436 3751 3651 3806 occasio

2075 3841 2431 3898 confessionis
2477 3842 2779 3908 seobtulit,
2824 3842 3157 3898 reddendum
3204 3858 3348 3897 nunc
3392 3850 3476 3897 est
3505 3843 3652 3912 quod

2075 3934 2201 3988 alibi
2232 3934 2600 4004 promisimus,
2650 3943 2930 4005 totumque
2960 3935 3343 4005 proferendum
3392 3935 3535 4005 quod
3583 3936 3653 3990 de

2076 4026 2413 4081 confessione
2454 4027 2737 4081 sentimus.
2775 4027 3047 4083 Patientes
3077 4037 3258 4082 autem
3302 4036 3496 4092 estote,
3524 4026 3650 4083 etsi

2075 4117 2214 4173 forte
2242 4119 2546 4187 protensius
2580 4134 2885 4175 sermonem
2918 4121 3233 4185 extendero,
3258 4134 3355 4175 vos
3383 4119 3650 4174 attendite

2076 4209 2144 4266 iis
2172 4224 2292 4279 qua:
2325 4210 2599 4277 dicuntur,
2627 4210 2751 4279 quia
2794 4218 2990 4265 vestrae
3019 4208 3372 4279 proferuntur
3403 4208 3649 4264 utilitati.

2074 4299 2175 4354 Via
2203 4298 2346 4353 enim
2371 4305 2473 4363 est,
2504 4299 2619 4353 sine
2645 4314 2753 4367 qua
2783 4314 2940 4355 nemo
2960 4299 3110 4354 venit
3133 4300 3199 4354 ad
3220 4298 3458 4363 Patrem,
3489 4316 3651 4370 quam

2075 4390 2164 4460 qui
2211 4389 2467 4459 perdidit,
2504 4390 2736 4459 perdidit
2786 4389 2976 4443 Deum.
3002 4386 3137 4443 Cum
3164 4387 3331 4457 igitur
3381 4390 3449 4443 de
3497 4390 3653 4445 vitio-

395 4480 516 4521 mus
540 4475 594 4521 et
618 4448 971 4538 suspirarnus,
1017 4473 1143 4542 quia
1169 4472 1335 4530 faciet
1361 4476 1517 4531 nobis
1547 4478 1968 4534 misericordiam
1997 4448 2049 4509 Ῑ)
2075 4448 2192 4533 rum
2213 4448 2419 4547 abysso
2454 4448 2705 4547 disponis
2752 4491 3057 4546 emergere,
3092 4476 3160 4530 ad
3184 4448 3340 4529 illum
3383 4478 3655 4547 praecipue

394 4571 551 4613 suam
584 4558 658 4613 in
708 4570 999 4628 conspectu
1044 4563 1278 4619 ﬁliorum
1326 4565 1625 4632 hominum,
1657 4567 1703 4623 si
1754 4570 1971 4624 interim

392 4657 638 4719 protegat
663 4651 835 4706 nos—in
857 4653 1171 4710 abscondito
1195 4669 1307 4711 sua:
1326 4654 1483 4713 faciei
1508 4673 1539 4713 a
1560 4659 1972 4717 conturbatione

394 4737 671 4793 hominum
704 4739 877 4812 (Psal.
906 4744 1059 4815 xxx).

464 4827 720 4899 Magister
743 4842 799 4887 et
826 4832 1086 4891 Dominus
1131 4844 1336 4903 noster,
1389 4838 1544 4910 cujus
1595 4840 1782 4895 schola
1806 4842 1967 4897 estin

395 4921 558 4977 terris
582 4931 636 4977 et
666 4926 919 4980 cathedra
946 4936 1030 4982 est
1059 4929 1111 4982 in
1134 4930 1298 4995 caelo,
1324 4946 1391 4985 ex
1428 4932 1512 4987 his
1541 4935 1793 4991 omnibus
1834 4951 1971 5007 quos

393 5009 582 5082 elegit,
610 5013 773 5085 elegit
796 5024 850 5071 et
872 5017 1113 5088 pralegit
1149 5020 1419 5076 Andream
1469 5026 1789 5093 apostolum,
1821 5028 1973 5099 cujus

396 5100 814 5170 solemnitatem,
857 5114 912 5161 et
940 5107 1183 5175 vocibus,
1221 5118 1277 5165 et
1309 5110 1559 5168 cordibus
1586 5114 1969 5173 inclamamus:

394 5194 634 5251 Odulcis
660 5198 939 5268 apostolus
987 5207 1041 5255 et
1084 5201 1355 5270 primitiva
1395 5205 1608 5259 vocatio
1654 5205 1969 5273 Salvatoris,

392 5285 485 5354 qui
510 5285 563 5340 in
585 5287 765 5356 ipsum
798 5290 1154 5357 apostolicum
1194 5293 1419 5348 chorum
1444 5295 1578 5349 tanfi
1604 5296 1875 5365 prioratus
1896 5299 1972 5353 in-

391 5373 627 5442 signitur
653 5374 898 5447 fastigio!
928 5376 1043 5433 Non
1071 5379 1395 5450 subterfugit
1422 5396 1521 5437 nos
1545 5384 1673 5453 quia
1703 5386 1969 5455 quodam-

394 5465 557 5520 modo
586 5467 911 5524 tenerrimus
931 5477 1090 5524 estet
1119 5469 1327 5525 dulcior
1350 5472 1403 5525 in
1429 5473 1684 5529 cordibus
1710 5474 1963 5542 ﬁdelium,

392 5553 548 5623 cujus
578 5558 761 5627 passio
813 5568 961 5615 tanta
1017 5560 1239 5631 spiritus
1294 5561 1576 5619 devotione
1625 5564 1869 5632 distillat,
1906 5578 1965 5622 ut

395 5657 604 5706 mentes
635 5651 973 5709 audientium
995 5652 1154 5723 adipe
1192 5663 1248 5710 et
1282 5652 1605 5724 pinguedine
1645 5654 1855 5725 replere
1884 5657 1963 5712 vi-

2070 4568 2235 4638 309
2260 4569 2332 4622 sit
2360 4566 2623 4636 refugium
2654 4576 2838 4631 tuum,
2876 4568 2963 4620 cui
3002 4566 3181 4620 anima
3217 4575 3304 4619 tua
3341 4568 3632 4622 commissa

2072 4670 2188 4725 est,
2217 4675 2376 4729 quem
2418 4658 2675 4727 imposuit
2702 4653 3037 4726 Deus'super
3060 4665 3221 4725 caput
3252 4666 3424 4711 tuum.
3457 4655 3567 4712 Nec
3599 4666 3651 4712 te

2072 4760 2288 4808 moveat
2324 4752 2369 4807 si
2406 4750 2695 4806 illiteratus
2732 4751 2837 4817 sit,
2871 4749 2959 4807 vel
2986 4750 3312 4806 indiscretus
3333 4790 3348 4815 ,
3382 4750 3507 4821 quia
3539 4751 3644 4807 hoc

2071 4844 2247 4914 ipsum
2298 4844 2511 4914 signum
2550 4842 2873 4897 hunlilitatis
2906 4850 2989 4897 est
3024 4856 3145 4911 quae
3177 4849 3402 4911 generat
3438 4839 3650 4896 confes-

2072 4936 2301 4991 sionem.
2334 4934 2604 4989 Memento
2630 4934 2755 5003 quia
2786 4950 2892 4987 non
2922 4942 3008 4988 est
3038 4941 3275 5002 potestas
3296 4973 3311 4997 ,
3342 4933 3444 4987 nisi
3476 4948 3505 4987 a
3537 4933 3649 4987 Deo

2073 5026 2092 5095 (
2118 5025 2273 5080 Rom.
2304 5041 2400 5079 xm
2429 5025 2469 5095 ).
2500 5043 2519 5076 ι
2549 5022 2723 5094 Super
2748 5023 3060 5078 cathedram
3079 5062 3094 5087 ,
3126 5022 3330 5091 inquit,
3360 5021 3529 5093 Moysi
3557 5036 3645 5078 sc-

2074 5117 2268 5173 derunt
2306 5115 2512 5172 Scribte
2548 5125 2604 5172 et
2635 5115 2897 5172 Pharisaei
2937 5114 2957 5185 (
2982 5113 3175 5167 Matth.
3199 5129 3335 5167 xxm
3360 5111 3400 5184 ).
3432 5131 3452 5165 ι
3485 5113 3553 5167 Ει
3589 5121 3645 5167 ιιι

2073 5209 2292 5263 attende
2323 5223 2430 5262 non
2464 5206 2531 5261 ad
2561 5206 2839 5262 sedentem
2865 5244 2881 5269 ,
2914 5204 3007 5261 sed
3038 5206 3217 5260 sedem
3243 5220 3259 5270 ;
3290 5202 3607 5259 cathedram
3626 5241 3644 5269 ,

2071 5314 2177 5354 non
2217 5313 2526 5367 personam.
2564 5296 2716 5364 Quod
2755 5296 2800 5352 si
2839 5296 3010 5362 forte,
3048 5294 3131 5349 vel
3170 5293 3386 5349 licentia
3425 5293 3543 5363 ejus
3575 5292 3645 5346 ad

2071 5388 2236 5442 alium
2287 5387 2381 5442 tibi
2434 5386 2621 5454 fugere
2673 5385 3043 5456 permittatur,
3081 5393 3135 5437 tu
3172 5393 3350 5437 tamen
3394 5382 3544 5451 prius
3590 5380 3643 5436 ei

2069 5478 2277 5534 reveles
2312 5477 2385 5532 tui
2416 5477 2600 5532 cordis
2628 5492 2917 5542 arcanum,
2943 5476 3067 5545 quia
3106 5490 3212 5530 non
3249 5484 3335 5531 est
3359 5474 3517 5545 plena
3548 5487 3641 5527 sa-

2068 5568 2155 5623 lus
2176 5608 2191 5633 ,
2221 5568 2266 5623 si
2298 5567 2389 5622 ille
2427 5566 2651 5637 fugitur,
2694 5577 2789 5622 aut
2823 5566 3329 5630 corrtemnitur,.cui
3365 5564 3643 5619 adhaerere

2065 5669 2122 5715 et
2148 5675 2309 5729 quem
2338 5660 2610 5716 honorare
2639 5658 2928 5717 debueras.
2957 5657 3110 5729 Quod
3138 5658 3182 5717 si
3211 5659 3389 5715 minus
3419 5657 3516 5713 tibi
3531 5655 3642 5713 sul-
