4064 6208
432 280 527 339 33!
1033 279 1091 334 8.
1130 276 1334 333 PETRI
1372 278 1655 334 DAMIANI
1694 277 1843 347 OPP.
1882 278 2019 335 PAR

2121 282 2240 339 SEU
2279 280 2511 339 'I'OllUS
2546 280 2609 337 ii.
2641 306 2712 323 -—-
2741 277 3125 336 SERMONES.

433 390 621 444 ﬁciens
652 390 862 444 videtur
896 384 1013 457 eius
1044 386 1365 452 instructio;
1405 395 1552 456 patet
1589 387 1658 442 ad
1693 387 1997 442 libet-nitent
2026 397 2075 454 Α
2101 392 2296 445 anima:
2322 401 2447 453 tusi,
2466 405 2586 460 quae
2604 390 2839 444 custodit
2863 388 3118 442 Dominus
3144 387 3196 440 in
3213 384 3386 456 iustis.
3417 404 3437 438 ι
3469 385 3681 451 Untnn,

431 495 518 535 vis
542 520 557 545 ,
588 491 648 537 nt
676 495 861 536 coram
900 479 1006 535 alio
1042 480 1280 536 litterato
1306 490 1470 548 atque
1498 480 1734 535 discreto
1760 477 2003 534 eﬁ‘undas
2105 482 2300 550 inquit,
2344 497 2413 535 ex
2464 482 2550 537 his
2600 497 2707 535 non
2737 488 3050 536 conteretur
3074 477 3247 548 (Psal.
3279 484 3495 547 its-atii).
3526 497 3547 530 ι
3574 478 3677 533 Est

3560 277 3679 334 852

432 585 528 627 cor
560 584 742 634 tttuttt,
778 578 1054 627 reservato
1082 569 1158 624 illi
1186 569 1468 640 privilegio
1496 583 1624 634 suo,
1652 568 1739 624 cui
1771 576 1826 623 tu
1858 577 2002 622 tuam

436 665 675 716 animam
706 657 1121 715 commendasti.

507 752 617 807 Nec
665 751 763 806 tibi
810 750 1139 816 blandiaris,
1184 750 1231 807 si
1281 749 1518 820 graviter
1553 747 1800 819 peccauti
1836 746 2007 802 levior

434 843 751 914 pmnltentla
772 880 787 907 ,
808 842 902 915 yol
930 854 961 896 a
989 842 1265 897 nesciente
1284 880 1300 906 ,
1329 840 1414 894 vel
1450 856 1480 893 a
1514 836 1892 895 dissimulante
1920 836 2007 892 di-

438 944 619 998 catur,
669 946 793 988 cum
838 931 1250 1003 in-purgatoriis
1279 930 1491 1002 ignibus
1519 928 1906 999 perﬁciendum
1934 927 2007 982 sit

434 1025 695 1097 quidquid
725 1025 813 1078 hic
840 1016 1018 1078 minus
1049 1022 1244 1077 feceris
1262 1061 1277 1086 ,
1307 1021 1435 1090 quia
1465 1020 1655 1090 dignos
1679 1018 2011 1089 pmnitentia:

434 1115 644 1170 fructus
670 1114 864 1184 quaerit
886 1113 1219 1169 Altissim“.
1249 1112 1402 1167 Licet
1429 1120 1610 1165 autem
1638 1125 1747 1165 non
1769 1110 2009 1165 evaseris

433 1223 629 1264 manus
668 1206 760 1261 Dei
793 1202 1061 1267 viventis.
1100 1204 1193 1273 Qui
1232 1203 1327 1258 tibi
1366 1201 1523 1271 plene
1560 1215 1667 1255 non
1703 1199 2008 1262 consuluit,

437 1299 529 1353 tibi
564 1306 743 1352 tanien
774 1297 913 1351 ratio
951 1297 1209 1365 magistra
1248 1292 1531 1363 pra‘sidet,
1573 1306 1693 1360 qua:
1732 1300 1783 1345 te
1819 1291 2010 1345 doceat

437 1399 643 1444 tantum
690 1402 722 1442 u
770 1387 935 1442 licitis
980 1385 1257 1440 abstinere
1306 1392 1567 1452 quantum
1611 1391 1661 1435 te
1701 1379 2011 1435 memineris

437 1481 625 1535 illicita
656 1488 1015 1549 perpetrasse.

2102 584 2283 628 autem
2311 574 2607 628 notandum
2648 572 2792 642 quod
2818 573 2932 626 lucc
2968 571 3077 625 duo
3116 570 3191 625 ita
3219 569 3320 626 sibi
3344 569 3413 623 ad
3440 569 3671 624 invicem

2102 663 2392 732 conjuncta
2442 673 2570 719 sunt
2612 673 2669 719 ut
2713 677 3043 734 cognoscere
3067 661 3189 731 quis
3216 675 3321 715 non
3344 659 3687 731 pessit,.nisi

2104 756 2484 827 paniteat,et
2528 754 2791 827 ptenitere
2826 771 2935 810 non
2977 755 3176 824 possit,
3212 754 3317 810 nisi
3368 769 3436 810 se
3476 765 3675 827 cogno-

2105 855 2242 903 seat.

2174 939 2270 995 Sic
2295 951 2426 1011 ergo
2465 940 2563 996 tibi
2588 940 2858 1009 cognitus,
2884 947 2944 993 et
2988 938 3040 991 in
3091 945 3144 993 te
3169 937 3461 1007 mitem,
3489 944 3669 993 traasv

2106 1031 2223 1086 vola
2260 1032 2327 1087 ad
2362 1032 2583 1087 tertium
2611 1032 2871 1102 gradum,
2908 1028 3152 1085 dolorem
3185 1029 3435 1084 videlicet
3460 1027 3685 1092 cordis,

2107 1129 2162 1177 et
2200 1121 2316 1191 jam
2351 1123 2588 1191 plantata
2631 1123 2738 1177 erit
2767 1121 2976 1191 iustitia
3018 1120 3349 1190 plantatione
3388 1119 3477 1174 illa
3513 1132 3677 1187 quam

2107 1212 2372 1282 plantavit
2396 1211 2559 1267 Pater
2588 1222 2711 1267 tuus
2736 1207 2995 1267 cmicstls.
3023 1209 3153 1264 Dote
3183 1210 3342 1278 igitur
3370 1208 3493 1277 quia
3514 1208 3685 1262 Crea-

2110 1309 2283 1357 torem
2308 1296 2610 1367 oilendisti.
2644 1300 2799 1370 cuius
2825 1300 2996 1371 legem
3023 1299 3264 1356 cmicstia
3292 1309 3347 1353 et
3368 1297 3680 1362 terrestria,

2108 1400 2306 1462 praeter
2334 1399 2406 1456 te,
2442 1390 2710 1447 indefessa
2730 1391 2965 1447 statione
2990 1397 3337 1452 conservant,
3363 1396 3421 1443 et
3448 1387 3500 1442 in
3529 1396 3680 1440 tanta

2112 1480 2385 1550 republica
2411 1481 2503 1536 Dei
2531 1490 2586 1535 tu
2616 1480 2763 1536 solus
2792 1481 3109 1551 peregrinus
3129 1494 3219 1546 es,
3248 1487 3304 1533 et
3323 1477 3685 1547 imperatoriae

510 1572 556 1624 A
608 1566 875 1621 vestibulo
926 1565 1092 1636 igitur
1144 1562 1305 1631 hujus
1359 1561 1747 1618 sacratissima:
1794 1558 2014 1613 virtutis

2121 1569 2413 1639 maiestatis
2435 1571 2655 1626 decreta
2684 1583 2794 1627 non
2834 1582 3015 1627 cur-as.
3052 1568 3254 1640 Surgat
3293 1569 3554 1623 et-scrior
3588 1568 3686 1623 do-

433 1672 624 1712 omnes
659 1638 781 1711 illos
816 1654 1154 1711 excludimus
1189 1668 1327 1724 quos
1365 1653 1432 1706 ad
1481 1650 1877 1708 confessionem
1928 1648 2011 1703 vel

2121 1638 2213 1726 lor,
2240 1661 2385 1730 quod
2425 1669 2577 1715 tuum
2598 1660 2914 1717 Creatorem
2940 1671 2997 1715 et
3020 1638 3238 1714 Patrem
3278 1657 3566 1713 oiiiznderis
3587 1695 3603 1719 ,
3630 1664 3689 1711 et

436 1751 598 1804 timor
633 1748 807 1818 cogit,
845 1747 972 1816 quia
999 1721 1223 1801 extorta?
1240 1743 1507 1800 confessio
1535 1757 1640 1797 non
1675 1751 1761 1798 est
1793 1740 2011 1796 confes-

2121 1721 2276 1803 ωυηῖ
2295 1749 2532 1815 Patrem,
2580 1748 2674 1820 qui
2725 1749 2822 1805 tibi
2865 1748 3141 1804 ministrat
3183 1747 3418 1803 siderum
3461 1759 3684 1808 cursus,

436 1843 517 1898 sio
536 1884 551 1909 ,
575 1842 672 1898 sed
697 1839 942 1896 confusio
961 1880 976 1906 ,
1001 1839 1088 1894 vel
1114 1839 1343 1893 aliorum
1367 1837 1645 1892 accusatio
1668 1837 1867 1901 trahit,
1893 1849 2015 1906 qum
2113 1838 2500 1896 fecunditatem
2537 1848 2719 1907 terrm,
2749 1839 3021 1895 fructuum
3075 1836 3399 1893 ubertatem.
3450 1835 3689 1891 Accedat

443 1950 553 1989 non
593 1938 677 1988 est
711 1928 1011 1998 confessio,
1053 1927 1148 1987 sed
1184 1930 1450 1996 oﬁ‘ensio;
1492 1929 1577 1985 vel
1614 1928 1702 1984 sui
1736 1927 2016 1983 excusatio
2115 1936 2174 1984 et
2196 1930 2529 1985 sacerrimus
2560 1928 2734 1994 dolor,
2763 1929 2858 1999 qui
2887 1936 3226 1997 pertranseat
3253 1927 3488 1981 animam
3515 1935 3711 2001 tuam.’

436 2024 611 2090 ducit,
659 2036 780 2095 qua
824 2037 931 2079 non
978 2031 1064 2078 est
1106 2021 1380 2078 confessio
1405 2062 1421 2088 ,
1473 2021 1569 2077 sed
1607 2015 1891 2086 defensio;
1929 2018 2018 2074 vel
2116 2019 2260 2091 quod
2299 2027 2508 2075 tantum
2540 2018 2943 2073 benefactorem
2973 2017 3509 2087 contempseris,qui
3537 2014 3691 2069 dolo-

438 2116 620 2170 inanis
648 2112 914 2183 iactantia
954 2112 1128 2181 rapit,
1167 2122 1289 2182 quise
1323 2124 1432 2165 non
1467 2117 1551 2166 est
1584 2106 1886 2175 confessio,
1921 2106 2017 2164 sed
2116 2125 2233 2166 rem
2279 2109 2459 2165 crucis
2507 2109 2795 2175 sustinuit,
2844 2123 2913 2163 ne
2958 2108 3178 2164 dolores
3216 2108 3408 2163 inferni
3461 2106 3691 2176 amplius

438 2202 651 2272 illusio,
681 2213 739 2259 ct
764 2204 810 2259 si
841 2215 962 2275 quae
995 2201 1117 2258 alia:
1148 2207 1335 2272 pestes
1372 2207 1532 2287 sunt,
1571 2209 1692 2270 qua:
1728 2199 2018 2267 obumbra-

443 2294 583 2352 torio
618 2294 888 2349 velamine
928 2288 1064 2349 tanti
1100 2291 1432 2350 sacramenti
1470 2291 1727 2347 simulent
1760 2289 2020 2346 sanctita-

442 2394 570 2441 tem.
602 2384 711 2439 Cor
737 2384 793 2438 in
824 2382 1117 2453 semetipso
1144 2390 1199 2437 et
1227 2396 1292 2439 ex
1324 2381 1614 2451 semetipso
1640 2378 1934 2435 contritum
1964 2386 2023 2434 et

441 2475 787 2533 humiliatum
815 2475 884 2532 ad
910 2475 1073 2547 hujus
1099 2474 1491 2547 purificationis
1519 2479 1701 2543 potest
1726 2471 2021 2528 ascendere

444 2566 759 2638 puritatem.
786 2566 1084 2622 Ostendam
1117 2566 1213 2622 tibi
1239 2580 1405 2620 unum
1428 2564 1699 2635 iustorum
1720 2563 2023 2634 iustissime

444 2652 814 2710 conﬁtentem.
860 2653 1071 2722 Quaeris
1107 2655 1358 2723 quisnam
1393 2653 1510 2708 sit?
1558 2646 1767 2707 Psaltes
1802 2648 2017 2706 Domini

446 2752 565 2800 est:
596 2763 617 2796 ι
643 2741 802 2815 Dixi,
836 2744 1049 2811 inquit:
1088 2743 1402 2799 Goniitebor
1438 2744 1724 2798 adversum
1759 2755 1847 2798 me
1880 2739 2023 2811 inju-

449 2833 651 2890 stitiam
682 2847 857 2887 meam
889 2833 1115 2888 Domino
1144 2834 1163 2903 (
1187 2833 1334 2888 Paul.
1368 2846 1495 2888 xxxi
1539 2834 1579 2907 ).
1612 2850 1631 2886 ι

526 2941 546 2974 ι
584 2919 737 2989 Dixi,
768 2938 789 2975 ι
828 2921 930 2978 hoc
965 2930 1079 2989 est,
1119 2923 1171 2978 in
1211 2923 1373 2978 corde
1410 2939 1531 2978 meo
1569 2923 1860 2994 proposui,
1910 2937 2022 2978 non

449 3026 704 3080 coactus,
746 3028 919 3085 neque
943 3006 1253 3091 compulsus
1272 3057 1286 3081 ,
1318 3015 1415 3072 sed
1442 3025 1794 3088 spontaneos.
1826 3036 1847 3070 ι
1879 3015 2023 3086 inju-

2116 2200 2434 2257 sustincres.
2488 2198 2581 2256 Sic
2628 2198 2796 2270 igitur
2841 2194 2895 2252 in
2949 2198 3195 2253 interiori
3226 2197 3442 2253 herniae
3476 2197 3691 2267 )ustitia

2118 2292 2485 2366 germinante,
2508 2289 2758 2345 surculus
2780 2298 3031 2361 erumpat
3050 2289 3104 2343 in
3128 2289 3395 2353 arborem,
3422 2297 3479 2344 et
3504 2287 3691 2356 loqua-

2119 2393 2208 2440 tur
2228 2382 2411 2454 lingua
2440 2381 2585 2452 quod
2604 2381 2830 2437 scientia
2856 2380 3233 2451 loquebatur.-
3610 2420 3617 2429 .

2190 2472 2429 2540 Quartus
2472 2473 2655 2542 itaque
2697 2472 2897 2543 gradus
2930 2479 3017 2526 est
3066 2468 3333 2526 melculo
3375 2468 3509 2524 oris.
3550 2465 3691 2531 Bac

2117 2578 2252 2637 pure
2303 2565 2551 2622 facienda
2580 2573 2687 2631 est,
2730 2563 2860 2634 quia
2900 2575 3007 2618 non
3056 2570 3141 2618 est
3182 2574 3313 2631 pars
3347 2569 3692 2630 peccatorum

2120 2655 2345 2711 dicenda
2379 2662 2436 2709 ct
2464 2652 2635 2708 altera
2666 2653 2985 2729 retinenda,
3009 2666 3185 2721 neque
3211 2650 3346 2706 levia
3384 2648 3693 2705 conﬁtenda

2119 2755 2175 2800 et
2203 2745 2389 2816 gravia
2434 2742 2708 2800 diﬁitcnda
2733 2782 2749 2809 ,
2775 2756 2876 2800 nec
2925 2741 3064 2799 alter
3093 2741 3431 2797 accusandus
3476 2749 3534 2795 et
3577 2739 3693 2809 ipsa

2119 2834 2483 2903 exettsandus,
2506 2834 2602 2888 sed
2631 2846 2763 2891 cum
2787 2831 2939 2905 justo
2960 2830 3247 2887 dicendam
3275 2847 3291 2884 :
3327 2847 3347 2881 ι
3378 2828 3497 2884 Non
3525 2828 3696 2884 decli-

2122 2941 2219 2983 nes
2243 2940 2340 2981 cor
2362 2939 2546 2980 meum
2576 2924 2629 2978 in
2674 2923 2840 2978 verba
2887 2921 3107 2978 malitia
3148 2920 3216 2975 ad
3244 2919 3582 2976 excusandas
3607 2932 3698 2972 cx-

2125 3016 2436 3071 cusationes
2462 3012 2518 3067 in
2550 3011 2791 3084 peccatis
2818 3009 3001 3084 (Paul.
3022 3009 3168 3080 cn).
3198 3026 3218 3061 ι
3252 3007 3540 3064 Hasceuim
3568 3017 3696 3062 sunt

457 3066 703 3080 ηη-τ-τ.
746 3066 917 3085 --ντη
949 3066 1286 3091 "ut—wh.
1320 3066 1415 3072 -ν-
1442 3066 1794 3088 -τη---η--ν
1833 3066 1846 3070 -
1879 3066 1993 3086 ---.-
2553 3066 2676 3084 ,ην
2710 3066 2735 3071 ν-
2776 3066 2783 3067 κ
2826 3066 2841 3084 .
3128 3066 3142 3080 ,

448 3104 652 3164 stitiam
677 3120 853 3163 meam
874 3149 888 3172 ,
912 3125 931 3161 ι
956 3106 1061 3174 ait,
1090 3122 1196 3163 non
1221 3107 1452 3163 alienam
1470 3148 1483 3172 ,
1509 3125 1528 3158 ι
1550 3108 1834 3164 adversum
1862 3122 1972 3175 me,
1997 3128 2016 3162 ι
2050 3066 2098 3132 c
2126 3105 2292 3162 verba
2332 3104 2554 3161 malitias
2590 3114 2650 3160 et
2690 3103 2874 3175 gravis
2925 3101 3178 3168 malitia,
3200 3114 3307 3170 qua
3354 3099 3570 3171 gravior
3613 3100 3698 3155 vel

454 3215 543 3255 me
578 3215 811 3272 arguens
838 3208 894 3273 et
922 3214 1202 3256 accusans.
1237 3200 1398 3256 Vides
1429 3200 1552 3272 quia
1593 3215 1698 3255 non
1727 3200 1919 3258 timore
1947 3200 2024 3255 al-

459 3292 658 3359 terius,
686 3291 768 3347 vel
798 3292 864 3347 ad
894 3292 1056 3348 alium
1085 3292 1443 3349 accusandum
1467 3334 1483 3361 ,
1517 3293 1598 3348 vel
1627 3284 2022 3349 exscnsandum

457 3388 691 3456 seipsum
713 3426 727 3452 ,
754 3393 976 3440 sanctus
999 3385 1211 3441 Domini
1240 3387 1568 3442 conﬁtetur?
1590 3383 1694 3442 Pro
1721 3382 2023 3455 huiusmodi

452 3476 796 3533 confessione
821 3476 1065 3547 remittes
1094 3488 1146 3533 tu
1164 3521 1179 3544 ,
1209 3477 1464 3544 Domine,
1494 3478 1821 3549 impietatem
1845 3477 2026 3534 cordis

446 3565 558 3621 mei
580 3606 596 3631 ,
644 3566 855 3637 peccati
911 3567 1137 3623 scilicet.
1187 3566 1288 3633 Et,
1319 3586 1337 3620 ι
1368 3583 1485 3639 pro.
1517 3569 1618 3623 hac
1655 3566 1831 3624 orabit
1868 3570 1943 3624 ad
1970 3579 2026 3645 te

444 3655 625 3709 omnis
655 3665 874 3710 sanctus
908 3655 961 3711 in
1002 3665 1242 3727 tempore
1266 3665 1586 3729 opportuno.
1617 3656 1826 3730 (lbid.).
1862 3674 1882 3710 ι
1910 3654 2026 3713 Hoc

448 3743 688 3814 primum
729 3744 782 3800 in
821 3745 985 3802 corde
1023 3747 1292 3819 germinat
1322 3749 1389 3802 ad
1414 3745 1712 3820 justitiam,
1745 3757 1931 3820 postea
1969 3749 2023 3804 in

444 3846 551 3889 ore
581 3837 822 3892 nascitur
844 3838 910 3892 ad
936 3835 1184 3893 salutem.
1760 3840 1765 3843 ’

525 3924 740 3982 Primus
776 3924 892 3995 ejus
929 3928 1130 3998 gradus
1163 3938 1247 3984 est
1283 3930 1519 4001 cognitio
1549 3929 1776 4001 peccati.
1806 3928 2025 3987 initium

444 4012 675 4078 salutis,
709 4014 786 4068 ait
821 4013 1074 4085 quidam,
1113 4018 1302 4072 notitia
1335 4016 1561 4089 peccati.
1601 4019 1658 4074 in
1698 4018 1801 4075 hac
1838 4019 2025 4090 cogni-

447 4103 604 4158 tione
631 4103 919 4159 videndum
946 4116 1029 4162 est
1057 4106 1186 4177 quid
1212 4109 1387 4179 egeris
1404 4151 1418 4172 ,
1446 4110 1664 4178 quantis
1687 4110 2027 4166 contumeliis

448 4191 705 4247 aﬂeccris
736 4206 932 4264 corpus
970 4205 1153 4265 tuum,
1194 4198 1476 4255 ambulans
1517 4199 1569 4254 in
1606 4201 1857 4270 passione
1885 4200 2027 4256 desi-

450 4281 596 4335 derii
636 4282 777 4336 sicut
812 4292 863 4337 et
904 4293 1125 4354 gentes,
1163 4300 1284 4356 qua:
1323 4288 1575 4358 ignorant
1610 4284 1812 4356 Deum,
1849 4292 2025 4361 possi-

2126 3199 2277 3273 90501'
2303 3215 2423 3257 esse
2446 3199 2539 3254 vix
2564 3197 2757 3270 possit.
2784 3195 3162 3252 Conﬁtendum
3185 3203 3289 3258 est,
3314 3202 3372 3249 et
3397 3193 3691 3258 humiliter,

2127 3304 2187 3352 ut
2209 3295 2349 3350 idern
2376 3293 2448 3350 sit
2478 3294 2535 3349 in
2562 3293 2726 3348 corde
2743 3291 2890 3363 quod
2915 3290 3132 3347 sonabit
3156 3288 3212 3344 in
3234 3299 3347 3344 ore.
3379 3287 3519 3342 Sunt
3551 3280 3697 3341 enim

2124 3389 2392 3454 nonnulli,
2422 3387 2513 3458 qni
2540 3399 2765 3441 narrare
2790 3385 2847 3439 in
2876 3381 3306 3439 confessionibus
3337 3377 3546 3440 solent,
3575 3388 3698 3447 quae

2125 3480 2210 3535 vcl
2235 3491 2464 3549 arguere
2486 3473 2835 3541 litteratoria,
2865 3472 2951 3528 vel
2974 3472 3195 3528 sortiter
3226 3467 3544 3541 gldiatorio
3572 3476 3693 3534 ges—

2126 3586 2247 3629 sere
2275 3569 2560 3635 oonllictu,
2611 3568 2750 3639 proh
2793 3566 2980 3622 dolor!
3030 3563 3133 3620 sub
3181 3561 3499 3619 humilitatis
3537 3557 3697 3629 pallio

2127 3664 2435 3735 superbiam
2508 3662 2822 3717 inducentes
2850 3667 3198 3735 ct\putantes
3225 3670 3287 3710 se
3328 3669 3488 3724 posse
3527 3653 3695 3706 vitare

2126 3756 2312 3812 oculos
2338 3752 2535 3823 iudicis
2563 3760 2758 3808 cuncta
2781 3748 3073 3805 cernentis.
3097 3746 3284 3801 Nonne
3307 3739 3523 3812 utrique
3545 3755 3696 3813 rcges

2127 3842 2289 3912 Saul,
2321 3853 2377 3898 et
2422 3840 2592 3896 David
2641 3838 2913 3910 redarguti
2943 3852 2977 3892 a
3016 3834 3293 3907 prophetis
3339 3830 3594 3888 Samuele
3630 3836 3699 3888 et

2128 3932 2336 3992 Nathan
2366 3933 2615 3989 dixerunt
2644 3949 2661 3985 :
2695 3949 2716 3982 ι
2751 3928 2997 3985 Peccavi.
3032 3943 3056 3980 ι
3087 3927 3155 3982 Et
3178 3935 3357 3980 tamen
3386 3922 3515 3978 Saul
3549 3921 3698 3975 andi-

2125 4023 2243 4080 vit:
2276 4041 2295 4075 ι
2330 4019 2631 4077 Transtulit
2676 4032 2903 4090 regnum
2946 4016 3206 4072 Dominus
3252 4028 3284 4068 a
3332 4022 3412 4078 te,
3449 4020 3509 4067 et
3549 4009 3699 4063 dabit

2128 4115 2256 4172 illud
2284 4114 2477 4171 aemulo
2500 4122 2589 4168 tuo
2619 4110 2667 4183 (Ι
2696 4110 2822 4179 Reg.
2850 4110 2976 4179 xv);
3008 4127 3027 4162 ι
3062 4119 3119 4162 et
3145 4103 3310 4160 David
3339 4115 3409 4158 :‘r
3442 4101 3701 4157 Transtu-

2129 4206 2192 4261 lit
2240 4202 2498 4259 Dominus
2526 4209 2807 4272 peccatum
2834 4207 2986 4253 tuum
3023 4211 3053 4251 a
3086 4207 3166 4262 te,
3191 4198 3247 4250 et
3274 4207 3380 4248 non
3412 4186 3699 4248 morieris?

2130 4292 2214 4367 (Η
2248 4293 2380 4365 Reg.
2413 4292 2533 4363 xtt).
2568 4312 2587 4344 ι
2615 4290 2752 4359 Quid
2779 4296 2882 4356 est,
2914 4287 3018 4344 nisi
3040 4286 3164 4358 quia
3187 4285 3328 4356 quod
3360 4282 3492 4338 Saul
3516 4278 3700 4338 habuit

444 4371 591 4427 dens
628 4384 724 4427 vas
759 4383 908 4428 tuum
950 4375 1004 4429 in
1043 4374 1383 4432 immunditia
1422 4386 1474 4433 et
1511 4379 1718 4434 vilitate
1741 4420 1756 4444 ,
1807 4393 1915 4434 non
1968 4381 2021 4435 in

2130 4389 2186 4444 in
2209 4400 2322 4451 ore,
2368 4402 2474 4442 non
2516 4384 2619 4439 fuit
2660 4383 2714 4439 in
2741 4381 2932 4448 corde;
2965 4390 3020 4435 et
3042 4376 3354 4440 humilitas,
3379 4388 3499 4445 qua!
3524 4373 3581 4430 in
3607 4383 3701 4427 ore

446 4461 886 4518 sanctiﬁcatione
913 4471 968 4519 et
999 4464 1206 4522 honore
1234 4465 1253 4537 (
1278 4464 1309 4520 Ι
1340 4466 1493 4521 Thes.
1523 4482 1577 4523 tv
1597 4468 1638 4539 ).
1670 4466 2028 4524 Consideran-

442 4553 584 4605 dum
620 4554 784 4608 etiam
825 4555 953 4623 quid
991 4557 1287 4625 merueris,
1330 4557 1506 4628 ignem
1543 4558 1795 4615 videlicet
1832 4560 2023 4626 illum,

445 4644 551 4715 qui
577 4653 800 4717 paratus
828 4656 912 4702 est
936 4647 1151 4703 diabolo
1178 4657 1231 4704 et
1254 4651 1460 4721 angelis
1485 4649 1599 4719 ejus
1626 4651 1842 4724 (Matth.
1870 4650 2026 4724 xxv),

448 4743 516 4789 et
550 4737 735 4790 omnia
774 4750 1054 4806 plenarum
1094 4752 1324 4809 genera,
1357 4755 1480 4809 qua:
1508 4741 1562 4795 in
1593 4740 1699 4796 illis
1727 4743 2030 4810 poenalibus

448 4827 590 4882 locis
634 4829 979 4885 cumulantur
1021 4838 1076 4885 et
1118 4842 1391 4887 crescunt.
1426 4820 1841 4904 inspiciendum
1892 4848 2025 4890 vero

446 4918 582 4986 quid
611 4918 773 4989 310
800 4920 1047 4975 amiseris
1065 4964 1081 4989 ,
1121 4922 1261 4977 bona
1298 4923 1547 4979 videlicet
1578 4923 1668 4979 illa
1693 4940 1812 4995 qua:
1836 4925 2025 4981 oculos

448 5025 563 5067 non
602 5010 755 5067 vidit.

527 5098 731 5156 Horum
759 5102 919 5173 igitur
939 5101 1179 5158 omnium
1212 5103 1645 5160 consideratione
1680 5080 2026 5176 perterritus,

453 5195 632 5249 transi
660 5194 725 5249 ad
755 5195 1149 5266 pmnitentiam.
1189 5195 1458 5250 Pmniteat
1489 5204 1565 5261 te,
1590 5198 1685 5266 qui
1717 5204 1797 5251 tot
1821 5204 1876 5251 et
1903 5204 2028 5251 tan.

452 5284 527 5337 tis
548 5278 1062 5355 flagitiis—involutus
1088 5285 1143 5339 in
1175 5283 1290 5339 luto
1318 5283 1467 5340 faecis
1488 5294 1543 5341 et
1568 5287 1800 5341 miserita
1823 5286 2028 5341 diutius

448 5372 692 5443 jacuisti.
718 5376 1094 5432 Paenitentiam
1122 5391 1251 5448 age,
1275 5391 1472 5446 corpus
1493 5386 1780 5432 conterens
1805 5385 1862 5432 et
1894 5376 2030 5430 furi-

457 5467 640 5524 bundo
666 5468 845 5543 carnis
871 5466 1036 5524 asello
1061 5466 1114 5523 in
1139 5467 1533 5525 incentivorum
1570 5470 1779 5522 semina
1824 5478 2029 5537 presu-

455 5557 624 5611 mcnti
662 5557 969 5627 ptenitcnda
1016 5558 1248 5630 amplius
1274 5572 1377 5613 non
1418 5557 1692 5620 admittas,
1724 5571 1793 5611 ne
1831 5556 2026 5610 vulnus

454 5646 665 5703 vulneri
749 5646 1062 5718 frequenter
1135 5647 1476 5719 ingeminans
1536 5647 1847 5718 confringas
1902 5660 2024 5701 ossa

2130 4475 2301 4533 David
2341 4475 2582 4540 exstitit,
2608 4473 2668 4532 in
2698 4474 2862 4529 corde
2895 4469 3059 4524 etiam
3098 4463 3359 4522 radiavit?

2200 4566 2495 4622 Dicendum
2538 4570 2622 4619 est
2665 4570 2719 4617 et
2758 4560 2989 4615 ﬁdeliter
3034 4565 3095 4611 ut
3164 4554 3218 4610 in
3280 4552 3409 4631 ﬁde.
3446 4549 3701 4611 Ecclesia

2129 4660 2316 4714 credat
2342 4655 2443 4711 sibi
2468 4662 2688 4725 peccata
2716 4651 2943 4715 dimitti,
2969 4647 3095 4718 quia
3120 4646 3257 4702 Cain
3303 4654 3356 4699 ct
3383 4642 3551 4698 Judas
3570 4651 3700 4712 pura

2128 4761 2186 4806 et
2228 4749 2502 4805 humiliter
2537 4744 2767 4801 confessi
2792 4751 2938 4807 sunt,
2962 4741 3057 4797 sed
3079 4752 3417 4810 nequaquam
3448 4734 3699 4796 ﬁdeliter,

2130 4854 2255 4896 nam
2303 4838 2441 4894 alter
2473 4850 2658 4892 eorum
2714 4836 3007 4903 desperans
3052 4830 3120 4885 ad
3167 4829 3417 4900 laqueum
3462 4826 3703 4881 cucurrit

2131 4927 2346 5002 (Matth.
2376 4925 2563 4995 xxvn),
2593 4924 2730 4978 alter
2773 4920 2904 4976 illud
2950 4920 3154 4991 grande
3204 4917 3379 4972 scelus
3416 4912 3698 4970 evomuit:

2134 5037 2156 5069 ‹
2195 5015 2362 5084 Major
2402 5023 2488 5069 est
2512 5012 2770 5080 iniquitas
2801 5022 2948 5074 mea,
2977 5022 3139 5077 quam
3164 5012 3225 5060 ut
3246 5005 3459 5060 veniam
3491 5010 3703 5056 merear

2131 5103 2287 5175 (Gen.
2311 5107 2409 5173 tv).
2441 5119 2463 5155 ι
2486 5100 2749 5164 Mentiris,
2770 5100 2927 5161 latro,
2949 5098 3075 5167 quia
3100 5094 3272 5167 major
3298 5103 3382 5150 est
3407 5093 3584 5164 pietas
3604 5089 3698 5145 Dei

2130 5209 2296 5267 quam
2327 5193 2533 5265 quavis
2573 5192 2862 5260 iniquitas,
2900 5190 3058 5261 311
3100 5189 3230 5258 quia
3257 5202 3278 5237 ι
3327 5183 3701 5240 miserationes

2131 5284 2250 5353 ejus
2276 5295 2440 5353 super
2464 5281 2647 5336 omnia
2670 5294 2836 5351 opera
2866 5277 2983 5347 ejus
3003 5276 3177 5345 (Paul.
3200 5273 3403 5345 cxsiv).
3437 5290 3460 5324 ι

2198 5373 2459 5443 Sequitur
2484 5372 2708 5441 quintus
2732 5371 2964 5440 gradus,
3008 5367 3305 5422 maceratio
3332 5363 3542 5427 carnis,
3582 5373 3700 5431 qua

2123 5463 2344 5535 ieiuniis
2368 5471 2424 5518 et
2445 5461 2644 5533 vigiliis
2668 5460 2992 5516 attenuanda
3016 5466 3103 5513 est
3123 5499 3138 5522 ,
3167 5470 3234 5513 ne
3258 5468 3398 5510 nova
3424 5452 3698 5524 prurigine

2130 5553 2197 5607 ad
2230 5550 2601 5620 voluptuosam
2628 5548 2836 5604 revolet
2860 5547 3203 5618 pravitatem.
3232 5543 3356 5599 “me
3396 5550 3580 5596 autem
3619 5540 3695 5594 fa-

2129 5643 2319 5699 cienda
2347 5650 2434 5699 est
2466 5656 2589 5697 cum
2628 5639 2842 5696 licentia
2860 5678 2875 5707 ,
2902 5639 3028 5709 quia
3065 5637 3207 5708 quod
3241 5636 3361 5692 sine
3382 5632 3602 5689 licentia
3639 5631 3697 5685 iit
