4064 6208
353 447 364 457 ι
417 376 521 431 sas

1684 383 1914 439 senato
1955 385 2127 440 Lvm.
3548 367 3655 457 est

420 507 570 549 vanae
616 490 1202 561 glorim'deluttabttur,
1230 509 1332 547 non
1381 496 1648 559 mercedi;
1675 496 1906 559 occulte,
1937 507 1995 550 ut
2021 507 2067 559 Α
2101 500 2346 554 homines
2398 517 2729 558 reveremur.
2763 521 2783 555 ι
2813 503 2936 559 llaec
2981 516 3065 561 est
3111 507 3354 563 confusio
3399 513 3670 573 adducens

423 607 444 639 ι
477 586 679 640 nesciat
709 585 931 638 sinistra
965 594 1050 639 tua
1073 587 1206 654 quid
1233 585 1394 641 faciat
1416 587 1637 641 dextera
1664 597 1752 640 tua
1777 586 1993 656 (Matth.

417 684 516 747 vi),
547 696 564 728 ι
597 672 853 739 discreto,
892 686 1114 746 propter
1140 678 1468 731 debilitatem
1500 679 1746 747 corporis
1773 687 1828 731 et
1858 677 1997 730 mul-

420 772 648 825 timodas
697 769 1062 824 infirmitates.
1110 769 1403 840 Plerosque
1451 773 1592 825 enim
1655 773 1887 825 vidimus
1939 773 1992 826 in

416 859 687 930 principio
711 858 1082 912 conversionis
1117 860 1188 912 ita
1217 861 1560 915 discretionis
1589 860 1868 929 infregisse
1910 877 1996 916 re-

416 949 607 1020 pagula
639 959 696 1003 ut
719 948 938 1002 laudum
969 948 1300 1003 solemnibus
1332 949 1594 1004 inhabiles
1621 950 1992 1028 redderentur,

415 1053 471 1096 et
499 1047 758 1111 apparatu
787 1040 1037 1110 deinceps
1059 1040 1278 1096 lautiori
1299 1040 1566 1096 diuturnis
1602 1041 1766 1096 foveri
1792 1050 1994 1111 tempo-

416 1133 566 1186 ribus
592 1132 916 1200 indigerent.

483 1219 606 1275 .lam
639 1219 715 1273 sic
748 1218 1081 1274 illuminatus
1110 1219 1366 1287 procedat
1396 1219 1462 1274 ad
1503 1220 1750 1284 sextum',
1789 1221 1882 1290 qui
1911 1230 1995 1276 est

415 1308 686 1364 correctio
711 1307 914 1376 operis.
941 1306 1170 1362 Prohibe
1196 1323 1327 1378 ergo
1351 1309 1587 1378 linguam
1623 1318 1768 1363 tuam
1798 1325 1827 1363 a
1853 1310 1992 1364 malo

414 1399 586 1469 (Paul.
617 1397 834 1463 χχχιιι),
855 1409 1081 1467 operare
1101 1397 1241 1466 quod
1270 1397 1469 1452 bonum
1499 1408 1605 1462 est,
1631 1407 1686 1452 et
1715 1397 1993 1452 sensuales

414 1496 593 1543 motus
619 1495 737 1542 tuos
765 1486 1107 1542 continentia
1136 1485 1303 1543 frenis
1329 1487 1558 1546 infrena.
1583 1495 1638 1541 et
1660 1487 1739 1542 sic
1762 1487 1864 1541 erit
1886 1501 1989 1556 pax

414 1581 468 1634 in
493 1591 638 1634 terra
666 1577 851 1658 carnis
880 1587 1003 1632 tuae.
1029 1579 1210 1648 Atque
1233 1569 1527 1648 malos‘pro
1551 1593 1802 1648 persona,
1827 1594 1988 1647 quam

413 1671 603 1736 habes,
625 1679 679 1726 et
705 1681 756 1726 te
781 1679 1065 1741 praesenle,
1081 1670 1348 1738 justitiam
1378 1687 1484 1726 non
1515 1673 1662 1728 sinas
1682 1673 1916 1742 sepeliri.

484 1761 620 1815 Veni
650 1759 716 1814 ad
745 1760 1031 1830 septimum
1056 1760 1280 1830 gradum
1300 1801 1313 1823 ,
1349 1760 1439 1830 qui
1470 1771 1553 1816 est
1585 1761 1984 1830 perseverantia

2097 596 2372 655 peccatum
2415 590 2433 660 (
2463 589 2624 644 Eccli.
2649 591 2763 660 iv).
2795 612 2813 643 ι
2849 593 3194 662 Opponamus
3229 611 3360 667 ergo
3397 601 3445 653 ei
3483 605 3664 658 consi-

2094 677 2427 733 derationem
2486 683 2748 746 rationis,
2801 686 3157 739 reverentiam
3209 687 3472 744 intuentis
3526 694 3662 759 Dei,

2092 769 2550 836 comparationem
2591 771 2814 839 majoris
2851 773 3203 830 confusionis.
3246 777 3316 831 Ut
3353 779 3495 834 enim
3531 798 3664 837 con-

2094 854 2348 910 fiteamur
2385 858 2524 912 ratio
2563 870 2777 926 monet,
2821 861 2960 915 Deus
2997 863 3137 932 cogit
3174 853 3266 934 qui
3303 867 3487 933 videt;
3519 879 3574 925 et
3611 871 3660 926 si

2092 945 2468 1001 confundimur
2514 949 2601 1003 hic
2649 951 2867 1016 dicere,
2918 955 3045 1021 quid
3095 955 3198 1008 erit
3247 955 3300 1010 in
3341 957 3428 1011 illa
3468 976 3666 1031 magna

2091 1036 2437 1103 confusione,
2479 1039 2568 1093 ubi
2609 1041 2789 1094 omnia
2829 1043 3078 1098 onmibus
3125 1047 3428 1115 patebunt?
3477 1049 3665 1108 Timor

2091 1135 2272 1181 autem
2326 1128 2612 1199 plerosque
2664 1134 2962 1202 opprimit,
3021 1151 3088 1189 ne
3144 1140 3293 1207 gravi
3347 1144 3662 1210 ptenitentia

2089 1215 2454 1284 pereellantur
2487 1226 2538 1271 et
2578 1218 2818 1287 perferre
2856 1237 2961 1276 non
3001 1225 3224 1292 possint.
3259 1227 3396 1282 Vere
3426 1249 3442 1281 ι
3472 1232 3563 1300 qui
3597 1236 3666 1286 ti-

2091 1313 2202 1358 met
2231 1307 2478 1374 pruinam
2500 1348 2515 1372 ,
2548 1309 2718 1362 irruet
2750 1325 2912 1380 super
2942 1315 3184 1369 eum'nix
3218 1315 3354 1386 (Job
3389 1335 3436 1373 vr
3463 1322 3503 1390 ).
3541 1340 3561 1373 ι

2163 1391 2262 1446 Hie
2298 1394 2748 1450 considerandum
2787 1413 2946 1466 quam
2977 1403 3154 1470 gravis
3182 1403 3251 1458 sit
3275 1419 3440 1476 paena
3467 1409 3668 1478 gehen-

2089 1496 2205 1545 nae,
2257 1496 2418 1550 quam
2469 1483 2662 1554 longa,
2718 1501 2878 1555 quam
2908 1489 3260 1547 infructuosa.
3312 1495 3354 1547 Ε
3385 1499 3663 1564 contrario

2089 1579 2272 1626 autem
2320 1573 2641 1642 poenitentia
2693 1590 2961 1646 praesens,
3012 1579 3178 1648 levis,
3232 1585 3411 1640 brevis
3448 1597 3504 1641 ct
3542 1587 3660 1642 fru-

2089 1672 2298 1718 ctuosa.
2341 1663 2477 1734 Spes
2513 1675 2692 1721 autem
2732 1670 2933 1724 multos
2975 1672 3189 1737 obruit,
3229 1676 3318 1743 qui
3359 1677 3484 1732 dum
3527 1679 3664 1734 bona

2089 1757 2375 1822 prementia
2428 1757 2680 1826 cupiunt,
2731 1760 2942 1827 aperire
2989 1763 3347 1820 conscientias
3393 1769 3522 1824 snas
3568 1785 3664 1824 no-

411 1851 695 1913 υοπίιτηίς,
723 1857 778 1903 ει
804 1850 856 1904 in
885 1850 988 1904 hoc
1015 1850 1246 1920 septimo
1264 1851 1476 1906 vocabit
1500 1858 1551 1904 ιε
1581 1850 1840 1905 Dominus
1865 1865 1986 1904 cum
2016 1833 2063 1894 Β
2091 1844 2238 1906 lunt,
2279 1861 2380 1910 ne,
2419 1847 2463 1900 si
2503 1847 2690 1916 quales
2725 1859 2850 1904 sunt
2886 1851 3190 1910 hominibus
3228 1871 3556 1926 appareant,
3595 1865 3662 1916 ad

412 1944 596 2014 Moyse
637 1944 704 1998 de
747 1943 924 1998 medio
956 1943 1202 2014 caliginis
1227 1941 1424 2014 (Exod.
1451 1944 1622 2013 xxiv),
1649 1955 1704 1998 et
1730 1944 1781 1998 in
1816 1945 1988 2012 ipsam

412 2036 708 2089 divinitatis
729 2035 1081 2090 substantiam
1107 2035 1391 2091 interiores
1415 2036 1599 2090 oculos
1623 2035 1833 2105 inliges.
1855 2035 1992 2089 Per-

412 2127 770 2180 severantiam
806 2137 984 2180 autem
1015 2125 1218 2181 faciunt
1260 2127 1593 2196 exspectatio
1620 2126 1984 2196 praemiorum,

412 2229 692 2284 poenarum
740 2214 1080 2278 recordatio,
1127 2214 1381 2283 primitiae
1427 2214 1650 2283 spiritus
1693 2220 1748 2268 et
1789 2213 1988 2270 donum

412 2302 660 2368 cteleste,
695 2303 763 2358 de
803 2302 999 2374 quibus
1039 2302 1276 2375 loquitur
1310 2302 1597 2375 Apostolus
1614 2304 1812 2376 (Hebr.
1869 2306 1946 2374 vi)
1970 2344 1986 2368 ,

413 2394 556 2463 quod
594 2409 694 2449 nec
717 2405 971 2464 expertus
1001 2394 1246 2464 ignorat,
1302 2410 1404 2451 nec
1445 2395 1754 2465 inexpertus
1793 2393 1990 2448 intelli-

412 2488 508 2556 git.
538 2486 775 2540 Stultitia
817 2496 900 2541 est
926 2488 1072 2542 enim
1107 2487 1182 2542 illi
1225 2486 1275 2556 (l
1309 2486 1431 2541 Cor.
1460 2485 1558 2556 ιι),
1585 2494 1642 2542 et
1667 2499 1772 2540 non
1802 2494 1987 2555 potest

417 2573 734 2644 intelligere,
759 2575 851 2643 qui
881 2575 1236 2644 spiritualiter
1253 2576 1658 2630 examinantur.

481 2662 678 2717 Audite
703 2672 759 2716 et
781 2663 1016 2718 breviter
1044 2679 1202 2733 quem
1231 2673 1480 2733 oporteat
1504 2664 1744 2719 ordinari
1777 2663 1844 2718 ad
1873 2664 1986 2720 dis-

411 2753 778 2821 pensationem
825 2753 1106 2808 ministerii
1162 2754 1352 2822 hujus;
1413 2761 1625 2824 oportet
1675 2753 1819 2808 enim
1874 2769 1984 2807 non

412 2841 592 2894 minus
615 2841 918 2908 litteratum
931 2857 1091 2912 quam
1118 2842 1448 2912 religiosum,
1481 2851 1539 2896 ut
1563 2842 1736 2897 zelum
1767 2842 1859 2896 Dei
1889 2843 1984 2896 ha-

411 2929 554 2992 beat,
583 2939 639 2984 et
664 2931 958 2984 secundum
981 2931 1286 2996 scientiam,
1319 2945 1443 2986 cum
1473 2931 1765 2987 indiscreta
1795 2931 1987 3004 religio

413 3021 585 3090 magis
625 3023 815 3076 obesse
871 3021 1042 3076 soleat
1102 3037 1263 3092 quam
1327 3025 1604 3093 prodesse.
1658 3023 1983 3080 Litteratum

413 3121 590 3168 autem
639 3113 761 3167 ideo
794 3121 853 3167 ut
906 3113 1044 3168 sciat
1089 3113 1232 3183 quod
1289 3113 1565 3186 injungat,
1615 3115 1699 3169 cui
1759 3124 1980 3184 parcat,

412 3201 626 3270 quando
663 3218 886 3272 parcere
917 3204 1138 3268 debeat,
1163 3220 1322 3274 quam
1348 3204 1771 3260 consolationem
1803 3205 1982 3278 profe-

413 3299 498 3344 rat
526 3291 592 3345 de
621 3289 938 3360 Scripturis.
964 3292 1293 3362 Religiosum
1312 3307 1473 3358 vero,
1501 3293 1708 3350 idcirco
1735 3301 1795 3347 ut
1817 3307 1982 3363 puras

413 3394 607 3435 manus
645 3379 786 3436 levet
811 3379 878 3434 ad
909 3379 1074 3436 Deum
1103 3390 1158 3434 et
1184 3395 1284 3451 pro
1311 3382 1687 3452 peccatoribus
1717 3381 1982 3440 fiduciali-

413 3479 498 3525 ter
527 3470 848 3526 intercedat.
876 3470 1066 3528 Videat
1088 3481 1267 3527 autem
1317 3488 1388 3528 ne
1409 3488 1646 3543 unquam
1669 3473 1735 3528 de
1755 3473 1842 3530 his
1861 3487 1984 3541 qua:

409 3563 513 3620 ευΙ)
549 3563 836 3634 signaculo
871 3564 1224 3620 confessionis
1263 3567 1494 3635 accepit,
1540 3566 1776 3636 aliquam
1819 3565 1984 3620 faciat

413 3652 762 3718 mentionem,
802 3653 886 3708 vel
935 3653 1091 3709 alicui
1125 3653 1362 3724 loquenti
1409 3656 1734 3709 consentiat.
1782 3655 1986 3710 Caveat

410 3743 578 3799 etiam
606 3758 674 3798 ne
695 3743 917 3800 vilescat
945 3745 998 3800 in
1025 3755 1313 3816 conspectu
1344 3744 1462 3812 ejus
1486 3747 1577 3815 qui
1608 3748 1655 3801 ei
1685 3762 1837 3801 suam
1861 3746 1982 3801 vili-

413 3842 580 3890 tatem
605 3835 864 3900 ostendit,
913 3851 1012 3890 nec
1042 3837 1114 3893 sit
1147 3845 1458 3904 suspectus,
1485 3849 1585 3890 nec
1609 3835 1676 3890 de
1703 3835 1980 3909 praeterita

411 3925 648 3984 futuram
687 3927 855 3983 vitam
892 3928 1124 3996 aestimet
1159 3929 1482 3998 peccatoris.

479 4015 632 4081 Quod
666 4015 712 4071 si
744 4015 966 4070 fortuito
991 4016 1058 4071 de
1087 4017 1169 4070 his
1193 4033 1313 4087 quae
1345 4017 1398 4070 in
1433 4014 1770 4071 confessione
1801 4031 1984 4070 susce-

409 4104 490 4174 pit
527 4119 692 4159 causa
730 4119 915 4162 coram
962 4120 1027 4160 eo
1065 4104 1225 4160 fuerit
1265 4105 1552 4170 ventilata,
1587 4119 1690 4159 non
1725 4113 1980 4173 tanquam

409 4193 664 4250 conscius
685 4193 736 4247 in
757 4203 964 4263 partem
991 4194 1250 4260 declinet,
1283 4195 1380 4250 sed
1415 4195 1566 4265 quasi
1600 4195 1814 4250 nescius
1834 4187 1979 4264 judi-

2093 1933 2240 1986 nulla
2270 1937 2553 2003 praesentis
2581 1938 2704 1990 vitzc
2731 1939 2868 1992 bona
2908 1945 3294 1999 conscendant.
3334 1945 3539 2014 Quibus
3579 1951 3664 2005 in-

2094 2021 2415 2077 culcandum
2445 2034 2528 2078 est
2556 2027 2679 2094 quia
2716 2029 2855 2084 bona
2896 2029 3053 2098 hujus
3089 2037 3267 2089 swcuit
3307 2053 3470 2106 parva
3511 2050 3667 2107 sunt,

2093 2114 2300 2168 incerta
2327 2123 2382 2169 et
2411 2126 2786 2175 momentanea
2811 2161 2824 2182 ,
2857 2130 2910 2176 et
2939 2122 3031 2178 illa
3063 2125 3205 2180 illius
3233 2127 3356 2183 vitae
3386 2133 3616 2186 maxima
3643 2174 3659 2196 ,

2089 2204 2394 2260 certissima
2424 2215 2479 2262 et
2504 2217 2724 2263 :eterna.
2765 2209 3036 2267 Plurimos
3070 2215 3372 2285 desperatio
3410 2219 3666 2278 interficit

2091 2299 2181 2366 qui
2212 2299 2315 2354 hoc
2342 2300 2516 2354 solum
2547 2311 2828 2367 metuunt,
2861 2319 2928 2357 ne
2965 2307 3175 2374 possint
3209 2309 3486 2367 continere
3515 2331 3529 2367 :
3559 2315 3665 2369 Ve-

2093 2404 2210 2443 rum
2247 2405 2482 2461 namque
2519 2403 2603 2446 est
2647 2393 2774 2462 quia
2811 2413 2830 2445 ι
2883 2404 3160 2464 peccator,
3195 2415 3319 2453 cum
3359 2403 3566 2458 venerit
3607 2405 3661 2460 in

2088 2482 2410 2553 profundum
2442 2486 2703 2541 malorum
2721 2530 2736 2552 ,
2767 2491 3066 2546 contemnit
3091 2490 3462 2564 (Prov.xvut).
3480 2513 3498 2546 ι
3513 2493 3665 2549 lianc

2088 2572 2339 2628 obterere
2377 2574 2634 2631 debemus
2660 2577 2846 2648 vigore
2874 2580 3261 2648 confessionis,
3288 2584 3458 2652 gratia
3487 2585 3664 2638 humi-

2087 2660 2254 2717 litatis
2277 2671 2327 2718 et
2357 2665 2735 2735 compassione
2760 2666 2907 2722 illius
2941 2669 3026 2723 cui
3065 2672 3341 2740 aperimus
3379 2674 3665 2730 conscien-

2087 2753 2217 2807 tiam
2247 2762 2508 2809 nostram.

2157 2865 2446 2923 Sciendum
2497 2877 2678 2923 autem
2733 2871 2859 2941 quia
2917 2872 3021 2927 alia
3072 2883 3157 2928 est
3193 2875 3503 2936 confessm.
3545 2892 3663 2946 quae

2083 2966 2364 3029 peccatum
2405 2959 2651 3030 plangit;
2691 2961 2825 3028 alia,
2856 2979 2975 3034 qua:
3013 2964 3224 3021 laudem
3255 2967 3424 3024 canit.
3460 2969 3660 3024 liouum

2086 3049 2279 3102 anima:
2315 3061 2691 3105 ornamentum
2730 3052 3030 3118 confessio,
3071 3071 3190 3124 quae
3228 3067 3283 3113 et
3319 3069 3663 3132 peccatorum

2008 3184 2058 3248 α
2086 3145 2276 3208 purgat
2304 3145 2359 3192 et
2381 3137 2586 3209 justum
2619 3142 2794 3195 reddit
2826 3145 3216 3215 purgatiorem.

2161 3249 2460 3321 Sequitur:
2491 3271 2508 3303 ι
2539 3253 2638 3320 Qui
2675 3255 2968 3312 crediderit
3005 3258 3059 3311 in
3099 3258 3246 3314 illum
3286 3275 3389 3314 non
3428 3261 3660 3318 confun-

2086 3343 2259 3396 detur.
2289 3361 2304 3392 ι
2331 3342 2564 3398 Credere
2589 3344 2720 3412 Deo,
2742 3358 2825 3400 est
2848 3347 3027 3404 verbis
3053 3349 3168 3416 ejus
3193 3349 3350 3406 fidem
3378 3352 3662 3408 adhibere.

2084 3431 2319 3489 Credere
2370 3433 2570 3499 Deum,
2621 3445 2706 3490 est
2752 3437 2996 3492 confiteri
3047 3439 3243 3508 ubique
3297 3441 3461 3496 Deum
3511 3455 3659 3500 esse.

2084 3523 2320 3579 Credere
2356 3525 2413 3580 in
2453 3525 2652 3592 Deum,
2683 3535 2768 3583 est
2801 3541 3017 3584 omnem
3041 3543 3191 3598 spem
3221 3547 3372 3585 suam
3411 3532 3463 3586 in
3503 3532 3652 3588 illum

2083 3618 2338 3689 dirigere.
2377 3620 2543 3674 Deum
2582 3630 2639 3676 et
2677 3623 2785 3675 Deo
2830 3623 3059 3678 credunt
3105 3623 3408 3688 daemones,
3455 3623 3548 3680 sed
3602 3625 3660 3681 in

2085 3708 2234 3762 illum
2263 3725 2368 3763 non
2397 3711 2659 3777 credunt,
2687 3711 2740 3764 in
2765 3726 2925 3781 quem
2953 3712 3042 3782 qui
3073 3714 3360 3768 crediderit
3391 3729 3493 3770 non
3523 3729 3656 3769 con-

2085 3797 2356 3864 fundetur,
2385 3800 2510 3870 quia
2539 3815 2688 3872 spem
2714 3817 2864 3856 suam
2895 3817 3000 3856 non
3027 3811 3234 3872 ponunt
3266 3802 3317 3858 in
3350 3801 3542 3860 illum;

2153 3911 2291 3967 Ecce
2317 3921 2575 3982 quantum
2605 3913 2785 3982 potui,
2840 3913 2939 3968 etsi
2971 3929 3076 3968 non
3102 3923 3363 3983 quantum
3392 3913 3566 3980 Volui,
3593 3914 3662 3970 de

2084 4001 2439 4058 confessionis
2474 4003 2704 4058 disserui
2745 4013 3111 4059 sacramento.
3153 4004 3259 4060 Sed
3289 4005 3415 4075 quia
3446 4020 3660 4061 seruio-

2084 4111 2205 4149 nem
2237 4095 2288 4148 in
2319 4093 2537 4162 longum
2565 4095 2953 4163 protraximus,
2983 4093 3144 4148 finem
3172 4095 3422 4165 loquendi
3452 4096 3659 4166 pariter

2083 4189 2387 4244 audiamus.
2438 4188 2538 4243 Det
2583 4189 2743 4244 nobis
2787 4191 2952 4245 corde
2995 4191 3220 4245 credere
3257 4192 3322 4245 ad
3355 4190 3653 4259 justitiam,

410 4282 638 4339 ciarium
662 4284 906 4340 ordinem
936 4285 1211 4355 permittat
1233 4301 1542 4340 excurrere.
1570 4285 1774 4340 Habeat
1799 4296 1983 4340 autem

2088 4293 2177 4334 ore
2213 4280 2458 4336 confiteri
2497 4279 2564 4333 ad
2605 4280 2834 4335 salutem
2865 4281 2892 4350 (
2919 4280 3074 4334 Rom.
3116 4297 3150 4336 χ
3174 4281 3216 4352 ),
3255 4291 3308 4335 et
3346 4283 3402 4336 in
3438 4297 3498 4338 se
3534 4275 3661 4337 ere-

412 4373 466 4427 in
510 4373 786 4430 voluntate
811 4377 1050 4446 compati
1086 4385 1144 4432 et
1182 4393 1305 4433 eum
1349 4377 1622 4442 liberare,
1670 4387 1728 4432 et
1775 4378 1982 4432 nitatur

2088 4368 2232 4434 dere,
2284 4383 2516 4439 sponsus
2578 4369 2863 4435 Ecclesiae,
2929 4370 3094 4424 Filius
3163 4370 3376 4434 Mariti},
3432 4373 3524 4442 qui
3576 4379 3663 4428 est

409 4462 615 4532 aliquid
659 4447 946 4521 deti-abere
988 4467 1267 4522 severitati
1297 4505 1314 4530 ,
1373 4467 1592 4522 imitans
1642 4466 1978 4521 dulcedinem
2008 4527 2049 4532 _
2085 4458 2226 4514 Deus
2255 4460 2574 4515 benedictus
2604 4459 2658 4514 in
2689 4460 2904 4514 saecula.
2936 4459 3129 4514 Amen.

356 4545 365 4553 '
411 4527 623 4606 Domini
668 4553 805 4618 mei,
848 4553 917 4608 de
961 4568 1070 4622 quo
1111 4555 1243 4610 dicit
1303 4527 1524 4610 sanctus
1572 4571 1586 4608 τ
1643 4571 1662 4606 ι
1715 4547 1980 4619 ριῖοιιίιιω

411 4639 586 4740 fecisti
607 4639 869 4740 judicium
889 4657 1092 4740 meum,
1119 4651 1187 4740 (ει⁸
1197 4658 1416 4740 causam
1445 4658 1620 4740 meam
1644 4643 1927 4740 (Paulus).
1958 4661 1978 4695 t
2635 4677 3062 4740 DECEMBER

411 4729 547 4794 Sed,
584 4733 719 4801 proh
749 4732 930 4789 dolor!
967 4733 1296 4804 temporibus
1321 4733 1524 4788 nostris
1551 4747 1645 4801 per
1673 4731 1983 4788 universum
2081 4797 2167 4804 ___
2408 4797 2440 4804 _
2635 4724 3090 4804 ’ΪἾὟῘΜῘΜ

411 4796 667 4876 mundum
697 4796 1308 4893 pestilentialis'morbus
1330 4825 1592 4888 excrevit,
1614 4833 1672 4880 ut
1692 4823 1986 4894 praeferan-

2088 4797 2192 4862 Ἦ.
2393 4797 2603 4860 Sermo
2631 4796 2703 4859 de
2727 4798 2792 4861 S.
2821 4797 3087 4860 Nicolao
3116 4799 3402 4878 episcopo
3436 4807 3490 4858 et
3519 4817 3658 4860 cort-

412 4919 500 4967 tur
523 4912 784 4968 Ecclesiis
809 4929 948 4984 quos
974 4931 1076 4972 nec
1099 4917 1326 4976 scientia
1355 4931 1455 4974 nec
1478 4915 1592 4972 vita
1613 4915 1979 4981 commendat,
2157 4901 2407 4980 Ῑεεωτοο
3341 4986 3353 4996 υ

410 5020 512 5060 ceu
532 5004 697 5061 duces
713 5021 999 5074 caecorum,
1022 5016 1079 5064 et
1101 5009 1521 5080 praecipitati,“
1543 5009 1596 5067 in
1619 5008 1982 5080 praecipitium
2079 4999 2317 5061 XXIV.
2391 4997 2598 5058 Sermo
2642 4998 2710 5058 δη
2759 4997 2990 5077 Vigilia
3018 4997 3262 5059 Natalis
3291 4995 3566 5059 υοηιὺιι.

410 5094 787 5161 Ρετάυοθηιθιο
935 5141 944 5146 ς
1261 5109 1266 5113 ’
2079 5099 2286 5160 XXV.
2395 5098 2605 5157 Sermo
2632 5097 2696 5156 in
2717 5096 3060 5158 Nativr‘tate
3084 5097 3354 5157 Domini.

480 5185 797 5244 Audivimus
825 5186 892 5243 de
928 5187 1254 5255 confitente,
1284 5187 1353 5247 de
1385 5186 1780 5248 confessionem
1812 5188 1979 5244 susci—

410 5276 622 5345 piente,
672 5278 956 5334 audiamus
1003 5295 1152 5337 nunc
1192 5296 1313 5350 qua:
1356 5290 1483 5338 sunt
1525 5296 1645 5350 quae
1688 5281 1987 5350 impediant

412 5365 835 5424 confessionem.
870 5368 1142 5438 Quantum
1178 5371 1432 5440 colligere
1459 5386 1678 5440 possum
1702 5411 1719 5434 ,
1747 5381 1982 5440 quamor

412 5455 682 5526 praecipue
715 5469 1041 5529 occurrunt,
1078 5459 1271 5529 pudor,
1311 5460 1490 5521 timor.
1541 5459 1706 5530 312
1758 5474 1885 5528 spes
1927 5469 1986 5515 et

412 5545 741 5615 desperatio.
780 5547 923 5604 Nihil
961 5550 1154 5608 fortius
1189 5552 1256 5606 ad
1294 5552 1710 5621 expugnandum
1748 5552 1984 5621 gratiam

413 5631 506 5684 Dei
539 5648 698 5700 quam
732 5636 890 5690 timor
920 5637 1186 5694 humanus
1211 5679 1226 5703 ,
1257 5641 1384 5708 quia
1409 5680 1428 5703 ,
1457 5640 1588 5698 dum
1617 5639 1984 5695 eumescimus

414 5718 657 5775 confiteri
713 5737 832 5793 quae
889 5725 1300 5791 commisimus,
1365 5727 1531 5784 Deum
1581 5726 1761 5784 minus
1817 5741 1979 5799 quam

2166 5195 2372 5256 Sermo
2403 5194 2568 5254 alius
2595 5196 2666 5254 de
2697 5194 2919 5254 eadem.

2089 5298 2321 5363 XXVI.
2393 5295 2598 5357 Sermo
2659 5294 2732 5355 de
2796 5297 2862 5356 S.
2917 5293 3219 5375 Stephano
3285 5301 3651 5376 protomar-

2084 5405 2533 5572 δίζξξχνιι.
2577 5497 2786 5557 Sermo
2815 5495 2850 5556 I
2884 5495 2954 5556 de
2989 5497 3054 5559 S.
3093 5498 3332 5557 Joanne
3362 5497 3649 5575 apostolo

2165 5602 2220 5654 et
2255 5594 2643 5674 euangelt'sm.

2160 5696 2371 5757 Sermo
2401 5695 2484 5776 ,ΙΙ
2513 5694 2583 5755 de
2617 5696 2839 5756 eodem.
