4064 6208
448 345 551 403 835

1024 339 1083 396 S.
1112 339 1326 407 PETRI
1366 338 1645 393 DAMIANI
1685 337 1835 393 OPP.
1869 336 2044 393 PARS
2085 336 2218 393 SEU
2258 334 2493 392 TOMUS
2529 333 2593 390 ll.
2630 362 2702 374 —
2726 332 3111 392 SERMONES.

3563 333 3737 409 sas

439 459 623 523 XXX
748 456 955 517 Sermo
1008 454 1080 513 de
1110 453 1177 513 S.
1210 451 1589 513 Barbatiano
1645 448 2000 527 Dresbytero
2032 456 2080 515 Α
2107 447 2448 513 liberantem,
2496 446 2731 517 virgines
2781 446 3051 517 virginum
3091 446 3370 502 infamiam
3407 449 3675 503 redimeno

514 564 567 614 et
598 555 964 635 confessam.

437 657 679 719 XX’XJ.
750 655 962 714 Sermo
991 649 1063 709 de
1109 650 1176 710 S.
1213 646 1509 710 Columba
1535 647 1699 725 virg.
1738 652 1792 706 et
1818 655 2002 706 mort.

978 787 1264 844 SEBMON
1319 786 1453 841 LIX.

504 904 572 942 DE
602 902 648 941 S.
686 898 912 940 NICOLAO
932 898 1187 939 EPISCOPU
1230 896 1455 936 HYBENSI
1492 896 1560 934 ΕΤ
1588 894 1935 935 CONFESSORE.

1033 981 1051 1045 (
1081 988 1131 1026 v1
1172 970 1422 1041 necante.)

508 1089 760 1145 Nicolaus
811 1087 919 1141 iste
968 1070 1140 1150 meus,
1187 1084 1297 1137 imo
1343 1092 1398 1137 et
1443 1091 1653 1146 vester,
1690 1080 1894 1136 electus
1941 1083 2009 1137 ab

440 1160 618 1245 utero,
658 1187 929 1231 sanctusa
964 1171 1457 1244 puero,-juvenum
1486 1172 1678 1243 gloria,
1713 1173 2009 1227 reverentia

441 1282 652 1331 senum,
683 1264 1024 1320 sacerdotum
1051 1263 1245 1327 honor,
1268 1260 1524 1332 splendor
1542 1260 2015 1329 pontificum.con—

439 1367 661 1414 ventum
711 1365 954 1412 vestrum
1005 1369 1102 1408 sua
1151 1352 1390 1407 laetiﬁcat
1432 1351 1747 1406 festivitate.
1785 1351 1885 1405 Hic
1929 1358 2014 1406 est

442 1448 716 1511 Nicolaus,
738 1445 891 1516 cujus
915 1442 1173 1499 miracula
1207 1457 1305 1511 per
1344 1449 1509 1496 totam
1557 1440 1739 1494 mundi
1767 1440 2009 1493 latitudi-

444 1555 571 1597 nem
602 1536 996 1611 diﬂ‘unduntur,
1024 1549 1184 1603 quem
1227 1532 1411 1588 laudat
1455 1532 1604 1587 orbis
1642 1540 1800 1585 terrm
1842 1539 1897 1585 et
1921 1531 2012 1601 qui

442 1629 689 1685 habitant
709 1628 767 1682 in
793 1642 878 1682 eo.
897 1625 1001 1681 Tot
1018 1626 1165 1680 enim
1180 1632 1238 1681 et
1269 1633 1418 1679 tanta
1447 1624 1706 1679 miracula
1734 1624 2013 1678 cumulan-

444 1729 552 1785 tur,
584 1728 641 1774 ut
671 1732 863 1773 omnes
889 1717 1252 1772 litteratorum
1284 1717 1509 1787 argutia:
1540 1717 1627 1770 vix
1678 1716 1745 1770 ad
1775 1716 2012 1771 scriben-

2108 550 2235 607 tem,
2273 554 2433 596 senes
2475 539 2622 595 senis
2658 539 2895 608 inopiam
2934 539 3301 594 miserantem.
3345 537 3579 593 Juvenes
3618 547 3675 593 et

2103 629 2359 705 virgines,
2390 643 2547 683 senes
2579 642 2704 681 cum
2745 625 3049 694 junioribus
3081 626 3303 681 laudant
3344 641 3539 681 nomen
3569 627 3676 681 Do-

2105 717 2235 774 mini
2263 714 2422 784 hujus
2451 713 2622 787 (Psal.
2657 713 2897 784 CXLVIII).
3532 762 3539 775 ι

2177 808 2287 862 Sed
2314 823 2456 861 nunc
2484 815 2606 876 post
2626 813 2777 858 actus
2804 803 2919 872 ejus
2944 802 3253 882 Graecorum
3278 803 3476 873 linguis
3493 801 3674 858 excel-

2108 900 2340 955 [cutibus
2392 899 2675 967 insigniter
2725 896 3048 960 dili‘amatos,
3094 898 3221 966 quid
3269 898 3465 951 audeat
3498 910 3676 953 sermo

2107 976 2475 1061 pauperculus
2517 987 2832 1042 balbutire?
2883 987 3266 1042 Verumtamen
3348 1001 3416 1041 ne
3490 987 3677 1041 videar

2107 1080 2476 1136 excusatorias
2526 1078 3004 1148 tergiversationes
3051 1078 3328 1141 inducere,
3363 1092 3583 1132 recurro
3608 1080 3677 1132 ad

2108 1170 2473 1241 evangelicam
2492 1168 2809 1234 lectionem;
2834 1176 2889 1222 et
2915 1167 3059 1238 quod
3074 1172 3140 1222 de
3165 1168 3440 1222 communi
3468 1168 3675 1237 accepi,

2109 1261 2326 1332 profero
2370 1260 2425 1313 in
2470 1274 2777 1314 commune.
2814 1258 2905 1312 Ait
2947 1258 3134 1312 enim:
3182 1275 3201 1310 ι
3240 1256 3412 1313 llomo
3461 1259 3678 1327 quidam

2110 1351 2306 1407 nobilis
2356 1350 2490 1405 abiit
2521 1350 2573 1403 in
2620 1349 2895 1420 regionem
2927 1348 3293 1419 longinquam,
3324 1358 3379 1404 et
3408 1350 3483 1404 ait
3508 1350 3682 1405 servis

2111 1442 2264 1500 suis:
2309 1440 2690 1511 Negotiamini,
2723 1440 2850 1495 dum
2879 1441 3036 1496 venio
3064 1439 3215 1511 (Luc.
3244 1441 3383 1513 XIX).
3422 1462 3441 1495 ι
3478 1442 3682 1497 Securo

2113 1532 2446 1604 negotiabor,
2486 1531 2834 1602 praecipiente
2876 1530 3102 1586 Domino
3146 1546 3287 1595 meo,
3332 1547 3438 1587 non
3481 1533 3682 1588 timebo

2111 1622 2455 1683 Psalmistam
2485 1621 2754 1675 dicentem
2783 1638 2797 1674 :
2829 1639 2848 1672 ι
2877 1620 3013 1686 Quia
3044 1635 3149 1675 non
3190 1621 3413 1690 cognovi
3445 1622 3685 1691 negotia-

2115 1719 2340 1780 tionem,
2380 1714 2613 1769 introibo
2652 1713 2707 1767 in
2748 1713 3017 1782 potentias
3040 1712 3246 1768 Domini
3289 1712 3628 1783 (Psal.t.xx).
3658 1732 3676 1763 ι

443 1810 570 1863 dum
594 1806 877 1870 sulliciant,
903 1822 1001 1861 nos
1023 1807 1090 1860 ad
1112 1808 1418 1876 legendum.
1449 1806 1517 1859 Et
1537 1805 1665 1860 licet
1684 1806 2010 1861 scholarium
2042 1791 2087 1850 Β
2116 1806 2232 1862 Non
2262 1806 2405 1860 enim
2431 1820 2653 1875 parvum
2680 1802 2810 1857 mihi
2843 1801 3053 1856 ﬁduciae
3081 1802 3247 1857 robur
3266 1812 3512 1871 praestat,
3538 1802 3684 1870 quod

443 1913 702 1952 numerus
727 1896 922 1951 incude
951 1896 1220 1950 rhetorica
1241 1894 1341 1950 sub
1369 1894 1719 1961 Quintiliani,
1752 1894 1837 1950 vel
1865 1894 2015 1949 Cice-

442 1988 595 2043 ronis
620 1986 827 2041 malleis
864 1986 1211 2040 tenuissimas
1244 1986 1550 2041 orationum
1580 1984 1809 2039 laminas
1827 1993 2017 2039 exten-

442 2077 557 2139 dat,
596 2083 819 2142 superat
848 2081 1025 2126 tamen
1056 2072 1226 2142 gloria
1273 2071 1597 2127 confessoris
1632 2087 1838 2137 vocem,
1860 2088 2016 2126 men-

446 2172 591 2228 tem,
642 2163 877 2232 linguam
929 2170 986 2216 et
1058 2162 1462 2217 conscientiam.
1491 2160 1846 2216 Crebrescunt
1874 2160 2016 2215 enim

446 2253 691 2322 quotidie
736 2251 1025 2317 mirabilia,
1056 2266 1156 2306 nec
1202 2252 1494 2321 requiescit
1541 2248 1781 2319 Spiritus
1828 2250 1921 2303 Dei
1950 2248 2019 2303 ad

444 2345 761 2400 memoriam
790 2343 979 2398 militis
1005 2343 1088 2397 sui
1111 2358 1205 2397 sua
1246 2342 1564 2397 continuare
1584 2339 1865 2396 miracula.
1894 2339 2019 2395 Glo-

444 2435 687 2490 rilicatur
736 2433 791 2488 in
852 2432 1012 2497 mari,
1056 2432 1313 2486 laudatur
1361 2432 1415 2485 in
1463 2438 1631 2497 terra,
1687 2431 1740 2485 in
1769 2433 2019 2490 omnibus

442 2523 702 2595 periculis
726 2522 1033 2578 invocatur.
1059 2521 1300 2593 Denique
1331 2539 1349 2573 ‹
1384 2521 1487 2589 Qui
1514 2522 1851 2577 descendunt
1871 2538 2022 2579 mare

446 2618 500 2671 in
549 2616 775 2671 navibus
816 2613 1082 2670 facientes
1128 2614 1497 2685 operationem
1543 2614 1599 2668 in
1635 2613 1792 2684 aquis
1817 2614 2019 2680 multis,

445 2706 549 2777 ipsi
596 2706 849 2761 viderunt
898 2720 1066 2774 Opera
1110 2704 1358 2769 Domini,
1397 2713 1451 2759 et
1496 2704 1759 2758 mirabilia
1803 2703 1920 2773 ejus
1964 2706 2019 2760 in

444 2794 711 2865 profundo
759 2793 912 2864 (Psal
939 2796 1071 2864 cvi).
1107 2814 1125 2847 ι
1174 2795 1280 2865 Ipsi
1309 2796 1561 2850 viderunt
1589 2808 1752 2863 opera
1784 2794 2017 2859 Domini,

447 2894 501 2940 et
533 2884 738 2942 Nicolai
776 2900 873 2956 per
906 2887 1073 2940 Deum
1104 2885 1365 2940 miracula
1397 2886 1450 2939 in
1479 2886 1769 2955 profundo.

518 2972 704 3030 Nonne
735 2983 857 3046 post
883 2975 1199 3030 memoriam
1226 2973 1475 3045 virginis,
1509 2983 1617 3029 tam
1648 2976 1819 3031 dulcis
1849 2987 2019 3047 pietas

448 3067 530 3120 vel
559 3067 645 3134 pia
677 3066 905 3121 dulcedo
946 3067 999 3120 in
1040 3067 1295 3121 cordibus
1337 3067 1571 3123 fidelium
1614 3067 1933 3124 obversatur
1959 3079 2020 3124 ut

449 3161 502 3213 in
531 3160 617 3213 die
668 3159 1033 3214 tribulationis
1054 3158 1258 3215 Nicolai
1296 3174 1489 3214 nomen
1539 3168 1785 3216 teneatur
1812 3162 1867 3215 in
1900 3176 2016 3227 ore,
2045 3130 2090 3196 C

450 3250 755 3319 requiescat
796 3250 848 3303 in
883 3251 1071 3306 corde?
1103 3250 1161 3306 Si
1199 3251 1603 3306 coruscationes
1646 3250 1918 3322 fulgurant
1966 3259 2022 3306 et

448 3342 702 3412 procellis
729 3342 1111 3398 detonantibus
1145 3357 1176 3396 a
1211 3343 1459 3414 supernis
1492 3342 1727 3397 vindicta
1754 3342 2020 3413 procedit,

448 3434 701 3490 Nicolaus
751 3435 803 3489 in
854 3444 1143 3504 patronum
1171 3436 1492 3505 assumitur,
1513 3435 1765 3491 Nicotaus
1794 3436 2022 3491 dulciter

451 3525 789 3581 inclamatur.
820 3524 878 3580 Si
904 3533 1195 3595 tempestas
1218 3526 1447 3581 saeviens
1466 3535 1522 3580 et
1548 3525 1836 3580 crudelitas
1858 3526 2021 3579 maris

451 3616 826 3685 navigantibus
867 3624 1094 3670 mortem
1137 3616 1432 3679 intentant,
1470 3615 1732 3670 ‘Nicolaus
1776 3616 2024 3670 ﬂebiliter

450 3717 727 3771 exoratur,
753 3716 811 3761 ut
833 3707 1051 3773 audiat;
1076 3707 1392 3778 suppliciter
1413 3708 1715 3772 invocatur,
1734 3716 1790 3760 ut
1814 3707 2018 3773 veniat;

452 3807 512 3852 ut
546 3807 695 3853 eruat
727 3837 742 3863 ,
784 3798 1207 3853 misericorditer
1260 3798 1607 3853 acclamatur.
1641 3796 1696 3852 Si
1749 3797 2026 3866 pulsamur

453 3889 840 3953 incommodis,
909 3889 993 3943 vel
1052 3887 1388 3943 olfendiculis
1441 3888 1781 3955 indolcmus,
1839 3889 2024 3942 statim

455 3990 698 4035 sanctum
755 3996 948 4034 nomen
983 3980 1196 4049 prosilit
1249 3981 1305 4034 in
1346 3995 1407 4034 os
1458 3989 1724 4045 nostrum,
1775 3978 2025 4036 Nieolaus

459 4070 839 4139 ingeniinatur,
877 4071 1238 4140 patrocinium
1276 4070 1539 4139 quaeritur
1575 4070 1803 4127 Nicolai.

525 4160 603 4214 Ne
645 4160 848 4229 putetis
889 4168 1066 4214 autem
1106 4174 1191 4213 me
1217 4160 1598 4215 declamatorie
1626 4160 1790 4230 loqui,
1820 4160 1901 4215 vel
1938 4176 2027 4215 ve-

458 4259 672 4304 nustate
714 4250 984 4305 rhetorica
1032 4251 1318 4303 verborum
1360 4263 1617 4318 aggerare
1664 4250 2025 4319 splendorem,

459 4355 581 4395 cum
612 4348 755 4393 totus
779 4338 1009 4393 mundus
1043 4337 1304 4393 beneficia
1334 4337 1530 4391 sentiat
1557 4337 1903 4400 confessoris.
1930 4355 2029 4395 nec

2116 1897 2205 1954 ille
2232 1910 2475 1950 summus
2511 1894 2808 1963 imperator
2834 1890 3009 1947 factus
3038 1901 3123 1947 est
3167 1892 3468 1961 negotiator
3509 1905 3681 1955 meus,

2115 1996 2171 2043 et
2198 1987 2471 2057 negotium
2513 1997 2691 2037 meum
2742 1982 2861 2036 sine
2882 1980 2992 2035 otio
3033 1981 3164 2051 egit,
3200 1981 3435 2051 quandiu
3468 1979 3585 2041 ,fuit
3626 1980 3685 2033 in

2117 2076 2304 2141 terris,
2344 2084 2400 2130 et
2427 2062 2787 2143 pretiosarum
2833 2071 3096 2127 mercium
3141 2068 3437 2125 sarcinulas
3466 2078 3686 2139 portans

2118 2166 2185 2221 ad
2223 2165 2462 2229 Patrem,
2505 2162 2605 2233 ipsi
2652 2161 2825 2216 vultui
2871 2161 2988 2226 Dei,
3030 2169 3086 2216 et
3129 2160 3256 2230 quid
3281 2159 3413 2215 emit
3452 2167 3511 2213 et
3556 2158 3687 2227 quid

2113 2257 2370 2323 redemit,
2403 2264 2457 2312 et
2479 2256 2621 2310 unde
2658 2253 2970 2319 redemerit,
3018 2253 3273 2307 ostendit.
3319 2251 3398 2305 Tu
3441 2266 3569 2321 ergo
3597 2251 3688 2304 illo

2118 2351 2395 2420 negotioso
2468 2348 2677 2403 otiosus
2723 2361 2845 2402 esse
2896 2345 3180 2415 disponis?
3233 2344 3350 2398 illo-
3383 2343 3687 2409 laborante,

2118 2439 2443 2511 quiescere?
2474 2439 2595 2508 Ipse
2634 2439 2779 2492 venit
2809 2437 3069 2509 negotiari
3100 2437 3154 2490 in
3179 2436 3448 2506 regionem
3472 2434 3686 2505 longin—

2118 2549 2300 2604 quam,
2329 2542 2384 2587 et
2411 2539 2467 2586 tu
2513 2531 2583 2585 ad
2630 2530 2878 2599 regiones
2928 2528 3202 2599 proximas
3236 2526 3517 2581 ambulare
3561 2541 3690 2579 con-

2121 2623 2317 2677 temnis
2343 2620 2365 2673 ?
2390 2620 2697 2691 Aggredere
2724 2625 2779 2672 et
2825 2616 3108 2689 ingredere
3140 2616 3409 2686 regionem
3452 2614 3690 2669 dissimi.

2119 2712 2383 2777 liuidinis,
2430 2710 2680 2765 videlicet
2734 2710 2991 2764 mundum
3024 2709 3206 2771 istum,
3255 2716 3313 2761 et
3362 2707 3483 2760 vide
3527 2720 3689 2774 quam

2117 2803 2426 2872 frequentes
2455 2802 2527 2856 ibi
2552 2799 2824 2865 uundinm,
2866 2806 3081 2868 quantae
3106 2798 3409 2868 germinent
3434 2806 3489 2850 et
3511 2812 3691 2865 reger-

2118 2895 2325 2949 minent
2376 2892 2677 2953 vanitates,
2755 2904 2975 2959 prorsus
3028 2887 3480 2943 dissimilitudinis
3562 2887 3689 2956 quia

2120 2985 2399 3055 regionem
2444 2980 2841 3044 similitudinis,
2893 2979 2981 3033 ubi
3028 2979 3096 3033 ad
3145 2977 3548 3032 similitudinem
3593 2976 3689 3031 Dei

2120 3076 2249 3131 facti
2299 3090 2397 3129 nos
2443 3072 2681 3135 fuimus,
2725 3070 2974 3125 amisisse
3021 3083 3117 3124 nos
3169 3077 3398 3124 constat.
3441 3067 3690 3137 Nunquid

2121 3185 2226 3223 non
2248 3182 2439 3237 magna
2466 3163 2866 3226 dissimilitudo,
2894 3162 2960 3217 de
3009 3162 3260 3231 paradiso
3303 3163 3371 3214 ad
3400 3160 3686 3223 infernum,

2120 3263 2187 3317 de
2219 3259 2411 3328 angelo
2432 3258 2500 3311 ad
2524 3256 2828 3325 jumentum
2849 3295 2864 3317 ,
2900 3252 2967 3307 ad
2992 3253 3259 3308 diabolum
3290 3256 3355 3307 de
3381 3252 3520 3307 Deo?
3551 3253 3692 3307 Vade

2119 3366 2250 3422 ergo
2298 3362 2395 3419 per
2424 3346 2667 3401 forenses
2705 3344 2966 3398 tumultus
2993 3352 3049 3398 et
3085 3344 3173 3399 hic
3216 3344 3555 3398 decertantes
3586 3345 3694 3396 cir-

2121 3439 2413 3508 cumspice.
2462 3438 2733 3505 Quantum
2774 3450 2904 3489 vero
2948 3434 3164 3504 colligo,
3213 3434 3268 3487 in
3316 3434 3485 3487 tribus
3513 3434 3693 3487 causis

2122 3537 2271 3583 natat
2313 3529 2492 3583 omnis
2540 3527 2812 3581 voluntas.
2860 3526 2963 3579 Alii
2994 3526 3214 3590 divitiis,
3246 3525 3334 3579 alii
3376 3524 3692 3591 honoribus,

2121 3620 2211 3674 alii
2247 3619 2431 3690 gloria:
2470 3616 2796 3672 innituntur.

2192 3708 2379 3763 Curris
2423 3710 2489 3762 ad
2548 3708 2791 3771 Indiam,
2852 3705 3187 3776 Ethiopiam
3230 3705 3465 3769 circuis,
3523 3706 3692 3758 maria

2123 3799 2323 3852 transis
2348 3805 2403 3852 et
2432 3796 2595 3850 alium
2636 3797 2821 3850 orbem
2877 3795 2971 3850 tibi
3018 3790 3198 3863 aperis
3255 3793 3579 3864 navigando.
3634 3802 3723 3847 ut.

2124 3890 2337 3945 divitias
2378 3902 2673 3958 eongreges
2700 3927 2717 3952 ,
2774 3886 2916 3957 fugis
2958 3886 3220 3956 patriam,
3258 3887 3474 3957 ignoras
3523 3885 3692 3950 ﬁlios,

2123 3981 2397 4036 divelleris
2443 3981 2511 4035 ab
2557 3994 2766 4042 uxore,
2837 3987 2896 4033 et
2937 3978 3179 4033 omnium
3237 3977 3694 4032 necessitudinum

2124 4075 2322 4130 oblitus
2352 4075 2551 4144 quaeris
2580 4082 2639 4127 ut
2663 4072 2938 4142 acquiras,
2967 4071 3204 4141 acquiris
3237 4079 3297 4126 ut
3328 4085 3543 4140 pereas,
3568 4085 3695 4140 per-

2126 4165 2209 4219 dis
2260 4173 2319 4218 ut
2365 4164 2567 4228 doleas,
2599 4163 2934 4218 thesaurizas
2979 4171 3034 4215 et
3066 4163 3284 4232 ignoras
3318 4162 3407 4216 cui
3449 4162 3693 4215 dictum:

2132 4273 2150 4307 ι
2204 4253 2327 4308 Filii
2371 4254 2671 4319 hominum,
2724 4267 3004 4322 usquequo
3055 4253 3205 4324 gravi
3251 4253 3443 4317 corde,
3486 4252 3697 4323 utquid

2126 4346 2349 4417 diligitis
2377 4347 2694 4411 vanitatem,
2716 4356 2770 4402 et
2797 4348 3038 4417 quaeritis
3062 4348 3442 4404 mendacium?
3474 4368 3495 4402 ι
3522 4347 3694 4417 (Ρωι.

461 4429 534 4484 sit
563 4428 652 4497 qui
683 4442 741 4483 se
769 4427 1066 4481 abscondat
1097 4426 1166 4482 ab
1200 4442 1386 4482 amore
1410 4424 1543 4495 ejus.
1576 4427 1633 4481 In
1660 4429 2022 4483 testimonium

2128 4440 2225 4509 tv.)
2279 4439 2345 4493 Et
2385 4439 2486 4494 hoc
2527 4438 2742 4508 quidem
2786 4454 2886 4509 pro
2924 4438 3144 4494 divitiis.
3194 4439 3333 4493 Audi
3374 4448 3429 4493 et
3461 4439 3701 4494 breviter

459 4529 587 4574 sunt
632 4519 1090 4591 peregrinationes
1144 4518 1212 4573 ad
1256 4528 1506 4573 sanctum
1556 4519 1699 4575 illius
1748 4535 1945 4590 corpus
1994 4538 2024 4576 a

462 4607 655 4663 finibus
698 4618 857 4662 terra:
885 4614 1174 4678 susceptae,
1213 4615 1271 4661 ut
1314 4606 1595 4663 videantur
1623 4623 1743 4677 qua:
1774 4624 1871 4679 per
1902 4624 2024 4663 eum

462 4696 596 4750 fiunt
646 4696 931 4751 mirabilia.
967 4696 1080 4749 Non
1110 4695 1281 4750 solum
1330 4706 1509 4752 autem
1538 4696 1885 4763 Christianis,
1932 4699 2024 4752 sed

459 4796 515 4841 et
544 4786 766 4856 paganis
812 4788 867 4839 in
915 4794 1122 4839 tantam
1168 4788 1527 4842 reverentiam
1573 4788 1745 4843 sancti
1795 4788 2027 4843 nominis

461 4878 729 4934 advolavit
764 4879 1056 4933 auctoritas
1103 4885 1161 4932 ut
1192 4880 1441 4934 certatim
1490 4878 1762 4933 confluant
1805 4880 1874 4933 ad
1912 4878 2029 4933 lau-

463 4969 695 5022 dandum
715 4975 770 5021 et
793 4966 1200 5037 glorificandum
1228 4981 1421 5023 nomen
1449 4977 1693 5022 sanctum
1720 4966 1856 5036 ejus.
1885 4967 2032 5022 Prac-

462 5061 620 5128 cipue
664 5060 1004 5115 sacerdotum
1053 5067 1109 5113 et
1154 5058 1474 5113 clericorum
1506 5060 1660 5114 turba
1689 5060 2028 5123 tantadevo-

466 5149 611 5203 tione
639 5149 782 5203 circa
813 5148 1015 5202 cultum
1041 5148 1157 5219 ejus
1187 5148 1418 5202 alIicitur
1447 5155 1505 5201 ut
1538 5148 1593 5202 in
1620 5158 1732 5203 toto
1763 5158 2027 5205 terrarum

463 5240 595 5295 orbe
624 5240 950 5310 quicunque,
982 5240 1336 5309 undecunque
1356 5237 1518 5311 314
1541 5254 1599 5293 se
1620 5240 1942 5294 contradant
1961 5241 2030 5295 ad

436 5332 867 5400 obsequendum
916 5341 1079 5385 tanta:
1125 5331 1475 5385 solemnitati.
1531 5330 1805 5385 Lmtantur
1851 5332 2028 5401 pueri,

461 5423 687 5493 juvenes
716 5423 1073 5492 gratulantur,
1099 5434 1364 5479 ornantur
1394 5423 1629 5495 virgines
1649 5464 1663 5489 ,
1695 5438 1851 5479 senes
1880 5424 2033 5478 exhi-

467 5512 713 5565 larantur
738 5522 793 5567 et
829 5514 1006 5568 omnis
1042 5522 1173 5568 aatas
1212 5524 1566 5584 personanter
1610 5514 1815 5569 alludit.
1851 5515 2029 5570 Unus—

468 5600 696 5671 quisque
723 5615 901 5659 autem
948 5606 1110 5659 habet
1150 5607 1429 5660 materiam
1466 5607 1802 5677 gaudiorum;
1833 5618 1891 5661 ut
1920 5607 2032 5662 lau-

468 5692 596 5748 dent
643 5694 793 5763 pueri
844 5710 1067 5769 puerum
1107 5695 1468 5765 jejunantem,
1510 5696 1738 5764 juvenes
1777 5697 2029 5768 juvenem

2132 4531 2200 4584 de
2226 4529 2561 4584 honoribus:
2595 4528 2794 4583 Ducem
2838 4537 2889 4582 te
2921 4530 3341 4593 constituerunt,
3383 4536 3437 4583 et
3466 4529 3591 4582 data
3616 4537 3699 4583 est

2134 4622 2228 4676 tibi
2262 4620 2491 4676 facultas
2516 4632 2573 4675 ut
2607 4620 2773 4674 miser
2815 4621 2911 4686 sis,
2942 4628 2998 4674 et
3018 4620 3246 4689 amplius
3286 4634 3392 4674 non
3430 4620 3697 4688 quiescas.

2134 4712 2449 4767 Cumulatur
2472 4712 2697 4766 materia
2726 4711 3167 4779 sollicitudinum,
3194 4723 3249 4767 et
3271 4713 3413 4767 inter
3433 4727 3700 4767 aerumnas

2132 4818 2229 4859 cor
2255 4803 2429 4872 ipsum
2476 4802 2788 4867 exedentes,
2834 4815 3059 4858 necesse
3096 4811 3181 4857 est
3227 4803 3433 4857 vultum
3479 4802 3702 4857 induere

2134 4895 2471 4966 gaudiorum.
2504 4892 2758 4963 Nunquid
2780 4895 2836 4949 in
2868 4895 3074 4950 honore
3103 4897 3222 4950 sine
3250 4896 3453 4961 dolore,
3485 4896 3536 4951 in
3564 4912 3703 4966 pra:-

2132 4983 2335 5038 latione
2358 4983 2474 5038 sine
2490 4982 2855 5049 tribulatione,
2883 4984 2936 5038 in
2968 4984 3299 5041 sublimitate
3320 4984 3439 5041 sine
3461 4986 3700 5040 vanitate

2134 5088 2257 5129 esse
2284 5074 2404 5141 quis
2448 5073 2673 5142 potest?
2709 5073 2913 5141 Miseri,
2944 5074 3096 5144 juxta
3123 5076 3524 5147 philosophum,
3556 5091 3702 5130 mer-

2133 5166 2321 5220 cedem
2370 5166 2713 5221 miseriarum
2780 5182 3062 5233 amamus,
3123 5168 3266 5237 ipsas
3333 5183 3698 5224 exsecramur.

2136 5256 2342 5327 Regum
2370 5259 2522 5313 nobis
2556 5259 2767 5315 animos
2817 5260 3122 5325 induimus,
3165 5270 3220 5315 et
3259 5260 3517 5329 quidquid
3547 5259 3702 5314 nobis

2134 5360 2201 5399 ex
2229 5346 2505 5401 voluntate
2527 5363 2633 5401 non
2664 5349 2970 5416 respondet,
2998 5348 3181 5403 statim
3204 5357 3394 5403 evocat
3421 5363 3561 5413 eam,
3603 5363 3705 5403 nec

2135 5437 2442 5491 communis
2483 5438 2812 5506 recogitatur
2868 5440 3218 5505 humanitas,
3283 5447 3339 5493 et
3394 5448 3574 5493 tamen
3621 5447 3704 5493 est

2138 5525 2338 5579 vermis
2386 5526 2677 5589 arrodens,
2705 5526 2866 5595 315
2917 5526 3011 5595 qui
3059 5528 3449 5583 conscientiam
3503 5527 3703 5597 jugiter

2137 5621 2386 5681 torqueat
2412 5632 2426 5666 :
2459 5614 2619 5668 timor
2643 5617 2895 5684 potentiae
2923 5617 3240 5686 superioris.

2206 5704 2330 5759 llaec
2358 5711 2436 5759 est
2456 5702 2753 5772 justissima
2791 5704 2898 5772 lex,
2929 5715 2988 5760 ut
3032 5706 3112 5761 sic
3137 5709 3284 5764 vivas
3313 5721 3435 5763 cum
3461 5703 3699 5762 inferiori
