4022 6206
229 354 344 409 -837

1625 311 1867 399 sentio
1887 338 2025 394 ιιι.

3405 342 3516 400 8'38

239 466 694 540 quemadmodum
742 466 1078 536 superiorem
1097 465 1188 522 'vis
1212 463 1398 520 vivere
1428 474 1628 520 tecum.
1683 460 1817 513 Audi

1945 457 2069 510 :irca
2102 465 2328 510 mortem
2361 456 2733 526 ptenituerunt
2755 497 2770 521 ,
2812 457 3189 528 paenitentiam
3219 458 3384 534 316
3406 476 3514 516 non

237 564 387 619 etde
427 559 622 630 gloria.
665 560 722 614 Si
769 560 970 630 quzeris
1019 559 1276 629 gloriam.
1311 555 1562 612 omnibus
1611 553 1825 608 invidiae

239 657 450 713 semina
478 653 778 724 praebuisti.
807 653 1029 706 lnilatns
1048 667 1110 705 es
1141 690 1157 714 ,
1185 659 1238 704 et
1263 647 1610 704 ventilatorio
1633 643 1826 714 spiritu

239 749 434 819 plenus
456 743 834 813 disrumperis,
874 756 974 796 nec
994 740 1238 794 attendis
1254 746 1390 808 quot
1425 747 1477 790 te
1507 740 1826 803 sequantur,

239 840 336 895 sed
377 845 511 908 quot
581 831 910 906 prmcedant.
986 828 1475 900 Conglomerantur
1523 836 1713 879 omnes
1760 821 1828 875 ad

239 927 632 988 detrahendum
663 923 782 990 libi,
814 923 880 978 ad
913 921 1342 976 maledicendum
1374 920 1585 990 linguas
1605 923 1826 979 acuunt,

241 1032 294 1076 et
324 1018 707 1091 argntissimus
734 1029 794 1069 es
841 1013 887 1068 si
915 1012 1000 1067 vel
1037 1012 1300 1083 linguam,
1331 1010 1414 1065 vel
1438 1023 1657 1063 manum
1691 1005 1830 1060 invi-

239 1112 433 1165 dorum
475 1109 654 1179 possis
707 1104 954 1160 evadere.
1009 1102 1151 1158 Ecce
1205 1103 1348 1157 unde
1392 1099 1660 1171 gloriosus
1703 1109 1829 1151 esse

241 1203 498 1263 volebas,
555 1196 820 1269 inglorius
861 1209 982 1248 esse
1027 1191 1388 1247 convinceris.
1428 1189 1642 1244 Nullum
1682 1186 1826 1241 enim

243 1292 632 1350 inexorabilius
659 1288 1008 1360 persequitur
1049 1285 1337 1340 multitudo
1365 1297 1529 1355 quam
1561 1281 1709 1334 illum
1735 1277 1826 1348 qui

241 1388 350 1443 sibi
399 1375 767 1441 multitudinis
817 1388 1040 1449 arrogat
1083 1377 1468 1448 principatum.
1524 1373 1699 1443 Jnnge
1743 1370 1830 1425 his

243 1478 418 1533 tribus
448 1473 745 1546 potentiam
793 1479 850 1524 et
891 1470 1248 1538 voluptatem,
1275 1481 1396 1536 qum
1442 1472 1496 1517 et
1525 1464 1638 1542 ipsa
1681 1459 1828 1515 tenui

240 1578 299 1623 et
349 1564 654 1637 perl‘usorio
704 1561 903 1633 gaudio
958 1561 1285 1630 rapiuntur,
1333 1565 1389 1612 et
1433 1553 1643 1609 videbis
1699 1551 1828 1622 quia

240 1660 399 1729 copia
427 1670 633 1727 pauper
659 1662 764 1717 est,
797 1653 975 1707 honor
997 1649 1241 1714 humilis,
1268 1647 1391 1701 vilis
1419 1645 1615 1716 gratia,
1647 1653 1830 1713 poten-

242 1753 320 1805 tia
354 1749 564 1814 debilis,
606 1757 661 1803 et
689 1735 962 1799 laboriosa
1006 1741 1276 1811 voluptas,
1319 1747 1400 1801 ut,
1421 1738 1577 1807 juxta
1597 1735 1828 1804 Aposto-

1932 549 2232 620 explentes,
2265 550 2468 621 indigni
2499 561 2558 605 ut
2587 551 2770 605 statim
2809 552 3115 622 gaudeant,
3149 568 3250 608 nec
3279 555 3426 625 digni
3457 563 3518 608 ut

1933 657 2147 712 semper
2194 643 2461 707 ardeant,
2522 642 2637 697 loca
2708 643 3018 714 purgatoria
3071 645 3414 710 sortiuntur,
3460 646 3514 699 in

1932 730 2131 800 quibus
2187 731 2550 802 flagellautur,
2592 733 2685 786 sed
2728 733 2932 787 nonad
2985 732 3349 801 insipientiam
3391 734 3514 795 sibi,

1933 834 1993 878 ut
2021 825 2220 878 extorti
2250 824 2648 880 transferantur
2671 825 2736 879 ad
2767 841 3011 895 regnum.

2001 915 2107 971 Pro
2157 917 2262 982 his,
2313 917 2406 988 qui
2454 917 2507 971 in
2547 917 2688 973 cosio
2741 927 2888 982 sunt,
2917 933 3022 972 non
3057 922 3347 983 orandum,
3388 918 3516 988 quia

1930 1022 2044 1069 eos,
2101 1024 2204 1062 non
2254 1023 2353 1078 pro
2393 1007 2495 1074 eis,
2534 1022 2696 1063 orare
2738 1007 3020 1063 debemus.
3063 1007 3169 1062 Pro
3199 1009 3304 1074 his,
3333 1007 3426 1078 qui
3463 1007 3519 1063 in

1931 1101 2146 1156 inferno
2215 1111 2376 1166 sunt,
2425 1101 2816 1172 suspendenda:
2878 1110 3004 1156 sunt
3058 1116 3279 1171 preces,
3325 1101 3523 1170 quibus

1929 1193 2115 1247 clausa
2155 1201 2239 1247 est
2268 1191 2654 1246 misericordia:
2686 1191 2852 1261 janna
2883 1206 2940 1246 et
2970 1193 3136 1246 totius
3178 1206 3302 1262 spes
3351 1192 3522 1245 inter-

1928 1283 2082 1338 clusa
2129 1283 2344 1338 salutis.
2396 1283 2503 1338 Pro
2547 1283 2655 1338 illis
2706 1293 2915 1338 tantum
2967 1283 3298 1354 vigilandum
3344 1293 3428 1337 est
3467 1282 3522 1338 in

1929 1378 2293 1442 orationibus,
2343 1379 2773 1433 subveniendum
2812 1377 3083 1432 sacrificio
3110 1377 3394 1447 singulari,
3427 1381 3522 1444 qui

1930 1471 2064 1526 locis
2114 1470 2485 1540 purgabilibus
2535 1470 2925 1532 emundantur,
2973 1477 3031 1522 ut
3060 1469 3328 1539 benignus
3357 1467 3523 1522 Pater

1929 1562 2306 1633 paenitentiam
2374 1577 2561 1617 eorum
2656 1562 2708 1615 in
2757 1559 3184 1615 satisfactionem
3220 1601 3236 1625 ,
3304 1558 3526 1614 satisfa-

1929 1654 2164 1709 ctionem
2230 1653 2284 1707 in
2336 1652 2788 1724 glorificationem
2851 1652 2962 1706 cito
3008 1660 3310 1706 convertat.
3355 1650 3526 1708 Curre

1932 1749 2129 1802 iterum
2175 1762 2276 1818 per
2325 1747 2460 1802 istos
2509 1747 2706 1800 intuitu
2740 1746 2982 1816 pictatis,
3021 1754 3075 1800 et
3129 1743 3216 1800 fac
3252 1745 3524 1800 sarcinam

243 1841 379 1905 lum,
410 1853 627 1894 omnem
655 1835 984 1892 intellectum
1017 1834 1070 1887 in
1097 1831 1298 1887 Christi
1325 1828 1644 1898 obsequium
1686 1825 1821 1880 redi-
1860 1817 1904 1876 Β
1936 1849 2080 1894 mam
2101 1878 2116 1903 ν
2169 1817 2421 1892 “factum
2472 1837 2856 1906 compagem".

239 1947 434 2003 gamus
461 1929 547 2002 (11
580 1929 704 1983 Cor.
734 1929 812 1999 x).
845 1926 1042 1994 Relege
1082 1924 1379 1978 maximum
1423 1921 1570 1975 illum
1610 1919 1831 1974 Latino.

243 2037 366 2076 rum
441 2018 931 2091 philosophorum,
984 2024 1040 2070 et
1090 2015 1144 2069 in
1205 2013 1347 2068 illius
1406 2011 1588 2080 verbis
1656 2023 1832 2064 meam

242 2113 494 2168 invenies
548 2099 671 2164 esse
722 2109 1074 2163 sententiam.
1128 2104 1426 2160 Contemne
1491 2102 1654 2172 igitur
1717 2102 1834 2155 hme

240 2205 451 2268 omnia,
508 2203 634 2274 quia
687 2201 870 2257 omnia
909 2198 1334 2263 contemnenda,
1367 2203 1424 2251 et
1454 2195 1541 2254 .de
1587 2193 1674 2248 bis
1718 2207 1836 2248 om-

241 2298 408 2354 nibus
437 2294 523 2349 fac
552 2293 827 2349 sarcinam
859 2301 1026 2354 tuam,
1058 2295 1430 2358 contemptum
1462 2285 1670 2341 mundi.

318 2389 556 2444 Decursa
577 2401 709 2442 vero
743 2385 847 2440 hac
885 2385 1131 2455 regione,
1161 2389 1216 2437 et
1242 2379 1389 2450 quod
1434 2375 1726 2448 pretiosius
1750 2383 1836 2431 est

246 2480 376 2535 inde
429 2477 662 2541 sublato,
704 2474 875 2531 transi
924 2474 993 2528 ad
1037 2473 1355 2538 secundam,
1401 2484 1522 2540 qua:
1565 2476 1651 2524 est
1677 2483 1835 2539 para-

245 2572 401 2627 disus
451 2567 778 2625 claustralis.
833 2565 974 2620 Vere
1025 2563 1322 2620 claustrum
1388 2568 1473 2616 est
1524 2559 1832 2630 paradisus.

247 2664 353 2719 Hic
379 2670 535 2734 prata
560 2659 791 2715 virentia
813 2647 1242 2727 scripturarum,
1267 2653 1637 2725 praeterﬂuens
1660 2651 1836 2720 lacry-

249 2768 467 2809 tuarum
513 2741 796 2806 undositas
821 2789 838 2814 ,
879 2763 1044 2818 quam
1087 2747 1153 2801 de
1193 2743 1504 2815 purissimis
1551 2741 1836 2796 affectibus

248 2857 410 2897 amor
439 2841 528 2896 ille
566 2839 812 2895 caelestis
839 2838 1060 2908 eliquat.
1107 2835 1206 2891 Hic
1255 2843 1382 2890 sunt
1447 2833 1672 2888 arbores
1709 2846 1834 2886 ere-

246 2934 508 2990 ctissimre
550 2929 734 2986 choris
785 2937 1120 2991 sanctorum,
1157 2925 1411 2994 nullaque
1435 2934 1555 2987 est,
1578 2939 1697 2992 quae
1729 2937 1834 2976 non

247 3025 417 3081 multa
454 3024 658 3078 fructus
683 3021 914 3092 gaudeat
947 3020 1224 3074 ubertate.
1267 3016 1393 3071 llaec
1419 3023 1502 3070 est
1539 3014 1629 3068 illa
1661 3012 1834 3068 subli-

248 3117 356 3172 mis
385 3129 592 3178 mensa,
646 3113 701 3168 in
745 3125 854 3182 qua
894 3111 1040 3166 Deus
1085 3119 1171 3166 est
1221 3121 1276 3164 et
1327 3109 1518 3162 cibans
1564 3115 1619 3161 et
1655 3104 1832 3169 cibus,

246 3221 545 3264 munerans
590 3213 647 3260 et
676 3219 892 3269 munus,
924 3201 1160 3258 offerens
1201 3209 1257 3255 et
1307 3197 1572 3261 oblatum,
1604 3194 1830 3250 conviva

245 3308 308 3354 et
330 3296 664 3353 convivium.
696 3294 794 3349 Hic
819 3302 1054 3365 aggestae
1100 3299 1230 3347 sunt
1257 3287 1660 3358 Omnipotentis
1697 3285 1834 3340 divi-

250 3390 362 3452 tim,
392 3386 482 3442 hic
508 3385 686 3441 refusa
713 3393 800 3440 est
823 3384 997 3456 gloria
1025 3382 1363 3452 angelorum.
1390 3379 1628 3434 Putasne
1659 3376 1836 3432 nullas

251 3480 344 3534 hic
366 3493 494 3533 esse
524 3476 816 3540 nundinas,
848 3484 906 3530 et
925 3473 1086 3529 otiari
1122 3473 1244 3527 illos
1267 3471 1360 3542 qui
1395 3470 1646 3526 habitant
1674 3467 1838 3522 unius

249 3571 426 3627 moris
473 3571 524 3624 in
573 3566 973 3639 domo?(Psat.
1005 3565 1200 3629 van.)
1246 3564 1446 3620 Videas
1483 3563 1628 3617 hunc
1667 3559 1839 3615 sacris

250 3662 578 3720 lectionibus
623 3660 995 3716 iutendentem
1021 3698 1037 3723 ,
1067 3657 1235 3713 illum
1292 3656 1695 3712 incumbentem
1717 3665 1843 3707 ora-

252 3753 520 3818 tionibus,
576 3753 720 3807 hunc
775 3766 874 3821 pro
914 3750 1029 3805 suis
1077 3747 1392 3804 excessibus
1421 3746 1839 3816 lacrymantem,

251 3844 409 3898 illum
449 3843 505 3897 in
547 3841 638 3897 Dei
683 3840 934 3896 laudibus
973 3839 1371 3902 exsultantem,
1429 3837 1573 3890 hunc
1611 3833 1843 3904 vigilan-

254 3946 392 4000 tem,
432 3932 815 4004 jejunantem,
861 3940 918 3986 et
948 3929 1101 3984 illum
1151 3927 1327 3984 oﬂicio
1355 3927 1573 3998 pietatis
1621 3925 1722 3979 sibi
1778 3923 1846 3978 ad

253 4026 492 4082 invicem
579 4023 842 4078 invidere.
895 4020 1065 4077 Nocte
1094 4029 1433 4090 consurgunt
1477 4019 1544 4074 ad
1581 4017 1847 4073 confitcn-

254 4119 446 4174 tedum
526 4116 668 4181 Deo;
701 4129 948 4186 vespere,
996 4128 1156 4168 mane
1182 4122 1240 4167 et
1266 4109 1501 4166 meridie
1540 4117 1763 4163 narrant
1792 4117 1846 4161 et

253 4207 586 4264 annuntiant
615 4207 827 4262 laudem
859 4205 997 4276 ejus,
1025 4212 1083 4260 et
1113 4203 1308 4258 omnis
1329 4201 1542 4254 illorum
1583 4198 1846 4254 sedulitas

256 4303 310 4356 in
360 4300 549 4356 orbem
599 4299 769 4354 divini
810 4306 1022 4354 rotatur
1070 4295 1338 4366 obsequii.
1384 4294 1556 4350 Curre
1590 4307 1721 4364 ergo
1749 4306 1847 4362 per

257 4411 472 4461 ontnes,
493 4409 654 4450 curre
682 4409 780 4466 per
804 4394 1070 4464 singulos,
1098 4401 1155 4448 et
1184 4394 1252 4448 de
1284 4391 1554 4446 universis
1582 4399 1638 4445 et
1659 4390 1846 4460 singua

257 4488 326 4544 lis
352 4487 438 4543 fac
461 4487 734 4542 sarcinam
760 4495 928 4552 tuam,
954 4487 1187 4542 formam
1210 4483 1448 4540 vivendi.
1687 4473 1690 4476 ’

333 4575 544 4630 Relicto
575 4559 704 4647 ergo
753 4576 954 4630 mundo
1000 4583 1058 4629 et
1107 4575 1266 4629 modo
1311 4572 1524 4627 vivendi
1569 4579 1840 4640 suscepto,

260 4669 433 4724 transi
467 4668 533 4723 ad
566 4668 804 4734 tertiam,
828 4681 949 4737 qua
977 4677 1062 4722 est
1091 4667 1242 4738 regio
1275 4665 1622 4734 expiationis.
1655 4663 1709 4718 lu
1743 4664 1846 4718 hac

261 4759 487 4830 regione
516 4759 781 4830 benignus
807 4756 968 4813 Pater
986 4759 1265 4814 examinat
1302 4756 1442 4811 filios
1480 4755 1845 4825 rubiginosos,

260 4853 407 4908 sicut
456 4853 804 4908 examinatur
874 4861 1186 4923 argentum;
1239 4853 1390 4907 ducit
1441 4866 1538 4922 per
1575 4851 1752 4920 ignem
1792 4858 1849 4906 et

262 4960 484 5015 aquam,
515 4956 576 5000 ut
607 4945 838 5001 inducat
870 4945 923 4999 in
954 4944 1296 5016 refrigerium
1341 4942 1514 5016 (Psal.
1545 4943 1692 5013 va).
1722 4942 1846 4998 Tri-

263 5053 348 5093 na:
377 5047 505 5092 sunt
525 5037 900 5094 distinctiones
936 5036 1205 5104 locorum,
1235 5051 1372 5107 quos
1401 5051 1498 5106 pro
1534 5037 1851 5092 diversitate

263 5128 584 5184 meritorum
636 5128 832 5183 anima:
879 5128 1200 5182 sortiuntur.
1253 5126 1333 5182 Ad
1377 5126 1573 5182 coelum
1618 5141 1851 5196 namque

262 5218 454 5273 statim
502 5217 741 5280 evolant,
793 5217 888 5288 qui
932 5216 1207 5272 domicilio
1256 5215 1501 5286 corporis
1554 5216 1634 5269 nsi
1684 5224 1849 5280 sunt,

266 5319 529 5378 tanquam
590 5323 844 5373 carcere,
881 5307 976 5378 qui
1023 5307 1336 5362 defwcatam
1381 5321 1680 5376 puramque
1726 5308 1852 5361 sub-

265 5401 523 5456 stantiam
545 5402 830 5471 utriusque
853 5401 1093 5456 hominis
1117 5409 1496 5456 servaverunt.
1516 5399 1850 5455 Econtrario

265 5491 364 5562 qni
414 5490 660 5547 fecerunt
707 5507 879 5563 usque
923 5493 990 5547 ad
1033 5500 1263 5547 mortem
1290 5532 1306 5558 ,
1354 5506 1475 5562 qua:
1523 5493 1682 5563 digna
1729 5501 1854 5546 sunt

266 5591 469 5648 morte,
512 5583 645 5640 locis
689 5571 1079 5656 gehennal'ibus
1119 5584 1236 5640 sine
1286 5584 1658 5639 misericordia
1689 5585 1858 5654 depu-

269 5683 478 5729 tantur.
532 5674 635 5743 Qui
697 5692 828 5732 vero
880 5685 1132 5732 neutrum
1191 5686 1358 5741 sunt,
1389 5677 1482 5732 sed
1537 5687 1662 5733 sunt
1715 5678 1856 5733 inter

269 5777 588 5840 utrumque,
638 5770 729 5840 qui
773 5769 1020 5825 mortalia
1055 5769 1272 5838 quidem
1309 5771 1731 5838 commiserunt,
1764 5773 1855 5826 sed

1862 3162 1910 3226 C

2005 1931 2210 1999 Quarta
2261 1930 2432 2001 regio,
2477 1940 2560 1985 est
2592 1931 2745 2000 regio
2793 1930 3132 1999 gehennalis,
3167 1930 3316 2001 regio
3365 1931 3525 1994 dura,

1933 2023 2085 2092 regio
2114 2020 2540 2084 extimescenda,
2578 2030 2722 2074 terra
2752 2019 3084 2085 aﬂlictionis,
3119 2030 3263 2074 terra
3301 2021 3528 2075 oblivio-

1940 2115 2044 2178 nis,
2105 2123 2254 2170 terra
2311 2112 2696 2176 miseriarum,
2755 2120 2898 2166 terra
2963 2113 3325 2174 tenebrarum,
3382 2119 3527 2166 terra

1936 2209 2170 2263 turbinis
2208 2217 2265 2262 et
2327 2205 2592 2276 caliginis,
2641 2214 2785 2259 terra
2830 2203 3222 2258 maledictimxis
3271 2211 3327 2257 et
3377 2217 3527 2256 mor-

1938 2301 2031 2365 tis,
2087 2301 2140 2352 in
2184 2313 2291 2368 qua
2332 2297 2516 2352 nullus
2567 2297 2720 2363 ordo,
2785 2296 2880 2352 sed
2935 2295 3295 2366 sempiternus
3336 2295 3532 2348 horror

1934 2394 2227 2450 inhabitat.
2284 2390 2454 2445 Totus
2505 2398 2678 2444 tremo
2732 2401 2895 2458 atque
2947 2389 3146 2443 horreo
3201 2388 3268 2441 ad
3319 2400 3529 2441 memo-

1935 2487 2076 2552 riam
2141 2482 2384 2554 regionis
2449 2481 2649 2545 istius,
2713 2489 2770 2534 et
2825 2494 3084 2534 concussa
3152 2487 3279 2532 sunt
3348 2477 3529 2530 omnia
3570 2533 3587 2555 υ

1935 2591 2058 2630 ossa
2090 2590 2228 2629 mea.
2259 2574 2372 2628 lllic
2399 2581 2484 2627 est
2523 2572 2686 2643 ignis,
2725 2570 2819 2642 qui
2860 2586 2964 2625 non
3004 2569 3372 2633 succenditur,
3409 2583 3531 2620 ver-

1935 2669 2040 2724 tnis
2083 2668 2174 2736 qui
2223 2681 2328 2721 non
2381 2664 2614 2720 moritur
2668 2663 3012 2732 (Isai.t.xv|),
3079 2660 3250 2732 frigus
3305 2661 3530 2712 horren-

1937 2759 2087 2813 dum.
2141 2758 2218 2812 lbi
2268 2757 2410 2812 fetor
2441 2755 2799 2811 intolerabilis
2848 2754 3114 2816 exoritur,
3162 2753 3531 2822 percutientes

1937 2847 2117 2903 mallei
2150 2855 2408 2902 resonant
2434 2846 2794 2909 incessanter,
2827 2842 3033 2898 obfusa:
3065 2843 3303 2897 tenebrae
3341 2857 3532 2896 cumu-

1939 2941 2104 2995 latius
2131 2940 2506 2994 indensantur.
2538 2938 2649 2993 lllic
2679 2937 2924 2992 confusio
2951 2945 3322 3007 peccatorum,
3350 2934 3526 2989 horri-

1939 3030 2064 3086 bilis
2093 3029 2263 3086 facies
2303 3031 2642 3092 daemonum,
2675 3026 3135 3081 inextricabilium
3183 3025 3529 3079 vinculorum

1942 3118 2138 3174 fertilis
2197 3117 2505 3173 multitudo.
2561 3117 2635 3171 lbi
2704 3115 2862 3170 fletus
2915 3123 2970 3168 et
3026 3113 3230 3169 stridor
3286 3112 3528 3168 dentium

1941 3213 2158 3284 (Matth.
2214 3228 2347 3278 xm;
2387 3211 2519 3265 Luc.
2554 3210 2698 3280 xm),
2750 3210 3001 3279 planctus
3057 3219 3112 3264 et
3160 3207 3414 3279 gemitus,
3476 3216 3533 3261 et

1936 3303 2258 3358 alternantia
2322 3303 2463 3356 mala
2513 3301 2707 3369 impios
2763 3301 2882 3354 sine
2940 3298 3145 3368 pietate
3190 3297 3528 3365 discerpunt.

1937 3396 2082 3451 Nihil
2119 3397 2199 3451 sic
2235 3394 2380 3449 valet
2408 3394 2474 3449 ad
2515 3393 2894 3462 exstirpandas
2925 3391 3262 3461 voluptatum
3291 3389 3530 3452 radices,

1939 3504 2102 3560 quam
2153 3489 2379 3542 istorum
2445 3485 2708 3540 memoria
2761 3494 2814 3539 et
2869 3483 3172 3538 recordatio
3247 3479 3531 3536 vulnerum

1943 3579 2152 3634 Domini
2209 3579 2335 3640 mei,
2390 3578 2482 3648 qui
2533 3576 2686 3632 stetit
2736 3584 2866 3630 ante
2907 3573 3168 3644 judicem,
3221 3573 3312 3647 qui
3348 3571 3534 3639 alapas

1943 3670 2174 3739 accepit,
2205 3668 2296 3737 qui
2324 3667 2626 3738 ﬂagellatus
2663 3675 2766 3731 est,
2791 3666 2880 3735 qui
2907 3672 3223 3735 consputus,
3255 3662 3344 3732 qui
3372 3675 3534 3716 coro-

1945 3769 2106 3815 natus
2135 3759 2327 3830 Spiuis,
2367 3759 2460 3829 qui
2491 3757 2736 3826 colaphis
2785 3770 2975 3820 exesus,
3006 3755 3096 3824 qui
3141 3766 3437 3822 suspensus
3479 3751 3532 3804 iu

1943 3853 2111 3926 ligno,
2145 3853 2229 3908 cui
2289 3851 2547 3923 pendenti
2587 3849 2903 3906 insultatum
2933 3857 3036 3913 est,
3073 3848 3164 3917 qui
3195 3855 3438 3901 mortuus
3481 3844 3534 3897 in

1945 3960 2124 4008 cruce,
2187 3945 2280 4015 qui
2338 3943 2522 3998 lancea
2587 3957 2909 4014 percussus.
2963 3939 3056 4012 qui
3109 3937 3387 4008 sepultus,
3442 3934 3534 4004 qui

1946 4036 2267 4101 resurrexit,
2315 4035 2409 4105 qui
2453 4033 2698 4089 ascendit
2749 4032 2816 4086 ad
2862 4031 3063 4096 caelos,
3109 4029 3199 4100 qui
3255 4028 3387 4084 fecit
3436 4041 3536 4081 nos

1948 4140 2172 4196 regnum
2200 4133 2257 4179 et
2301 4124 2617 4179 sacerdotes
2657 4122 2766 4177 Deo
2803 4131 2859 4176 et
2881 4120 3050 4175 Patri.
3098 4119 3268 4174 Curre
3312 4133 3410 4188 per
3437 4117 3537 4171 has

1947 4217 2334 4273 tumultuantes
2368 4215 2662 4280 nundinas,
2693 4221 2754 4268 ut
2779 4214 2970 4269 vivens
3011 4211 3313 4268 descendas
3346 4209 3400 4263 in
3448 4209 3535 4263 in—

1943 4311 2186 4376 fernum,
2217 4320 2273 4366 et
2315 4308 2402 4365 fac
2431 4308 2704 4364 sarcinam
2738 4317 2914 4372 tuam,
2945 4307 3127 4361 odium
3159 4303 3391 4374 peccati.

2013 4402 2212 4470 Quinta
2268 4401 2421 4472 regio
2449 4409 2534 4456 est
2582 4400 2867 4470 paradisus
2917 4397 3342 4468 supercmlestls,
3389 4394 3540 4464 regio

1948 4496 2109 4550 beata
2134 4504 2190 4548 et
2217 4493 2472 4566 gloriosa,
2525 4490 2685 4560 plena
2714 4489 3012 4558 voluptatis
3045 4496 3101 4542 et
3137 4487 3325 4557 gloria:
3354 4485 3537 4539 suavi-

1954 4586 2080 4640 tatis
2101 4593 2159 4640 et
2187 4585 2407 4649 laetitiae,
2439 4583 2630 4653 gratiae
2656 4591 2708 4636 et
2739 4579 3114 4651 benignitatis.
3152 4577 3224 4632 lbi
3265 4577 3478 4647 requies
3507 4591 3540 4628 a

1952 4675 2157 4735 labore,
2210 4672 2524 4742 incunditas
2556 4672 2622 4728 de
2651 4670 2915 4734 novitate,
2959 4669 3026 4724 de
3051 4668 3354 4724 aeternitate
3379 4681 3536 4721 secu-

1955 4769 2108 4823 ritas.
2129 4765 2206 4821 lbi
2247 4774 2330 4820 est
2355 4764 2550 4820 civitas
2570 4749 2738 4834 Regis
2771 4761 2972 4834 magni,
3006 4760 3158 4830 cujus
3187 4759 3378 4830 platea:
3411 4772 3542 4815 can-

1954 4869 2136 4917 strataa
2179 4867 2307 4914 sunt
2335 4872 2468 4912 auro
2514 4856 2826 4928 purissimo,
2873 4869 2994 4924 quae
3044 4851 3330 4908 fecundata
3358 4857 3442 4905 est
3484 4848 3538 4902 in

1955 4949 2248 5022 sapphiris,
2266 4950 2319 5003 in
2341 4963 2448 5018 qua
2466 4945 2696 5017 jaspidis
2708 4943 3108 5017 propugnacula
3124 4943 3539 5013 prtevirescunt,

1953 5052 2005 5098 et
2035 5057 2133 5113 per
2181 5041 2426 5097 ordinem
2468 5040 2676 5110 lapides
2729 5039 3128 5093 insternuntur.
3162 5035 3296 5089 Nam
3336 5034 3541 5106 lapides

1952 5130 2179 5202 pretiosi
2223 5143 2414 5186 omnes
2459 5129 2598 5182 muri
2632 5126 2750 5196 ejus
2783 5126 2967 5198 (Apoc.
3019 5124 3157 5196 xxi).
3207 5123 3320 5179 lllic
3353 5137 3544 5178 onmes

1952 5223 2161 5286 vivunt,
2218 5219 2398 5275 nullus
2451 5221 2716 5285 moritur;
2748 5233 2940 5272 omnes
2988 5216 3264 5272 exsultant
3307 5215 3360 5269 in
3411 5229 3542 5268 voce

1955 5310 2352 5367 exsultationis.
2380 5309 2680 5362 lntraverat
2705 5307 2874 5362 David
2903 5307 2956 5360 in
2996 5306 3362 5360 sanctuarium
3403 5305 3538 5374 ejus,

1953 5416 2009 5463 et
2035 5413 2214 5462 mente
2247 5413 2559 5460 excesserat
2616 5401 2748 5467 Deo,
2797 5415 2896 5456 nec
2935 5410 3115 5456 tamen
3156 5399 3358 5470 aliquid
3396 5398 3542 5453 aliud

1955 5497 2128 5571 potuit
2155 5503 2454 5569 asportare,
2487 5493 2616 5559 nisi,
2645 5494 2771 5562 quia
2806 5511 2824 5544 ι
2868 5492 3101 5567 gloriosa
3133 5491 3276 5547 dicta
3304 5499 3426 5546 sunt
3477 5489 3542 5544 de

1957 5587 2229 5652 te,civitas
2249 5585 2342 5641 Dei
2376 5583 2549 5656 (Ptol.
2579 5585 2837 5655 LxxxVI);
2870 5605 2889 5636 ›
2916 5593 2972 5642 et
3002 5583 3161 5639 illud:
3191 5601 3212 5635 ι
3247 5582 3418 5649 Beati,
3449 5582 3541 5652 qui

1957 5680 2206 5735 habitant
2229 5681 2281 5733 in
2309 5679 2470 5734 domo
2500 5689 2612 5743 tua,
2643 5678 2889 5745 Domine,
2920 5679 2971 5734 in
3000 5678 3194 5734 smcula
3223 5678 3542 5736 saeculorum

1960 5771 2258 5827 laudabunt
2288 5781 2338 5826 te
2369 5770 2541 5842 (Psal.
2575 5769 2864 5839 Lxxxut.)i
2897 5771 3091 5828 Nescio
3116 5772 3246 5843 quid
3285 5785 3540 5842 maguum
