4064 6208
456 349 562 407 S39

464 459 823 537 promittitur,
875 454 1064 512 videre
1123 450 1291 506 Deum
1328 454 1386 505 et
1435 444 1678 502 laudare.
1735 457 1756 492 ‹
1805 439 2044 494 Lmtatus

468 530 589 610 sum
622 569 642 604 ι
668 558 837 617 etego
863 563 880 597 ι
906 545 960 600 in
983 543 1087 605 his,
1116 555 1238 612 qua:
1258 538 1401 594 dicta
1433 542 1558 592 sunt
1587 531 1742 597 mihi,
1766 531 1819 588 in
1835 530 2053 585 domum

469 639 684 698 Domini
731 637 928 694 ibimus
959 630 1134 703 (Psal.
1160 633 1332 698 cui).
1374 645 1393 682 ι
1423 625 1542 684 Jam
1579 633 1787 682 stamus
1818 621 1872 675 in
1903 618 2056 676 atriis

471 727 834 792 Hierusalem,
860 726 971 798 jam
1000 739 1029 776 e
1054 719 1324 776 vestibulo
1353 731 1564 786 magum
1588 713 1830 770 civitatis
1859 710 2056 780 gaudia

472 819 826 876 somniamus.
872 813 1064 869 Curre
1105 811 1268 883 igitur
1331 816 1388 863 et
1425 805 1588 876 317
1640 819 1736 874 per
1780 801 2059 874 regionem

474 913 656 974 istam,
685 916 740 963 et
767 906 853 962 fac
880 903 1174 965 sarcinam,
1204 912 1445 954 amorem
1476 896 1598 950 Dei.

549 1020 568 1054 ι
598 996 960 1072 Negotiamini
985 1008 1116 1065 ergo
1137 993 1308 1049 donec
1328 989 1514 1044 veniat
1536 988 1701 1044 homo
1728 985 1818 1039 ille
1840 979 2059 1046 nobilis,

475 1091 569 1162 qui
595 1089 726 1144 abiit
747 1089 802 1143 in
833 1085 1190 1156 longinquam
1220 1081 1496 1152 regionem
1528 1076 1775 1146 accipere
1833 1073 1934 1130 sibi
1972 1087 2063 1130 re-

477 1197 640 1255 gnum
659 1189 712 1236 et
725 1177 921 1235 reverti
937 1172 1244 1249 (ωαξης).
1267 1192 1286 1225 ι
1303 1172 1626 1228 Revertetur
1653 1167 1831 1238 plane,
1862 1173 1917 1222 et
1938 1173 2066 1220 tunc

479 1253 602 1329 cum
640 1267 824 1327 usuris
851 1267 1031 1334 exiget
1077 1262 1366 1336 pecuniam
1414 1274 1583 1330 quam
1635 1255 1858 1312 tradidit
1890 1253 2063 1308 nobis.

479 1361 625 1420 Nihil
676 1358 878 1432 perdit,
938 1355 1073 1412 nihil
1119 1351 1503 1414 obliviscitur,
1559 1346 1693 1402 nihil
1746 1345 2066 1415 impunitum

481 1452 758 1523 relinquit.
823 1447 1204 1518 Supplicemus
1237 1443 1432 1516 igitur
1487 1437 1786 1495 confessori
1842 1443 1902 1490 ut
1959 1434 2058 1490 Re-

483 1543 751 1616 demptori
783 1548 994 1604 nostro,
1021 1535 1198 1592 amico
1246 1547 1368 1595 suo.
1398 1544 1498 1602 pro
1537 1527 1697 1586 nobis
1747 1524 1906 1583 hodie
1940 1537 2068 1594 sup—

485 1614 689 1708 plicare
710 1631 987 1703 dignetur,
1019 1626 1110 1702 qui
1135 1633 1220 1684 est
1248 1623 1392 1682 Deus
1426 1620 1742 1679 benedictus
1772 1617 1826 1672 in
1851 1614 2068 1675 saecula.

484 1726 677 1796 Amen.

1220 1801 1336 1862 LX.

552 1921 576 1946 ‘
613 1936 842 1976 ιιοιιιιιι
882 1935 934 1975 tu
973 1932 1172 1973 VlGlLu
1207 1929 1434 1970 NA'I‘ALIS
1460 1927 1670 1971 DOMINI.
1700 1910 1852 1983 (sum
1875 1908 2020 1978 nec.)

567 2013 807 2068 Tandem
846 2013 914 2067 de
958 2011 1098 2068 mari
1144 2009 1213 2064 ad
1260 2016 1518 2078 portum,
1571 2006 1638 2063 de
1692 2001 1961 2074 promisso
2008 1998 2077 2056 ad

493 2105 794 2181 praemium,
846 2103 915 2158 de
949 2101 1138 2157 labore
1179 2098 1250 2154 ad
1297 2098 1562 2169 requiem,
1603 2096 1672 2152 de
1702 2093 2080 2164 desperatione

493 2196 558 2250 ad
585 2207 761 2267 spem,
789 2191 855 2246 de
877 2191 963 2246 via
1010 2191 1080 2245 ad
1105 2188 1341 2260 patriam
1374 2185 1742 2257 pervenimus.
1773 2182 2083 2252 Scripserat

493 2284 709 2356 quidem
731 2282 887 2338 nobis
909 2279 1286 2352 frequentibus
1298 2275 1545 2348 epistolis
1569 2294 1588 2327 ι
1615 2273 1859 2330 calamus
1888 2271 2082 2329 scribta

493 2375 752 2432 velociter
783 2371 1078 2430 scribentis
1114 2370 1288 2443 (Psal.
1332 2368 1505 2439 xu“).
1552 2386 1572 2420 ι
1605 2365 1898 2434 Exspecta,
1925 2377 2084 2419 reex-

496 2477 712 2537 specta;
773 2465 868 2523 sed
917 2478 1017 2519 nos
1042 2503 1060 2530 ,
1094 2460 1239 2534 quod
1289 2458 1635 2530 subiungitur
1659 2498 1675 2524 ,
1721 2456 1902 2514 dicere
1934 2461 2086 2525 pote.

496 2573 682 2615 ramus
726 2574 740 2612 :
805 2575 824 2610 ι
870 2555 1141 2612 Modicum
1197 2551 1307 2617 ibi,
1379 2559 1435 2608 et
1493 2549 1763 2608 modicum
1816 2547 1889 2604 ibi
1925 2544 2084 2617 (Ira.

499 2650 712 2721 xxvnt).
746 2667 765 2700 ι
812 2645 1228 2702 Praeeurrerant
1275 2656 1529 2698 cursores
1565 2635 1928 2712 promissione
1955 2635 2089 2694 divi.

502 2755 622 2808 tes,
673 2741 770 2796 sed
819 2736 1157 2794 exhibitione
1209 2734 1566 2806 pauperrimi.
1633 2732 1857 2790 Dicebat
1903 2729 2086 2786 alius:

505 2854 524 2886 ι
569 2833 809 2889 Viriliter
851 2845 974 2902 age,
1005 2839 1062 2886 et
1087 2828 1431 2884 confortetur
1463 2840 1558 2881 cor
1601 2833 1780 2886 tuum,
1801 2831 1858 2878 et
1882 2821 2089 2879 sustine

502 2923 786 2980 Dominum
815 2918 990 2992 (Psal.
1037 2917 1219 2988 sxw);
1259 2934 1278 2968 I
1322 2917 1462 2972 alter
1499 2928 1628 2970 vero
1677 2930 1691 2967 :
1741 2930 1761 2964 ι
1794 2911 1852 2968 Si
1881 2925 2089 2970 moram

503 3014 713 3079 fecerit,
725 3019 1139 3084 exspectaeum,
1151 3009 1278 3079 quia
1293 3007 1518 3064 veniens
1531 3006 1710 3063 veniet
1725 3004 1954 3075 (Hebae.
1970 3003 2053 3074 ιι).
2067 3021 2088 3057 ι

502 3107 631 3164 Pari
656 3105 882 3162 consilio
909 3103 1158 3159 exierant
1191 3102 1260 3160 de
1307 3099 1622 3157 sanctuario
1655 3096 1774 3163 Dei,
1823 3095 1959 3154 nihil
1998 3109 2091 3151 se-

505 3213 649 3259 cum.
690 3196 796 3252 nisi
831 3194 1250 3266 promissionum
1293 3189 1698 3246 multitudinem
1730 3194 2091 3256 reportantes.

507 3289 662 3345 Unde
698 3297 753 3344 et
805 3287 1091 3342 citharista
1132 3292 1321 3340 noster
1368 3283 1482 3354 jam
1537 3281 1936 3338 dormitaverat
1982 3293 2096 3350 prae

509 3383 692 3446 taedio,
732 3391 788 3437 et
819 3381 871 3436 in
900 3381 1075 3450 ipsum
1101 3379 1274 3434 Deum
1314 3375 1500 3432 tacitis
1529 3373 1949 3445 obiigationibus
1994 3370 2096 3444 [al-

508 3469 1084 3545 lcgationibushotam
1119 3467 1334 3538 culpam
1385 3465 1560 3522 modis
1608 3463 1878 3520 ﬂebilibus
1923 3463 2099 3518 intor-

508 3566 728 3634 quebat.
771 3583 789 3614 ι
815 3562 895 3616 'l‘u
942 3576 1090 3626 vero,
1144 3559 1336 3630 inquit,
1388 3555 1635 3627 repulisti
1679 3564 1739 3610 et
1781 3553 2098 3624 despexisti,

510 3655 770 3711 distulisti
800 3653 1076 3709 Christum
1110 3659 1262 3706 tuum
1307 3647 1482 3722 (Paul.
1516 3647 1838 3716 ιιιιινιιι).ι
1880 3646 1956 3703 De
1997 3643 2101 3702 lie-

453 3772 462 3790 ι
514 3748 611 3804 bili
635 3761 854 3819 quoque
881 3745 947 3800 ad
976 3741 1450 3813 intemperativum
1491 3751 1787 3795 conversus
1815 3744 1921 3800 est,
1969 3751 2101 3792 exa~

469 3847 474 3858 ‘
512 3838 720 3908 gitante
774 3833 1132 3906 impatientia,
1162 3847 1283 3904 qua:
1333 3838 1512 3885 mater
1534 3837 1619 3884 est
1647 3826 1995 3898 impudentia}
2043 3831 2102 3882 et

513 3927 892 3985 frontositatis.
946 3944 964 3976 ι
993 3925 1096 3994 Qui
1129 3923 1309 3986 sedes,
1356 3921 1552 3991 inquit,
1595 3934 1758 3988 super
1793 3917 2100 3981 cherubim,

516 4017 870 4074 manifestare
923 4013 1097 4087 (Paul.
1151 4011 1361 4081 usis).
1401 4007 1521 4065 i‘Ut
1554 4009 1680 4080 quid
1719 4007 1904 4062 tandiu
1929 4007 2103 4064 domi-

519 4110 720 4165 uatrici
775 4098 991 4191 sedens‘
1029 4106 1081 4160 iu
1135 4103 1415 4166 cathedra,
1480 4098 2006 4158 circumvolantibus
2047 4106 2106 4154 et

516 4201 844 4256 vallantibns
873 4179 1102 4269 angelis,
1130 4211 1239 4252 non
1282 4193 1514 4263 respicis
1551 4207 1716 4262 super
1743 4191 1884 4247 filios
1929 4190 2106 4246 homi-

519 4307 668 4354 num,
725 4305 861 4359 quos
910 4287 1192 4342 absorbuit
1234 4293 1288 4340 et
1331 4283 1613 4339 absorbuit
1662 4282 1958 4351 iniquitas,
2007 4297 2108 4351 per

519 4382 689 4437 Adam
716 4378 931 4450 quidem
959 4377 1283 4443 commissa,
1312 4376 1406 4432 sed
1435 4390 1464 4428 a
1498 4385 1550 4430 te
1578 4374 1864 4445 permissa.
1902 4373 2104 4430 Memo-

522 4488 646 4527 rare
698 4486 818 4540 quze
868 4470 940 4526 sit
989 4483 1108 4524 mea
1161 4466 1488 4532 substantia,
1529 4465 1596 4520 ad
1635 4473 1739 4520 tuae
1786 4463 2106 4520 substantiis

522 4561 929 4620 similitudinem
979 4558 1269 4623 fabricata,
1298 4557 1423 4630 quia
1465 4557 1568 4612 etsi
1593 4550 1792 4612 omnis'
1819 4555 1982 4610 homo
2023 4553 2109 4608 vi-

523 4668 657 4708 vens
682 4660 764 4707 cst
792 4651 1026 4716 vanitas,
1060 4648 1114 4704 in
1147 4648 1380 4718 imagine
1405 4656 1588 4720 tamen
1616 4655 1704 4699 tua
1735 4643 2110 4715 pertransiens

523 4739 695 4815 (Psal.
742 4741 994 4808 xxxvm),
1029 4738 1240 4793 vanitas
1287 4751 1409 4791 esse
1463 4750 1570 4790 non
1622 4742 1820 4804 potest.
1852 4731 2110 4802 Nunquid

525 4834 596 4888 ita
650 4846 789 4886 vane
843 4830 1174 4886 constituisti
1227 4843 1418 4882 omnes
1466 4826 1604 4880 filios
1651 4823 1979 4889 hominum,
2037 4822 2106 4876 de

523 4921 719 4991 quibus
746 4921 884 4976 dicis
916 4937 928 4973 :
976 4939 993 4971 ι
1025 4919 1085 4974 Et
1117 4918 1323 4973 delicia:
1361 4931 1496 4970 mea:
1523 4929 1645 4969 cum
1674 4912 1800 4967 filiis
1823 4913 2106 4968 hominum

524 5011 710 5084 (Prov.
769 5011 912 5082 vin),
945 5031 962 5063 ι
1007 5019 1065 5064 ιιι
1111 5024 1204 5065 eos
1236 5009 1486 5063 verberet
1531 5015 1585 5060 et
1622 5005 1931 5061 diverberet
1985 5013 2108 5061 arte

527 5100 950 5172 malignissimus
990 5099 1077 5153 ille
1105 5097 1386 5167 deceptor,
1441 5094 1532 5163 qui
1580 5093 1855 5160 decipere,
1900 5092 2004 5148 nisi
2059 5101 2112 5150 te

526 5195 915 5264 permittente,
967 5206 1076 5245 non
1121 5186 1330 5258 potuit?
1384 5184 1588 5238 inclina
1635 5181 1806 5237 cmlos
1854 5191 2007 5247 tuos,
2055 5191 2111 5237 et

527 5283 813 5346 descende,
847 5290 901 5334 et
931 5266 1048 5334 illos
1075 5274 1452 5332 misericordes
1483 5273 1669 5328 oculos
1701 5270 1914 5326 miseris
1961 5269 2109 5325 inﬂe-

529 5383 616 5426 cte
643 5371 1011 5441 precantibus,
1047 5383 1145 5422 nec
1178 5366 1365 5422 saltem
1407 5364 1796 5433 inperpetuum
1822 5359 2101 5416 oblivisca-

532 5462 613 5517 ris
662 5477 783 5516 nos.

607 5551 730 5607 limo
763 5552 980 5622 quidem
1011 5549 1136 5614 istc,
1158 5547 1250 5602 sed
1280 5545 1570 5619 gentilibus
1617 5550 1673 5596 ct
1718 5539 1975 5595 aerumnis
2033 5539 2112 5592 in-

537 5655 711 5701 tortus
756 5654 917 5698 tautze
954 5639 1391 5714 prtesumptionis
1435 5634 1762 5694 sententiam
1806 5631 2109 5699 abjurabat.

539 5755 558 5786 ι
591 5733 726 5799 Dixi,
755 5732 930 5802 inquit
957 5749 970 5785 ε
1007 5729 1322 5784 Custodiam
1352 5727 1468 5782 vias
1499 5739 1678 5788 meas,
1713 5732 1770 5776 ut
1800 5737 1902 5777 non
1942 5719 2111 5774 delin-

1093 338 1154 393 s.
1196 332 1400 390 mm
1429 327 1711 386 Damam
1747 323 1900 384 ore.
1931 323 2089 380 rans

2184 283 2282 372 ,ὲιι
2311 314 2547 369 'ronus
2575 306 2639 365 ιι.
2679 335 2748 350 -
2776 296 3162 359 SERMONES.

2073 442 2123 501 Α
2147 443 2310 502 quam
2339 426 2394 482 in
2423 423 2605 494 lingua
2635 432 2756 475 mea
2783 414 2955 488 (Psal.
2980 407 3240 502 xxxvut).
3266 427 3285 466 ι
3322 409 3521 465 Verum
3541 407 3631 464 ille
3655 410 3743 465 vir

3625 289 3739 350 830

2156 498 2372 579 nobilis,
2400 521 2454 567 et
2482 507 2735 582 profundi
2765 502 3036 562 sermonis
3079 499 3386 556 urbanitate
3412 498 3740 569 prelucidus

2155 603 2468 664 atiectuosis
2493 598 2810 658 excessibus
2840 594 3176 651 incalescens
3207 608 3222 648 :
3275 608 3295 644 ι
3327 588 3558 659 Propter
3586 589 3742 654 Sion.

2158 696 2358 766 inquit,
2408 708 2516 747 non
2582 687 2798 752 tacebo,
2853 693 2909 742 et
2964 691 3186 754 propter
3242 679 3583 738 Hierusalem
3634 694 3745 734 non

2157 791 2433 859 quiescam
2465 784 2638 840 donec
2671 778 2984 851 egrediatur
3022 783 3082 831 ut
3109 772 3363 844 splendor
3402 770 3587 840 justus
3627 772 3745 844 ejus

2159 881 2297 952 (Ian.
2327 878 2483 948 LXII).
2529 895 2552 930 ›
2587 874 2828 936 Utinam,
2882 870 2984 931 ait,
3037 867 3410 934 disrumperes
3463 862 3654 928 caries,
3689 870 3748 918 et

2161 965 2548 1030 descenderes!
2592 965 2732 1037 (Im.
2774 961 2922 1032 utv)
2959 969 3018 1018 et
3052 957 3158 1016 alia
3185 955 3377 1021 multa,
3424 969 3546 1024 qua:
3590 953 3746 1011 fasti-

2163 1065 2311 1120 diosa
2335 1059 2621 1130 prolixitas
2645 1062 2797 1112 vetat
2821 1054 3083 1109 inserere.
3111 1047 3214 1106 Hic
3236 1047 3401 1105 etiam
3432 1044 3750 1102 morosioris

2164 1159 2352 1229 gratim
2391 1153 2788 1225 longinquitate
2821 1159 3140 1218 suspensus,
3181 1151 3239 1199 et
3270 1140 3437 1213 318
3473 1138 3752 1196 nimietate

2167 1248 2370 1306 doloris
2423 1245 2713 1309 excedens,
2765 1238 3112 1311 impatienter
3175 1233 3433 1298 oblatrat,
3497 1229 3684 1286 dicens
3734 1242 3754 1282 :

2172 1357 2192 1391 ι
2229 1338 2367 1395 Ecce
2391 1344 2609 1404 gentes,
2635 1331 2792 1402 quasi
2842 1344 2948 1386 non
2995 1327 3129 1392 sint,
3157 1324 3239 1382 sic
3266 1333 3395 1380 sunt
3427 1334 3609 1376 coram
3638 1332 3706 1386 eo
3737 1333 3754 1373 :

2169 1427 2323 1496 quasi
2353 1424 2601 1486 nihilum.
2627 1431 2684 1480 et
2707 1422 2872 1478 inane
2897 1425 3159 1489 reputatae
3187 1421 3314 1471 sunt
3342 1411 3394 1470 ei
3427 1410 3564 1482 (Ira.
3585 1408 3699 1480 ιι).
3728 1425 3753 1466 ι

2169 1515 2434 1576 Jeremias
2478 1514 2538 1572 in
2583 1526 2771 1572 vocem
2819 1507 3232 1581 gratulabunda:
3279 1502 3454 1560 laudis
3501 1499 3760 1558 adverbio

2171 1611 2580 1669 demonstrante
2627 1617 3039 1678 prorumpens:
3083 1619 3100 1656 I
3136 1599 3309 1678 Ecce,
3354 1595 3549 1668 inquit,
3597 1592 3760 1650 faciet

2176 1702 2437 1758 Dominus
2466 1676 2670 1757 novum
2695 1711 2858 1768 super
2884 1703 3112 1757 terram,
3140 1698 3196 1747 et
3224 1676 3420 1746 mulier
3457 1685 3755 1743 circumda-

2099 1799 2148 1860 Β
2176 1792 2255 1846 bit
2277 1791 2453 1844 virum
2483 1789 2621 1858 μιν.
2671 1785 2878 1854 χιχι).ι
2913 1781 3023 1840 Sed
3066 1790 3246 1838 tamen
3298 1776 3590 1848 repentina
3636 1773 3750 1830 sub-

2177 1880 2450 1936 versionis
2491 1877 2749 1949 lacrymis
2799 1876 3079 1938 educetur,
3136 1880 3199 1931 ut
3264 1869 3417 1940 prius
3465 1867 3762 1924 laniculum

2177 1971 2478 2042 suscipiens
2530 1983 2692 2039 quam
2744 1967 3031 2024 adventum
3060 2003 3082 2028 ,
3135 1961 3353 2031 penitus
3414 1957 3762 2014 eoutieescat.

2179 2064 2384 2122 Danieii
2413 2063 2613 2119 dicitur
2653 2078 2668 2120 ς
2709 2079 2728 2112 ι
2761 2058 2910 2118 Visio
2942 2066 3027 2114 est
3063 2056 3119 2112 in
3143 2054 3282 2116 dies,
3319 2058 3378 2109 et
3418 2050 3472 2106 in
3521 2060 3764 2116 tempora

2179 2162 2342 2230 longa
2391 2159 2556 2230 (Dan.
2628 2155 2722 2227 ιι).
2750 2174 2770 2210 ι
2816 2153 2883 2210 Et
2930 2147 3183 2219 Ezechiel
3235 2145 3402 2203 tantis
3449 2141 3770 2212 caliginihus

2183 2249 2480 2308 involvitur
2510 2255 2570 2302 ut
2594 2245 2687 2300 vix
2722 2241 2965 2314 dignosei
3013 2239 3184 2310 possit
3230 2234 3376 2293 unde
3415 2230 3625 2293 veniat,
3673 2238 3773 2283 aut

2183 2354 2294 2413 quo
2314 2339 2500 2396 vadat.
2550 2335 2791 2404 Denique
2838 2331 3020 2388 omnis
3057 2329 3147 2384 ille
3173 2321 3509 2397 prophetalis
3533 2333 3771 2377 conven-

2185 2443 2272 2490 tus
2316 2432 2476 2500 longa
2539 2425 2808 2486 tardantis
2859 2422 3050 2494 gratia:
3100 2416 3418 2476 morositate
3462 2418 3770 2482 perusus,

2185 2538 2333 2585 nunc
2361 2521 2626 2593 rogando,
2651 2531 2795 2576 nunc
2821 2511 3220 2583 conquerendo,
3241 2508 3419 2565 variat
3444 2503 3771 2567 orationem,

2186 2622 2242 2672 et
2266 2591 2588 2685 plerumque
2633 2603 2981 2664 sermonibus
3036 2598 3336 2659 exorativis
3379 2591 3774 2664 indignatorios

2191 2679 2550 2761 intermiscet.
2588 2697 2700 2756 Nos
2744 2707 2958 2765 quoque
2987 2691 3146 2754 satis.
3193 2687 3438 2757 satisque
3479 2699 3579 2740 eos
3619 2679 3778 2736 audi-

2188 2793 2394 2859 vimus,
2438 2800 2494 2848 et
2525 2790 2684 2848 nobis
2715 2788 2769 2846 in
2799 2783 3074 2840 fastidium
3102 2780 3431 2850 releguntur.
3460 2773 3581 2830 Jat'n
3608 2771 3780 2842 fugiat

2193 2885 2409 2958 Moyses
2447 2883 2646 2954 (Exod.
2689 2883 2800 2952 vn),
2856 2874 3218 2946 impeditioris
3269 2869 3533 2940 siquidem
3581 2863 3783 2958 lingua

2191 2955 2367 3036 factus
2412 2985 2497 3034 est
2529 2975 2684 3034 nobis
2725 2989 2740 3026 :
2773 2970 2926 3030 lsaize
2963 2967 3104 3029 labia
3151 2963 3425 3022 immunda
3460 2965 3587 3015 sunt
3634 2955 3782 3028 (In.

2192 3071 2307 3142 vr);
2347 3069 2613 3127 Jeremias
2638 3065 2813 3122 nescit
2841 3061 3012 3131 loqui,
3053 3059 3182 3129 quia
3229 3069 3364 3125 puer
3407 3061 3490 3110 est
3526 3048 3662 3142 (ἔας.
3693 3050 3782 3119 ι);

2117 3135 2166 3201 C
2194 3135 2447 3222 Ezechiel
2496 3158 2703 3232 polluto
2745 3167 2888 3227 pane
2929 3152 3172 3209 vescitur
3217 3146 3436 3220 (Emit.
3463 3144 3570 3213 tv);
3610 3141 3789 3198 Osca:

2195 3254 2550 3313 fornicariam
2599 3260 2655 3305 et
2701 3247 3006 3304 adulteram
3034 3242 3185 3299 ducit
3235 3253 3460 3296 uxorem
3509 3232 3654 3305 (05¢.
3694 3233 3787 3302 r);

2195 3346 2385 3405 Daniel
2414 3360 2511 3416 per
2538 3343 2804 3400 visionem
2831 3336 3070 3409 graviter
3093 3333 3399 3389 infirmatur
3439 3327 3602 3416 (Dan.
3631 3324 3785 3416 vin).

2200 3415 2733 3506 Omnesiprephem
2779 3429 3022 3498 elingues
3064 3429 3271 3481 suntet
3322 3420 3476 3476 muti.
3529 3415 3649 3471 ιω
3693 3415 3786 3470 lte-

2197 3528 2328 3592 tari,
2352 3534 2407 3586 et
2430 3523 2706 3582 exsultare
2734 3533 2842 3578 non
2870 3529 3180 3587 pessumus,
3211 3510 3318 3566 nisi
3355 3508 3635 3566 osculetur
3681 3520 3789 3562 nos

2197 3617 2386 3675 osculo
2413 3614 2528 3671 oris
2552 3612 2680 3678 sui;
2729 3607 2900 3666 auditi
2952 3614 3008 3661 et
3034 3601 3274 3662 exauditi
3300 3600 3454 3658 estis.
3486 3598 3656 3654 Adest
3689 3596 3791 3652 be-

2198 3711 2437 3783 nignitas
2461 3716 2515 3763 et
2538 3703 2850 3763 humanitas
2872 3698 3170 3756 Salvatoris
3195 3694 3370 3751 nostri
3399 3693 3492 3750 Dei
3521 3689 3650 3762 (Tit.
3673 3690 3790 3758 In).

2198 3779 2321 3874 qua:
2344 3800 2429 3857 vel
2456 3796 2688 3862 dilferri,
2726 3792 2814 3849 vel
2862 3788 3068 3848 auferri
3109 3801 3232 3854 non
3277 3785 3516 3857 patiatur
3553 3779 3792 3851 amplius

2200 3906 2445 3952 amorem
2477 3885 2876 3959 languentium.

2271 3983 2408 4052 Quid
2430 3982 2574 4039 enim
2595 3976 2857 4035 audistis?
2879 3991 2901 4026 ι
2930 3965 3380 4031 Sanetiflcamini,
3407 3963 3499 4019 ﬁlii
3524 3959 3710 4020 lsrael.
3735 3967 3794 4015 et

2200 4086 2375 4135 estote
2396 4073 2595 4146 parati,
2617 4071 2747 4143 quia
2773 4066 3016 4126 crastina
3041 4065 3129 4121 die
3151 4058 3446 4118 «lescendet
3460 4053 3742 4110 Dominus.
3765 4069 3786 4104 ι

2191 4142 2496 4225 Resiluum
2544 4163 2650 4220 diei
2705 4160 2867 4231 huius
2911 4165 2966 4212 et
3028 4156 3436 4226 snperveuturm
3479 4143 3662 4200 noctis
3699 4142 3792 4195 vix

2203 4259 2488 4318 medianda
2549 4253 2862 4326 progressio
2901 4249 3164 4306 dirimunt
3197 4257 3299 4299 nos
3336 4255 3366 4295 a
3403 4235 3555 4292 vultu
3583 4233 3794 4326 gloriae,

2204 4367 2234 4404 a
2266 4366 2439 4422 puero
2462 4323 2594 4411 Deo,
2629 4323 2673 4399 ιι-
2689 4341 2979 4414 puerperio
3011 4333 3295 4406 singulari.
3323 4327 3565 4392 Currite,
3585 4323 3799 4378 celeres

2206 4447 2374 4508 horze,
2411 4436 2770 4508 et-rapidiori
2818 4446 2982 4504 passu
3034 4424 3286 4485 coniicite
3335 4427 3509 4478 metas
3555 4423 3798 4476 vestras.

2208 4544 2270 4592 ut
2297 4537 2461 4591 liceat
2487 4507 2674 4587 videre
2698 4528 2896 4586 Filium
2934 4524 3027 4581 Dei
3058 4519 3370 4591 rugientem
3407 4507 3462 4570 in
3509 4510 3682 4570 cunis,
3733 4517 3792 4561 et

2211 4623 2485 4684 saivatriei
2535 4618 2803 4679 nativitati
2850 4615 3246 4687 qualiacunque
3273 4601 3531 4674 obsequia
3577 4615 3798 4671 priapo-

2209 4731 2355 4774 rare.
2381 4713 2558 4772 Credo
2609 4725 2707 4767 vos
2757 4719 2878 4763 esse
2911 4706 3049 4762 filios
3096 4699 3260 4758 israel
3306 4693 3676 4756 Sanctiﬁcatus
3725 4691 3802 4746 ab

2209 4807 2357 4863 omni
2386 4803 2797 4874 inquinamento
2829 4797 3015 4853 carnis
3083 4801 3137 4850 et
3166 4791 3410 4861 spiritus,
3451 4792 3672 4855 paratos
3727 4781 3800 4835 ad

2212 4896 2321 4952 diei
2347 4893 2598 4950 crastina:
2627 4898 2998 4950 sacramenta,
3028 4895 3086 4943 et
3111 4881 3346 4939 sollicita
3383 4877 3693 4936 devotione,
3742 4879 3804 4926 et

2214 4987 2410 5046 devota
2438 4982 2823 5038 sollicitudine.
2850 4978 2992 5050 Quid
3021 4975 3163 5050 enim
3192 4971 3336 5026 aliud
3368 4967 3452 5025 his
3484 4965 3653 5050 sacris
3681 4962 3804 5016 die-

2214 5077 2316 5134 bus
2351 5075 2468 5146 ejus
2494 5071 2747 5128 adventui
2796 5047 3062 5125 dedicatis
3087 5047 3314 5135 egistis?
3612 5048 3618 5053 ’

2287 5141 2406 5219 Vidi
2439 5180 2538 5236 ego
2575 5173 2732 5219 senes
2777 5157 3074 5216 senectutis
3111 5153 3311 5210 oblitos
3364 5157 3550 5206 astare
3597 5141 3806 5214 vigiliis

2219 5260 2390 5319 sacris
2414 5253 2972 5330 juveniliaiacritate,
3004 5257 3060 5305 et
3099 5245 3328 5316 juvenes
3364 5241 3654 5311 iuventute
3712 5249 3808 5290 se-

2219 5350 2366 5422 pulta
2383 5347 2538 5404 senili
2559 5345 2826 5418 gravitate
2846 5337 3169 5399 reverentiae
3193 5333 3495 5392 divinitatis
3517 5331 3806 5386 assistete.

2221 5443 2383 5496 Plena
2412 5448 2568 5494 erant
2593 5434 2846 5494 subsellia
2871 5427 3284 5488 continentibus
3313 5431 3374 5480 et
3411 5427 3679 5478 concentu
3706 5429 3810 5484 pa-

2220 5532 2308 5586 rili
2356 5543 2519 5585 voces
2541 5528 2595 5581 in
2620 5524 2950 5588 sublimibus
2990 5517 3347 5581 resultabant,
3382 5521 3441 5566 ut
3471 5507 3618 5584 felici
3658 5503 3807 5562 invi-

2220 5623 2310 5678 dia
2333 5636 2429 5674 vos
2458 5631 2735 5675 cernerem
2762 5614 2997 5684 jnbilare
3024 5613 3136 5666 Deo
3164 5610 3216 5666 in
3247 5621 3380 5662 voce
3402 5596 3805 5684 exsultationis.

2221 5704 2485 5767 Psalteria
2519 5714 2670 5766 erant
2705 5719 2814 5778 pra:
2844 5701 3115 5767 manilius,
3165 5697 3359 5770 psalmi
3413 5711 3465 5751 ιιι
3514 5689 3692 5758 labiis,
3743 5678 3806 5732 Ῐη
