4064 6208
424 267 522 322 841

1840 273 2074 332 δειιιιο
2102 274 2214 330 LX.

3575 292 3680 349 842

415 383 577 439 corde
612 382 856 450 devotiu;
912 383 1308 444 solemnitatem
1350 388 1514 446 animi
1555 389 1866 446 indicabant
1916 387 2292 466 hi~Atiferos
2361 387 2562 444 imbres
2645 391 2878 447 infusius
2952 393 3352 452 administrant.
3415 399 3679 464 Occursat

413 473 601 528 laritas
635 473 832 540 vultus,
878 475 1145 533 discursio
1169 479 1431 548 corporis,
1457 481 1640 550 operis
1662 481 1992 537 sollicitudo.

408 564 627 636 Inspexi
656 565 970 620 sacerdotes
1013 567 1364 638 vigilantibus
1398 571 1586 626 .oculis
1633 572 1838 642 primos
1885 572 1992 628 diei

407 662 561 708 ortus
605 653 881 708 subtiliter
929 655 1205 726 indagare,
1278 661 1769 716 sacramentalibus
1844 661 1992 717 indui

408 744 770 810 vestimentis,
805 745 1029 802 introire
1067 748 1134 803 ad
1163 748 1335 820 altare
1367 750 1460 804 Dei
1491 752 1556 806 ad
1579 752 1994 809 sacrificandum

406 851 604 906 corpus
628 845 683 891 et
710 837 1028 908 sanguinem
1051 838 1446 910 Redemptoris.
1475 841 1594 896 Vidi
1622 843 1992 900 assistentium

412 926 650 991 turbam,
671 927 1017 983 miuisteriali
1044 929 1333 986 devotione
1361 946 1506 986 nunc
1527 931 1742 989 ﬂectere
1794 949 1989 1002 genua,

404 1031 552 1071 nunc
587 1015 822 1071 osculari
873 1032 1087 1083 manus,
1139 1028 1194 1074 et
1244 1020 1311 1076 ad
1362 1020 1747 1090 imperantium
1801 1033 1990 1078 nutum

403 1113 541 1160 nutu
606 1106 768 1160 citius
831 1106 1076 1163 obedire.
1125 1107 1229 1164 Sed
1276 1117 1333 1165 et
1385 1125 1584 1180 pueros
1635 1113 1843 1183 aspexi,
1896 1113 1991 1183 qui

402 1197 655 1252 nesciunt
683 1197 816 1267 quid
839 1198 910 1253 sit
940 1198 1082 1255 inter
1119 1199 1399 1256 dexteram
1444 1210 1500 1257 et
1532 1203 1832 1269 sinistram,
1884 1205 1988 1260 sibi

403 1287 470 1341 ad
519 1287 752 1343 invicem
819 1288 1079 1358 psalteria
1141 1290 1382 1346 invidere
1440 1301 1495 1346 et
1560 1294 1848 1364 deportare
1919 1296 1988 1350 ad

399 1379 628 1435 lectulos
655 1395 806 1447 suos,
835 1379 1007 1436 furari
1035 1396 1283 1438 somnum
1323 1384 1392 1440 ab
1446 1385 1618 1441 oculis
1665 1387 1780 1441 suis
1828 1396 1883 1442 et
1929 1388 1981 1442 in

399 1469 602 1527 lectulo
653 1487 753 1527 suo
799 1486 901 1543 per
949 1482 1136 1529 noctes
1188 1461 1432 1544 qumrerc
1496 1492 1658 1546 quem
1732 1477 1986 1548 diligebat

398 1561 582 1617 anima
653 1578 866 1620 eorum.
916 1565 1084 1638 319
1129 1566 1284 1634 Quod
1334 1568 1462 1626 licet
1513 1581 1704 1626 contra
1756 1587 1977 1628 consue-

399 1650 641 1712 tudinem
677 1664 1066 1728 praasumptum
1119 1657 1209 1720 sit,
1262 1673 1370 1714 non
1428 1668 1606 1716 tamen
1663 1671 1852 1716 contra
1888 1663 1982 1718 de-

396 1740 699 1798 votiouem.

467 1831 702 1902 Fateor,
754 1835 898 1892 inter
950 1837 1066 1894 haec
1117 1839 1299 1894 omnia
1354 1839 1660 1912 cogitabam
1711 1861 1725 1896 :
1785 1841 1979 1898 Castra

394 1924 493 1980 Dei
543 1935 671 1982 sunt
719 1928 865 1994 haec;
921 1946 941 1980 ι
975 1929 1092 1986 Non
1138 1939 1224 1986 est
1275 1931 1365 1987 hie
1420 1933 1585 1996 aliud,
1632 1934 1737 1989 nisi
1785 1934 1979 1991 domus

395 2011 494 2068 Dei
521 2021 577 2068 et
618 2025 775 2086 porta
817 2016 940 2072 εωΙί
975 2015 1127 2088 (Gen.
1169 2019 1384 2091 xxvnt).
1413 2039 1430 2072 ι
1489 2021 1711 2086 Vellem,
1759 2023 1976 2090 nollem,

391 2115 578 2163 vestra
609 2108 893 2164 dev0tione
924 2110 1195 2176 trahebar,
1246 2121 1303 2167 et
1352 2113 1502 2168 vobis
1556 2113 1976 2184 uegotiantibus,

391 2195 552 2252 otiari
605 2211 713 2254 non
760 2207 1031 2269 poteram.
1078 2199 1359 2272 Sequebar
1402 2219 1517 2269 vos,
1563 2204 1656 2258 sed
1713 2220 1744 2259 a
1796 2203 1977 2276 longe,

389 2284 476 2340 vel
523 2287 784 2343 aberrans
832 2304 862 2344 a
893 2289 1001 2358 via,
1034 2290 1120 2347 vel
1173 2291 1486 2349 claudicans
1523 2309 1553 2348 a
1580 2296 1791 2350 semitis
1819 2299 1976 2366 meis,

282 2421 294 2430 .
391 2374 584 2447 lugens
611 2385 667 2432 et
715 2379 1094 2447 contristalus,
1147 2383 1275 2452 quia
1303 2397 1411 2437 non
1463 2393 1709 2453 poteram
1761 2401 1980 2456 aequare

403 2479 709 2524 currentes.
735 2469 894 2525 Novit
924 2472 1013 2528 ille
1035 2489 1194 2539 unus,
1223 2490 1347 2529 cum
1379 2491 1485 2546 quo
1512 2491 1618 2531 uno
1644 2493 1809 2532 unum
1856 2494 1980 2537 esse

393 2559 534 2627 εαξρί
584 2559 637 2614 in
691 2560 942 2628 Domino,
987 2579 1150 2634 quam
1191 2565 1563 2636 frequentibus
1601 2570 1838 2638 querelis
1875 2569 1978 2624 im-

389 2649 648 2719 pleverim
679 2669 838 2710 aures
876 2654 1014 2725 ejus,
1065 2658 1210 2726 quod
1257 2673 1353 2713 vos
1397 2659 1451 2734 in
1506 2661 1731 2716 meridie
1781 2663 1976 2718 essetis

389 2754 513 2792 eum
565 2755 780 2809 sponso,
830 2753 885 2797 et
930 2758 1030 2814 ego
1071 2745 1126 2799 in
1174 2749 1480 2815 vespertino
1509 2747 1710 2818 frigore
1738 2763 1975 2806 commo-

391 2843 560 2883 rarer.
613 2829 731 2897 Eia,
762 2829 981 2898 fratres,
1015 2834 1060 2888 si
1090 2833 1286 2904 aliquis
1325 2837 1502 2891 adhuc
1546 2836 1740 2893 inﬂuus
1780 2840 1976 2897 humor

388 2919 456 2974 de
489 2919 710 2979 ﬂumine
754 2923 1106 2981 mortalitatis
1155 2927 1315 2998 hujus
1363 2938 1572 2986 vestras
1617 2932 1976 2991 circumrorat
2013 2983 2022 2994 .

389 3009 726 3076 aﬂ‘ectiones,
762 3015 973 3085 tergite,
999 3026 1054 3070 et
1090 3018 1254 3089 legite
1293 3017 1442 3074 illum
1473 3021 1632 3078 niveo
1673 3024 1994 3082 confessio-‘

2069 490 2074 495 '
2098 482 2338 551 aspectui
2372 485 2568 538 utentis
2589 485 2732 554 quod
2761 486 2895 541 vidit
2923 496 2978 542 et
3001 489 3226 556 audivit,
3249 493 3392 562 quod
3425 497 3672 566 odoravit

2095 579 2150 626 et
2174 573 2432 642 gustavit,
2467 574 2610 643 quod
2645 575 2884 645 palpavit
2911 587 2968 632 et
3000 579 3194 650 tetigit,
3248 590 3304 636 et
3354 584 3673 658 plerumque

2094 661 2237 728 quod
2262 661 2494 730 simplici
2523 661 2678 717 oculo
2705 664 3036 734 aspeximus,
3067 668 3370 738 versipellis
3389 684 3673 734 contortor

2093 747 2160 800 ad
2182 747 2567 804 oﬂ'endiculum
2598 761 2874 823 retorquet
2919 762 2975 807 et
3016 756 3348 813 scandalum.
3399 761 3577 834 Fingit
3601 768 3677 822 si-

2095 839 2447 908 militudines,
2489 843 2768 922 imagines
2813 845 3011 916 pingit,
3067 847 3277 904 colores
3319 862 3486 921 aptat,
3527 866 3583 910 et
3618 857 3674 914 in

2091 930 2330 988 thalamo
2380 934 2576 990 mentis
2612 936 2865 991 universa
2908 937 3198 1005 convolvit,
3248 941 3294 996 si
3353 941 3494 1000 forte
3539 961 3674 1002 con-

2091 1035 2308 1076 sensum
2335 1017 2516 1080 eliciat
2543 1034 2596 1080 et
2625 1025 2828 1080 inliciat
2865 1026 3137 1084 affectum.
3179 1029 3350 1088 Oﬂ‘ert
3379 1035 3665 1094 horribilia

2090 1113 2158 1168 de
2185 1113 2486 1182 divinitate,
2537 1117 2800 1172 terribilia
2829 1119 2895 1174 de
2935 1119 3060 1185 fide,
3109 1122 3378 1180 mirabilia
3436 1128 3502 1184 de
3550 1131 3673 1188 fidei

2089 1203 2447 1274 institutione,
2471 1217 2525 1263 et
2553 1209 2605 1264 in
2633 1208 2838 1266 alveolo
2875 1213 3072 1266 mentis
3100 1215 3444 1273 veneniferas
3482 1219 3678 1292 ingerit

2088 1296 2354 1364 potiones,
2387 1313 2524 1368 quas
2563 1299 2641 1353 vel
2677 1301 2730 1354 in
2762 1301 3103 1359 confessione
3133 1319 3384 1362 evomere
3420 1319 3672 1378 peccator

2086 1396 2346 1443 oneratus
2368 1389 2645 1446 exhorret.
2675 1391 2832 1446 Venit
2864 1393 2915 1446 in
2942 1396 3261 1461 oratorium,
3293 1399 3670 1458 dormitorium

2084 1487 2345 1547 occupat,
2395 1479 2591 1535 insidet
2641 1481 2951 1549 refectorio,
2994 1485 3190 1541 circuit
3224 1488 3542 1557 clausrrum,
3580 1510 3669 1550 re-

2085 1566 2211 1620 visit
2236 1566 2496 1636 olIicinas,
2543 1569 2747 1626 nullam
2785 1575 3148 1641 praetermittit
3189 1588 3362 1633 artem
3413 1586 3667 1650 nocendi,

2082 1655 2176 1710 sed
2228 1658 2427 1727 ubique
2456 1675 2568 1715 sua:
2593 1661 2906 1718 calliditatis
2943 1665 3186 1736 assignat
3233 1672 3498 1739 argutias,
3534 1684 3589 1728 et
3616 1675 3671 1730 in

2007 1739 2054 1800 Β
2085 1745 2252 1800 choro
2281 1747 2499 1818 quidem
2529 1749 2669 1804 inter
2694 1753 2958 1806 orandum
2979 1763 3034 1808 et
3060 1755 3398 1824 psallendum
3427 1770 3664 1816 mentem

2081 1835 2350 1903 pertrahit
2393 1837 2448 1892 in
2486 1837 2732 1905 diversa,
2780 1843 3174 1910 praeteritorum
3219 1852 3670 1906 rememoratioue

2079 1923 2374 1992 puritatem
2405 1925 2715 1984 intellectus
2743 1929 3037 1988 involvens.

2151 2013 2210 2068 In
2251 2023 2370 2072 toro
2398 2017 2754 2076 multiformes
2794 2021 3033 2080 libidinis
3060 2041 3252 2084 sensus
3292 2031 3534 2099 involvit,
3575 2034 3660 2088 in-

2080 2103 2286 2162 sidians
2310 2107 2586 2165 solitudini
2631 2122 2852 2180 nostrae,
2883 2124 2937 2170 et
2983 2117 3104 2172 telis
3147 2117 3464 2178 fortioribus
3501 2125 3667 2197 320

2080 2210 2418 2268 Oppugnans,
2447 2201 2653 2256 utinam
2685 2219 2790 2258 non
2821 2217 3125 2276 expugnet,
3160 2221 3382 2281 pungat,
3417 2229 3523 2268 non
3548 2216 3666 2270 vul-

2080 2291 2268 2345 neret!
2302 2291 2361 2348 In
2388 2291 2676 2350 refectorio
2714 2307 2895 2352 autem
2934 2301 3114 2371 gulam
3164 2304 3331 2360 allicit
3361 2308 3428 2362 ad
3477 2308 3667 2364 viden-

2079 2379 2206 2434 dum
2235 2397 2355 2450 quae
2400 2383 2765 2454 perferantur,
2818 2396 2873 2442 et
2927 2390 3129 2461 ingenti
3173 2395 3433 2452 aviditate
3477 2410 3671 2455 onerat

2079 2469 2370 2526 distentum
2412 2483 2673 2541 ventrem,
2709 2487 2766 2530 ut
2802 2477 3006 2548 majore
3034 2497 3196 2551 opera
3231 2486 3298 2539 ad
3329 2491 3658 2558 egerendum

2078 2569 2236 2628 egeat
2270 2576 2431 2631 quam
2475 2565 2544 2619 ad
2595 2566 2970 2637 ingerendum.
3019 2570 3076 2625 In
3113 2573 3350 2630 claustro
3380 2577 3550 2634 libros
3584 2597 3668 2636 re-

2078 2649 2227 2704 vellit
2257 2667 2287 2706 a
2317 2654 2584 2718 manibus,
2634 2659 2950 2713 memoriam
2989 2672 3198 2718 resecat
3228 2664 3658 2736 Scripturarum,

2077 2749 2132 2796 et
2165 2758 2310 2798 nunc
2339 2745 2404 2800 de
2427 2745 2516 2801 illo
2546 2747 2613 2802 ad
2657 2749 2818 2804 istum
2846 2769 2969 2806 cum
3017 2753 3188 2825 signis
3235 2766 3290 2811 et
3323 2760 3656 2818 scurrilitalc

2079 2837 2414 2891 transvertit.
2453 2837 2557 2893 Per
2598 2837 2936 2896 ofﬁcinarum
2978 2845 3375 2904 multitudinem
3430 2861 3480 2907 te
3533 2853 3666 2910 facit

2074 2937 2366 2980 excurrere
2391 2935 2448 2982 et
2486 2929 2806 2998 vagabundo
2835 2948 2894 2988 se
2920 2936 3174 2991 comitem
3205 2939 3349 3003 facit,
3384 2943 3555 2999 donec
3583 2955 3666 3001 ta-

2074 3014 2405 3073 citurnitatis
2433 3019 2653 3085 ostium,
2679 3031 2772 3076 aut
2798 3025 3031 3093 aperiat,
3060 3036 3154 3080 aut
3178 3030 3500 3101 confringat.
3519 3034 3660 3103 Quid

387 3101 474 3156 nis
499 3103 721 3170 amictu,
764 3114 818 3160 ει
845 3105 1084 3162 calceata
1123 3123 1219 3165 vos
1255 3107 1309 3163 in
1351 3112 1748 3181 prmparalione
1786 3115 1966 3170 Εγδη..
1995 3118 2045 3186 ε
2074 3103 2262 3174 plura?
2300 3107 2354 3161 Ιιι
2385 3109 2551 3165 ClIOI'O
2578 3112 2938 3179 devotionem,
2984 3117 3036 3170 III
3068 3126 3182 3172 [OI'O
3228 3121 3558 3192 castitatem,
3605 3126 3661 3181 ill

387 3188 511 3259 gelii
564 3191 716 3262 pacis
770 3192 988 3264 (Ep/tes.
1039 3194 1152 3266 Vl),
1196 3205 1257 3251 ut
1302 3198 1420 3254 sitis
1473 3199 1538 3255 de
1589 3203 1785 3272 quibus
1839 3204 1972 3262 dicit

387 3289 607 3337 sanctus
658 3296 672 3335 :
727 3303 744 3334 t
782 3283 836 3337 ln
875 3283 1098 3341 ﬂumine
1145 3289 1558 3357 pertransibunt
1603 3291 1737 3360 pede
1793 3292 1967 3365 (Psal.

386 3371 532 3443 va).
564 3392 583 3426 ι
621 3373 759 3441 Quid
800 3383 976 3430 autem
1028 3387 1149 3446 post
1198 3377 1348 3434 haec?
1389 3398 1406 3430 ι
1435 3380 1512 3436 Ibi
1563 3380 1865 3437 laetabimur
1913 3384 1968 3438 in

387 3462 523 3533 ipso.
561 3484 579 3515 ι
625 3464 698 3518 De
746 3463 966 3522 ﬂumine
1018 3468 1148 3532 hoc,
1207 3469 1316 3524 imo
1364 3471 1430 3526 de
1475 3470 1786 3528 ﬂuminibus
1849 3474 1969 3529 istis

384 3549 552 3608 Isaias
601 3554 863 3624 propheta
927 3555 981 3610 in
1041 3560 1323 3613 nocturnis
1372 3559 1695 3617 lectionibus
1762 3562 1967 3634 largius

383 3642 698 3713 disputavit.
749 3663 768 3696 ‹
831 3645 1133 3714 Percutiet,
1182 3649 1384 3720 inquit,
1437 3651 1695 3708 Dominus
1743 3653 1966 3710 ﬂuvium

383 3731 598 3805 Egypti
626 3735 678 3789 in
706 3745 910 3806 septem
936 3737 1084 3803 rivis,
1102 3739 1174 3794 ita
1194 3752 1256 3795 ut
1277 3751 1554 3796 transeant
1577 3758 1673 3812 per
1705 3758 1828 3798 eum
1857 3744 1967 3800 eal-

383 3825 524 3880 ceati
575 3825 712 3896 (Isa.
753 3829 851 3898 x1).
889 3847 906 3879 ι
947 3827 1076 3884 Volo
1114 3829 1181 3886 de
1209 3831 1371 3887 ﬂuvio
1398 3842 1452 3886 et
1479 3833 1647 3890 ruinis
1675 3833 1794 3905 ejus
1833 3851 1966 3906 pau-

383 3913 552 3984 lisper
601 3916 933 3974 confabulari
1010 3919 1332 3988 vobiscum,
1386 3927 1654 3994 quomodo
1708 3936 1762 3980 et
1833 3944 1964 3998 qua-

382 4003 507 4062 liter
553 4007 950 4075 percutiautur,
1000 4017 1056 4064 et
1108 4010 1238 4080 quid
1282 4013 1354 4068 sit
1404 4015 1636 4069 transire
1695 4031 1794 4085 per
1839 4032 1963 4072 eum

383 4093 671 4151 calceatos.

451 4186 557 4242 Per
581 4186 872 4260 Egyptum
906 4190 1204 4262 figuranter
1229 4195 1459 4265 exprimi
1487 4197 1745 4251 mundum
1774 4197 1958 4265 istum,

381 4277 684 4335 divinorum
738 4280 1073 4353 eloquiorum
1114 4295 1462 4344 scrutatores
1521 4287 1821 4355 aﬂirmant,
1867 4293 1958 4362 qui

378 4372 588 4442 positus
631 4383 716 4430 est
760 4375 812 4430 in
857 4377 1113 4448 maligno,
1162 4379 1252 4450 qui
1301 4379 1540 4436 tenebris
1589 4391 1643 4436 et
1685 4383 1958 4440 confusio-

2076 3194 2365 3253 refectorio
2428 3201 2781 3269 parcitatem,
2826 3203 2880 3258 in
2929 3205 3170 3262 claustro
3217 3209 3539 3280 lectionem,
3601 3215 3658 3271 in

2072 3287 2298 3344 oﬂiciuis
2364 3291 2562 3347 silentii
2609 3295 2864 3352 virtutem
2910 3299 3125 3354 virtutis
3176 3301 3424 3376 inimicus
3463 3308 3663 3362 exstir-

2069 3388 2180 3448 pat.
2237 3377 2346 3434 Nec
2401 3381 2600 3439 sufﬁcit
2649 3400 2705 3439 ιιι
2754 3386 3028 3456 vigilando
3083 3391 3375 3449 subtilibus
3435 3396 3660 3466 spiculis

2071 3468 2252 3522 cordis
2316 3471 2597 3527 terebrare
2651 3475 2901 3542 muralia,
2944 3479 3038 3533 sed
3093 3480 3412 3538 dormiendo
3465 3486 3654 3556 singu-

2069 3558 2167 3614 lari
2222 3576 2282 3616 se
2335 3572 2516 3617 versat
2547 3603 2562 3627 ,
2611 3573 2668 3619 et
2719 3577 2964 3622 reversat
2997 3571 3239 3638 astutia;
3280 3589 3401 3644 quae
3462 3577 3657 3634 melius

2067 3661 2260 3707 vestra:
2300 3654 2646 3711 conscientiae
2675 3672 2834 3726 quam
2857 3660 2983 3730 styli
3030 3649 3268 3718 scientiae
3306 3665 3652 3737 derelinquo.

2139 3744 2246 3800 Sed
2306 3755 2362 3801 et
2416 3747 2485 3802 ad
2533 3748 2707 3806 altare
2761 3751 2973 3807 Domini
3033 3755 3295 3811 virtutum
3351 3770 3656 3829 sequuntur

2066 3852 2162 3892 vos
2190 3837 2414 3906 spiritus
2443 3838 2553 3905 isti,
2596 3841 2648 3895 in
2680 3841 2824 3912 ipsos
2855 3847 3053 3902 mentis
3100 3849 3287 3904 oculos
3312 3851 3652 3920 involantes,

2065 3935 2122 3981 et
2167 3927 2255 3981 vix
2299 3928 2499 3999 aliqua,
2541 3930 2625 3985 vel
2664 3935 2940 3990 nascentis
2980 3935 3075 3992 Dei
3125 3939 3208 3993 vel
3255 3943 3541 4010 pendentis
3597 3945 3653 4001 in

2065 4031 2249 4083 cruce,
2290 4030 2516 4089 possunt
2547 4024 2809 4078 memoria
2837 4025 3133 4082 deturbari.
3167 4028 3390 4105 Magnus
3421 4032 3511 4088 ille
3555 4049 3652 4104 pa-

2065 4108 2304 4164 triarcha
2333 4111 2419 4165 vix
2449 4111 2696 4170 volucres
2715 4115 3023 4186 huiusmodi
3057 4134 3087 4173 a
3110 4120 3222 4175 suis
3251 4122 3534 4180 sacrificiis
3556 4127 3652 4181 ah-

2063 4204 2262 4274 igebat.
2293 4205 2402 4262 Nos
2430 4207 2560 4278 quid
2592 4224 2802 4276 sumus,
2849 4211 2942 4281 qui
2994 4210 3184 4281 fugare
3227 4217 3652 4284 praesumimus?

2061 4293 2192 4362 Quis
2239 4296 2293 4350 in
2338 4297 2440 4352 hoc
2487 4298 2621 4364 rivo,
2657 4299 2739 4356 vel
2788 4317 3047 4370 mersum,
3083 4303 3168 4357 vel
3206 4306 3549 4363 submersum
3588 4325 3650 4365 se

2060 4400 2180 4442 esse
2209 4387 2525 4458 negaverit?
2551 4389 2762 4445 Videris
2803 4407 2964 4462 quam
3012 4393 3260 4448 turbidus
3306 4407 3537 4462 torrens,
3594 4409 3652 4454 et

378 4466 538 4522 nibus
566 4477 649 4522 est
674 4469 930 4538 repletus.
976 4470 1207 4528 Flumen
1248 4470 1425 4528 ﬂuxus
1471 4473 1690 4528 humani
1742 4468 2251 4545 gerterileimosa
2304 4477 2645 4546 regurgitans
2693 4481 3033 4545 cmuositate,
3079 4482 3170 4551 qui
3219 4483 3332 4548 vix,
3391 4495 3484 4539 aut
3509 4503 3646 4541 nun-

377 4565 482 4624 est,
539 4559 632 4630 qui
683 4561 749 4616 de
793 4561 984 4630 primis
1032 4564 1345 4632 parentibus
1398 4564 1598 4620 infelici
1650 4581 1783 4620 vena
1832 4583 1957 4637 pro-

378 4663 655 4720 rumpens,
710 4651 1070 4721 impetuosum
1103 4663 1401 4710 torrentem
1449 4670 1545 4725 per
1577 4664 1743 4710 totam
1773 4658 1957 4712 inundi

377 4738 716 4795 latitudinem
768 4742 1119 4815 instagnavit,
1169 4745 1260 4816 qui
1308 4745 1360 4798 in
1390 4754 1594 4814 septem
1627 4748 1959 4803 torrentibus

377 4828 675 4899 derivatos,
705 4832 872 4889 valles
912 4842 968 4888 et
1017 4834 1338 4904 campestria
1391 4834 1654 4905 profunda
1704 4836 1960 4906 voragine

377 4921 720 4991 supersedit,
770 4924 904 4993 ipsis
964 4939 1180 4995 quoque
1240 4927 1506 4980 montium
1580 4926 1956 4984 cacuminibus

375 5013 624 5067 eamdem
677 5013 1007 5070 refusionem
1037 5015 1334 5082 intentans,
1389 5017 1532 5072 unde
1578 5033 1718 5073 unus
1764 5018 1832 5074 de
1879 5017 1958 5073 al-

376 5103 606 5160 tioribus
653 5105 893 5161 elamat:
937 5125 956 5158 ι
987 5106 1284 5162 Torrentes
1331 5107 1633 5179 iniquitatis
1661 5110 1957 5165 conturba-

374 5205 571 5252 verunt
626 5212 712 5253 me
743 5197 916 5269 (Psal.
946 5199 1113 5267 XVII);
1149 5218 1166 5252 ι
1218 5209 1274 5254 et
1306 5219 1317 5254 :
1374 5218 1391 5250 ι
1424 5200 1779 5256 Intraverunt
1801 5218 1957 5274 aqua:

373 5298 547 5354 usque
575 5286 643 5340 ad
678 5286 915 5342 animam
968 5303 1143 5344 meam
1170 5287 1340 5358 (Psal.
1378 5288 1584 5360 vain).
1613 5309 1630 5342 ι

443 5376 660 5433 Primus
695 5378 852 5447 hujus
899 5378 1139 5435 ﬂuminis
1181 5380 1349 5446 rivus,
1393 5390 1476 5436 est
1512 5381 1766 5452 cogitatio
1791 5381 1956 5450 mala,

371 5467 524 5523 rivus
569 5471 874 5538 exundans,
923 5479 978 5528 et
1019 5472 1113 5542 qui
1160 5472 1322 5528 nullis
1347 5472 1594 5529 obicibus
1643 5473 1953 5544 repellatur.

371 5557 547 5615 Habet
594 5559 952 5630 frequentiam
991 5562 1317 5633 pluviarum,
1362 5563 1630 5620 fenestras
1670 5579 1959 5635 corporeo—

374 5670 494 5710 rum
527 5669 808 5724 sensuum,
839 5656 932 5728 qui
963 5656 1015 5712 ei
1042 5655 1111 5712 de
1153 5657 1444 5713 mundanis
1475 5658 1765 5714 cataractis
1813 5673 1957 5715 mor-

806 5771 1078 5853 Ριτιιοι..
1145 5768 1409 5830 CXLIV.

2059 4581 2220 4635 quam
2261 4565 2329 4620 ad
2358 4567 2700 4621 hocdueitur
2735 4576 2793 4620 ut
2834 4570 3047 4637 penitus
3114 4571 3442 4628 exsiccetur.
3526 4575 3643 4631 Non

2061 4665 2189 4726 puto
2235 4657 2377 4724 quod
2406 4655 2514 4721 ille,
2539 4657 2631 4725 qui
2663 4656 2859 4711 clausit
2881 4658 3076 4713 coelum
3099 4663 3344 4716 oratione
3373 4663 3487 4730 (Ill
3515 4663 3641 4736 Reg.

2061 4749 2216 4818 xvu),
2247 4747 2502 4802 clauserit
2547 4749 2784 4803 auimmn
2816 4765 2846 4804 a
2874 4752 3222 4819 cogitatione,
3257 4763 3313 4815 ut
3342 4753 3554 4812 facilius
3574 4758 3648 4813 sit

2061 4840 2257 4895 celum
2293 4840 2548 4895 obscrare
2576 4856 2737 4910 quam
2767 4841 3027 4898 animum.

2134 4933 2414 4990 Secundus
2458 4934 2608 4991 rivus
2672 4944 2758 4992 est
2805 4935 3004 4992 locutio
3051 4953 3326 5008 perversa.
3377 4939 3643 5016 Linguam

1991 5093 1995 5098 ἢ
2059 5013 2242 5086 nullus
2299 5029 2581 5086 hominum
2649 5031 2871 5088 domare
2916 5041 3126 5103 potest,
3175 5033 3250 5088 ait
3305 5013 3583 5109 apostolus
3627 5056 3642 5094 :

2059 5120 2366 5175 membrum
2401 5119 2724 5189 inquietum,
2780 5123 3084 5178 membrum
3116 5125 3476 5193 mortiferum,
3507 5129 3644 5183 faci-

2059 5217 2128 5274 lis
2157 5217 2225 5273 ad
2251 5215 2603 5288 loquendum,
2633 5218 2700 5272 ad
2746 5217 3149 5286 obsequendum
3196 5219 3488 5288 proclivior
3523 5220 3644 5294 (la-

2061 5309 2175 5364 cob.
2209 5309 2314 5380 ιιι).
2339 5307 2406 5364 Ει
2430 5307 2728 5363 notandum
2752 5309 2895 5379 quod
2927 5308 3168 5363 nascitur
3192 5309 3326 5364 alter
3344 5326 3409 5365 ex
3444 5311 3640 5378 altero,

2062 5417 2186 5459 cum
2239 5400 2394 5456 mala:
2449 5399 2762 5471 cogitationi
2802 5415 2985 5470 pravae
3037 5401 3324 5457 locutionis
3357 5402 3522 5473 janua
3573 5406 3646 5460 sit

2061 5503 2270 5566 aperta.
2309 5493 2378 5549 Et
2413 5501 2496 5548 est
2526 5491 2770 5559 verbum,
2800 5491 2945 5548 aliud
2975 5491 3188 5558 falsum,
3227 5494 3367 5549 unde
3393 5495 3592 5552 dicitur
3625 5515 3640 5553 :

2067 5606 2086 5641 ι
2123 5584 2326 5642 Perdes
2377 5598 2568 5640 omnes
2639 5583 2731 5654 qui
2772 5583 3066 5654 loquuntur
3095 5585 3432 5641 mendacium
3466 5586 3640 5655 (ΡεαΙ.

2061 5680 2149 5750 v);
2188 5699 2208 5732 ι
2262 5677 2403 5734 aliud
2435 5692 2678 5760 vanum,“
2712 5677 2778 5734 de
2824 5694 2930 5750 quo
2974 5677 3358 5828 scriptumgst
3394 5694 3411 5735 :
3457 5675 3643 5733 «Vana
