4064 6208
415 310 524 369 853

1043 301 1101 356 S.
1130 296 1333 354 PETRI
1367 292 1649 351 DAMIANI
1674 291 1824 352 OPP.
1862 289 1998 346 PAR

2098 284 2213 345 SEU
2258 285 2493 343 TOMUS
2527 284 2590 339 ll'.
2624 314 2691 325 -—
2728 281 3117 339 SEllMONES.

3583 287 3694 342 διδ

422 419 589 481 loculi
628 422 756 473 sunt
780 410 1152 483 unusquisque
1184 409 1254 465 ad
1283 409 1590 479 proximum
1618 421 1776 463 suum
1824 402 2002 476 (Psal.
2033 413 2081 469 Α
2107 401 2300 467 caelos,
2331 401 2378 456 si
2415 414 2523 455 non
2547 396 2829 454 descendit
2862 398 2931 453 ad
2964 412 3082 461 vos,
3111 405 3166 451 et
3213 394 3429 466 proiicit
3482 398 3538 454 in
3567 416 3701 472 pro-

414 511 535 584 xt);
566 527 588 563 ι
625 505 769 564 aliud
795 503 1141 567 maledicum,
1187 501 1255 557 de
1293 514 1402 572 quo
1445 498 1734 571 Apostolus
1759 497 1952 554 scribit
1982 513 1996 551 :

416 623 436 657 ι
474 601 659 673 Neque
678 594 924 655 maledici
969 607 1194 663 regnum
1241 591 1336 648 Dei
1389 592 1740 663 possidebunt
1783 591 1835 665 (ι
1875 590 1999 646 Cor.

414 690 532 762 v1);
572 708 591 739 ι
642 686 787 742 aliud
841 680 1195 760 impudicum,
1242 683 1309 738 de
1353 693 1462 752 Quo
1485 682 1627 738 idem
1684 698 1768 747 εκ(
1801 678 1999 753 Turpis

412 798 594 839 sermo
615 783 681 836 de
699 792 796 835 ore
819 786 1002 834 vestro
1018 791 1122 831 non
1149 774 1404 847 procedat
1429 773 1646 846 (Epltes.
1675 772 1749 843 tv)
1766 789 1783 839 ;
1803 791 1822 826 ι
1852 771 1999 826 aliud

410 868 840 937 excusatorium,
867 868 1010 925 unde
1049 866 1338 945 Psalmista
1371 881 1387 920 :
1432 883 1451 916 ι
1478 863 1596 919 Non
1634 862 1874 920 declines
1902 877 2000 917 cor

410 982 590 1024 meum
630 966 686 1022 in
716 964 900 1020 'verba
936 957 1176 1026 malitiae,
1219 959 1287 1014 ad
1321 955 1663 1014 excusandas
1691 955 2001 1011 excusatio-

409 1074 509 1115 nes
554 1058 611 1112 in
657 1054 897 1127 peccatis
943 1044 1115 1124 (Psal.
1151 1048 1319 1117 exn):
1362 1068 1380 1102 ι
1423 1047 1571 1102 aliud
1617 1046 1898 1110 dolosum,
1934 1046 2002 1101 de

410 1167 520 1223 quo
559 1148 873 1220 Propheta:
910 1165 927 1197 ι
957 1144 1242 1215 Disperdat
1278 1142 1539 1197 Dominus
1563 1138 1816 1195 universa
1857 1139 1999 1194 labia

409 1241 599 1296 dolosa
648 1236 822 1311 (Paul.
873 1238 987 1307 xt);
1025 1253 1043 1287 ο
1107 1232 1253 1289 aliud
1292 1233 1550 1298 otiosum,
1596 1231 1664 1287 de
1704 1242 1814 1300 quo
1856 1227 1997 1283 idem

411 1334 672 1389 Dominus
712 1349 728 1386 :
774 1348 794 1383 ι
833 1331 910 1387 De
961 1328 1109 1384 omni
1161 1328 1329 1383 verbo
1407 1328 1585 1382 otioso
1642 1326 1789 1397 quod
1831 1323 2000 1380 locuti

409 1421 616 1477 fuerint
641 1420 911 1486 homines,
943 1418 1173 1473 reddent
1216 1416 1482 1471 rationem
1506 1417 1572 1471 de
1601 1430 1669 1470 eo
1711 1415 1764 1469 in
1793 1413 1879 1469 die
1914 1410 1997 1485 ju-

407 1513 535 1567 dicii
569 1510 790 1583 (Matth.
833 1507 974 1576 xu):
1011 1526 1031 1559 ι
1090 1513 1145 1562 et
1195 1505 1242 1561 si
1291 1520 1411 1576 qua:
1459 1504 1566 1560 alia
1620 1514 1747 1560 sunt
1795 1518 1997 1575 genera

409 1601 578 1673 pestis
634 1600 815 1671 hujus,
865 1611 988 1668 qua:
1024 1611 1125 1652 nos
1173 1595 1323 1651 brevi
1372 1593 1515 1649 saltu
1569 1592 1843 1649 transilire
1888 1607 1995 1647 non

409 1707 715 1764 possumus.

2107 497 2335 552 fundum
2367 493 2536 549 maris
2565 491 2748 547 omnia
2778 498 2998 560 peccata
3020 498 3222 545 vestra.
3255 490 3387 557 Quis
3418 493 3567 547 enim
3608 506 3700 552 est

2104 590 2196 660 qui
2228 587 2389 658 hujus
2415 585 2562 643 tertii
2598 583 2758 640 rivuli
2794 598 2903 638 non
2952 582 3025 638 sit
3076 596 3289 638 mersus
3318 592 3375 638 et
3418 599 3701 646 rememus

2078 728 2090 739 .
2105 679 2364 736 instantia
2379 678 2402 732 ’ἒ

2175 772 2415 839 Quartus
2440 769 2588 825 rivus
2611 774 2697 823 est
2715 764 2958 822 defensio
2980 772 3348 836 peceatornm.
3380 765 3436 822 in
3462 768 3697 826 veritate

2105 864 2227 920 dico
2258 862 2412 918 vobis
2448 860 2576 933 quia
2604 858 2736 915 nihil
2770 858 2852 914 sic
2876 866 3167 928 exasperat
3209 858 3346 913 iram
3394 859 3699 917 divinitatis

2104 970 2268 1027 quam
2313 953 2612 1025 iniquitatis
2655 949 2918 1006 defensio.
2962 947 3144 1018 Equo
3193 950 3339 1004 enim
3395 952 3698 1009 certamine

2104 1060 2206 1100 nos
2230 1044 2572 1099 deccrtamns
2597 1055 2720 1095 cum
2752 1038 3003 1102 Domino,
3033 1053 3157 1093 cum
3183 1038 3523 1097 defendimus
3546 1043 3695 1112 quod

2102 1135 2237 1200 odit,
2281 1144 2405 1190 cum
2436 1132 2594 1188 nobis
2646 1130 2826 1200 placet
2872 1128 3017 1198 quod
3063 1128 3309 1198 displicet
3342 1129 3439 1183 illi.
3500 1131 3692 1204 Magna

2103 1225 2302 1295 quippe
2346 1220 2651 1278 dili‘erentia
2686 1228 2771 1275 est
2804 1218 2949 1274 inter
2987 1219 3281 1288 superbum
3334 1229 3392 1275 et
3433 1221 3691 1279 humilem

2103 1321 2469 1386 peccatorem,
2512 1326 2634 1368 cum
2666 1309 2815 1364 illum
2860 1309 3145 1378 despiciat,
3202 1310 3346 1365 hunc
3395 1312 3692 1381 respiciat:

2103 1407 2230 1478 quia
2261 1425 2281 1459 ι
2321 1402 2551 1461 humilia
2598 1401 2840 1473 respicit,
2889 1410 2945 1456 et
2983 1400 3089 1455 alta
3150 1417 3178 1454 a
3221 1402 3378 1471 longe
3414 1406 3696 1475 cognoscit

2104 1496 2569 1568 (Psal.t:xxxvu).
2603 1511 2623 1547 ι
2669 1492 2896 1560 Quando
2938 1492 3118 1548 sanari
3164 1500 3367 1562 poterit
3406 1495 3497 1561 qni
3523 1499 3695 1551 medi-

2104 1604 2227 1644 cum
2254 1586 2484 1658 spernit,
2513 1584 2836 1642 medicinam
2861 1583 3148 1639 conculcat
3180 1594 3237 1639 et
3264 1583 3534 1640 intirmam
3563 1594 3693 1643 sub-

2103 1679 2358 1734 stantiam
2373 1676 2774 1733 eontrariornm
2794 1675 3103 1746 receptione
3128 1675 3533 1730 succendit?'l‘u
3551 1678 3689 1733 dicis

484 1781 724 1845 Tertius,
757 1787 846 1837 est
886 1777 1032 1834 actio
1081 1790 1272 1847 prava.
1328 1773 1457 1830 Post
1504 1772 1908 1846 cogitationem,
1948 1780 2004 1828 et
2032 1765 2077 1824 Β
2106 1768 2306 1824 malum
2334 1767 2556 1831 bonum,
2585 1780 2836 1821 amarum
2876 1760 3053 1831 dulce,
3088 1767 3343 1822 tenebras
3386 1767 3581 1834 lucem,
3635 1780 3687 1825 et

408 1873 737 1931 locutionem
776 1871 995 1926 venitur
1040 1870 1108 1924 ad
1163 1882 1351 1938 opera,
1406 1865 1627 1937 quando
1677 1862 2000 1921 exhibemus

408 1964 652 2019 membra
680 1970 868 2017 nostra
894 1973 1047 2015 arma
1072 1956 1375 2028 iniquitatis
1405 1964 1648 2025 peccato,
1700 1964 1758 2009 et
1807 1961 2000 2009 contu—

406 2054 583 2111 meliis
611 2050 875 2108 allicimus
898 2062 1128 2120 corpora
1169 2034 1377 2103 nostra.
1402 2044 1542 2113 Quid
1589 2044 1737 2100 enim
1786 2043 2000 2115 turpius

406 2158 569 2216 quam
602 2141 846 2197 membra
879 2137 1084 2194 Christi
1110 2136 1373 2206 sanguine
1417 2138 1739 2190 consecrata
1782 2141 1840 2188 et
1864 2148 1997 2187 cou-

406 2233 619 2307 sepulta
645 2233 696 2290 ei
725 2229 782 2288 in
810 2230 1136 2301 baptismate
1162 2225 1467 2282 libidinosis
1497 2224 1787 2282 ardoribus
1814 2238 1998 2279 macu-

408 2329 557 2409 lare,‘
578 2342 679 2384 nec
713 2325 997 2381 attendere
1045 2323 1408 2378 reverentiam
1438 2316 1721 2390 prazsentis
1749 2314 1868 2383 Dei,
1900 2316 2000 2371 mi-

407 2419 592 2476 nantis
654 2422 898 2492 ptnuam',
947 2413 1177 2487 gloriam
1252 2408 1670 2484 promittentis?
1726 2409 1885 2466 Absit
1939 2418 2000 2464 ut

408 2509 607 2581 aliquis
662 2517 904 2564 vestrum
939 2506 1069 2561 huic
1099 2504 1246 2560 idolo
1287 2505 1691 2566 substernatur,
1740 2511 1800 2556 nt
1830 2499 1998 2555 lilium

412 2598 651 2673 Virginis
691 2599 746 2654 in
776 2594 1006 2653 Veneris
1042 2594 1241 2665 templo
1278 2591 1561 2663 suscipiat,
1591 2600 1651 2647 ut
1692 2605 1875 2646 arcam
1905 2589 1998 2645 Dei

403 2695 563 2765 juxta
584 2693 769 2763 Dagon
796 2689 1047 2756 collucet,
1077 2701 1148 2744 ne
1173 2687 1412 2743 nutritus
1439 2685 1495 2742 in
1520 2685 1728 2743 croceis
1756 2692 1999 2740 stercora

405 2785 568 2859 321
606 2781 1012 2853 wmplec‘amr-
1062 2778 1203 2847 Quid
1251 2779 1414 2835 Petro
1457 2793 1580 2834 cum
1643 2777 1832 2849 mago?
1860 2774 2000 2844 Quid

412 2873 634 2930 Christo
664 2886 788 2926 cum
834 2869 1212 2926 Antichristo?
1248 2868 1388 2937 Quid
1421 2868 1619 2941 virgini
1662 2878 1717 2924 et
1752 2866 2000 2924 libidini?

409 2967 552 3039 Quid
593 2964 817 3040 puritati
891 2974 950 3021 et
1013 2962 1358 3036 impuritati?
1402 2961 1561 3018 Absit
1607 2971 1666 3016 ut
1710 2961 1999 3032 quisquam

409 3070 651 3118 vestrum
707 3056 952 3114 ambulet
996 3056 1051 3112 in
1105 3056 1357 3126 passione
1402 3052 1704 3118 desiderii,
1754 3052 1894 3107 sicut
1942 3061 2001 3109 et

2099 1858 2152 1914 in
2183 1856 2499 1914 Creatorem
2528 1854 2773 1911 refundis
2800 1853 3050 1924 injurias,
3094 1864 3156 1910 ut
3200 1857 3346 1927 quod
3393 1857 3693 1916 laudaverit

2098 1961 2156 2006 to
2177 1952 2475 2021 vituperes,
2514 1949 2658 2020 quod
2689 1948 3076 2018 vituperaverit
3101 1957 3154 2003 tu
3195 1949 3403 2005 laudes.
3447 1950 3563 2006 Non
3605 1962 3692 2010 est

2098 2043 2201 2098 hoc
2236 2042 2510 2113 palpativa
2539 2039 2972 2096 dissimulatione
3022 2039 3336 2107 tacendum,
3384 2057 3508 2097 cum
3536 2044 3689 2099 vide-

2096 2133 2201 2189 rim
2250 2133 2512 2204 quosdam
2547 2139 2789 2187 vestrum
2835 2129 2999 2186 tantis
3045 2130 3397 2202 impatientia:
3451 2134 3684 2192 stimulis

2097 2224 2291 2293 agitari
2319 2232 2379 2277 ut
2405 2223 2473 2278 ad
2504 2222 2708 2292 primas
2748 2219 3109 2290 correptionis
3158 2235 3320 2278 voces
3370 2234 3477 2279 non
3515 2222 3689 2281 solum

2097 2315 2526 2379 excusationem,
2570 2313 2666 2369 sed
2719 2312 3091 2369 defensionem
3140 2312 3455 2381 exhibeant,
3500 2324 3558 2371 et
3582 2317 3689 2372 nisi

2098 2402 2465 2474 disciplinaris
2485 2402 2638 2474 vigor
2656 2400 2980 2467 obviaverit,
3012 2402 3081 2458 ad
3108 2401 3369 2459 tumultus
3411 2411 3467 2459 et
3508 2403 3689 2476 iurgia

2098 2492 2397 2563 prosilitnr.
2439 2491 2565 2548 Haec
2599 2500 2685 2548 est
2723 2491 2972 2563 impietas
3008 2491 3246 2547 maxima
3271 2493 3325 2548 in
3353 2492 3521 2548 Deum
3560 2494 3691 2565 (Job

2102 2592 2274 2642 ‘xxxtv
2298 2582 2553 2638 delictum
2578 2581 2897 2647 maximum,
2922 2595 3042 2651 quae
3056 2582 3143 2636 vir
3161 2580 3386 2653 simplex
3401 2591 3456 2638 et
3484 2593 3690 2650 rectus,

2099 2682 2155 2728 et
2203 2688 2335 2743 puer
2380 2672 2593 2728 Domini
2621 2686 2833 2728 summa
2859 2672 3341 2742 circumspectione
3359 2672 3584 2732 devitat.

2172 2763 2642 2838 Elegantissimam
2672 2777 2835 2833 super
2866 2763 2950 2818 his
2975 2762 3437 2833 comparationem
3480 2763 3691 2821 inducit

2099 2860 2386 2931 propheta.
2408 2872 2571 2929 quam
2595 2858 2664 2913 de
2693 2856 2938 2912 sacrario
2969 2856 3140 2912 sancti
3171 2855 3409 2928 Spiritus
3441 2867 3692 2928 asporta-

2100 2951 2219 3007 vit:
2270 2969 2289 3005 ι
2341 2951 2459 3014 lbi,
2510 2940 2724 3021 inquit,
2780 2947 2972 3004 habuit
3012 2945 3227 3005 foveam
3294 2948 3500 3004 ericius
3546 2947 3686 3020 (Iac.

2106 3041 2317 3114 xuiv).
2338 3061 2356 3094 ι
2390 3041 2553 3113 322
2576 3040 2791 3097 Ericius
2833 3040 2877 3095 si
2906 3039 3235 3111 apprehendi
3258 3053 3320 3095 se
3351 3041 3573 3104 sentiat,
3602 3042 3690 3096 vel

406 3160 621 3226 gentes,
654 3164 777 3221 quae
817 3149 1070 3221 ignorant
1116 3145 1307 3212 Deum,
1343 3145 1436 3216 qui
1462 3159 1660 3216 corpus
1680 3142 1880 3199 Christi
1908 3150 2002 3197 aut
2023 3130 2072 3195 C
2104 3135 2364 3207 contingi,
2394 3136 2469 3190 ita
2506 3132 2905 3189 confertissima
2946 3132 3266 3203 spinositate
3294 3133 3555 3189 densatus
3599 3143 3692 3189 est

410 3238 770 3305 consecratis,
800 3246 897 3294 aut
925 3233 1130 3293 Christi
1174 3235 1389 3307 corpori
1439 3231 1789 3298 ministratis,
1838 3229 1997 3286 eiecti

409 3330 617 3391 servire
641 3329 977 3403 imperatori,
1006 3336 1066 3384 ut
1090 3343 1214 3385 cum
1236 3325 1565 3397 imperatore
1593 3323 1848 3399 sedentis,
1873 3336 1996 3377 cum

408 3423 615 3481 sederit
640 3423 692 3478 in
722 3419 851 3478 sede
880 3417 1187 3490 maiestatis
1214 3430 1348 3473 suae.
1385 3415 1503 3485 Qua
1553 3413 1754 3480 fronte,
1803 3415 1999 3485 quibus

406 3519 583 3576 oculis
636 3518 847 3582 videret
892 3530 1014 3580 nos,
1063 3512 1274 3567 viveret
1319 3508 1644 3570 nobiscum,
1691 3503 1782 3574 qni
1833 3503 1999 3557 tantis

408 3611 554 3666 inter
605 3623 707 3664 nos
744 3603 1193 3667 obscmnitatibus
1221 3593 1562 3654 deserviret?
1608 3590 1727 3658 Qua
1792 3602 1995 3654 mente,

408 3719 516 3775 qua
559 3696 896 3758 conscientia
949 3695 1240 3751 accederet
1293 3691 1361 3746 ad
1411 3686 1613 3743 Sancta
1661 3692 1994 3749 sanctorum,

408 3793 699 3849 immolare
749 3790 1011 3847 Sanctum
1071 3794 1424 3845 sanctorum,
1475 3775 1629 3850 cujus
1677 3776 1820 3831 fama
1869 3790 1998 3831 con-

410 3880 758 3956 temptibilis,
810 3878 929 3938 vita
981 3874 1270 3942 notabilis,
1316 3886 1499 3930 sermo
1558 3863 1999 3941 reprehensibilis

411 3977 702 4031 haberetur
721 3970 745 4028 ?

369 4049 373 4053 ’
481 4065 589 4123 Sed
611 4067 658 4122 si
703 4064 861 4129 forte,
885 4057 1187 4118 humanum
1218 4056 1412 4127 loquor
1439 4058 1659 4124 propter
1701 4046 1992 4104 inﬁrmita-

411 4168 518 4214 tem
562 4156 746 4214 carnis
790 4164 1010 4218 nostra,
1047 4150 1244 4220 aliquis
1276 4154 1523 4202 nostrqu
1572 4142 1677 4197 tale
1707 4140 1909 4210 aliquid
1942 4140 1995 4194 in

408 4242 661 4301 cubiculo
697 4237 1041 4298 conscientiae
1089 4234 1451 4305 complicavit,
1483 4229 1717 4302 duplicet
1749 4228 1875 4283 illud
1901 4243 1999 4300 per

407 4332 803 4394 confessionem
840 4340 896 4387 et
928 4328 1328 4402 pmuiteutiam,
1356 4333 1414 4380 et
1438 4335 1540 4394 ego
1565 4322 1616 4378 ei
1664 4320 1732 4376 de
1778 4319 1995 4374 miseri-

407 4420 598 4484 cordia
623 4420 895 4481 nascentis
917 4418 1069 4492 pueri
1098 4413 1417 4489 repromitto
1439 4412 1589 4484 quia,
1625 4409 1675 4467 si
1713 4408 1994 4466 confessus

407 4516 573 4573 fuerit
598 4525 656 4573 et
695 4479 1032 4587 pteuituerit,
1072 4479 1325 4565 nascetur
1347 4503 1407 4563 in
1548 4503 1644 4565 lux
1699 4499 1906 4568 mundi,
1935 4510 1995 4555 ut
2021 4479 2071 4540 Ῑ)

408 4605 630 4665 dimotis
668 4603 952 4662 fallacibus
996 4600 1235 4658 tenebris
1281 4596 1624 4671 Splendorem
1673 4609 1815 4649 vera:
1852 4590 1995 4648 lucis

406 4698 659 4770 accipiat.
697 4695 979 4765 Quomodo
1012 4691 1159 4749 enim
1205 4688 1422 4747 miseris
1472 4685 1844 4744 misericordia
1893 4685 1995 4741 hac

408 4799 569 4847 nocte
599 4788 906 4861 negabitur,
931 4784 991 4842 in
1025 4800 1130 4857 qua
1161 4779 1589 4839 misericorditer
1623 4775 1868 4832 nascitur
1893 4774 1996 4830 mi-

405 4880 646 4937 sericors
661 4887 717 4936 et
745 4878 1032 4933 miseratur
1060 4869 1350 4928 Dominus?
1374 4868 1541 4924 Adest
1563 4865 1709 4920 Deus
1732 4874 1787 4920 et
1802 4864 1988 4931 homo,

409 4978 585 5024 mater
607 4976 665 5023 et
690 4967 863 5038 virgo,
893 4979 1023 5021 caro
1063 4969 1119 5016 et
1155 4958 1409 5021 Verbum,
1441 4956 1530 5010 lux
1566 4964 1623 5010 et
1654 4953 1991 5017 illuminans,

364 5127 368 5131 ,
406 5063 584 5119 bonus
608 5070 666 5117 et
710 5059 946 5122 bonitas,
1001 5049 1372 5110 misericordia
1406 5056 1463 5103 et
1493 5046 1715 5109 veritas,
1767 5040 1999 5099 fecunda‘

407 5149 716 5225 virginitas,
733 5147 1011 5221 virginalis
1025 5142 1350 5207 fecunditas,
1376 5147 1576 5196 aeterna
1600 5136 1833 5201 novitas,
1853 5148 1993 5190 nova

409 5246 727 5309 aeternitas,
783 5241 965 5298 divina
1020 5235 1395 5302 humanitas,
1433 5233 1666 5288 humana
1719 5228 1993 5291 divinitas,

411 5333 630 5393 humilis
673 5330 1000 5394 sublimitas,
1030 5334 1088 5383 et
1129 5326 1187 5382 in
1216 5324 1303 5380 his
1330 5321 1579 5378 omnibus
1621 5314 1999 5372 misericordia

410 5423 727 5480 fabricatur.
778 5421 1038 5479 Cohibete
1083 5417 1252 5490 igitur
1277 5414 1649 5472 extollentiam
1689 5410 1759 5464 ab
1795 5408 1999 5471 oculis;

411 5516 792 5584 loquacitatem
842 5531 874 5571 a
931 5513 1113 5585 lingua
1140 5551 1157 5578 ,
1207 5506 1583 5565 crudelitatem
1634 5517 1669 5558 a
1720 5498 1990 5565 manibus,

410 5604 742 5677 voluptatem
770 5620 803 5660 a
838 5604 1057 5668 lumbis,
1094 5599 1258 5673 pedes
1281 5600 1349 5654 ab
1380 5597 1576 5652 itinere
1604 5609 1711 5649 non
1741 5592 1892 5655 trito,
1937 5598 1994 5647 et

411 5696 591 5754 venite
622 5705 679 5753 et
707 5694 916 5768 arguite
956 5707 1103 5760 eum,
1151 5692 1199 5749 si
1239 5705 1348 5746 non
1378 5688 1482 5744 hac
1520 5691 1679 5741 nocte
1704 5680 1993 5751 disrumpit

1392 5918 1457 5930 ι..
1510 5921 1575 5929 μ-νν

2102 3237 2160 3282 ιιι
2200 3227 2436 3297 undique
2469 3224 2971 3296 compunctionibus
3022 3234 3079 3280 et
3133 3222 3337 3280 aculeis
3386 3225 3688 3291 vestiatur;

2099 3328 2222 3373 eum
2254 3332 2382 3371 veru
2404 3331 2463 3372 se
2496 3314 2840 3371 solitudinem
2870 3316 3123 3387 adeptum
3165 3324 3336 3386 putat,
3364 3326 3527 3387 caput
3554 3332 3689 3386 ape-

2100 3408 2192 3473 rit,
2216 3407 2392 3461 exerit
2421 3406 2583 3477 pedes
2612 3416 2667 3459 et
2697 3406 3083 3461 vivificatorios
3109 3415 3287 3461 motus
3323 3406 3480 3476 plana
3508 3406 3691 3461 deam-

2097 3498 2374 3554 bulatione
2401 3498 2758 3553 demonstrat.
2806 3496 2864 3550 Si
2896 3495 3020 3567 quis
3062 3496 3460 3566 supervenerit,
3499 3498 3687 3551 statim

2098 3589 2385 3645 celerrima
2416 3587 2705 3643 velocitate
2736 3596 2899 3657 caput
2925 3602 3047 3642 cum
3078 3586 3305 3656 pedibus
3345 3588 3413 3641 ad
3454 3586 3690 3642 interius

2098 3680 2472 3737 absconditum
2497 3686 2826 3749 reportatur,
2856 3687 2917 3733 ut
2939 3678 2986 3733 si
3034 3677 3183 3733 illum
3216 3687 3399 3733 tenere
3426 3678 3686 3743 volueris,

2098 3771 2248 3840 prius
2274 3770 2457 3827 videas
2486 3769 2813 3840 sanguinem
2860 3777 3009 3824 tuum
3055 3784 3219 3839 quam
3258 3784 3457 3838 corpus
3501 3785 3685 3825 suum.

2099 3860 2191 3917 Sic
2218 3872 2274 3916 et
2301 3862 2601 3932 peccatoris
2627 3870 2790 3931 caput
2815 3874 2938 3915 cum
2984 3860 3236 3931 pedibus,
3287 3859 3518 3916 intentio
3558 3852 3685 3917 cum

2097 3954 2332 4019 actione,
2379 3969 2410 4007 a
2458 3960 2739 4023 pastorum
2789 3950 3151 4008 sollicitudine
3198 3961 3597 4023 prospectatur,
3624 3963 3686 4009 et

2098 4044 2240 4114 quod
2269 4045 2382 4100 fere
2409 4042 2655 4099 omnium
2703 4042 3046 4112 peccantium
3076 4042 3266 4097 vitium
3300 4052 3407 4109 est,
3454 4058 3576 4098 cum
3615 4042 3687 4097 ab

2096 4136 2347 4191 omnibus
2373 4133 2642 4200 videatur,
2680 4148 2712 4188 a
2748 4133 2965 4188 nemine
3005 4132 3245 4188 aestimat
3291 4148 3352 4188 se
3382 4131 3574 4187 videri.
3622 4132 3688 4190 Si

2097 4224 2287 4280 vitium
2337 4238 2583 4280 resecare
2629 4223 2882 4289 studeas,
2938 4231 2995 4278 et
3050 4222 3364 4278 intentionis
3407 4222 3687 4293 ingressus

2096 4329 2220 4371 cum
2246 4315 2475 4370 actionis
2572 4314 2902 4386 egressibus,
2934 4314 3251 4370 correctivis
3294 4311 3545 4367 manibus
3595 4313 3684 4368 de-

2095 4407 2452 4476 prehendere,
2483 4405 2666 4460 statim
2692 4403 2973 4459 Ciceronis
3018 4401 3332 4473 eloquentia
3370 4409 3684 4466 renovatur,

2095 4508 2387 4554 excusatur
2431 4504 2487 4552 et
2515 4494 2822 4550 defenditur
2850 4492 2996 4563 quod
3024 4490 3274 4564 opponis,
3319 4492 3598 4546 accusaris
3625 4499 3688 4545 et

2093 4588 2384 4644 offenderis
2406 4587 2499 4657 qui
2519 4585 2795 4656 proponis.
2824 4584 3129 4654 lnterrogat
3162 4581 3395 4648 deloco,
3442 4583 3510 4637 de
3549 4591 3685 4638 tem-

2095 4691 2247 4751 pore,
2291 4677 2510 4751 quando
2553 4673 2754 4731 factum
2801 4673 2995 4740 fuerit,
3042 4685 3099 4730 et
3149 4688 3323 4747 novus
3366 4672 3686 4730 dialecticus

2093 4781 2280 4827 exerta
2342 4769 2522 4841 lingua
2584 4765 2925 4838 prorumpit,
2997 4765 3052 4821 in
3123 4765 3361 4821 medium
3428 4773 3687 4835 parentes

2096 4861 2343 4926 advocat,
2371 4857 2799 4929 patrocinatores
2822 4856 3018 4925 quaerit
3047 4896 3064 4922 ,
3105 4854 3319 4925 gravari
3344 4869 3404 4911 se
3426 4853 3642 4924 iudicat
3659 4894 3683 4922 ,

2095 4948 2300 5006 indicat
2341 4964 2402 5004 se
2453 4961 2796 5002 recessurum
2837 4946 3108 5021 malieque
3167 4946 3304 5000 mori
3349 4961 3514 5016 quam
3567 4943 3685 5016 pati

2096 5038 2270 5104 talia,
2322 5045 2378 5091 et
2434 5050 2554 5106 qua:
2602 5035 2782 5091 vidisti
2828 5048 3070 5105 negans,
3111 5041 3167 5088 et
3220 5047 3343 5104 qua:
3390 5047 3496 5088 non
3546 5032 3686 5089 vidit

2095 5129 2150 5183 in
2193 5137 2246 5183 te
2281 5125 2529 5182 convicia
2556 5133 2895 5195 retorquens.
2929 5122 3020 5178 Sic
3045 5118 3255 5193 spinat’n
3286 5121 3456 5177 sentis
3481 5130 3538 5176 et
3565 5120 3684 5176 cul-

2096 5235 2217 5291 pam
2246 5217 2452 5289 perdis,
2484 5215 2665 5270 odium
2696 5213 2952 5279 incurris,
2995 5228 3096 5268 nec
3131 5211 3380 5282 corrigis,
3423 5219 3480 5265 et
3517 5206 3679 5280 qhem

2095 5319 2266 5365 totum
2295 5316 2480 5362 tenere
2530 5306 2783 5376 putabas,
2822 5312 2996 5360 totum
3045 5303 3269 5358 amittis.
3309 5299 3471 5357 Vides
3514 5316 3679 5371 quam

2095 5398 2376 5469 multiplici
2419 5395 2797 5453 cumulositate
2839 5394 2990 5450 rivus
3032 5395 3136 5451 iste
3175 5394 3322 5450 omni
3371 5391 3580 5448 homini
3624 5399 3678 5446 et

2094 5490 2329 5548 maxime
2347 5497 2538 5544 nostro
2564 5489 2738 5543 ordini
2769 5500 2828 5543 se
2856 5485 3108 5542 infundit.

2164 5579 2396 5648 Quintus
2420 5585 2504 5633 est
2544 5576 2834 5634 exsultatio
2879 5577 2933 5632 in
2960 5576 3217 5648 peccatis.
3262 5572 3309 5632 0
3358 5572 3672 5632 detestanda

2092 5672 2281 5729 iaztitia
2303 5672 2434 5726 etin
2455 5667 2772 5740 sempiterni
2801 5667 3005 5725 doloris
3030 5666 3304 5724 tristitiam
3319 5666 3673 5732 demutauda,
