4064 6208
374 443 482 502 8ιῦ

376 651 713 708 troeinautes
737 658 790 703 et
818 647 1107 704 facinorosi
1133 650 1336 720 quique
1365 665 1487 704 cum
1522 657 1768 704 votorum
1795 648 1965 719 pleni-

374 741 615 796 tudinem
662 748 1047 808 assequuntur,
1087 754 1192 793 non
1234 754 1296 793 se
1337 740 1561 809 Capittttt
1607 755 1717 809 prae
1746 739 1962 810 gaudio,

371 833 450 892 ita
479 834 641 890 etiam
691 841 748 886 ut
803 831 1033 886 audeant
1066 831 1164 900 ipsi
1205 831 1473 885 divinitati
1522 833 1725 902 gratias
1765 832 1961 885 immu-

375 923 512 982 tire?
542 941 561 973 ι
595 921 696 989 Qui
725 936 845 974 cum
873 919 1264 986 malefecerint,
1299 920 1555 974 laetantur
1587 929 1642 974 et
1685 919 1964 974 exsultant

373 1017 428 1072 in
459 1016 623 1072 rebus
658 1013 909 1083 pessimis
943 1010 1128 1083 (Prov.
1165 1011 1248 1081 tt).
1277 1013 1490 1068 Cadent
1514 1028 1679 1082 super
1719 1028 1814 1067 eos
1838 1028 1961 1066 car-

371 1108 568 1169 bones,
589 1105 721 1161 etin
753 1105 932 1175 ignem
961 1105 1284 1175 dejicientur
1313 1105 1486 1176 (Paul.
1521 1106 1767 1176 cxxxtx).
1805 1125 1823 1156 ι
1856 1105 1962 1162 Sed

373 1209 431 1256 et
459 1200 607 1254 rivus
635 1199 738 1254 iste
787 1213 948 1268 quam
987 1198 1195 1254 undosa
1227 1199 1522 1256 rcﬂuxione
1560 1201 1789 1257 miseros
1845 1201 1964 1256 ani-

374 1297 586 1345 mantes
605 1286 869 1353 oﬂ’undat,
889 1286 1080 1344 melius
1107 1288 1439 1344 conscientia
1469 1304 1630 1360 quam
1655 1290 1960 1362 eloquentia

373 1381 810 1452 comprehendit.

447 1476 646 1531 Sextus
675 1483 759 1531 est
803 1473 937 1530 alios
967 1473 1162 1530 docere
1205 1474 1271 1530 ad
1301 1475 1522 1530 malum.
1565 1475 1689 1530 [late
1714 1475 1959 1531 doctrina

374 1567 441 1621 de
465 1568 726 1622 cathedra
755 1565 1081 1638 pestilentia:
1110 1566 1408 1631 derivatur,
1456 1583 1618 1637 quam
1660 1567 1962 1622 detestatur

372 1667 431 1712 et
483 1656 740 1728 reprobat
785 1656 876 1726 qui
919 1656 1075 1711 docet
1113 1657 1384 1710 hominem
1432 1657 1716 1712 scientiam
1771 1653 1958 1727 (Ρεαι.

373 1749 552 1819 xcnt).
601 1747 646 1804 0
673 1763 838 1819 quam
879 1747 935 1802 in
981 1763 1122 1804 vano
1151 1747 1350 1818 accipit
1399 1749 1638 1802 animam
1683 1763 1839 1803 suam
1869 1749 1963 1818 qui

372 1836 604 1892 aliorum
631 1835 841 1890 animas
868 1842 1099 1890 venatur
1124 1835 1190 1890 ad
1217 1843 1467 1901 mortem,
1497 1836 1592 1906 qui
1638 1836 1807 1892 trahit
1833 1851 1958 1907 pec-.

373 1937 496 1985 cata
534 1928 686 2008 ~sicut
726 1927 940 1997 longam
991 1936 1212 2006 restem,
1270 1927 1362 1999 qui
1412 1929 1604 1984 miscet
1646 1930 1960 2000 sanguinem
1994 1903 2037 1961 Β

374 2019 644 2092 sanguini.
677 2019 762 2075 cui
824 2036 929 2075 non
966 2018 1161 2076 sullicit
1211 2028 1272 2074 ut
1321 2020 1552 2076 intereat
1605 2022 1658 2076 in
1706 2022 1961 2077 saeculum

375 2111 582 2177 saeculi,
613 2111 714 2166 nisi
744 2120 800 2166 et
848 2111 986 2167 alios
1016 2113 1085 2166 ad
1133 2112 1410 2167 interitum
1457 2112 1738 2182 pertrahat
1765 2112 1966 2181 sempi-

376 2207 621 2260 ternum!
682 2203 845 2260 Scitis
890 2205 1034 2260 enim
1069 2205 1198 2276 quia
1249 2205 1416 2260 multa
1472 2206 1601 2260 vitia
1656 2206 1965 2261 tenerrimis

373 2295 626 2350 aetatibus
650 2295 1058 2365 imprimuntur,
1087 2311 1209 2366 qua:
1234 2305 1421 2365 postea
1451 2296 1502 2350 in
1519 2309 1716 2365 magno
1736 2309 1966 2364 corpore

373 2386 466 2440 vix
513 2385 802 2457 mitigare,
847 2387 1046 2442 nedum
1089 2388 1388 2456 exstirpare
1429 2385 1716 2456 quisquam
1770 2383 1962 2454 possit.

375 2474 624 2533 Infelices
644 2476 912 2547 magistri,
942 2476 1033 2546 qui
1062 2475 1368 2546 hujusmodi
1399 2473 1664 2544 plantaria
1692 2472 1966 2543 plantave-

374 2575 521 2632 runt,
552 2583 675 2640 qua:
713 2567 1101 2639 explantantur
1128 2567 1198 2622 ab
1235 2566 1324 2621 illa
1352 2565 1564 2621 ctelesti
1608 2564 1963 2635 plantatione,

377 2647 541 2730 quam
565 2659 829 2729 plantavit
856 2658 1018 2713 Pater
1047 2657 1136 2713 ille
1166 2655 1434 2712 caelestis!
1469 2654 1600 2722 Quis
1645 2653 1968 2724 gloriabitur

377 2763 440 2806 se
460 2748 619 2818 hujus
647 2749 747 2804 rivi
779 2749 1112 2804 torrentibus
1135 2762 1238 2801 non
1272 2744 1440 2801 fuisse
1469 2743 1763 2800 vallatum?

450 2838 726 2909 Septimus
767 2846 852 2893 est
897 2837 950 2892 in
1006 2837 1092 2891 his
1142 2836 1395 2891 omnibus
1441 2847 1811 2903 perseverare.
1864 2831 1967 2889 Hic

377 2938 634 3000 peccator
688 2929 1006 2984 submersus
1049 2937 1152 2990 est,
1204 2935 1262 2982 et
1309 2925 1617 2994 absorptus,
1670 2932 1724 2979 et
1770 2923 1968 2979 clausit

378 3034 543 3090 super
563 3033 687 3074 eum
712 3027 908 3088 puteus
944 3032 1006 3073 os
1052 3032 1229 3072 suum.
1273 3014 1409 3071 Cum
1465 3015 1612 3069 enim
1666 3030 1772 3070 non
1822 3013 1966 3069 levat

376 3109 564 3166 oculos
590 3110 656 3164 ad
689 3109 907 3175 caelum,
956 3123 1056 3164 nec
1084 3107 1401 3164 recordatur
1433 3107 1758 3176 judiciornm
1784 3104 1963 3174 justo-

379 3209 786 3264 rum,mortuus
811 3208 866 3254 et
886 3198 1127 3268 sepultus
1153 3205 1235 3253 est
1262 3197 1314 3251 in
1337 3195 1587 3265 sepulcro
1615 3195 1964 3251 conscientia:

379 3305 513 3347 suae.
545 3290 697 3346 Tunc
741 3305 771 3345 a
813 3259 1051 3356 mortuo,
1104 3298 1360 3359 tanquam
1390 3288 1482 3358 qui
1513 3303 1620 3343 non
1661 3297 1769 3353 est,
1797 3287 1966 3358 perit
1989 3259 2037 3322 ο

377 3379 648 3438 confessio
675 3380 866 3451 (Eccli.
900 3380 1058 3450 xvtt).
1090 3381 1244 3436 Tunc
1273 3380 1435 3452 323
1477 3398 1496 3431 ι
1544 3388 1789 3450 peccator
1836 3395 1960 3433 cum

378 3470 592 3526 venerit
638 3471 692 3525 in
744 3469 1068 3540 profundum
1118 3469 1406 3534 malorum,
1451 3469 1748 3524 contemnit
1776 3466 1960 3537 (Prov.

380 3559 558 3631 xvnt).
594 3578 613 3611 ι
652 3559 770 3615 οηίο
810 3569 896 3615 est
935 3560 988 3614 in
1017 3569 1262 3614 extremo
1285 3557 1563 3612 ﬂuminum
1591 3557 1830 3629 Egypti.
1863 3556 1963 3613 Hic

380 3649 667 3704 multitudo
716 3649 1123 3704 miserationum
1156 3648 1366 3704 Domini
1427 3647 1630 3703 tollitur
1679 3648 1747 3703 ab
1791 3648 1964 3704 oculis

378 3739 515 3810 ejus.
548 3740 594 3796 0
647 3740 850 3796 ﬂumen
885 3739 1106 3804 malum,
1135 3739 1234 3794 rivi
1273 3737 1514 3808 pessimi,
1566 3738 1666 3792 rivi
1708 3738 1965 3793 extermi-

379 3839 573 3885 nantes
602 3847 615 3882 :
651 3830 752 3884 hac
789 3836 948 3883 nocte
981 3827 1240 3882 Dominus
1268 3842 1363 3882 eos
1393 3826 1664 3882 calceatus
1684 3826 1962 3895 transivit,

377 3935 501 3976 cum
532 3919 584 3974 in
609 3918 855 3990 virginali
876 3918 1180 3974 substantia
1193 3933 1384 3988 puram
1404 3932 1628 3972 carnem
1647 3928 1702 3973 et
1718 3913 1960 3972 omnium

376 4009 769 4082 prataxatione
794 4007 1026 4079 pestium
1055 4007 1349 4061 immunem
1379 4007 1610 4076 accepit.
1642 4005 1732 4062 illo
1747 4006 1961 4061 calcea-

378 4107 564 4157 mento
590 4098 892 4165 calceatus,
923 4097 1066 4170 quod
1102 4098 1157 4152 in
1187 4096 1477 4153 ldnmazam
1507 4098 1751 4152 extendit
1785 4097 1958 4169 (Paul.

377 4189 516 4262 arx),
540 4187 694 4259 cujus
722 4190 1010 4261 corrigiam
1037 4189 1249 4246 solvere
1277 4204 1382 4245 non
1410 4190 1586 4259 potuit
1615 4205 1844 4260 magnus
1873 4189 1964 4246 ille

376 4280 619 4353 Baptista
648 4281 800 4352 (Luc.
829 4281 934 4352 tu).
975 4281 1120 4338 Misit
1147 4281 1215 4336 de
1239 4286 1469 4350 summo}
1494 4281 1688 4337 Filium
1724 4297 1882 4338 suum
1905 4290 1962 4338 et

377 4373 590 4444 accepit
617 4387 700 4428 me
725 4372 776 4428 in
803 4382 960 4428 utero
974 4372 1235 4444 Virginis,
1257 4382 1313 4428 et
1336 4373 1415 4429 sic
1438 4374 1650 4428 tandem
1669 4372 1965 4443 assumpsit

377 4475 468 4517 me
494 4462 562 4518 de
588 4463 745 4532 aquis
780 4462 988 4529 multis,
1019 4477 1156 4532 quas
1183 4463 1337 4518 vobis
1378 4463 1620 4518 breviter
1659 4461 1962 4531 praelibavi-

335 4603 340 4608 .
377 4570 521 4612 mus.
563 4573 583 4608 ι
620 4555 813 4611 Libera
844 4571 954 4622 me,
984 4556 1181 4626 inquit,
1217 4556 1286 4612 ab
1315 4556 1402 4612 his
1450 4555 1543 4626 qui
1585 4556 1818 4612 oderunt
1847 4570 1957 4623 me,

374 4655 436 4704 et
454 4646 523 4704 de
548 4647 830 4718 profundis
861 4663 1124 4719 aquarum
1152 4647 1326 4720 (Psal.
1359 4647 1571 4719 vant).
1610 4666 1630 4700 ι

448 4735 822 4793 Percutiemus
840 4751 958 4806 eos,
989 4737 1036 4794 si
1064 4738 1363 4810 cogitemus
1387 4753 1485 4809 pro
1505 4747 1728 4808 peccato
1751 4745 1956 4804 nostro,

376 4827 425 4884 si
472 4827 857 4898 prohibeamus
904 4828 1145 4895 linguam
1196 4843 1228 4884 a
1274 4828 1417 4896 dolo,
1454 4829 1499 4884 si
1547 4827 1880 4886 declinemus
1926 4847 1960 4885 a

377 4916 524 4973 malo
549 4926 606 4973 et
635 4917 901 4974 faciamus
933 4919 1158 4979 bonum.
1183 4917 1228 4974 si
1269 4917 1626 4974 confiteantur
1675 4917 1960 4973 adversum

376 5023 478 5064 nos
499 5007 817 5079 injustitiam
843 5017 1085 5066 nostram
1127 5009 1376 5076 Domino,
1405 5009 1450 5065 si
1486 5009 1639 5066 dolor
1662 5019 1848 5066 noster
1890 5010 1961 5065 sit

375 5112 594 5168 semper
627 5099 683 5154 in
724 5107 1016 5170 conspectu
1044 5108 1250 5167 nostro,
1303 5101 1348 5156 si
1399 5101 1690 5157 doceamus
1745 5101 1958 5171 iniquos

374 5186 494 5244 vias
521 5187 759 5252 Domini,
783 5197 840 5244 et
881 5203 1095 5262 semper
1134 5189 1250 5245 laus
1295 5189 1388 5245 Dei
1419 5190 1491 5244 sit
1541 5189 1595 5244 in
1621 5203 1716 5244 ore
1747 5197 1957 5245 nostro.

373 5275 464 5345 Et,
497 5287 557 5334 ut
600 5280 668 5335 de
695 5289 816 5335 arte
845 5281 1050 5335 sutoria
1079 5281 1282 5336 nostris
1324 5280 1566 5336 moribus
1595 5279 1796 5350 aliquid
1824 5297 1958 5336 con-

373 5383 618 5436 suemus,
646 5371 944 5427 habeamus
972 5371 1338 5428 calceamenta
1381 5372 1546 5428 densa
1592 5381 1646 5428 et
1689 5373 1960 5428 subtiliter

373 5473 624 5529 consula,
674 5479 796 5534 quae
833 5466 1041 5534 possint
1089 5481 1258 5536 aquas
1313 5465 1596 5521 obviantes
1649 5465 1955 5520 excludere.

374 5549 661 5609 Faciamus
720 5570 940 5611 carnem
999 5566 1241 5612 nostram
1302 5556 1511 5610 firmam
1572 5565 1656 5641 et.
1689 5556 1956 5611 confixam

378 5643 573 5698 timore
602 5645 836 5711 Domini,
865 5662 984 5716 qua:
1014 5648 1249 5704 libidinis
1279 5649 1560 5704 humorem
1611 5647 1862 5704 excludat
1902 5657 1957 5704 et

375 5743 600 5787 excocta
650 5735 1090 5791 tribulationibus
1149 5747 1310 5806 atque
1371 5737 1632 5803 densata,
1689 5737 1782 5791 fiat
1837 5746 1957 5792 uter

377 5839 548 5904 novus
599 5825 666 5880 ad
709 5827 1138 5882 conservandum
1190 5827 1372 5881 vinum
1425 5843 1667 5894 novum,
1731 5827 1796 5883 de
1847 5843 1954 5898 quo

1837 441 2070 498 SERMO
2109 440 2246 498 LXI.

375 561 429 616 in
459 557 704 631 peccatis
732 557 873 614 sicut
917 557 972 612 in
1005 557 1297 613 virtutibus
1323 557 1616 614 exsultare.
1667 555 1854 611 Nonne
1886 556 1962 609 la-
1989 559 2041 618 Α
2065 554 2264 611 dicitur
2305 572 2320 610 :

1983 4609 2040 4670 D

3548 455 3654 511 846

2381 575 2400 610 t
2435 556 2572 626 Qula
2609 557 2784 614 factus
2831 575 2950 614 sum
2992 561 3133 616 sicut
3185 571 3303 616 uter
3354 564 3408 618 in
3460 568 3653 636 pruina

2066 645 2240 719 (Paul.
2270 653 2485 720 cxvnt).
2520 670 2539 704 ι

2137 739 2241 794 Sed
2263 742 2375 811 jam
2405 743 2590 808 corda,
2621 753 2676 798 et
2693 759 2920 815 corpora
2947 755 3130 801 nostra
3158 748 3224 800 ad
3248 747 3652 818 suscipiendum

2064 829 2259 884 Filium
2290 829 2525 903 Virginis
2563 847 2862 904 prteparata
2895 836 3234 891 dimittamus
3279 839 3332 891 in
3381 853 3514 908 pace
3539 876 3559 905 ,
3601 853 3658 894 et

2064 935 2254 982 omnes
2284 922 2339 976 in
2367 938 2654 979 commune
2678 924 2856 980 lumen
2894 928 2960 982 ad
2991 929 3372 984 revelationem
3408 930 3652 1001 gentium

2065 1011 2442 1068 innocentibus
2489 1013 2726 1070 brachiis
2766 1016 3179 1086 amplectamur,
3232 1018 3326 1089 qui
3377 1027 3462 1074 est
3510 1018 3656 1076 Deus

2065 1100 2381 1158 benedictus
2408 1103 2460 1157 itt
2483 1103 2698 1159 saecula.
2727 1105 2918 1160 Anien.

2787 1193 2924 1250 LXI.

2240 1283 2257 1301 '
2280 1297 2498 1337 HOIIILIA
2519 1299 2570 1338 is
2588 1301 2919 1341 snmrns
2949 1301 3156 1343 uomat.
3181 1289 3309 1360 (xxv
3331 1291 3476 1361 nec.)

2133 1372 2400 1429 Charitati
2433 1385 2645 1442 vestrae,
2675 1376 2873 1433 fratres
2900 1380 3230 1447 charissimt,
3274 1382 3652 1439 aedificationis

2064 1465 2288 1517 verbum
2329 1462 2508 1518 facere
2537 1467 2731 1534 gestio.
2763 1468 2858 1522 sed
2879 1469 3027 1537 quia,
3064 1479 3124 1524 ut
3152 1471 3347 1536 nostis,
3375 1488 3548 1542 nuper
3581 1475 3651 1528 ad

2063 1553 2406 1624 episcopatus
2451 1557 2680 1625 apicem,
2732 1557 2840 1613 Deo
2883 1573 3125 1626 aneture,
3170 1571 3450 1631 promotus
3507 1579 3650 1626 sum.

2064 1640 2208 1710 loqui
2257 1653 2385 1699 ante
2429 1647 2777 1714 prudentiain
2828 1659 3088 1716 vestram,
3145 1652 3274 1705 dum
3321 1654 3656 1711 conscientia

2064 1735 2273 1796 metuit,
2308 1734 2486 1806 lingua
2520 1738 2680 1790 etiam
2719 1738 2946 1793 necdum
2985 1749 3199 1794 assueta
3227 1741 3474 1808 balbutit.
3511 1741 3652 1798 Nun-

2065 1826 2193 1895 quid
2221 1827 2366 1881 euitn
2409 1828 2499 1897 qui
2539 1830 2718 1884 navim
2762 1831 2970 1902 remigii
3023 1833 3302 1904 imperitus
3351 1834 3656 1904 ingreditur

2066 1919 2343 1987 suscipere
2367 1920 2788 1990 gubernaculum
2819 1939 2922 1977 non
2957 1925 3208 1979 veretur?
3252 1925 3321 1980 Et
3369 1928 3461 1995 qui
3502 1927 3655 1983 rudis

2066 2006 2171 2062 tiro
2206 2008 2452 2063 militiam
2493 2011 2705 2065 noviter
2726 2013 2912 2078 intrat,
2941 2014 3197 2084 prteferre
3226 2014 3478 2070 vexillum
3510 2011 3664 2086 priu-'

2064 2099 2242 2169 cipum
2268 2117 2371 2158 non
2403 2103 2700 2160 formidat?
2727 2106 2833 2162 Sed
2857 2123 2978 2179 ego,
3013 2110 3104 2179 qui
3145 2111 3213 2164 de
3254 2111 3470 2180 propria
3505 2089 3686 2166 infir?

2064 2192 2253 2246 mitate
2281 2192 2485 2259 diffido,
2526 2196 2723 2250 vestris
2767 2198 3107 2252 orationibus
3158 2197 3520 2267 adjuvandum
3568 2217 3654 2256 me

2064 2296 2161 2351 per
2194 2282 2285 2338 Dei
2318 2285 2745 2341 misericordiam
2775 2287 2960 2344 credo.
2985 2288 3236 2358 Alioquin
3262 2293 3534 2359 quomodo
3554 2308 3654 2348 nos

2066 2373 2281 2442 penitus
2312 2375 2604 2444 desperare
2645 2392 2712 2432 ne
2762 2379 2978 2448 prepria
3017 2379 3421 2450 imperfectione
3456 2397 3654 2452 possu-

2065 2476 2206 2528 mus,
2240 2463 2330 2532 qui
2357 2465 2471 2519 nati
2497 2464 2794 2522 Salvatoris
2819 2467 3105 2524 infantiam
3131 2470 3512 2527 celebramus?
3550 2473 3655 2540 Qui

2065 2553 2210 2607 enim
2243 2567 2341 2623 per
2377 2562 2598 2610 aetatum
2629 2555 2963 2612 incrementa
2994 2559 3248 2628 dignatus
3276 2570 3362 2616 est
3405 2577 3654 2618 crescere

2071 2647 2216 2700 valet
2240 2646 2404 2700 etiam
2431 2662 2528 2702 nos
2549 2647 2617 2702 de
2645 2649 2884 2704 minimis
2913 2651 2981 2705 ad
3021 2649 3225 2719 majora
3257 2653 3557 2722 provehere
3598 2661 3658 2708 et

2066 2741 2311 2789 teneram
2360 2735 2530 2791 nostri
2577 2751 2770 2792 sensus
2811 2739 3091 2794 infantiam
3141 2739 3490 2810 perfectionis
3541 2759 3656 2799 suae

2066 2825 2238 2896 gratia
2263 2826 2544 2882 roborare.
2586 2826 2688 2894 Qui
2719 2829 2977 2883 nimirum
3008 2830 3209 2886 idcirco
3238 2847 3439 2904 parvus
3470 2833 3526 2886 in
3555 2848 3654 2887 no-

2065 2916 2196 2971 stris
2243 2916 2362 2972 lieri
2419 2917 2672 2988 dignatus
2701 2927 2785 2974 est
2827 2929 2884 2973 ω
2917 2936 3014 2974 nos
3044 2921 3095 2974 in
3123 2922 3239 2976 suis
3267 2938 3492 2994 magnos
3541 2923 3655 2979 etii-

2065 3014 2235 3070 ceret,
2266 3006 2467 3083 idcirco
2511 3018 2753 3063 nostram
2784 3009 3155 3066 infirmitatem
3194 3014 3437 3081 pertulit,
3465 3022 3525 3069 ut
3557 3032 3657 3071 nos

2066 3109 2179 3150 sua:
2201 3097 2418 3152 virtutis
2453 3097 2788 3168 plenitudine
2827 3101 3105 3157 solidaret.

2138 3185 2255 3242 Non
2283 3201 2411 3260 ergo
2443 3189 2730 3244 timeamus
2754 3189 3063 3248 defuturum
3087 3195 3244 3252 nobis
3280 3197 3657 3254 transitorium
3677 3203 3716 3219 ’

2066 3277 2316 3346 verbum,
2361 3279 2453 3350 qui
2501 3280 2646 3336 illius
2680 3279 2838 3336 Verbi
2872 3281 3099 3352 gloriam
3148 3286 3461 3356 quaerimus,
3509 3291 3655 3359 quod

2066 3377 2250 3423 manet
2303 3368 2358 3422 in
2408 3380 2694 3436 aeternum,
2743 3369 2810 3424 de
2861 3385 2968 3440 quo
3013 3373 3265 3428 videlicet
3321 3375 3373 3428 in
3422 3375 3656 3434 lectione

2065 3459 2240 3515 sancti
2266 3459 2539 3530 Evangelii
2559 3459 2872 3527 modo,dttm
2886 3461 3050 3534 324
3063 3462 3352 3535 legeretur,
3383 3466 3611 3523 audistis
3635 3486 3651 3522 :

2069 3570 2089 3604 ς
2124 3552 2262 3624 Quia
2307 3553 2363 3607 in
2408 3553 2675 3623 principio
2717 3564 2837 3609 erat
2885 3555 3138 3622 Verbum,
3183 3566 3237 3612 et
3267 3557 3502 3613 Verbum
3530 3569 3652 3616 erat

2065 3645 2206 3714 apud
2241 3645 2430 3710 Deum,
2475 3654 2530 3700 ct
2559 3645 2702 3701 Deus
2728 3654 2847 3700 erat
2880 3645 3110 3702 Verbum
3139 3647 3320 3718 (Joan.
3365 3651 3428 3722 ι).
3467 3671 3486 3704 ›
3545 3653 3653 3708 Sed

2065 3737 2169 3792 hoc
2195 3735 2261 3792 de
2293 3735 2382 3789 illa
2410 3736 2692 3790 nativitate
2722 3737 2926 3792 dictum
2955 3746 3039 3792 est
3066 3755 3186 3808 qua:
3227 3754 3295 3793 ex
3331 3740 3493 3796 Patre
3542 3751 3649 3805 est,

2063 3836 2171 3898 Qua
2194 3826 2448 3885 videlicet
2491 3827 2634 3882 Deus
2658 3828 2798 3898 apud
2838 3829 3005 3884 Deum
3051 3840 3178 3885 ante
3214 3833 3411 3886 s'ecttla
3437 3835 3651 3888 exstitit

2063 3926 2120 3972 et
2151 3925 2345 3972 cuncta
2389 3932 2456 3972 ex
2492 3916 2660 3972 nihilo
2705 3917 2920 3988 prepria
2969 3918 3171 3974 virtute
3220 3921 3446 3976 creavit.
3496 3920 3651 3976 Unde

2064 4023 2170 4064 non
2195 4007 2467 4062 immerito
2493 4006 2696 4062 dictum
2734 4017 2816 4063 est
2845 4026 2859 4063 :
2909 4027 2928 4061 t
2961 4008 3097 4076 Quia
3141 4011 3319 4066 omnia
3351 4026 3448 4081 per
3474 4011 3651 4081 ipsum

2062 4097 2206 4154 facta
2235 4105 2379 4164 sunt,
2411 4105 2462 4153 ct
2501 4098 2618 4154 sine
2661 4099 2778 4168 ipso
2808 4099 3011 4155 factum
3053 4108 3138 4156 est
3183 4101 3319 4156 nihil
3375 4102 3588 4174 (lbid.).
3625 4121 3644 4154 ι

2065 4187 2172 4244 Sed
2213 4186 2306 4260 qui
2356 4189 2650 4243 secundum
2699 4189 2844 4244 illam
2884 4191 3222 4246 nativitatem
3267 4193 3449 4247 omnia
3494 4192 3648 4257 fecit,

2063 4278 2358 4334 secundum
2387 4277 2547 4334 istam
2573 4295 2693 4352 qua:
2716 4280 2978 4337 hodierna
3003 4292 3086 4338 est
3112 4282 3226 4354 ipse
3248 4281 3362 4338 fieri
3391 4283 3650 4356 dignatus

2062 4377 2166 4425 est.
2195 4367 2348 4436 Quod
2379 4368 2522 4426 idem
2547 4371 2738 4427 beatus
2759 4372 3088 4443 evangelista
3115 4383 3362 4444 patenter
3390 4375 3645 4440 innotuit,

2061 4476 2184 4516 cum
2234 4470 2356 4532 post
2398 4462 2653 4517 nonnulla
2707 4463 2987 4531 subjunxit
3023 4481 3038 4517 :
3087 4482 3106 4514 ι
3146 4463 3402 4530 Verbum,
3446 4467 3642 4535 inquit.

2063 4567 2191 4608 caro
2217 4551 2416 4608 factum
2434 4561 2537 4616 est,
2559 4560 2614 4606 et
2634 4552 2896 4608 habitavit
2924 4553 2979 4606 in
3006 4553 3183 4608 nobis.
3218 4573 3236 4605 ι
3271 4554 3372 4610 Ubi
3400 4556 3647 4625 protinus

2063 4645 2314 4700 additur:
2369 4661 2387 4694 ι
2424 4644 2492 4698 Ει
2518 4644 2750 4698 vidimus
2791 4645 3017 4714 gloriam
3040 4643 3178 4713 ejus,
3213 4645 3444 4714 gloriam
3487 4645 3644 4714 quasi

2065 4733 2334 4806 Unigeniti
2375 4749 2406 4788 a
2434 4733 2594 4788 Patre
2625 4733 2837 4805 (Ibid).
2876 4753 2894 4786 ι

2131 4833 2188 4888 lu
2216 4842 2444 4902 utraque
2469 4846 2598 4904 ergo
2622 4841 2814 4887 natura
2845 4832 2984 4888 idem
3013 4842 3095 4888 est
3117 4832 3210 4887 Dei
3233 4831 3418 4893 Filius.
3453 4843 3642 4889 nostra

2061 4922 2364 4992 suscipiens
2400 4935 2454 4976 ct
2509 4925 2726 4992 propria
2764 4938 2869 4976 non
2917 4924 3193 4977 amittens.
3243 4923 3366 4990 Qui,
3403 4923 3531 4977 dum
3591 4925 3644 4977 in

2060 5013 2281 5070 homine
2329 5014 2604 5069 hominem
2657 5023 2919 5081 renovat,
2979 5015 3031 5068 in
3080 5029 3142 5070 se
3188 5014 3647 5071 incommutabilis

2061 5111 2398 5176 perseverat.
2429 5105 2571 5160 Deus
2591 5106 2757 5172 enim,
2782 5105 2875 5175 qui
2907 5112 2964 5160 ut
2997 5121 3094 5162 nos
3116 5106 3353 5177 erigeret
3389 5121 3448 5162 se
3477 5107 3646 5162 mise-

2064 5194 2348 5250 ricorditer
2386 5195 2685 5272 inclinavit,
2726 5211 2827 5251 nos
2867 5195 3082 5266 quidem
3115 5195 3169 5250 in
3213 5211 3367 5252 suam
3413 5197 3642 5269 gloriam

2063 5283 2358 5348 transtulit,
2405 5285 2500 5338 sed
2548 5285 2898 5341 nihilominus
2948 5286 3063 5356 ipse
3115 5286 3169 5340 in
3218 5302 3316 5342 sua
3359 5288 3643 5346 divinitate
3697 5287 3708 5296 “

2061 5374 2380 5444 permansit.
2405 5373 2570 5429 Nobis
2603 5376 2848 5442 contulit,
2878 5376 2980 5432 sibi
3009 5376 3143 5430 nihil
3178 5376 3390 5432 minuit.
3421 5376 3500 5432 lta
3527 5396 3646 5434 ma-

2066 5479 2204 5534 gnus
2230 5465 2282 5518 in
2313 5465 2483 5518 forma
2513 5466 2628 5531 Dei,
2662 5468 2740 5522 sic
2762 5467 2941 5523 brevis
2967 5468 3022 5523 in
3047 5467 3221 5523 forma
3248 5469 3414 5535 servi,
3453 5478 3513 5525 ut
3541 5487 3644 5526 nec

2066 5553 2170 5608 ista
2219 5553 2484 5609 brevitate
2537 5556 2850 5628 magnitudo
2892 5557 2979 5612 illa
3011 5559 3367 5626 minueretur,
3417 5577 3518 5617 nec
3554 5562 3646 5618 illa

2067 5645 2436 5715 magnitudine
2485 5647 2585 5701 ista
2639 5648 2874 5703 brevitas
2921 5662 3275 5719 premeretur.
3340 5652 3451 5711 Nec
3497 5655 3642 5709 enim

2067 5736 2283 5804 quando
2310 5738 2549 5791 membra
2587 5739 2820 5794 humana
2859 5742 3116 5810 suscepit,
3144 5757 3307 5812 opera
3338 5743 3517 5798 divina
3553 5743 3646 5796 de-

2066 5829 2254 5884 seruit.
2286 5828 2419 5883 Nam
2447 5831 2587 5900 quod
2620 5832 2837 5901 auditis,
2871 5832 3066 5890 fratres
3094 5835 3223 5899 mei,
3254 5836 3381 5905 quia
3409 5833 3650 5887 Verbum
