4064 6208
393 387 499 447 847

956 385 1014 441 S.
1038 384 1242 441 PETRI
1292 384 1575 440 DAMIANI
1612 382 1762 439 OPP.
1806 383 2003 455 PARS
2028 370 2159 441 SEU
2191 384 2427 445 TOMUS
2465 387 2530 444 ll.
2573 368 2642 430 ξ
2681 372 3069 446 SERMONES.

3512 440 3525 447 η.
3560 385 3669 442 8ἑὸ

394 518 525 559 caro
545 500 744 557 factum
770 507 875 564 est,
898 513 1242 568 nequaquam
1271 496 1479 584 debetis
1506 496 1805 567 intelligere
1835 496 1977 565 quod
2007 526 2052 584 Α
2080 512 2203 551 cum
2254 498 2562 556 hominibus
2601 500 2893 556 multarum
2934 498 3392 565 divitiarum,‘vel
3440 507 3671 555 terrente

395 597 450 649 in
473 606 691 649 carnem
722 590 794 643 sit
822 588 916 645 Dei
930 598 1119 643 natura
1135 579 1358 653 mutata,
1388 588 1482 642 sed
1511 587 1655 656 quod
1673 585 1895 640 aVerbo
1924 585 1978 639 in

395 684 600 738 unitate
622 695 871 752 persona:
896 691 967 735 snt
985 696 1117 736 caro
1145 690 1416 750 suscepta.
1446 679 1642 734 Carnis
1666 686 1846 734 autem
1880 691 1978 733 uo-

394 776 536 827 mine
567 772 730 826 homo
758 771 1040 841 accipitur,
1072 786 1194 825 cum
1218 786 1324 840 quo
1347 771 1487 824 intra
1505 769 1740 840 Virginis
1767 768 1977 823 viscera

393 873 579 919 sancto
627 862 828 932 Spiritu
885 861 1191 927 fecundata,
1239 871 1349 917 tam
1395 860 1830 931 inseparabiliter
1881 861 1975 915 Dei

392 955 559 1009 Filius
584 961 669 1009 est
697 953 901 1019 unitus,
917 963 973 1006 ut
997 953 1087 1023 qui
1111 962 1230 1008 erat
1250 953 1368 1009 sine
1392 960 1633 1023 tempore
1646 950 1715 1008 de
1735 952 1975 1009 essentia

392 1046 569 1100 Patris
614 1044 851 1113 genitus,
888 1044 1002 1114 ipse
1054 1044 1125 1099 sit
1169 1043 1541 1115 temporaliter
1572 1043 1641 1100 de
1669 1053 1826 1099 utero
1853 1042 1975 1097 Vir-

391 1137 531 1206 ginis
564 1144 746 1191 natus.
780 1134 886 1190 Sed
921 1137 1022 1191 hoc
1057 1136 1349 1191 Dominicae
1380 1135 1679 1191 nativitatis
1702 1134 1976 1191 ineffabile

392 1237 809 1292 sacramentum,
862 1243 983 1297 qua;
1020 1242 1171 1282 mens
1199 1228 1681 1298 comprehendere,
1718 1243 1837 1297 quae
1873 1227 1976 1281 liu-

391 1331 487 1388 gua
518 1316 697 1370 valeat
726 1315 958 1385 pleniter
989 1316 1301 1386 explicare?
1330 1316 1447 1371 Non
1482 1318 1628 1372 enim
1652 1331 1681 1371 a
1706 1317 1972 1388 propheta

391 1411 503 1464 sine
548 1423 713 1463 causa
752 1408 955 1463 dictum
985 1416 1107 1463 est:
1164 1427 1182 1460 ε
1234 1406 1651 1464 Geuerationem
1684 1408 1802 1480 ejus
1848 1410 1974 1480 quis

390 1498 694 1555 enarrabit?
739 1517 759 1550 ι
786 1497 922 1569 (Isa.
951 1497 1095 1569 ιιιι.)

456 1591 777 1661 Postpositis
805 1591 973 1660 igitur
1010 1590 1097 1647 his
1121 1605 1242 1660 quae
1274 1590 1338 1645 de
1386 1590 1749 1645 sacratissima
1780 1577 1973 1646 nativi-

388 1691 497 1737 tate
541 1698 572 1736 a
601 1681 852 1737 Patribus
881 1682 1081 1736 nostris
1122 1681 1283 1735 latius
1311 1679 1580 1749 disputata
1630 1690 1778 1745 sunt,
1820 1680 1970 1746 libet,

387 1772 582 1829 fratres
610 1773 937 1839 charissimi,
964 1772 1238 1842 paulisper
1256 1771 1322 1825 ad
1352 1771 1710 1825 humilitatem
1734 1770 1968 1826 Redem-

386 1868 554 1937 ptoris
578 1866 771 1933 nostri,
794 1866 1083 1921 locutionis
1113 1864 1401 1919 articulum
1446 1864 1687 1928 ﬂectere,
1738 1871 1795 1917 et
1838 1862 1966 1933 quid
1998 1877 2044 1937 Β

386 1972 481 2027 pro
521 1964 705 2012 nostra
733 1956 909 2010 salute
933 1954 1042 2021 jam
1081 1953 1134 2008 in
1185 1953 1299 2022 ipsa
1347 1967 1445 2006 sua
1477 1951 1759 2007 nativitate
1788 1959 1972 2021 pertu-

385 2047 526 2112 terit,
574 2045 845 2101 communi
880 2044 1158 2099 vobiscum
1200 2043 1534 2098 discussione
1560 2056 1809 2112 pensare.
1839 2040 1972 2108 Quis

384 2138 525 2192 enim
554 2137 713 2208 digne
738 2136 925 2190 mirari
955 2133 1164 2188 valeat?
1186 2133 1317 2200 Quis
1342 2148 1448 2188 non
1462 2133 1805 2202 Obstupescat
1829 2132 1969 2202 quod

384 2244 450 2295 ts,
480 2228 571 2300 qui
620 2227 743 2283 εαξιί
800 2225 1161 2281 immensitate
1198 2241 1303 2279 non
1350 2225 1583 2294 capitur,
1640 2224 1692 2279 in
1741 2233 1972 2295 angusto

382 2319 644 2389 prtesepio
666 2316 996 2372 reclinatur?
1031 2314 1132 2383 Qui
1176 2314 1380 2369 electos
1418 2330 1545 2369 suos
1575 2313 1711 2369 stola
1743 2315 1969 2369 immor-

382 2408 606 2463 talitatis
638 2406 829 2469 induit,
864 2404 1060 2460 vilibus
1094 2404 1288 2474 pannis
1335 2402 1545 2473 contegi
1577 2418 1684 2457 non
1733 2412 1973 2458 contem-

382 2500 507 2569 psit.
552 2496 608 2551 in
656 2495 913 2552 stramine
954 2493 1200 2549 recubuit
1225 2492 1538 2547 animalium
1569 2492 1660 2563 qui
1698 2492 1850 2547 cibus
1888 2500 1973 2546 est

382 2590 717 2661 angelorum.
751 2587 850 2655 Qui
875 2588 1106 2642 marium
1140 2586 1406 2658 procellas
1422 2587 1650 2658 mitigat,
1686 2587 1775 2657 qui
1800 2600 1970 2656 aqua-

383 2698 501 2736 rum
533 2678 918 2736 abundantiam
943 2678 1254 2734 ﬂuminibus
1277 2680 1676 2746 subministrat,
1712 2694 1865 2733 raras
1905 2679 1972 2734 de

382 2773 624 2843 virgineo
661 2779 879 2841 pectore
901 2777 1083 2840 guttas
1111 2768 1269 2823 lactis
1296 2777 1597 2839 exspectat.
1634 2768 1970 2839 Exprimitur

382 2862 465 2918 lac
490 2876 557 2916 ex
585 2858 840 2913 uberibus
864 2856 1101 2929 Virginis
1131 2866 1188 2913 et
1227 2857 1282 2912 in
1317 2872 1541 2913 carnem
1570 2858 1802 2913 vertitur
1845 2857 1967 2913 Sal-

381 2952 604 3009 vatoris.
643 2950 794 3007 Felix
846 2950 947 3005 ista
1008 2964 1295 3021 puerpera,
1348 2964 1469 3019 qua:
1523 2949 1604 3005 sic
1658 2949 1855 3019 gaudet
1902 2949 1969 3005 de

380 3043 709 3101 fecunditate
735 3041 923 3113 prolis,
949 3049 1007 3094 ut
1034 3056 1372 3111 nequaquam
1397 3039 1571 3095 doleat
1593 3040 1658 3095 de
1679 3041 1969 3097 amissione

379 3133 740 3207 virginitatis;
781 3149 901 3203 quae
947 3133 1094 3187 illum
1148 3132 1364 3188 fovebat
1416 3148 1447 3186 a
1495 3147 1601 3203 quo
1643 3131 1963 3199 fovebatur;

2082 588 2378 657 sapientiae,
2409 600 2501 644 aut
2536 606 2816 660 generosa:
2853 591 3173 658 nobilitatis,
3201 592 3296 647 sed
3341 605 3464 646 cum
3496 590 3673 646 homi-

2081 679 2239 733 nibus
2271 681 2422 735 bona;
2448 681 2759 738 voluntatis.

2150 771 2493 829 Gaudeamus
2525 774 2729 844 itaque,
2755 772 3116 841 dilectissimi,
3133 781 3187 829 et
3213 772 3341 827 totis
3364 771 3416 826 in
3440 772 3671 828 Domino

2080 863 2378 920 visceribus
2410 864 2765 931 delectemur,
2784 866 2914 936 quia
2936 864 3187 921 Christus
3210 856 3317 937 pax
3338 870 3549 929 nostra,
3577 866 3668 935 qui

2079 954 2206 1012 fecit
2237 967 2465 1028 utraque
2514 972 2682 1014 unum
2711 956 2929 1029 (Ephes.
2978 957 3061 1030 tt),
3106 957 3308 1013 idcirco
3352 956 3515 1012 hodie
3543 958 3673 1013 visi-

2081 1058 2196 1104 tare
2227 1050 2477 1119 dignatus
2502 1057 2589 1105 est
2620 1048 2882 1103 mundum
2918 1057 2980 1103 ut
3012 1048 3261 1103 homines
3294 1046 3453 1103 bona:
3475 1046 3665 1102 volun-

2079 1138 2206 1192 tatis
2233 1137 2493 1208 perducat
2535 1139 2604 1193 ad
2653 1137 2988 1195 consortium
3017 1137 3253 1194 deitatis.
3282 1135 3388 1204 Qui
3414 1136 3671 1192 videlicet

2080 1238 2310 1297 utraque
2354 1244 2518 1282 unum
2557 1228 2704 1295 fecit,
2737 1229 2865 1299 quia
2911 1227 3159 1284 homines
3199 1242 3322 1282 cum
3362 1227 3569 1298 angelis
3615 1228 3668 1282 in

2079 1333 2329 1387 supernae
2355 1316 2692 1373 Hierusalem
2744 1318 2892 1373 socia
2933 1317 3335 1373 cohabitatione
3365 1317 3669 1386 conjunxit.

2078 1409 2326 1480 Utraque
2360 1425 2527 1464 unum
2577 1410 2728 1475 fecit,
2769 1410 2895 1479 quia
2923 1424 3104 1473 ovem,
3132 1423 3251 1478 qua:
3294 1408 3554 1477 perierat,
3600 1411 3666 1460 ad

2076 1516 2292 1570 gregem
2341 1501 2577 1571 propriis
2611 1500 2853 1555 humeris
2904 1501 3199 1570 reportavit
3228 1487 3447 1570 (M'auh.
3483 1498 3666 1567 nni).

2072 1590 2229 1646 Jesus
2273 1591 2523 1648 Christus
2563 1591 2825 1647 Dominus
2865 1601 3072 1655 noster,
3101 1589 3191 1660 qui
3242 1603 3364 1644 cum
3412 1588 3573 1642 Patre
3612 1597 3668 1642 et

2076 1683 2282 1752 Spiritu
2314 1692 2503 1740 sancto
2529 1682 2663 1739 vivit
2684 1690 2739 1737 et
2768 1691 2959 1754 regnat
3001 1682 3317 1739 benedictus
3360 1680 3414 1735 in
3465 1679 3665 1734 mula

2077 1775 2421 1830 saeculorum.
2466 1775 2660 1831 Amen.

2276 1930 2427 2001 (115)
2467 1928 2780 1987 ΑΝΟΝΥΜῙ
2815 1928 3197 1986 CUJUSPIAM
3231 1928 3463 1986 SERMO

2075 2057 2141 2097 DE
2172 2056 2504 2096 ΝΑΤΙῩΙΤΑΤΒ
2523 2056 2850 2097 SALVATORIS
2880 2057 2948 2097 ET
2972 2057 3277 2097 Ριυεειλιιιε
3308 2057 3590 2097 ιιιιιΑουιιε
3611 2058 3665 2097 l3

2493 2128 2560 2166 sx
2581 2127 2787 2168 FACTIS.
2807 2114 2937 2185 (xxv
2968 2115 3220 2183 uacuus.)

2143 2220 2258 2277 Non
2279 2222 2476 2293 poterit
2497 2223 2757 2294 explicari
2776 2238 3030 2279 sermone
3050 2224 3193 2294 quod
3215 2234 3396 2279 mente
3418 2226 3664 2294 concepi,

2070 2323 2261 2385 stupor
2286 2316 2431 2369 enim
2458 2315 2847 2371 miraculorum
2868 2316 3124 2386 opprimit
3139 2326 3313 2382 me,et
3332 2315 3462 2372 dum
3481 2317 3663 2373 omnia

2075 2406 2294 2475 replico,
2308 2405 2489 2460 omnia
2526 2405 2960 2477 complicantur:
2996 2426 3014 2460 ‹
3050 2407 3181 2475 Quis
3204 2410 3401 2478 poterit
3423 2410 3663 2478 cogitare

2072 2497 2213 2552 diem
2246 2498 2510 2552 adventus
2535 2496 2697 2568 ejus?
2724 2516 2745 2551 ι
2779 2497 3036 2568 (Malaclt.
3062 2499 3169 2570 ut.)
3195 2499 3316 2555 Ideo
3343 2499 3404 2553 fit
3434 2500 3664 2572 elinguis
3721 2532 3741 2544 -

2072 2586 2279 2657 lingua,
2311 2587 2573 2643 memoria
2606 2587 2913 2655 immemor,
2936 2588 3267 2646 insensibilis
3311 2605 3524 2645 sensus.
3575 2591 3667 2646 ln-

2070 2686 2220 2732 sneta
2285 2677 2567 2732 nativitate
2616 2677 2857 2733 relucent
2905 2678 3108 2743 omnia,
3160 2686 3216 2734 et
3253 2679 3433 2734 omnia
3480 2680 3661 2748 partui

2072 2769 2308 2839 Virginis
2338 2769 2732 2840 obsequuntur.
2774 2768 2938 2825 Fiunt
2970 2771 3242 2827 mirabilia
3270 2771 3325 2826 in
3353 2770 3511 2829 .cmlo
3539 2788 3661 2827 sur-

2069 2874 2210 2921 sum.
2247 2870 2302 2914 et
2331 2860 2383 2914 in
2417 2869 2562 2915 terra
2599 2860 2874 2929 deorsum,
2910 2871 2967 2917 et
2988 2863 3240 2919 universa
3287 2862 3342 2918 in
3386 2864 3663 2919 nascentis

2072 2948 2163 3003 Dei
2214 2950 2534 3020 obsequium
2579 2950 2920 3020 iuraverunt.
2991 2951 3361 3021 lusigniuntur
3409 2969 3655 3010 convexa

2068 3040 2328 3095 caelorum
2372 3042 2537 3096 stella
2595 3042 2917 3110 lucentiori,
2969 3053 3025 3098 et
3069 3043 3235 3099 multo
3284 3044 3490 3102 lumine
3542 3046 3657 3102 loca

2070 3130 2399 3186 ﬂammantia
2438 3133 2899 3205 prestringuntur.
2955 3133 3337 3190 Diﬁ‘unduntur
3371 3151 3469 3206 per
3495 3135 3661 3207 326

379 3227 527 3282 illum
556 3226 608 3280 in
636 3225 774 3280 ulnis
804 3224 1052 3297 gestabat
1080 3239 1109 3278 a
1136 3238 1244 3295 quo
1290 3224 1452 3279 totius
1481 3224 1663 3278 mundi
1712 3223 1959 3279 machina
1989 3221 2035 3284 c
2065 3222 2424 3291 quadrifidam
2454 3224 2641 3280 orbem
2684 3225 2819 3280 radii
2865 3225 3257 3294 rutilantiores,
3287 3234 3344 3282 et
3372 3226 3657 3298 pluralita—

379 3320 706 3375 continetur.
735 3316 1033 3387 Stringitur
1060 3332 1089 3370 a
1128 3323 1300 3371 matre
1324 3314 1621 3387 puerilibus
1652 3313 1833 3370 fasciis
1886 3313 1969 3373 in-

379 3409 619 3465 fantulus
634 3409 725 3479 qui
756 3424 877 3465 cum
895 3408 1057 3463 Patre
1084 3408 1328 3463 omnium
1359 3422 1538 3463 rerum
1556 3406 1681 3477 jura
1705 3406 1969 3477 gubernat

379 3504 698 3559 immensus.

451 3591 494 3648 Ο
523 3602 725 3662 quanta
762 3600 888 3645 tunc
917 3598 1073 3653 erant
1102 3604 1287 3661 regum
1319 3587 1505 3644 mundi
1557 3586 1751 3643 turrita
1803 3586 1965 3659 325

378 3684 601 3755 palatia,
629 3694 825 3753 quanta
861 3683 1013 3738 miris
1061 3682 1329 3753 lapidibus
1370 3688 1559 3736 ornata
1607 3680 1874 3735 triclinia!
1913 3690 1969 3737 et

380 3785 558 3830 tamen
583 3775 765 3830 omnia
799 3773 889 3829 illa
919 3773 1263 3844 contempsit,
1290 3771 1381 3843 qui
1417 3771 1735 3841 praesepium
1772 3771 1838 3827 ad
1868 3786 1963 3826 cu-

381 3868 574 3923 nabula
605 3883 715 3922 suze
753 3866 1049 3922 nativitatis
1075 3864 1257 3935 elegit.
1284 3862 1399 3917 Non
1434 3862 1603 3917 lectos
1630 3862 1784 3932 petiit
1809 3876 1970 3915 aura-

382 3958 452 4013 tis
481 3958 723 4013 vestibus
745 3957 967 4021 obsitos,
1000 3971 1106 4010 non
1130 3969 1386 4026 purpura,
1404 3952 1489 4008 vel
1513 3951 1672 4023 pictis
1699 3954 1968 4022 tapetibus

385 4050 715 4113 adornatos;
742 4050 835 4103 sed
867 4049 919 4101 in
944 4047 1193 4103 catabulo
1221 4045 1469 4101 recubuit
1507 4044 1846 4108 animalium,
1874 4043 1967 4115 qui

383 4141 683 4196 innumeris
708 4140 937 4193 vallatur
966 4139 1276 4211 angelorum
1305 4137 1637 4206 agminibus;
1688 4136 1844 4205 dejici
1876 4151 1970 4191 vo-

383 4232 485 4287 luit
514 4241 570 4285 ut
611 4247 709 4287 nos
748 4231 815 4285 ad
850 4247 1061 4285 summa
1100 4230 1455 4300 proveheret;
1505 4242 1711 4299 pauper
1761 4229 1815 4282 in
1866 4230 1970 4284 hoc

385 4324 586 4380 mundo
614 4323 789 4378 factus
816 4332 919 4385 est.
952 4330 1011 4376 ut
1040 4336 1137 4377 nos
1158 4320 1466 4376 divitiarum
1496 4335 1715 4376 suarum
1747 4322 1969 4391 partici-

380 4433 477 4488 pes
503 4415 799 4470 exhiberet.

453 4504 602 4559 lianc
667 4502 1041 4573 Redemptoris
1100 4502 1265 4557 nostri
1318 4501 1716 4567 humilitatem,
1768 4501 1969 4558 fratres

2070 3322 2175 3366 tem
2205 3312 2568 3368 stellariorum
2619 3314 2824 3386 ignium
2853 3330 3025 3371 novus
3058 3316 3199 3386 ignis
3241 3314 3510 3371 obtundit.
3556 3315 3655 3371 Mi-

2068 3414 2220 3460 ratur
2247 3389 2396 3461 orbis
2448 3406 2616 3461 ccelos
2667 3423 2864 3463 novum
2908 3409 3180 3478 peperisse
3208 3408 3571 3479 splendorem,
3602 3419 3658 3464 et

2067 3495 2531 3553 inconvertibilem
2562 3513 2749 3553 eorum
2779 3507 2980 3554 statum
3022 3499 3090 3554 ad
3119 3501 3273 3571 signa
3327 3507 3384 3555 et
3409 3500 3654 3573 prodigia

2067 3584 2233 3642 fuisse
2277 3603 2618 3643 conversum.
2669 3587 2864 3645 Vident
2908 3587 3143 3645 Chaldaei
3198 3591 3251 3645 in
3291 3589 3468 3668 eteiis.
3511 3593 3655 3661 quod

2064 3678 2283 3733 Balaam
2317 3679 2530 3750 reliquit
2560 3680 2614 3734 in
2642 3680 2898 3751 scriptis:
2955 3700 2973 3733 ι
3004 3680 3455 3753 Orietur,inquit,
3497 3682 3652 3738 stella

2066 3783 2134 3823 ex
2162 3767 2353 3834 Jacob,
2380 3778 2436 3824 et
2466 3778 2758 3840 consurget
2784 3769 2946 3824 homo
2973 3785 3041 3825 ex
3071 3769 3255 3837 lsrael,
3273 3779 3328 3825 et
3350 3771 3656 3827 eritomnis

2071 3867 2214 3913 terra
2237 3859 2507 3928 possessio
2530 3857 2646 3927 ejus
2672 3857 2864 3931 (Nam.
2905 3860 3074 3931 xxiv).
3098 3879 3115 3913 ι
3142 3860 3393 3916 Nascitur
3420 3862 3576 3917 stella
3598 3862 3653 3916 in

2065 3948 2317 4013 excelsis,
2352 3958 2406 4004 et
2431 3948 2573 4002 Deus
2623 3950 2675 4004 in
2725 3951 2909 4014 terris,
2942 3951 3098 4021 cujus
3123 3953 3397 4022 possessio
3438 3968 3468 4007 a
3513 3954 3652 4009 mari

2069 4058 2238 4112 usque
2262 4042 2329 4097 ad
2357 4058 2525 4098 mare.
2558 4042 2871 4113 Praeparant
2897 4060 2955 4101 se
2980 4061 3134 4118 reges
3160 4045 3403 4112 Tharsis,
3445 4054 3504 4101 ut
3526 4062 3649 4100 cum

2068 4134 2311 4190 novitate
2337 4150 2619 4190 munerum
2648 4136 2870 4192 videant
2894 4152 3091 4191 novam
3138 4147 3389 4212 matrem,
3421 4137 3516 4191 filii
3553 4153 3653 4191 no-

2066 4240 2188 4280 vam
2218 4226 2581 4282 nativitatem.
2623 4224 2769 4281 Fons
2791 4227 2895 4283 olei
2919 4227 2986 4283 de
3011 4236 3153 4283 terra
3180 4227 3437 4299 erumpit.
3484 4225 3649 4281 Tem-

2066 4318 2211 4388 plum
2265 4318 2467 4381 Romae,
2525 4320 2668 4388 quod
2723 4322 3020 4375 vocabatur
3070 4328 3355 4387 aeternum,
3423 4318 3650 4384 corruit,

2068 4412 2317 4467 omnibus
2345 4413 2603 4482 impensis
2628 4421 2685 4466 et
2723 4412 2880 4468 Urbis
2932 4422 2987 4467 et
3011 4413 3158 4469 orbis
3180 4413 3501 4468 mirabiliter
3525 4427 3652 4468 con-

2070 4514 2415 4556 summatum.
2458 4502 2591 4558 Cum
2619 4503 2762 4557 enim
2790 4502 3019 4559 Romani
3054 4507 3106 4559 in
3155 4504 3464 4560 victoriosa:
3501 4503 3651 4557 antio

379 4593 711 4658 charissimi,
745 4594 852 4647 tot'a
900 4591 1065 4646 animi
1120 4591 1553 4646 consideratione
1604 4592 1961 4662 perpendite;
1995 4585 2044 4645 ί)
2069 4595 2289 4662 quitatis
2317 4596 2628 4648 memoriam
2673 4593 2928 4664 templum
2968 4593 3229 4664 singulari
3264 4594 3539 4649 schemate
3564 4593 3652 4647 fa«

378 4688 520 4742 hanc
563 4684 789 4740 solerter
818 4683 1018 4737 habere
1046 4692 1256 4747 curate,
1303 4683 1487 4737 mundi
1537 4682 1765 4753 gloriam
1813 4700 1964 4755 sper-

377 4780 510 4843 nite,
542 4791 807 4847 pauperes
841 4790 961 4831 esse
982 4791 1104 4829 cum
1127 4775 1343 4829 Christo
1368 4789 1525 4829 veras
1552 4774 1768 4829 divitias
1793 4777 1960 4846 depu-

375 4877 507 4923 tate.
542 4865 878 4923 Sacrificium
915 4864 1023 4920 Deo
1063 4865 1216 4919 home
1257 4863 1549 4919 voluntatis
1589 4862 1787 4920 oﬂ‘erre
1815 4874 1962 4920 sata-

374 4960 506 5029 gite,
533 4958 578 5015 si
606 4957 661 5013 in
693 4965 979 5027 ennspectu
1005 4953 1121 5023 ejus
1141 4953 1303 5009 vultis
1321 4955 1437 5009 veri
1460 4954 1653 5009 divites
1677 4970 1958 5025 apparere.

370 5049 617 5104 Audistis
655 5047 800 5102 enim
873 5047 997 5117 quia
1033 5045 1191 5099 hodie
1237 5053 1365 5099 nato
1394 5045 1623 5100 Domino
1651 5046 1823 5100 sancti
1865 5063 1962 5101 an-

370 5137 471 5206 geli
501 5145 860 5193 cantavcrunt
887 5155 900 5189 :
935 5156 951 5185 (
973 5134 1154 5191 Gloria
1182 5137 1233 5190 in
1256 5136 1484 5193 excelsis
1506 5137 1639 5202 Deo,
1661 5146 1714 5190 et
1741 5136 1792 5191 in
1819 5146 1961 5193 terra

372 5244 475 5299 pax
536 5228 845 5289 hominibus
893 5227 1047 5281 home
1100 5228 1391 5283 voluntatis
1439 5229 1701 5301 (Lucan).
1730 5249 1746 5281 ι
1791 5230 1961 5287 Hodie

371 5320 570 5391 quippe
596 5336 697 5390 pax
726 5319 835 5373 Deo
870 5334 993 5374 cum
1030 5320 1337 5376 hominibus
1386 5319 1529 5375 facta
1579 5331 1684 5387 est,
1716 5322 1810 5376 sed
1853 5338 1958 5377 non

445 5452 592 5522 ([15)
632 5453 884 5525 Aloysius
913 5454 1239 5525 Lipomanns
1265 5464 1320 5509 et
1364 5455 1697 5512 recentiores
1740 5455 1829 5511 alii
1872 5472 1956 5512 se-

373 5531 628 5592 quentem
660 5524 963 5579 sermouem
998 5526 1062 5578 de
1092 5524 1382 5580 Nativitate
1429 5526 1640 5579 Domini
1690 5527 1750 5580 Β.
1791 5526 1953 5582 Petro

373 5591 635 5666 Damiano
661 5595 956 5666 ascribunt.
1000 5593 1122 5666 Sed
1140 5610 1299 5666 quam
1340 5611 1525 5650 verum
1552 5596 1603 5649 id
1635 5597 1726 5660 sit,
1750 5597 1952 5666 optime

373 5662 757 5735 animadvertit
789 5663 1077 5735 cardinalis
1099 5662 1379 5735 Baronius,
1417 5666 1571 5735 initio
1607 5666 1736 5720 torni
1786 5662 1947 5735 primi

371 5732 662 5788 Annalium
702 5732 1214 5788 ecclesiastieorum.
1239 5733 1374 5788 Cum
1403 5734 1547 5788 enim
1585 5735 1639 5788 in
1681 5750 1746 5789 eo
1773 5732 1947 5791 sancti

373 5802 633 5859 Bernardi
661 5799 873 5859 abbatis
896 5800 1340 5869 Clarzevallensis,
1375 5803 1464 5871 qui
1488 5814 1608 5871 post
1634 5803 1696 5858 Β.
1725 5805 1943 5862 Petrum

2067 4701 2192 4741 cere
2221 4686 2601 4749 decrevissent,
2643 4686 2712 4740 ab
2751 4687 2899 4741 omni
2930 4686 3016 4739 illa
3045 4685 3418 4751 deorum,imo
3446 4686 3649 4739 dtemo—

2070 4777 2282 4830 niorum
2331 4775 2677 4829 multitudine
2728 4775 3077 4843 quaesierunt,
3120 4789 3401 4845 usquequo
3453 4775 3653 4829 durare

2066 4878 2250 4942 posset
2295 4880 2402 4924 tam
2448 4867 2762 4922 excellentis
2803 4868 2982 4936 operis
3021 4883 3249 4937 operosa
3293 4866 3650 4922 constructio.

2067 4961 2400 5029 Responsum
2425 4967 2507 5013 est
2537 4977 2549 5012 :
2576 4958 2758 5013 Donec
2793 4956 2952 5029 Virgo
2983 4968 3219 5029 pareret.
3250 4959 3324 5013 llli
3351 4960 3417 5013 ad
3446 4960 3648 5029 impos-

2066 5051 2373 5108 sibilitatem
2411 5050 2692 5105 oraculum
2747 5057 3145 5118 retorquentes,
3193 5048 3449 5119 templum
3488 5056 3650 5103 teter-

2065 5157 2192 5196 num
2224 5140 2516 5195 solemnem
2548 5139 2691 5192 illam
2742 5140 3048 5195 machinam
3079 5148 3428 5195 vocaverunt.
3480 5138 3647 5193 Nocte

2062 5243 2242 5287 autem
2272 5234 2393 5295 ista,
2428 5248 2548 5287 cum
2584 5234 2651 5286 de
2677 5232 2923 5302 virginali
2972 5231 3209 5287 thalamo
3249 5220 3524 5300 virgineus
3550 5229 3649 5283 ﬂos

2061 5324 2242 5381 Maria:
2266 5333 2661 5394 cgressurcst,
2710 5325 2785 5379 ita
2829 5310 3046 5389 cecidit,
3090 5331 3146 5378 et
3192 5320 3532 5378 confractum
3563 5331 3649 5375 est

2060 5455 2378 5527 Damianum
2403 5457 2675 5527 octoginta
2727 5456 2883 5527 annis
2924 5455 3065 5511 diem
3112 5452 3505 5527 obiit,_n_ieutio
3538 5453 3649 5527 lia-

2058 5526 2273 5591 beatur,
2321 5521 2722 5596 absque'dubio
2754 5526 2842 5580 alii
2895 5526 3208 5596 tribuendus
3254 5521 3648 5596 videturaNos

2059 5612 2185 5653 vero
2216 5598 2317 5651 hac
2344 5597 2411 5651 de
2431 5592 2594 5652 causa
2627 5597 2769 5651 beati
2800 5596 2900 5650 viri
2947 5595 3289 5650 sermonibus
3319 5593 3469 5647 illum
3500 5592 3647 5647 inse-

2056 5668 2280 5722 rendum
2318 5668 2589 5733 duximus,
2642 5676 2701 5720 ut
2753 5665 3042 5734 aliquando
3085 5662 3330 5734 alicujus
3361 5661 3645 5734 diligentia

2052 5752 2153 5791 suo
2182 5738 2499 5791 restituatur
2544 5736 2787 5791 auctori.
2831 5732 3027 5790 Cum.
3049 5762 3120 5775 —
3142 5732 3238 5791 Est
3271 5732 3480 5787 Nicolai
3522 5732 3646 5787 Cla-

2053 5807 2380 5863 nevalleusis
2393 5807 2667 5874 monachi,
2681 5816 2737 5861 ut
2751 5805 2863 5875 jam
2887 5803 3384 5862 monuimus.Enrr.
3397 5800 3638 5858 ΡΑτιοι..
