2032 3104
209 97 262 125 849

935 104 1052 133 SERMO
1071 105 1137 133 LXI.

1775 109 1830 138 850

211 153 274 181 illud
288 153 391 181 morale
415 157 443 181 et
453 153 636 183 columnatum
652 164 731 191 opus,
746 162 775 185 ut
790 157 831 186 vix
844 164 1031 195 appareantA
1045 161 1164 196 pietatis.
1193 163 1261 191 Puer
1287 164 1400 196 Domini,
1427 165 1460 192 de
1484 172 1538 200 quo
1568 165 1734 200 frequentius
1760 167 1829 194 facio

208 199 321 234 vestigia
334 199 486 227 ruinarum.

243 243 266 271 0
279 242 434 271 Bethleem!
447 245 543 273 civitas
563 246 611 273 Dei
631 249 739 280 summi,
765 254 792 276 et
815 251 841 277 in
858 256 895 283 te,
917 256 944 279 et
968 252 995 280 in

207 288 344 317 Iuburbiis
367 289 420 317 tuis
433 289 493 318 visa
505 296 568 319 sunt
582 292 715 321 mirabilia
737 294 828 323 hodie.
841 297 995 332 Deus,pen-

207 333 254 361 det
268 333 302 361 ab
315 333 454 368 uberibus,
469 335 580 370 ponitur
597 337 623 365 in
638 346 769 374 praesepe,
784 340 881 374 ligatur
898 343 925 370 in
948 351 996 371 cu-

207 378 260 410 nis,
278 380 374 413 pannis
399 380 553 412 involvitur,
580 386 606 409 et
631 383 727 410 laxatis
749 381 878 418 fasciolis,
905 387 994 415 felices

208 431 313 455 manus,
330 428 358 450 et
370 429 463 451 sancta
478 426 614 454 braehiola
630 435 678 462 per
691 437 818 456 cunarum
835 433 993 465 parvitatem

206 469 344 503 expandit.
360 469 461 496 Alludit
474 471 580 506 virgini,
597 474 675 500 matri
690 475 802 508 arridet,
815 482 840 503 et
854 477 993 506 blandien-

207 517 248 540 tes
272 513 364 541 oculos
392 514 425 541 ad
452 514 562 542 Mariam
586 517 731 552 intorquet.
762 520 821 547 Stat
851 523 993 556 perterrita

206 559 289 586 tantis
307 559 443 587 miraculis
467 561 558 596 regina
573 563 713 595 calorum,
738 566 840 593 confert
864 568 889 594 in
914 569 994 596 corde

205 611 255 631 suo
281 604 468 633 salutationem
496 607 672 642 archangeli,
699 612 901 646 conceptionem
930 613 991 645 Dei,

205 649 375 677 nativitatem
402 651 494 684 pueri;
520 656 548 679 et
577 653 691 681 miratur
709 657 778 689 quod
803 657 856 690 ille,
883 658 927 693 qui
954 660 993 687 sic

204 693 294 727 potuit
307 693 340 720 ad
354 701 403 721 nos
418 695 520 727 venire,
535 696 575 723 sic
588 697 671 725 voluit
687 700 840 728 subvenire.

239 737 323 765 Adest
343 742 370 766 et
385 738 495 774 «Ioseph;
514 741 559 767 sed
587 742 622 770 ab
646 748 759 778 utroque
775 751 904 780 remotus,
918 752 945 774 et
964 748 991 775 in

203 790 318 810 excessu
333 784 429 811 mentis
455 785 577 820 miratur,
593 792 620 814 et
639 789 729 816 mirari
745 791 810 817 satis
825 800 876 819 non
892 797 990 827 potest,

203 826 319 861 qualiter
329 827 365 854 sit
381 828 414 855 ad
428 833 507 857 tanta:
523 830 687 867 dignationis
701 834 835 863 admissus
850 826 989 865 arcanum.
1008 833 1028 862 Β

202 871 285 899 Adest
292 872 434 901 multitudo
441 875 557 903 caelestis
567 878 701 906 exercitus
708 884 735 906 et
742 881 797 908 voci
803 881 850 909 bus
857 882 989 917 gloriosis,

202 915 293 943 Gloria
309 917 336 944 in
354 918 461 946 excelsis
483 920 537 947 Deo
564 923 673 950 auditur
697 924 772 959 (Luc.
796 927 837 961 ιι).
860 915 990 955 l’astores

201 961 324 995 veniunt,
334 963 509 992 etinveniunt
531 974 643 1001 puerum
669 973 696 995 et
716 970 840 1004 puellam.
866 973 990 1002 Procedit

200 1006 287 1038 stella,
305 1015 381 1042 reges
394 1010 535 1043 accedunt,
558 1011 673 1040 adorant
694 1014 788 1047 lilium,
812 1022 927 1045 matrem
942 1026 988 1046 ve-

200 1056 350 1084 nerantur,
386 1054 501 1081 offerunt
532 1064 654 1090 munera,
687 1059 812 1087 delerunt
855 1062 987 1095 maiestati

199 1095 308 1130 (Matth.
323 1098 364 1132 Il).
384 1098 526 1127 Cruciatur
540 1100 673 1135 Herodes,
690 1103 874 1140 Hierosolyma
898 1107 988 1134 turba-

200 1146 255 1174 tur,
272 1143 445 1177 requiruntur
459 1145 568 1178 Scribze,
584 1147 659 1175 locus
669 1150 840 1183 przedicitnr;
854 1152 989 1180 inducitur

198 1186 344 1221 simulatio,
371 1189 512 1217 simulator
536 1192 568 1218 ad
597 1193 709 1221 nihilum
738 1195 888 1229 deducitur,
914 1199 988 1225 dete-

197 1236 298 1266 guntur
320 1239 471 1261 commenta
496 1235 629 1264 fraudum.
656 1238 724 1274 Magi
741 1248 788 1274 per
810 1241 890 1268 aliam
916 1244 986 1270 viam

197 1283 380 1312 revertuntur,
406 1289 457 1315 pax
487 1282 606 1310 inaudita
635 1291 650 1311 a
678 1286 776 1312 sreculo
803 1291 906 1322 regnat,
926 1289 986 1315 uni-

196 1329 293 1352 Versul
312 1325 385 1353 orbis
417 1327 449 1353 ad
484 1335 594 1355 censum
626 1330 797 1365 describitur,
834 1333 907 1360 rivus
934 1334 985 1362 olei

197 1368 231 1395 de
245 1374 315 1397 terra
331 1372 467 1405 persudat,
483 1377 510 1400 et
534 1374 559 1400 in
572 1375 683 1402 divitem
696 1384 791 1404 venam
810 1377 898 1413 liquor
921 1387 984 1408 san-

196 1415 330 1442 ctilicatus
345 1417 449 1445 ebullit.

232 1459 300 1493 Quid
315 1462 426 1495 esthoc,
448 1463 499 1491 nisi
515 1464 578 1498 quia
593 1472 655 1492 vera
678 1474 729 1500 pax
756 1468 783 1495 in
800 1469 878 1496 terris
901 1478 982 1505 appa-

196 1503 261 1537 ruit,
278 1505 328 1533 nisi
343 1507 404 1540 quia
421 1508 454 1535 ad
469 1516 614 1542 supernum
632 1518 741 1546 regnum
758 1513 830 1540 cives
843 1516 983 1542 ascribun-
998 1500 1021 1530 α

197 1553 250 1582 lur,
265 1550 315 1578 nisi
327 1553 389 1586 quia
402 1552 461 1580 fons
477 1554 667 1582 misericordia:
687 1557 719 1583 de
733 1557 841 1592 Virgine
863 1566 981 1593 emanat,

195 1595 284 1623 oleum
313 1597 425 1625 effusura
450 1607 546 1627 nomen
567 1601 664 1628 ttnnn?
689 1602 776 1636 (Cant.
800 1605 832 1637 l.)
865 1605 982 1639 Spiritus

195 1646 307 1668 sanctus
322 1642 468 1677 Scripturze
484 1644 562 1671 istius
583 1653 651 1672 unus
676 1651 702 1673 et
714 1648 809 1676 unicus
824 1648 982 1683 fabricator,

195 1685 351 1713 nonnullam
363 1695 418 1714 sua:
431 1688 601 1723 pinguedinis
614 1690 782 1719 dulcedinem
802 1693 850 1721 sub
864 1694 913 1722 hoc
937 1702 983 1722 ca-

194 1730 278 1764 pitulo
291 1731 444 1766 dereliquit.
461 1732 513 1760 Sed
526 1741 573 1761 vos
591 1737 729 1764 nocturnis
742 1738 839 1773 vigiliis
858 1740 894 1767 ita
909 1740 982 1769 defa-

195 1777 270 1812 tigati
285 1778 360 1811 estis,
378 1784 407 1806 ut
419 1780 461 1807 vix
476 1782 585 1815 possitis
598 1790 722 1812 somnum
741 1786 774 1813 ab
789 1787 875 1815 oculis
894 1796 981 1816 remo-

195 1828 266 1848 vere.
292 1822 422 1858 Evigilatc
434 1828 524 1852 tamen
537 1826 682 1862 paulisper,
700 1834 726 1856 et
741 1832 827 1863 somni
845 1837 980 1867 torporem

193 1866 322 1894 est-utile.
338 1867 418 1903 327
433 1870 527 1898 Aderit
552 1871 606 1904 ille,
624 1873 656 1900 de
680 1873 756 1908 cujus
778 1866 918 1905 nativitate
943 1878 981 1906 lo-

193 1911 312 1945 quiumr,
329 1913 500 1942 utilluminet
524 1916 617 1943 oculos
638 1923 755 1953 nostros,
771 1928 804 1947 ne
824 1922 977 1950 obdormia-

193 1963 261 1983 mus.
285 1956 369 1985 Totus
383 1963 472 1986 autem
494 1962 635 1990 sententia:
655 1971 751 1992 sensus
775 1973 806 1993 ex
831 1966 901 1995 illius
916 1976 977 1996 arca

192 2003 369 2037 mutuabitur,
395 2004 471 2039 cujus
495 2008 637 2035 consilium
662 2014 704 2036 est
730 2011 807 2044 quasi
835 2014 977 2041 consilium

193 2046 249 2074 Dei.
268 2047 328 2082 Ipse
341 2048 384 2076 ille
407 2054 448 2077 est
463 2050 592 2080 Dominus
611 2053 735 2081 videlicet
751 2055 977 2093 Clartevallensis,

190 2093 268 2126 cujus
291 2093 384 2129 religio
404 2099 433 2122 et
455 2096 590 2129 discretio,
611 2098 743 2132 sapientia
764 2105 792 2127 et
813 2101 976 2136 eloquentia,

190 2138 245 2164 vita
259 2143 287 2165 et
307 2138 377 2167 fama
398 2148 447 2175 per
468 2145 551 2169 totam
576 2142 750 2172 Latinitatem
773 2153 826 2173 non
841 2146 977 2175 immerito

188 2182 323 2216 decurrit;
336 2184 451 2212 libenter
466 2186 537 2212 enim
559 2186 630 2214 illius
643 2189 766 2217 sarcinas
788 2190 870 2218 adoro
891 2192 976 2228 (116).

189 2226 243 2255 Sed
255 2229 289 2256 ad
307 2230 472 2264 propositum
489 2237 666 2260 revertamur.

224 2272 358 2308 Benignus
379 2275 423 2303 ille
447 2276 573 2311 Spiritus,
590 2279 623 2305 dc
638 2278 715 2314 cujus
739 2281 879 2309 secretiori
903 2282 978 2311 fonte

188 2319 354 2347 Canticorum
375 2320 474 2349 flumen
497 2323 597 2355 evadit,
612 2323 639 2350 in
656 2324 696 2351 bis
715 2325 802 2353 tribus
817 2327 906 2355 verbis
925 2329 975 2356 tria

190 2363 266 2392 nobis
279 2366 440 2400 requirenda
467 2368 587 2403 reliquit,
609 2370 735 2398 videlicet
758 2379 855 2399 nomen
870 2375 974 2408 sponsi,

186 2415 270 2443 quare
283 2409 342 2438 oleo
355 2417 536 2447 comparetur,
551 2419 579 2441 et
594 2416 727 2449 quomodo
742 2416 903 2452 effundatur,
913 2420 976 2454 quia

186 2457 215 2480 et
227 2461 323 2482 nomen
338 2459 420 2490 tacet,
436 2458 469 2485 de
479 2460 681 2493 comparatione
697 2461 735 2488 nil
759 2461 887 2498 loquitur,
910 2466 977 2493 nihil

186 2498 252 2525 dicit
272 2499 305 2527 de
326 2499 464 2529 effusione.
488 2503 608 2531 Primum
633 2506 666 2533 de
690 2508 800 2536 nomine
822 2510 974 2538 videamus.

186 2543 278 2578 Multa,
291 2550 320 2573 ut
332 2548 458 2583 arbitror,
470 2551 598 2578 vocabula
612 2554 702 2587 sponsi
716 2561 765 2588 per
777 2555 894 2584 divinam
902 2558 975 2585 Scri-

185 2594 290 2624 pteram
304 2599 398 2627 sparsa
412 2595 548 2629 leguntur,
569 2597 616 2625 sed
633 2599 658 2625 in
673 2599 778 2628 duobus
796 2603 887 2630 verbis
911 2604 972 2630 uni-

184 2640 262 2663 vorsa
276 2638 449 2673 complector.
476 2641 583 2668 Nullum
600 2643 720 2677 profecto
735 2646 888 2680 reperietis,
901 2649 974 2682 quod

183 2686 237 2707 non
262 2688 340 2710 sonet
364 2689 411 2711 aut
435 2685 583 2720 majestalis
601 2689 760 2724 potentiam,
788 2696 835 2718 aut
856 2694 973 2728 gratiam

1038 208 1222 242 .tnentionem,
1246 209 1279 236 ad
1304 209 1374 244 regis
1398 209 1549 237 cubiculum
1572 210 1750 244 introductus,
1776 212 1829 240 duo

1046 255 1122 289 quasi
1146 255 1302 282 sublimiora
1321 256 1353 282 de
1372 256 1456 290 ipsius
1469 263 1516 283 ore
1539 256 1687 284 divinitatis
1700 258 1801 284 audivit
1819 265 1828 285 :

1048 309 1057 325 ι
1075 299 1197 327 Potestas
1208 301 1255 328 Dei
1268 305 1320 333 est,
1329 301 1425 336 inquit,
1433 306 1461 328 et
1474 301 1533 333 tibi,
1541 301 1663 333 Domine,
1674 302 1829 330 misericor—

1046 346 1089 374 dia
1103 346 1249 382 (ιτα.ι.ιι).
1272 357 1281 373 ι
1306 346 1360 375 Sed
1384 351 1411 375 et
1435 347 1491 382 ipse
1518 346 1643 375 Salvator
1666 348 1829 382 prophetica:

1046 391 1151 418 veritati
1167 396 1310 425 attestans,
1330 392 1365 419 ait
1380 399 1387 419 :
1411 401 1421 417 ί
1438 393 1491 419 Vos
1509 393 1613 420 vocatis
1632 400 1675 420 me
1689 393 1828 428 magister,

1045 442 1072 464 et
1090 437 1244 469 Domine,et
1252 438 1322 466 bene
1334 438 1433 466 dicitis.
1448 438 1512 465 Sum
1524 439 1623 465 etenim
1636 438 1724 473 (Joan.
1739 439 1807 475 xm).
1817 450 1826 466 ι

1044 482 1175 510 Dominus
1194 490 1291 511 nomen
1311 488 1352 510 est
1375 483 1533 518 majestatis,
1560 484 1667 519 pietatis
1691 485 1827 520 magister.

1045 527 1073 555 Si
1088 529 1160 555 enim
1186 529 1258 564 pium
1283 534 1325 557 est
1353 530 1473 564 prtebere
1492 537 1581 557 escatn
1605 530 1721 565 corpori,
1747 531 1829 558 multo

1045 574 1245 602 misericordius
1260 579 1303 602 est.
1316 583 1405 602 escam
1428 576 1525 603 anima:
1544 576 1688 611 imparliri,
1700 576 1772 610 quod
1786 580 1828 603 est

1044 619 1153 654 proprie
1163 620 1365 654 magistrorum,
1376 620 1422 656 qui
1434 625 1537 649 mentes
1549 621 1761 656 indisciplinatas
1777 622 1828 649 sub

1044 664 1191 699 diseipliua:
1207 665 1295 700 rigore
1309 670 1445 693 coercent.

1080 710 1224 737 Videamus
1233 710 1304 744 quod
1312 711 1409 738 horum
1419 711 1557 738 nominum
1568 710 1827 744 eﬂ‘unoatur,utrum

1043 763 1141 783 nomen
1156 756 1281 790 potentia;
1296 756 1323 783 in
1343 763 1439 783 nomen
1458 756 1561 791 gratiae.
1577 756 1618 783 vel
1633 764 1729 783 nomen
1743 757 1828 791 pieta-

1044 800 1078 828 tis
1094 800 1120 828 in
1134 799 1284 834 maiestatis
1304 800 1471 828 vocabulum.
1493 801 1581 832 Absit,
1598 804 1627 828 ut
1642 800 1831 829 misericordia

1042 846 1070 875 in
1098 846 1218 881 potentia
1243 846 1409 879 includatur,
1436 848 1498 881 quia
1532 856 1541 872 «
1559 846 1744 874 miserationes
1770 842 1828 880 eius

1041 898 1123 926 super
1133 890 1225 919 omnia
1240 899 1321 926 opera
1334 890 1393 926 ejus
1417 891 1503 927 (Psul.
1516 891 1616 927 cxuv).
1634 901 1644 918 ›
1664 891 1773 919 Certum
1786 895 1828 918 est

1040 943 1125 971 ergo,
1153 936 1217 971 quia
1241 940 1359 970 potestas
1388 936 1434 962 Dei
1462 936 1488 963 in
1512 936 1640 970 majorem
1663 936 1742 963 hodie
1765 935 1826 970 pic-

1041 984 1123 1008 tatsm
1137 980 1221 1008 effusa
1234 985 1285 1013 est,
1300 988 1360 1008 cum
1376 980 1436 1008 cwli
1450 980 1648 1007 distillaverunt
1658 987 1673 1007 a
1687 980 1756 1007 facie
1768 980 1827 1012 Dei,

1039 1029 1068 1052 et
1082 1025 1115 1053 de
1127 1024 1257 1061 virgineis
1279 1025 1407 1053 membris
1425 1029 1545 1052 vetustus
1566 1025 1670 1052 dierum
1694 1025 1825 1052 exoritur.

1040 1070 1096 1098 Non
1107 1076 1158 1102 est,
1175 1071 1220 1105 qui
1232 1078 1261 1098 se
1274 1071 1422 1099 abscondat
1435 1079 1449 1098 a
1463 1071 1552 1098 calore
1570 1071 1636 1104 isto;
1651 1071 1713 1106 quia
1725 1070 1826 1105 largior

1038 1114 1091 1144 olei
1103 1115 1199 1143 effusio
1212 1123 1227 1142 a
1241 1116 1329 1150 capite
1343 1116 1482 1143 descendit
1494 1116 1520 1142 in
1536 1116 1658 1148 barbam,
1674 1123 1734 1150 qua:
1742 1115 1824 1142 etiam

1038 1165 1186 1189 extremam
1211 1162 1363 1189 vestimenti
1390 1161 1524 1189 fimbriam
1555 1161 1657 1197 largius
1686 1161 1824 1188 irroravit.

1038 1205 1124 1234 Tanta
1137 1211 1178 1234 est
1189 1206 1354 1233 abundantia
1367 1206 1533 1238 miserantis,
1554 1211 1583 1234 ut
1598 1214 1651 1234 non
1672 1206 1759 1234 solutn
1773 1205 1826 1234 sub

1037 1252 1146 1279 nomine
1161 1251 1310 1285 ed‘usionis,
1325 1252 1372 1279 sed
1394 1256 1422 1280 et
1441 1252 1632 1280 exinanitionis
1654 1256 1795 1280 censeatur
1815 1261 1822 1279 :

1039 1305 1049 1322 ι
1063 1296 1218 1323 Exinanivit
1230 1296 1415 1332 semetipsum,
1431 1305 1440 1324 I
1455 1296 1491 1323 ait
1506 1296 1663 1331 Apostolus,
1678 1304 1689 1321 ε
1709 1295 1823 1323 fortnam

1037 1341 1107 1370 servi
1118 1351 1128 1368 ι
1145 1341 1276 1369 hodierna
1285 1341 1328 1369 die
1345 1352 1354 1368 ι
1366 1341 1503 1376 accipiens
1525 1341 1635 1377 (Philip.
1644 1341 1687 1376 tt),
1698 1351 1708 1368 ι
1721 1345 1747 1368 et
1760 1349 1822 1370 cum

1038 1391 1092 1414 tota
1112 1386 1282 1414 multitudine
1302 1386 1504 1414 miserationum
1524 1394 1633 1414 suarum
1651 1386 1684 1414 de
1705 1386 1823 1414 thalamo

1036 1431 1150 1466 prosiliit
1166 1431 1305 1466 virginali;
1330 1438 1382 1458 non
1399 1431 1470 1458 enim
1486 1431 1580 1458 habuit
1601 1431 1746 1459 dulciorem
1765 1439 1824 1459 mo-

1036 1475 1099 1503 dum
1113 1476 1146 1503 ad
1170 1475 1354 1504 redimendum
1375 1483 1425 1503 nos
1446 1475 1559 1511 abyssus
1582 1475 1627 1503 illa
1650 1476 1822 1504 consiliorum

1037 1521 1095 1554 Dei,
1109 1521 1172 1556 quia
1196 1521 1325 1556 quidquid
1341 1520 1491 1548 divinitatis
1516 1521 1543 1548 in
1566 1521 1692 1548 thesauro
1714 1521 1823 1556 pietatis

1034 1567 1173 1594 inventum
1200 1570 1251 1595 est.
1281 1570 1367 1594 totum
1395 1566 1422 1594 in
1458 1571 1537 1594 utero
1560 1565 1679 1602 Virginis
1709 1571 1751 1595 est
1774 1574 1821 1602 ag-

1032 1616 1147 1648 gestum.

1070 1656 1128 1683 Non
1143 1663 1186 1684 me
1195 1656 1273 1692 capio
1285 1663 1341 1691 prae
1354 1656 1458 1691 ltetitia,
1473 1656 1546 1693 quod
1560 1656 1606 1685 illa
1622 1656 1751 1693 maiestas
1772 1664 1821 1684 na-

1036 1705 1124 1729 turam
1138 1709 1215 1729 suam
1228 1701 1396 1735 exinaniens,
1411 1702 1439 1729 in
1451 1706 1578 1731 naturam
1592 1710 1660 1731 mea:
1675 1702 1777 1736 carnis,
1792 1706 1820 1730 et

1033 1746 1172 1781 sanguinis
1193 1746 1374 1781 superveniat,
1396 1750 1425 1774 et
1445 1753 1488 1774 me
1510 1746 1639 1774 miserum
1657 1746 1684 1775 in
1710 1747 1820 1774 divitias

1032 1793 1124 1830 gloria:
1138 1801 1193 1825 suae
1207 1801 1260 1821 non
1274 1793 1307 1821 ad
1321 1794 1428 1827 horam,
1451 1793 1498 1821 sed
1512 1793 1539 1821 in
1563 1794 1755 1829 sempiternum
1778 1793 1818 1821 in-

1032 1839 1132 1867 cludat.
1156 1839 1200 1867 Fit
1214 1838 1305 1866 .frater
1326 1846 1413 1873 meus,
1437 1838 1566 1867 Dominus
1581 1846 1673 1872 meus;
1694 1839 1818 1867 timorem

1031 1884 1137 1912 Domini
1153 1884 1245 1911 fratris
1257 1884 1343 1912 vincit
1365 1884 1487 1912 alfectus.
1504 1883 1616 1912 Domine
1637 1883 1711 1918 Jesu,
1733 1884 1819 1912 liben-

1032 1933 1073 1957 ter
1089 1934 1114 1957 te
1127 1928 1208 1956 audio
1228 1933 1385 1965 regnantem
1407 1928 1435 1957 in
1455 1929 1540 1962 etelis,
1561 1928 1687 1956 libentius
1701 1936 1817 1956 nascen-

1031 1978 1085 2001 tem
1098 1974 1124 2001 in
1140 1974 1229 2007 terris,
1240 1974 1417 2002 libentissime
1425 1981 1544 2006 crucem,
1556 1973 1646 2001 clavos
1658 1978 1685 2001 et
1697 1973 1818 2001 lanceam

1031 2019 1225 2053 sustinentem;
1244 2020 1302 2047 haec
1323 2019 1455 2055 siquidem
1478 2019 1572 2047 ell'usio
1598 2019 1667 2054 rapit
1692 2018 1818 2047 affectum

1030 2072 1133 2097 meum,
1152 2068 1181 2092 et
1195 2064 1308 2092 istorum
1325 2064 1456 2092 memoria
1476 2063 1641 2092 convalescit
1660 2071 1708 2091 eor
1728 2070 1827 2095 meum,

1030 2110 1146 2138 viventis
1178 2113 1207 2138 et
1233 2109 1329 2138 vivida:
1349 2110 1468 2145 potionis
1493 2109 1641 2145 asperitate
1663 2113 1818 2145 purgatum.

1030 2157 1114 2193 328
1124 2156 1224 2185 Vivens
1237 2160 1279 2185 est
1292 2156 1344 2185 iste
1356 2163 1446 2185 sermo
1456 2160 1484 2184 et
1496 2156 1603 2184 efficax.
1624 2160 1652 2184 et
1663 2155 1818 2191 penetrabi-

1029 2203 1081 2231 lior
1090 2202 1164 2231 omni
1187 2202 1276 2238 gladio
1292 2202 1415 2237 ancipiti,
1430 2202 1588 2238 pertingens
1607 2202 1648 2229 ad'
1660 2202 1818 2230 divisionem

1029 2247 1126 2275 anima:
1153 2251 1181 2275 et
1202 2247 1324 2282 spiritus,
1336 2254 1497 2283 eompagum
1511 2254 1627 2282 quoque,
1645 2254 1678 2275 ac
1691 2247 1819 2276 medulla-

1028 2301 1089 2321 rum
1102 2297 1239 2321 scrutator
1251 2292 1345 2328 (Hebr.
1358 2292 1406 2328 tv).

1064 2338 1139 2367 Unus
1154 2338 1273 2371 illorum,
1287 2338 1333 2373 qui
1346 2337 1512 2373 prophetalis
1524 2338 1600 2366 chori
1615 2341 1662 2367 aut
1677 2338 1816 2374 magism,

1030 2390 1078 2414 aut
1090 2386 1161 2413 inter
1175 2385 1320 2421 magistros
1340 2389 1392 2418 est,
1411 2385 1461 2413 sub
1476 2385 1582 2413 senaria
1599 2385 1751 2413 divinorum
1766 2392 1816 2413 no-

1030 2433 1132 2460 minum
1147 2432 1304 2468 partitione,
1316 2432 1349 2459 de
1361 2432 1414 2459 hae
1433 2431 1563 2460 effusione
1581 2431 1741 2459 mirabiliter
1757 2431 1817 2466 qni-

1028 2478 1155 2510 dem,sed
1167 2476 1301 2505 subtiliter
1313 2476 1504 2512 prophetavit:
1523 2485 1534 2502 ι
1549 2475 1707 2509 Vocabitur,
1717 2475 1816 2510 inquit,

1027 2530 1125 2551 nomen
1149 2522 1208 2557 ejus
1220 2522 1403 2555 Admirabilis,
1417 2520 1603 2554 Consiliarius,
1622 2521 1703 2554 Deus,
1727 2521 1814 2552 fortis,

1027 2568 1109 2596 Pater
1121 2568 1204 2596 futuri
1221 2568 1323 2600 saeculi,
1339 2568 1470 2604 Princeps
1482 2569 1557 2604 pacis
1578 2568 1647 2606 (lca.
1661 2569 1711 2604 ιι).
1728 2578 1737 2594 ι
1753 2567 1817 2596 Erat

1027 2614 1135 2648 quidem
1151 2613 1319 2641 admirabilis
1344 2613 1474 2642 Dominus
1487 2622 1563 2642 meus
1589 2614 1659 2641 inter
1681 2613 1818 2649 angelicas

1026 2659 1145 2691 ordines,
1166 2659 1280 2687 audiens
1303 2660 1432 2695 hymnum
1446 2661 1538 2696 gloriae
1561 2669 1628 2694 suae,
1652 2661 1818 2689 admirabilis

1026 2704 1065 2733 illi
1081 2704 1198 2735 mirabili
1215 2708 1360 2740 creatum,
1373 2705 1477 2735 faciens
1499 2706 1632 2736 mirabilia
1651 2706 1680 2735 in
1690 2706 1769 2754 ctelp,
1790 2710 1817 2734 et

217 2770 292 2807 (“6)
314 2772 343 2801 S.
363 2774 527 2804 Bernardnm
540 2777 613 2806 dicit.
631 2777 764 2814 Vidcvjus
778 2788 859 2808 serm.
884 2781 915 2810 l5
937 2783 963 2810 in
982 2783 1060 2812 Cant.
