4064 6208
395 223 495 279 851

1011 219 1068 275 S.
1111 217 1310 274 PETRI
1351 215 1631 271 DAMIANI
1662 215 1814 271 OPP.
1850 213 2027 269 PARS
2066 212 2197 270 SEU
2235 211 2473 270 TOMUS
2508 213 2574 269 ll.
2609 244 2666 254 —
2703 213 3090 271 SERMONES.

3552 216 3662 272 339.

389 335 444 387 in
476 342 642 395 terra,
671 331 723 384 in
750 330 904 395 mari,
927 339 981 384 et
1010 330 1063 384 in
1085 330 1336 384 omnibus
1363 328 1594 398 abyssis.
1625 329 1738 397 Ego
1766 336 1968 395 autem,
1995 332 2049 393 Α
2073 326 2506 384 substantiarum
2557 329 2940 393 amaritudine,
2993 329 3169 384 oleum
3221 331 3363 398 quod
3396 312 3668 387 exhilarat

391 427 444 477 in
473 422 586 478 luto
612 421 756 476 faecis
805 429 859 475 et
883 417 1112 475 miseria:
1133 420 1444 484 obvolutus,
1475 421 1639 476 miser
1659 429 1715 476 et
1745 420 1974 476 misera-

391 513 773 568 bilis‘omnem
823 527 969 582 spem
1021 511 1328 581 emergcndi
1381 511 1740 581 perdideram.
1790 509 1881 566 Ille
1920 511 1975 566 in

389 603 586 672 gloria,
627 616 728 672 ego
765 601 815 655 in
870 600 1120 666 miseria;
1165 600 1250 654 ille
1281 600 1644 666 admirabilis,
1675 615 1774 667 ego
1814 599 1976 655 mise-

393 691 598 746 rabilis.
625 709 643 742 ι
669 690 926 745 Sanctum
954 701 1006 746 et
1025 691 1265 746 terribile
1288 707 1484 760 nomen
1507 690 1810 762 ejus(!’sal.
1828 688 1969 761 ex)”

390 785 533 853 quod
565 786 650 838 vix
677 784 875 838 audeat
907 782 995 838 illa
1037 783 1252 854 dignior
1284 784 1569 839 nominare
1601 793 1812 837 natura.
1868 781 1976 837 No-

391 891 513 930 men
548 876 688 930 istud
731 875 972 930 clausum
1027 885 1079 930 et
1124 877 1416 944 integrum,
1476 877 1744 944 quomodo
1782 890 1976 946 capere

388 977 658 1035 poteram,
685 982 846 1036 quem
872 966 961 1020 vix
989 966 1266 1037 angelicus
1291 967 1480 1022 oculus
1507 967 1836 1037 prospicere,
1875 982 1974 1022 ne-

388 1058 516 1112 dum
547 1057 829 1127 percipere
853 1059 1074 1128 potest?

462 1147 572 1205 Sed
617 1149 739 1204 vide
800 1148 1141 1203 effusionem.
1187 1148 1298 1214 Ille,
1356 1149 1446 1218 qui
1477 1157 1597 1204 erat
1642 1147 1978 1203 admirabilis

327 1223 348 1297 ’.
392 1239 702 1308 agminibus
749 1239 1087 1310 angelorum,
1134 1239 1359 1293 inclinat
1401 1238 1590 1302 ctelos,
1622 1247 1678 1292 et
1707 1237 1766 1291 ﬁt
1801 1237 1981 1292 consi-

315 1352 341 1410 "
388 1332 579 1386 liaritts
603 1330 907 1384 hominum.
940 1329 1334 1397 Majestativum
1361 1344 1554 1384 nomen
1589 1329 1640 1382 in
1664 1328 1979 1398 pietativum

389 1421 722 1486 effunditur;
755 1428 812 1476 et
859 1421 950 1491 qui
982 1419 1248 1475 mirabilis
1275 1429 1356 1474 est
1381 1420 1433 1474 in
1483 1419 1656 1482 caelis,
1694 1419 1982 1474 consulere

387 1514 538 1568 venit
591 1512 643 1566 in
675 1512 867 1578 terris;
924 1511 1209 1566 abscondit
1257 1526 1552 1581 purpuram
1597 1511 1698 1567 sub
1747 1511 1982 1566 miseria:

391 1601 747 1664 vestimentis,
795 1610 853 1655 et
894 1601 959 1654 ad
1000 1599 1171 1654 lutum
1244 1600 1335 1654 ubi
1372 1597 1644 1667 iacebam,
1691 1600 1982 1655 inclinatus

2075 417 2269 474 faciem
2321 420 2556 475 hominis
2595 420 2770 492 (Psal.
2821 421 2962 492 cm),
3012 423 3154 490 quod
3205 431 3363 476 sanat
3416 423 3665 488 vulnera,

2074 509 2318 564 dolorem
2348 508 2507 574 tollit,
2544 509 2720 564 reddit
2761 511 3104 565 suavitatem.
3152 509 3342 566 Nonne
3367 512 3666 567 Samarita-

2075 615 2177 655 nus
2213 609 2400 656 noster
2427 601 2586 656 nobis
2621 618 2649 654 a
2681 601 2888 656 latrone
2915 602 3151 671 pessimo
3195 603 3490 658 vulneratis
3517 612 3663 658 attu-

2074 689 2147 744 lit»
2191 689 2371 746 oleum
2401 699 2456 745 et
2495 689 2678 744 vinum
2725 690 2789 744 ad
2829 694 3188 761 purgandum,
3234 701 3288 746 et
3316 692 3666 763 mitigandam

2075 782 2319 855 vulneris
2369 783 2842 855 magnitudinem?
2893 785 3000 840 Sed
3049 787 3277 840 multum
3304 787 3434 851 olei,
3474 803 3669 857 parum

2076 872 2233 938 vini;
2289 871 2518 927 multum
2565 873 2972 940 misericordiae,
3021 874 3248 943 iustitia:
3313 891 3523 946 parum.
3575 875 3669 932 Sic

2078 963 2280 1034 quippe
2308 963 2536 1019 decebat
2562 964 2935 1029 miserantem,
2969 967 3049 1020 sic
3095 967 3295 1020 misero
3321 967 3666 1036 expediebat.

2083 1074 2100 1106 ι
2139 1047 2258 1109 Non
2301 1056 2472 1111 intres
2528 1055 2580 1109 in
2615 1055 2882 1126 judicium
2935 1072 3056 1111 cum
3087 1073 3246 1113 servo
3288 1068 3402 1122 tuo,
3443 1057 3692 1128 Domine,

2078 1146 2154 1200 ait
2189 1143 2401 1210 Justus,
2429 1144 2555 1215 quia
2608 1160 2714 1201 non
2739 1145 3129 1215 justiticabitur
3167 1149 3221 1202 in
3258 1159 3551 1218 conspectu
3579 1158 3672 1204 tuo

2078 1235 2256 1290 omnis
2285 1235 2471 1290 vivens
2497 1235 2671 1308 (Psal.
2697 1241 2901 1301 cxmt);
2949 1258 2967 1289 ι
3004 1238 3098 1294 sed
3131 1254 3328 1293 corona
3363 1255 3448 1295 me
3478 1240 3531 1294 in
3563 1240 3672 1294 mi-

2079 1327 2398 1394 sericordia,
2443 1336 2497 1384 et
2551 1329 2989 1386 miserationibus
3048 1329 3221 1402 (Psal.
3268 1333 3386 1404 cn).
3439 1329 3672 1388 Vediens

2079 1418 2280 1490 quippe
2305 1417 2485 1482 hodie,
2515 1420 2753 1491 quinque
2779 1436 2907 1476 vasa
2932 1422 3115 1476 attulit
3136 1423 3258 1484 olei.
3296 1439 3400 1478 non
3430 1424 3532 1478 nisi
3561 1425 3673 1480 duo

2080 1508 2212 1562 vini.
2243 1507 2481 1579 Spiritus
2516 1511 2663 1564 enim
2719 1513 3002 1581 sapientia:
3061 1521 3117 1567 et
3167 1513 3488 1580 intellectus,
3542 1531 3672 1570 con-

2081 1601 2209 1666 silii,
2238 1601 2479 1657 scientiae
2527 1611 2582 1657 et
2621 1603 2839 1673 pietatis
2884 1603 3022 1674 (Isa.
3067 1605 3168 1676 xt),
3231 1619 3408 1661 nonne
3435 1606 3674 1661 dulcedi-

394 1707 504 1748 non
533 1693 818 1764 mergitur.
856 1691 927 1758 is,
955 1693 1126 1747 audeo
1151 1692 1353 1756 dicere,
1383 1692 1582 1748 inﬁxus
1613 1694 1666 1746 in
1699 1692 1828 1746 limo
1855 1707 1982 1762 pro-
2015 1684 2055 1741 Β
2084 1709 2208 1748 nem
2239 1702 2418 1758 sonat,
2446 1693 2877 1748 misericordiam
2906 1695 3133 1767 fragrat,
3156 1706 3368 1752 eructat
3393 1699 3669 1752 abundan-

393 1784 566 1849 fundi,
592 1784 743 1854 operi
773 1797 1033 1837 manuum
1064 1797 1285 1837 suarum
1316 1783 1544 1854 porrigit
1581 1779 1887 1844 dexteram,
1913 1782 1982 1838 de

388 1873 672 1946 profundis
715 1890 978 1944 aquarum
1019 1874 1281 1942 extrahit,
1311 1883 1612 1929 extractum
1655 1873 1846 1940 abluit,
1879 1875 1979 1928 ab-

392 1967 564 2021 lutum
599 1965 796 2031 induit,
827 1965 1078 2021 indutum
1112 1973 1378 2036 reportat,
1423 1973 1757 2036 reportatum
1783 1964 1980 2020 confir-

390 2067 524 2113 mat.
572 2057 808 2128 Porrigit
837 2057 1117 2112 dexteram
1162 2072 1286 2112 cum
1335 2058 1597 2122 nascitur,
1641 2073 1762 2112 cum
1808 2057 1981 2126 loqui-

390 2160 479 2205 tur
505 2150 764 2214 extrahit,
788 2149 959 2205 abluit
983 2165 1108 2204 cum
1144 2149 1396 2213 moritur,
1426 2151 1599 2204 induit
1634 2167 1756 2206 cum
1791 2165 1977 2205 resur-

391 2243 488 2312 git,
520 2258 642 2297 cum
668 2243 912 2297 ascendit
942 2250 1204 2311 reportat,
1250 2244 1540 2297 confirmat
1565 2259 1686 2298 cum
1727 2243 1979 2312 spiritum

389 2333 592 2389 emittit
640 2334 706 2388 de
750 2333 922 2389 caelis.
963 2333 1144 2390 Bonus
1192 2336 1409 2404 quidem
1476 2335 1844 2400 consiliarius,
1886 2335 1980 2404 qui

390 2424 699 2484 consilium,
723 2425 868 2494 quod
889 2441 1023 2480 voce
1045 2426 1254 2480 dederit
1281 2435 1332 2480 et
1359 2435 1530 2481 morte
1550 2425 1810 2480 defendit.
1849 2427 1981 2481 Erat

390 2515 536 2572 enim
583 2516 807 2581 docens,
839 2517 914 2571 ait
959 2517 1309 2587 evangelista,
1341 2517 1479 2572 sicut
1517 2526 1837 2586 potestatem
1879 2518 1978 2572 ha-

389 2606 546 2670 bens,
580 2621 685 2661 non
731 2607 872 2664 sicut
901 2622 1089 2662 eorum
1123 2606 1330 2665 Scriba:
1387 2617 1440 2662 et
1469 2607 1726 2662 Pharisaei
1761 2607 1976 2677 (Matth.

393 2699 527 2770 vn);
559 2697 700 2768 Deus
754 2706 813 2751 et-
837 2697 1047 2761 Fortis;
1085 2699 1302 2752 nomina
1359 2708 1487 2753 sunt
1527 2701 1837 2768 potestatis,
1885 2700 1980 2755 sed

396 2787 538 2841 Dens
566 2779 859 2841 effunditur
910 2787 962 2840 in
1015 2786 1231 2840 Patrem
1283 2785 1447 2840 futuri
1489 2788 1692 2850 saeculi,
1725 2787 1880 2843 fortis
1925 2788 1979 2842 in

393 2875 697 2946 principem
729 2862 900 2956 pacis.
931 2872 1174 2930 Breviter
1201 2891 1382 2943 curro,
1412 2877 1537 2946 quia
1562 2885 1616 2932 et
1645 2876 1904 2949 fatigatis,
1927 2888 1982 2932 et

393 2966 693 3024 scientibus
717 2980 888 3040 legem
916 2968 1131 3038 loquor.

2082 1784 2212 1839 tiam
2234 1784 2565 1840 suavitatis?
2591 1783 2876 1841 Fortitudo
2905 1795 2960 1841 et
2983 1787 3145 1842 timor
3168 1788 3352 1842 viuum
3385 1796 3530 1842 sunt.
3562 1787 3672 1842 Sed

2078 1877 2183 1931 hoc
2213 1874 2339 1929 vino
2390 1883 2610 1946 potatus
2657 1885 2739 1932 est
2765 1885 2958 1946 potens
3011 1877 3120 1946 ille,
3169 1893 3292 1934 cum
3328 1876 3577 1933 Christus
3617 1879 3673 1931 in

2079 1966 2272 2038 spiritu
2297 1965 2629 2024 fortitudinis
2655 1969 2935 2025 descendit
2959 1970 3024 2024 ad
3048 1968 3269 2036 inferos,
3301 1986 3406 2027 non
3429 1970 3672 2038 timidus,

2079 2060 2174 2115 sed
2205 2059 2502 2115 timendus.

2154 2150 2443 2206 Videamus
2468 2165 2615 2207 nunc
2637 2165 2806 2222 quare
2833 2151 2953 2206 oleo
3002 2161 3366 2222 comparetur.
3378 2151 3587 2216 Oleum,
3619 2151 3674 2206 si

2080 2260 2176 2300 vos
2203 2243 2395 2300 melius
2426 2260 2533 2300 non
2563 2243 2796 2310 habetis,
2843 2243 3006 2309 lucet,
3035 2244 3208 2316 pascit
3233 2254 3286 2300 et
3327 2245 3496 2316 ungit.
3527 2243 3673 2298 idem

2079 2338 2212 2394 facit
2237 2338 2443 2394 Christi
2471 2349 2692 2404 nomen,
2714 2346 2768 2392 et
2814 2353 2911 2407 per
2935 2337 3116 2391 omnia
3147 2345 3410 2392 consonat
3455 2351 3675 2405 compa-

2081 2429 2300 2485 rationi.
2339 2428 2508 2484 Lucet
2554 2428 2926 2499 przedicatum,
2976 2427 3150 2497 pascit
3181 2426 3556 2496 recogitatum,
3590 2425 3675 2479 in-

2081 2531 2332 2578 vocatum
2357 2513 2490 2575 lenit
2513 2528 2570 2574 et
2601 2519 2774 2591 ungit.
2817 2519 2950 2576 Vide
2974 2517 3190 2588 quando
3221 2516 3476 2588 przeclara
3506 2515 3671 2569 lumi-

2082 2612 2233 2666 naria
2259 2611 2439 2664 lumen
2468 2609 2702 2665 nominis
2734 2607 2892 2679 hujus
2930 2623 3092 2680 super
3116 2606 3438 2677 eloquentia:
3464 2607 3670 2660 caude-

2081 2702 2291 2757 labrum
2316 2709 2684 2772 portaverant,
2716 2701 2760 2754 si
2788 2717 2892 2755 non
2922 2699 3212 2754 illuxerunt
3255 2699 3672 2754 coruscationes

2082 2797 2174 2852 Dei
2195 2795 2313 2850 orbi
2343 2805 2518 2862 terrae,
2547 2793 2594 2849 si
2623 2809 2728 2849 non
2748 2793 2802 2847 in
2826 2791 3111 2862 splendore
3137 2789 3362 2862 fulguris
3393 2798 3666 2846 commota

2079 2897 2180 2951 est,
2212 2897 2265 2941 et
2318 2887 2646 2951 contremuit
2695 2895 2858 2940 terra.
2915 2903 2933 2936 ι
2969 2884 3027 2939 lu
3057 2883 3274 2938 nomine
3307 2880 3439 2938 Jesu
3468 2880 3674 2937 Christi

2080 2992 2262 3046 surge,
2293 2985 2349 3030 et
2387 2973 2601 3030 ambula
2635 2974 2772 3046 (Act.
2802 2972 2909 3045 nt),
2955 2991 2976 3026 ι
3015 2973 3146 3028 dicit
3191 2971 3387 3027 claudo
3414 2971 3672 3042 princeps

465 3065 604 3133 Quid
650 3065 770 3129 tibi,
811 3065 1218 3120 mussilahunde
1260 3064 1497 3132 Lucifer,
1540 3065 1598 3120 in'
1644 3073 1793 3120 tanta
1823 3061 1979 3120 diﬂ'u-
2008 3035 2051 3095 Ο
2085 3035 2472 3137 apostolorum.
2502 3035 2693 3123 Nonne
2735 3035 2891 3138 quasi
2937 3064 3115 3137 fulgur
3167 3064 3408 3120 exsilivit
3457 3063 3525 3118 ab
3576 3079 3675 3118 ore

393 3157 582 3214 sione?
625 3155 882 3211 Clausum
933 3165 1017 3210 est
1059 3156 1155 3211 tibi
1209 3164 1381 3209 totum
1418 3156 1758 3210 itinerarium
1787 3156 1904 3220 Dei,
1929 3165 1984 3211 et

394 3247 699 3318 malignans
726 3245 917 3301 oculos
947 3255 1070 3300 tuus
1105 3245 1196 3302 hic
1226 3244 1450 3300 nimium
1482 3244 1756 3316 caligavit.
1791 3244 1897 3299 Sed
1925 3254 1982 3298 et

396 3338 660 3395 Dominus
692 3351 844 3395 tnetts
874 3335 1211 3391 admirabilis
1242 3335 1344 3389 fuit
1375 3335 1427 3391 in
1459 3335 1759 3397 nativitate,
1801 3335 1981 3391 consi-

391 3429 582 3485 liarius
628 3428 680 3484 in
719 3427 1122 3498 praedicatione,
1169 3425 1310 3482 Deus
1334 3419 1388 3481 in
1414 3426 1798 3482 miraculorum
1828 3440 1984 3480 coru-

392 3521 658 3586 scatione,
695 3520 852 3574 fortis
894 3520 946 3573 in
992 3519 1264 3590 passione,
1295 3528 1451 3590 pater
1480 3518 1643 3574 futuri
1686 3519 1867 3574 smculi
1929 3519 1982 3573 in

394 3611 818 3673 resurrectione,
849 3610 1102 3680 princeps
1135 3611 1287 3682 pacis
1309 3610 1364 3666 in
1397 3609 1485 3666 illa
1511 3619 1714 3665 aeterna
1749 3609 1984 3663 i‘eaiiltt-

397 3703 538 3759 dine.
583 3703 700 3759 Non
736 3705 1045 3760 terreamini
1090 3704 1327 3758 novitate
1356 3705 1665 3767 verborum,
1690 3701 1815 3771 quia
1851 3699 1983 3757 nihil

392 3806 591 3850 novum
616 3796 994 3854 introducitur.
1022 3795 1114 3851 Sic
1140 3805 1195 3852 et
1217 3796 1344 3851 olim
1377 3793 1594 3849 nomina
1646 3801 1978 3848 commutata

396 3895 452 3941 et
487 3884 656 3942 effusa
692 3896 839 3951 sunt,
880 3885 1082 3940 Abram
1114 3885 1166 3944 in
1216 3884 1515 3950 Abraham,
1558 3881 1742 3939 Sarrai
1790 3883 1842 3939 in
1885 3883 1985 3937 Sa-

399 3994 521 4033 ram
555 3977 711 4049 (Gen.
739 3979 894 4048 xvn),
929 3985 983 4030 et
1007 3977 1050 4030 si
1080 3991 1217 4046 quas
1243 3976 1380 4031 alias
1423 3977 1751 4031 mutationes
1802 3976 1852 4030 in
1897 3974 1985 4028 illa

399 4069 571 4124 veteri
599 4067 811 4122 oliicina
844 4081 939 4122 vos
986 4065 1182 4137 legisse
1221 4065 1482 4123 recolitis.
1533 4065 1638 4122 Sed
1668 4075 1723 4120 et
1754 4066 1822 4120 ab
1856 4065 1984 4137 ipsis

396 4172 536 4226 pote
562 4157 744 4211 mundi
773 4156 1076 4226 principiis,
1120 4156 1171 4210 in
1208 4170 1408 4208 arcano
1454 4154 1688 4223 quodam
1736 4153 1981 4224 Scriptu-

391 4261 579 4300 rarum
609 4245 747 4311 loco,
781 4245 946 4302 divini
979 4245 1214 4301 nominis
1248 4242 1567 4299 elinsiouetn
1599 4244 1870 4300 invenisse
1895 4259 1981 4298 me

2082 3160 2252 3226 Petri,
2283 3176 2406 3216 cum
2444 3159 2778 3216 nominatum
2805 3167 2886 3214 est
2912 3173 3110 3213 nomen
3175 3156 3319 3226 quod
3365 3171 3429 3212 os
3461 3155 3673 3210 Domini

2084 3251 2424 3308 nominavit?
2461 3271 2480 3302 ι
2521 3251 2586 3304 Et
2633 3250 2840 3314 statim,
2898 3249 3097 3319 inquit,
3149 3246 3500 3303 consolidata:
3549 3255 3678 3301 sunt

2082 3342 2242 3397 bases
2265 3340 2400 3410 ejus,
2426 3351 2482 3396 et
2503 3340 2719 3410 plantae.
2765 3359 2783 3391 ι
2815 3339 3146 3395 Vocabulum
3197 3339 3346 3401 Jesu,
3377 3339 3519 3393 sicut
3550 3337 3676 3394 Ori-

2083 3435 2235 3506 genis
2261 3434 2442 3504 lingua
2469 3433 2703 3489 nobilior
2750 3430 3019 3498 diiiinivit,
3071 3432 3228 3487 dulce
3275 3442 3332 3486 et
3357 3430 3674 3502 gloriosum,

2083 3526 2231 3582 omni
2261 3526 2489 3582 odoratu
2511 3525 2765 3594 cultuque
2795 3525 3192 3594 dignissimum,
3222 3523 3364 3591 quod
3393 3537 3501 3578 non
3526 3521 3677 3592 prius

2085 3613 2154 3672 ab
2183 3613 2492 3668 hominibus
2518 3612 2699 3668 decuit
2725 3611 2906 3668 efferri
2943 3614 2996 3667 in
3036 3613 3319 3678 mundum,
3348 3609 3444 3667 sed
3481 3625 3512 3664 a
3540 3625 3678 3681 qua-

2086 3710 2211 3764 dam
2277 3706 2580 3763 sublimiori
2645 3705 3128 3775 excellentiorique
3197 3714 3414 3759 natura.
3473 3701 3678 3759 Omnes

2084 3799 2284 3869 quippe
2332 3796 2607 3868 prophetas
2645 3811 2841 3850 nomen
2895 3795 3038 3851 istud
3075 3803 3172 3848 aut
3207 3793 3538 3857 nescierunt,
3581 3801 3679 3848 aut

2085 3886 2300 3956 penitus
2333 3893 2638 3949 tacuerunt,
2669 3895 2726 3940 et
2759 3893 3037 3939 reservata
3087 3893 3169 3938 est
3201 3883 3570 3953 praerogativa:
3591 3882 3678 3939 di-

2085 3976 2265 4047 gnitas
2291 3973 2619 4045 archangelo
2646 3973 2907 4038 Gabrieli,
2931 3972 3025 4044 qui
3056 3981 3244 4028 sancto
3273 3987 3369 4029 ore
3390 3972 3685 4028 sanctissi-

2085 4082 2186 4122 mae
2227 4065 2431 4135 Virgini
2470 4064 2598 4119 illud
2644 4065 2880 4134 primum
2911 4063 3111 4118 evolvit
3161 4061 3313 4132 (Luc.
3377 4061 3440 4130 ι).
3489 4060 3684 4118 Νοιιιιι·

2084 4157 2252 4211 lsaias
2279 4156 2334 4210 in
2362 4169 2644 4210 excessum
2670 4154 2866 4208 mentis
2905 4162 3152 4224 raptatus
3179 4151 3358 4208 verbis
3383 4151 3515 4206 arch
3532 4167 3651 4223 angi

2086 4247 2202 4303 licis
2235 4246 2438 4302 eisdem
2467 4259 2604 4315 pene
2649 4245 2872 4315 syllabis
2899 4243 3169 4300 consentit
3211 4258 3381 4314 usque
3406 4241 3475 4297 ad
3513 4257 3641 4299 sant

392 4335 596 4392 recolo.
652 4335 920 4406 Loquitur
973 4335 1115 4390 Deus
1160 4335 1227 4390 ad
1283 4333 1502 4405 Moysen
1545 4333 1612 4389 de
1660 4334 1980 4390 liberatione
2007 4379 2059 4436 Β
2086 4340 2322 4395 nominis
2354 4338 2701 4394 novitatem?
2733 4335 2870 4408 (Ira.
2901 4337 3023 4407 vn.)

393 4423 628 4487 Israelis.
655 4434 709 4480 et
753 4433 873 4495 post
902 4425 1124 4480 multam
1172 4424 1267 4479 Dei
1293 4434 1346 4480 et
1377 4423 1545 4496 Moysi
1578 4423 1978 4481 confabulatio-

394 4530 542 4579 nem,
586 4517 852 4585 propheta
907 4515 1178 4571 subtiliter
1224 4515 1453 4586 inquirit
1498 4531 1695 4571 nomen
1739 4516 1878 4586 ejus,
1926 4524 1984 4572 et

392 4603 653 4660 Dominus
680 4603 811 4664 dicit
841 4622 854 4657 :
904 4623 922 4657 ι
958 4604 1069 4675 Ego
1099 4621 1219 4665 sum
1281 4605 1372 4674 qui
1401 4621 1518 4658 sum
1549 4624 1559 4658 :
1591 4605 1693 4659 hoc
1724 4605 1855 4659 mihi
1887 4621 1980 4660 no-

392 4711 518 4754 men
562 4696 612 4750 in
635 4703 921 4750 aeternum.
970 4694 1082 4750 Hoc
1133 4696 1281 4750 dices
1319 4695 1444 4750 liliis
1493 4695 1694 4751 Israel:
1736 4697 1836 4763 Qui
1873 4706 1977 4760 est,

389 4788 538 4841 misit
574 4804 658 4843 me
705 4788 774 4841 ad
828 4785 1165 4858 vos‘(E:rod.
1202 4788 1307 4860 ιιι).
1359 4809 1377 4841 ι
1431 4788 1597 4859 329
1651 4788 1980 4843 Perterritos

389 4875 602 4947 Moyses
634 4875 1022 4930 inextricabilis
1061 4878 1385 4933 auctoritate
1416 4877 1686 4940 vocabuli,
1731 4892 1795 4931 ac
1825 4878 1868 4932 si
1897 4877 1976 4932 di-

389 4975 538 5021 ceret
571 4983 583 5020 :
615 4964 726 5018 Hoc
763 4967 974 5023 excedit
1011 4966 1342 5022 intellectum
1377 4983 1578 5034 meum,
1618 4983 1720 5025 non
1756 4983 1975 5039 possum

388 5073 607 5129 capere,
656 5056 757 5112 nisi
808 5055 1141 5126 effundatur;
1193 5058 1394 5112 audita
1428 5057 1760 5124 majestate:
1809 5076 1827 5108 ι
1861 5057 1973 5130 Ego

388 5164 508 5207 sum
561 5147 703 5203 Deus
743 5147 1040 5217 Abraham,
1085 5149 1225 5205 Deus
1254 5147 1421 5213 Isaac,
1461 5157 1517 5202 et
1554 5147 1694 5203 Dens
1727 5146 1912 5202 Jacoh.
1944 5167 1964 5200 ι

390 5238 554 5295 Vides
578 5237 927 5296 effusionem?
978 5239 1118 5298 Ecce
1151 5240 1295 5296 Deus
1343 5239 1658 5312 angelorum
1711 5248 1868 5297 vocat
1909 5254 1972 5296 se

388 5328 559 5389 ncum
590 5330 890 5386 hominum.

461 5420 758 5478 Curramus
783 5437 936 5494 ergo.
961 5425 1178 5490 fratres,
1218 5424 1272 5479 in
1312 5424 1533 5480 odorem
1576 5434 1974 5496 unguentorum

385 5509 639 5567 istorum.
687 5513 983 5571 Curranms
1028 5518 1095 5572 ad
1137 5515 1316 5573 oleum
1355 5517 1421 5573 de
1454 5517 1594 5573 oliva
1638 5517 1881 5587 speciosa
1920 5517 1973 5572 itt

385 5601 596 5677 euripis
635 5618 972 5676 expressum,
1023 5605 1167 5664 nulla
1221 5606 1478 5663 infectum
1525 5622 1776 5676 amurca,
1825 5607 1973 5665 nulla

2153 4427 2336 4484 Pascit
2364 4441 2575 4490 revera,
2605 4440 2705 4481 nec
2747 4434 2832 4480 est
2874 4425 3089 4481 felicior
3137 4425 3315 4496 pastio
3345 4424 3402 4481 in
3434 4423 3553 4480 loco
3588 4439 3649 4494 p..

2083 4532 2245 4583 senae,
2279 4517 2369 4572 ubi
2398 4531 2497 4572 nos
2526 4515 2789 4572 Dominus
2825 4515 3110 4571 collocavit
3142 4515 3314 4587 (Paul.
3347 4516 3509 4586 xxtt).
3548 4512 3647 4580 Qu:

2081 4625 2234 4678 aeque
2281 4619 2518 4665 mentem
2573 4608 2865 4679 cogitantis
2911 4607 3252 4678 impingunt?
3301 4606 3510 4663 Nomen
3560 4601 3680 4659 δεδι,

2082 4694 2185 4750 mel
2219 4695 2272 4751 in
2299 4709 2418 4760 ore,
2443 4695 2496 4748 in
2521 4709 2654 4752 aure
2681 4694 2876 4760 melos,
2910 4693 2966 4748 in
3016 4694 3180 4748 corde
3207 4693 3436 4764 jubilus.
3485 4690 3684 4749 Omnis

2080 4781 2253 4849 cibus,
2287 4784 2378 4853 qui
2428 4798 2533 4838 non
2579 4783 2834 4837 conditur
2869 4784 2995 4848 hoc,
3045 4781 3346 4838 infatuatus
3386 4791 3494 4838 est.
3527 4781 3675 4838 Scri-

2082 4885 2262 4945 ptura,
2290 4891 2408 4944 qua:
2435 4890 2540 4931 non
2563 4873 2726 4928 fuerit
2754 4874 2991 4930 interlita
3017 4873 3137 4928 oleo
3162 4882 3323 4927 tanta:
3345 4872 3671 4937 devotionis.

2085 4977 2180 5022 aut
2201 4967 2432 5038 insipida
2458 4975 2562 5034 est,
2591 4976 2684 5021 aut
2724 4982 2930 5023 amara.
2963 4965 3100 5022 Olim
3129 4967 3262 5020 mihi
3314 4964 3526 5020 Tullius
3559 4964 3673 5020 dul-

2082 5058 2349 5120 cescebat,
2369 5057 3033 5114 blandiebanturcarnnna
3060 5066 3340 5127 poetarum
3367 5055 3673 5126 philosophi

2086 5150 2270 5205 verbis
2298 5149 2461 5220 33o
2489 5149 2672 5204 aureis
2696 5138 3110 5218 inspiendebant
3157 5156 3212 5204 et
3239 5148 3453 5202 sirenes
3503 5161 3675 5217 usque

2083 5239 2139 5294 in
2162 5238 2387 5292 exitium
2417 5237 2600 5294 dulces
2630 5253 2810 5292 meum
2862 5235 3669 5300 incautaverant,inteiiectum.

2081 5330 2218 5396 Lex,
2270 5333 2565 5402 prophetae,
2617 5330 2993 5401 Evangelium,
3048 5329 3328 5401 Epistolas,
3395 5327 3452 5385 et
3495 5328 3672 5384 omnis

2081 5421 2254 5491 gloria
2282 5422 2672 5478 sententiarum
2725 5421 2937 5476 Domini
2985 5422 3089 5476 mei
3131 5433 3189 5476 et
3238 5437 3527 5477 servorum
3551 5435 3672 5490 ejus

2081 5522 2176 5568 aut
2201 5528 2365 5583 parva
2393 5511 2732 5576 videbantur,
2777 5521 2870 5566 aut
2899 5511 3065 5566 nulla.
3101 5509 3293 5566 Nescio
3336 5511 3496 5565 modo
3541 5511 3671 5583 quid

2079 5605 2293 5665 dulcius
2326 5615 2711 5665 tmmurmurat
2752 5604 2896 5662 ﬁlius
2943 5602 3132 5687 Jcsse,
3159 5605 3250 5678 qui
3281 5606 3430 5661 vario
3466 5621 3670 5664 sermo-
