4022 6206
341 319 450 378 ⁸⁵³
506 385 518 399 υ

1795 319 2028 376 SERMO
2056 318 2212 373 LXII.

3503 320 3610 376 εει

343 447 475 489 num
498 438 557 487 et
580 433 976 488 sententiarum
1005 444 1271 487 concentu
1296 448 1487 488 onmes
1517 432 1637 487 illos
1675 446 1811 500 quos
1841 430 1925 485 di-
1950 436 2000 494 Α
2029 430 2230 493 culum,
2262 429 2329 481 ad
2378 430 2522 496 quod
2577 431 2768 492 currit,
2815 431 2908 499 qui
2952 431 3187 485 exsultat
3236 450 3254 482 ι
3290 441 3347 484 ιιι
3369 434 3521 503 gigas
3548 434 3616 487 ad

342 522 515 592 ligere
541 536 934 576 consueveram
965 521 1342 590 iueloquentes
1373 521 1549 575 reddit
1573 530 1629 574 et
1658 530 1853 573 ulmos.

414 606 577 665 Leuit
602 617 659 665 et
700 608 873 677 ungit,
900 609 1025 678 quia
1053 608 1189 663 nihil
1233 610 1313 663 sic
1366 619 1580 664 recreat
1619 610 1672 661 in
1704 607 1930 661 tribula-

346 699 515 755 tione.
542 698 790 769 Denique
812 711 867 755 et
894 703 1125 770 probare
1148 701 1307 756 licet:
1333 720 1350 752 ι
1381 702 1576 755 lnvoca
1599 717 1703 763 me,
1733 701 1928 771 inquit,

342 790 513 847 indie
538 790 947 857 tribulationis;
994 806 1183 846 eruam
1219 802 1291 857 te,
1320 802 1376 847 et
1416 793 1804 848 honorificabis
1844 808 1931 847 me

344 881 521 954 (Ptol.
543 882 719 955 χιιι).
751 902 772 936 ι
830 883 945 939 Hoc
974 894 1059 939 est
1087 900 1307 949 nomen,
1336 886 1440 940 hoc
1464 894 1549 941 est
1586 885 1785 951 oleum,
1819 887 1932 941 haec

341 972 447 1029 olei
488 969 703 1028 effusio.
736 973 911 1028 Amen
962 972 1085 1029 dico
1123 974 1295 1038 vobis,
1344 989 1452 1029 non
1496 973 1707 1029 deficiet
1736 976 1823 1029 hic
1852 974 1930 1029 lc-

342 1062 539 1135 cytbus
585 1061 717 1130 olei,
753 1077 856 1118 nec
900 1063 1177 1119 minuetur
1210 1066 1384 1119 donec
1426 1064 1662 1135 pluviam
1690 1062 1932 1119 volunta-

345 1153 485 1208 riam
507 1151 631 1223 (III
653 1151 785 1224 Reg.
811 1151 968 1223 xvu).
1016 1168 1140 1224 qua
1166 1162 1452 1224 segregata
1495 1163 1579 1209 cst
1623 1152 1929 1209 haereditati

342 1242 465 1314 ejus
506 1242 754 1301 diffusius
806 1244 1054 1311 instillet,
1103 1246 1275 1302 donec
1322 1244 1697 1301 faciatcmlum
1723 1261 1925 1301 novum

342 1344 401 1391 et
446 1344 652 1392 terram
687 1351 883 1393 novam
928 1337 1083 1411 (lea.
1136 1352 1261 1393 vat
1287 1338 1331 1407 ),
1384 1339 1512 1409 quia
1557 1338 1929 1394 misericordia

342 1424 463 1495 ejus
488 1426 560 1482 ab
577 1435 805 1494 aeterno,
832 1436 884 1483 et
915 1443 1087 1499 usque
1116 1428 1173 1484 in
1222 1439 1484 1486 acternum
1523 1444 1692 1501 super
1730 1430 1931 1485 timen-

345 1526 428 1575 tes
450 1532 574 1573 eum
594 1515 774 1589 (Ρωι.
800 1520 923 1590 cn).

417 1610 525 1667 Sed
547 1612 659 1682 jam
684 1627 973 1683 surgamus
1002 1624 1060 1670 et
1104 1629 1471 1686 praeparemus
1500 1630 1601 1670 nos
1636 1614 1704 1669 ad
1734 1613 1933 1669 solem-

343 1701 516 1757 nioris
544 1702 724 1759 missae
740 1702 1144 1772 jubilationem,
1186 1720 1289 1761 nec
1311 1705 1569 1762 cordibus
1622 1716 1930 1775 parcentes,

2032 518 2352 573 currendum
2383 519 2521 571 viam
2550 516 2724 587 (l’sal.
2755 520 2911 589 xvm)
2948 540 2996 583 ι,
3026 531 3080 574 et
3107 521 3387 574 videamus
3423 523 3620 591 quibus

2031 608 2199 663 armis
2224 617 2467 662 armatus
2495 607 2762 662 vexillifer
2790 617 3088 679 martyrum
3128 610 3182 663 in
3231 625 3483 680 campum
3513 628 3616 679 pu-

2032 710 2293 769 gnaturus
2320 700 2625 764 descendit,
2670 712 2809 755 etut
2848 700 3159 770 diligentius
3209 702 3482 758 elucescat
3508 704 3621 757 sin-

2032 788 2236 859 gularis
2262 789 2506 860 martyrii
2534 790 2707 859 prima
2755 790 3111 860 praerogativa
3138 807 3153 855 ;
3214 806 3529 847 revocemus
3553 794 3621 847 ad

2034 883 2352 937 memoriam
2378 882 2799 951 apostolicorum
2833 883 3066 937 Actuum
3096 883 3537 953 descriptionem,
3566 884 3619 939 iu

2031 976 2229 1046 quibus
2253 975 2528 1029 historicis
2558 984 2613 1027 et
2641 973 2955 1044 ﬁguralibus
2980 973 3142 1029 dictis
3188 973 3537 1031 conversatio
3565 982 3622 1030 et

2030 1067 2215 1138 passio
2239 1065 2483 1136 belligeri
2517 1065 2707 1120 militis
2733 1064 3067 1119 continetur.

2107 1178 2127 1212 ι
2164 1157 2492 1230 Stephanus,
2525 1158 2796 1228 inquiunt,
2837 1156 3032 1227 plenus
3086 1157 3258 1228 gratia
3310 1165 3366 1212 et
3406 1156 3624 1213 fortitu-

2032 1250 2179 1316 dine,
2211 1250 2447 1305 faciebat
2475 1250 2728 1320 prodigia
2768 1258 2825 1304 et
2870 1249 3030 1319 signa
3080 1264 3277 1320 magna
3328 1249 3385 1304 in
3427 1248 3625 1320 populo

2032 1341 2170 1411 (Act.
2202 1343 2298 1411 vn).
2352 1363 2372 1394 ι
2408 1340 2524 1395 Non
2572 1356 2797 1410 parvum
2853 1340 2995 1397 latet
3040 1342 3129 1397 hic
3157 1342 3497 1414 mysterium,
3522 1355 3628 1399 nec

2033 1431 2408 1503 vilipendenda
2466 1430 2891 1499 simplicioribus
2959 1429 3258 1501 Scriptura:
3337 1429 3626 1485 manifesta

2031 1522 2250 1591 positio.
2282 1521 2365 1575 Ad
2419 1520 2707 1591 Virginem.
2743 1521 2944 1590 quippe
2989 1520 3217 1589 loquens
3265 1522 3627 1591 archangelns

2032 1614 2199 1666 verba
2223 1611 2292 1665 de
2332 1610 2649 1666 coelestibus
2703 1610 2926 1665 scriniis
2972 1618 3213 1679 sumpta,
3262 1624 3365 1664 nec
3398 1609 3627 1665 alterius

2035 1701 2138 1755 nisi
2186 1699 2369 1770 ipsius'
2399 1699 2493 1754 Dei
2541 1698 2747 1769 Spiritu
2794 1697 3083 1764 fabricata,
3127 1713 3264 1752 nova
3305 1698 3630 1754 salutatione

342 1803 448 1846 nec
472 1791 697 1847 vocibus
722 1793 791 1848 ad
826 1792 1086 1848 honorem
1129 1793 1283 1863 pueri
1314 1793 1405 1863 qui
1455 1802 1619 1849 natus
1660 1801 1747 1850 est
1771 1793 1931 1849 nobis
1962 1789 2008 1849 B
2036 1801 2274 1863 perorat.
2337 1790 2477 1846 Nulli
2537 1790 2759 1849 dubium
2833 1791 2964 1861 quin
3031 1789 3275 1847 omnium
3335 1790 3629 1843 verborum

342 1879 437 1951 qui
460 1888 549 1936 est
574 1878 721 1937 Deus
756 1882 1072 1937 benedictus
1099 1882 1155 1937 in
1186 1882 1406 1937 saecula.
1433 1883 1628 1937 Amen.

902 1971 934 2006 ³⁵
962 1970 1195 2028 SERMO
1223 1971 1382 2027 LXII.

417 2074 487 2115 ne
522 2074 569 2115 s.
613 2075 889 2117 srsrmao
928 2076 1379 2117 eno-renarras.
1420 2062 1571 2131 (xxvi
1608 2063 1860 2134 oscus.)

414 2148 612 2204 Adhuc
660 2149 853 2205 Filium
897 2150 1139 2222 Virginis
1185 2152 1447 2208 habemus
1497 2154 1550 2207 in
1602 2155 1852 2209 manibus
1878 2163 1936 2209 et

338 2237 687 2297 obsecuturia
710 2243 1025 2300 delinitione
1070 2245 1337 2316 vagientis
1367 2244 1463 2301 Dei
1498 2246 1828 2302 honoramus
1855 2248 1935 2301 in-

344 2325 596 2383 fantiam.
623 2330 781 2386 Ducit
802 2346 904 2388 nos
928 2331 1090 2404 Virgo
1128 2334 1196 2389 ad
1226 2334 1531 2390 veneranda
1559 2335 1855 2403 cunabula,
1880 2345 1937 2391 et

344 2421 589 2491 speciosa
622 2437 737 2493 pra:
758 2422 973 2480 ﬁliabus
1016 2426 1297 2481 hominum
1332 2426 1400 2481 ad
1429 2428 1734 2497 speciosum
1762 2426 1936 2483 forma

345 2526 458 2582 pra:
477 2510 605 2567 filiis
629 2513 909 2569 hominum
936 2513 1116 2585 (Psal.
1141 2517 1318 2587 utv);
1343 2518 1626 2574 benedicta
1652 2518 1798 2574 inter
1822 2534 1940 2573 mu-

346 2600 510 2657 lieres
544 2603 615 2657 ad
641 2603 985 2660 benedictum
1032 2606 1177 2662 inter
1219 2608 1469 2665 homines
1519 2624 1620 2665 nos
1661 2609 1935 2665 conducit.

351 2688 772 2748 Submurmurat
836 2696 995 2751 nobis
1050 2696 1107 2751 in
1160 2713 1368 2763 aurem,
1427 2715 1498 2755 ne
1560 2699 1701 2756 forte
1747 2700 1941 2756 domus

349 2799 681 2855 exasperans
706 2787 894 2843 audiat
922 2796 979 2843 et
1003 2789 1333 2854 concitetur,
1386 2791 1624 2846 revelata
1658 2806 1781 2847 esse
1802 2791 1941 2845 vela-

349 2873 496 2929 mina
530 2876 953 2947 prophetarum,
1003 2884 1061 2934 et
1105 2880 1433 2952 completum
1486 2883 1774 2938 consilium
1818 2881 1931 2937 Dei.

351 2964 544 3022 Videte
586 2967 909 3025 miraculum
961 2971 1153 3027 matris
1212 2972 1450 3040 Domini,
1499 2975 1627 3047 quia
1683 2979 1939 3032 creatura

348 3065 492 3136 erat,
531 3067 587 3115 et
632 3058 865 3116 Creator.
898 3070 1136 3118 creatur.
1200 3063 1477 3121 Scintillat
1525 3066 1696 3133 sidus,
1744 3082 1938 3136 magus

2032 1883 2300 1937 excedant
2324 1880 2686 1948 altitudinem,
2714 1889 2903 1949 utpote
2932 1880 2998 1935 de
3031 1877 3347 1934 melioribus
3392 1878 3631 1947 discipli-

2032 1972 2118 2029 nis
2158 1971 2333 2027 sancti
2378 1970 2616 2041 Spiritus
2680 1969 2927 2036 evoluta,
2968 1983 3199 2039 quorum
3254 1967 3630 2024 enuntiatione

2033 2064 2514 2120 confmderandum
2567 2072 2687 2118 erat
2753 2061 2885 2117 illud
2948 2061 3171 2117 unicum
3227 2068 3630 2115 sacramentum

2036 2155 2198 2210 Verbi
2219 2165 2270 2211 et
2301 2155 2537 2210 hominis
2559 2154 2860 2210 divinitatis
2874 2162 2930 2208 et
2958 2153 3160 2209 carnis.
3189 2171 3207 2203 ι
3234 2153 3399 2216 Ave,»
3428 2151 3604 2206 inuuit

2036 2246 2297 2301 fortitudo
2324 2244 2561 2307 Domini,
2596 2264 2615 2295 ι
2638 2245 2813 2315 gratia
2842 2244 2997 2313 plena
3024 2241 3179 2315 (Luc.
3210 2241 3272 2311 ι).
3316 2259 3334 2292 ι

2107 2338 2253 2406 Quid
2296 2347 2475 2392 autem
2524 2339 2589 2392 de
2630 2337 2952 2407 Stephano?
3016 2353 3034 2387 ι
3082 2335 3391 2403 Stephanus
3435 2331 3630 2403 plenus

2037 2431 2210 2502 gratia
2249 2440 2306 2486 et
2340 2430 2675 2484 fortitudine.
2726 2450 2745 2481 ι
2792 2428 2981 2483 Nonne
3024 2428 3200 2483 Lucas
3243 2425 3448 2480 eisdem
3490 2438 3628 2494 pene

2038 2523 2237 2577 litteris
2264 2522 2333 2578 de
2362 2522 2607 2590 utrisque
2642 2520 2922 2591 loquitur?
2958 2519 3066 2575 Sed
3106 2519 3235 2574 licet
3264 2516 3420 2588 longe
3449 2514 3627 2569 excel-

2039 2613 2237 2668 lentior
2284 2612 2476 2666 modus
2536 2612 2591 2664 in
2636 2610 2857 2681 Virgine
2908 2609 3254 2677 pra'dicetnr,
3306 2605 3629 2661 secundat-io

2040 2713 2219 2761 tamen
2249 2702 2565 2757 laudaturin
2586 2710 2842 2772 martyre.
2866 2699 3037 2755 Habet
3063 2700 3225 2770 igitur
3256 2698 3489 2769 gratiam
3510 2695 3633 2750 Ste-

2040 2794 2253 2862 phanus
2276 2792 2577 2850 sublimiori
2624 2805 2825 2862 genere
2865 2805 3029 2860 quam
3077 2788 3284 2858 reliqua
3325 2798 3631 2856 martyrum

2040 2882 2349 2948 multitudo,
2376 2883 2567 2954 plenus
2594 2882 2791 2954 gratia,
2814 2880 3051 2936 refertus
3080 2878 3332 2933 videlicet
3358 2886 3412 2931 et
3438 2892 3631 2932 eumu-

2040 2973 2201 3039 latus,
2232 2974 2376 3045 quod
2406 2988 2535 3029 raro
2560 2973 2616 3028 in
2647 2971 2950 3043 Seripturis
2996 2970 3274 3026 canonicis
3303 2967 3514 3024 subtilis
3545 2968 3629 3022 iu-

2040 3067 2271 3138 q'uisitor
2322 3068 2583 3124 inveniet.
2636 3066 2892 3138 Iungitur
2930 3065 3119 3137 gratias
3169 3064 3453 3128 fortitudo,
3501 3062 3629 3132 quia

350 3129 563 3211 adorat,
597 3148 836 3205 exsultat
885 3151 1059 3220 polus,
1114 3151 1273 3209 tellus
1330 3154 1601 3222 resultat;
1640 3129 1941 3228 gloriantur
1965 3152 2012 3215 C
2043 3129 2222 3215 infuso
2249 3159 2457 3231 Spiritu
2485 3129 2984 3230 libertatis-ignium
3009 3159 3225 3213 animus
3251 3156 3306 3210 in
3337 3129 3632 3209 lucem—vc-

350 3238 551 3309 angeli,
605 3249 849 3311 pastores
890 3244 1237 3315 adgaudent;
1284 3245 1448 3318 Virgo
1489 3250 1657 3318 parit,
1697 3251 1943 3305 nascitur

349 3324 517 3395 Deus,
543 3337 598 3384 et
636 3331 900 3387 emtorem
945 3332 1231 3391 luminaria
1266 3336 1486 3394 clariori
1527 3339 1732 3395 lumine
1756 3340 1940 3397 lumen

351 3428 602 3475 exortum
626 3421 687 3476 in
709 3423 946 3478 tenebris
972 3435 1395 3496 prosequuntur.
1419 3427 1477 3483 In
1505 3429 1625 3487 istis
1642 3430 1797 3486 bonis
1818 3446 1944 3485 ver-

351 3521 557 3563 samur.
592 3526 612 3562 t
647 3508 848 3568 Beatus
872 3512 974 3579 vir,
1002 3514 1095 3584 qui
1139 3514 1381 3586 implevit
1426 3518 1753 3574 desiderium
1783 3535 1940 3574 suum

351 3610 421 3651 ex
469 3597 605 3668 ipsis
640 3597 816 3671 (Psal.
845 3602 1052 3674 cxxvt).
1083 3621 1103 3656 ι
1144 3602 1272 3660 Scio
1296 3607 1423 3676 quia
1456 3607 1612 3663 dulce
1635 3609 1785 3664 vobis
1813 3622 1895 3665 est
1922 3627 1936 3664 :

357 3706 379 3741 ι
411 3688 469 3744 In
502 3690 769 3762 principio
790 3702 910 3748 erat
952 3693 1229 3762 Verbum;
1277 3714 1298 3749 ι
1346 3698 1556 3753 dulcius
1592 3714 1608 3751 :
1646 3717 1665 3751 ς
1705 3697 1939 3754 Verbum

352 3793 484 3836 caro
507 3778 712 3836 factum
749 3781 931 3852 (Joan.
962 3782 1038 3854 t);
1081 3803 1101 3837 ι
1157 3784 1552 3854 dulcissimum,
1597 3788 1834 3843 Verbqu
1882 3790 1939 3844 in

352 3884 517 3927 cruce
560 3887 906 3943 suspensum.
944 3875 986 3930 A
1030 3884 1182 3932 tanto
1223 3880 1513 3953 puerperio
1551 3881 1688 3952 quis.
1719 3882 1940 3937 insanus

352 3963 542 4019 oculos
583 3980 711 4021 suos
749 3982 1031 4034 amovere,
1078 3969 1277 4025 nedum
1332 3970 1565 4027 avellere
1624 3983 1937 4042 praesumat,

352 4053 460 4109 nisi
496 4054 615 4126 ipse
654 4054 845 4124 iubeat
883 4059 976 4128 qui
1007 4060 1177 4115 dicit:
1239 4079 1259 4113 ι
1292 4063 1491 4117 Averte
1513 4064 1701 4119 oculos
1749 4074 1868 4119 tuos
1906 4083 1938 4121 a

310 4211 321 4229 ‘
351 4160 464 4211 me,
488 4146 617 4216 quia
645 4147 755 4217 ipsi.
777 4164 863 4204 me
898 4150 1117 4206 avolare
1151 4152 1435 4207 fecerunt?
1462 4173 1481 4206 ι
1520 4154 1695 4225 (Cant.
1733 4158 1831 4227 vi.)

264 4316 271 4323 η
318 4238 319 4245 ‘
429 4234 572 4292 Ecce
591 4237 716 4292 dum
744 4238 1022 4315 osculatur
1068 4256 1167 4297 nos
1195 4242 1380 4301 osculo
1418 4244 1528 4299 oris
1558 4246 1642 4299 sui
1672 4244 1845 4316 (Cant.
1874 4246 1934 4318 ι),

354 4326 483 4381 dum
504 4327 670 4382 antis
697 4328 973 4384 miraculis
1015 4340 1071 4386 et
1108 4333 1350 4402 stupidos
1393 4350 1492 4389 nos
1536 4334 1667 4390 facit
1688 4345 1741 4391 et
1766 4346 1940 4393 atten-

355 4426 463 4485 tos,
506 4417 814 4489 Stephanus
864 4421 1056 4491 plenus
1106 4426 1277 4494 gratia
1350 4434 1407 4480 et
1454 4426 1770 4482 fortitudine
1810 4429 1940 4484 facit

2040 3248 2218 3304 ritatis
2251 3249 2509 3320 erumpit,
2545 3262 2648 3305 nec
2675 3248 2880 3318 patitur
2921 3246 3032 3303 ullo
3080 3254 3240 3318 pacto
3275 3245 3508 3316 rigorem
3536 3242 3633 3297 tri-

2039 3343 2225 3409 stitiaa,
2257 3342 2343 3398 vel
2372 3342 2619 3398 submitti
2656 3340 2969 3412 aliquando,
3011 3339 3097 3394 vel
3139 3338 3363 3393 dimitti.
3390 3336 3484 3392 Sic
3502 3334 3633 3390 lori-

2042 3444 2198 3490 catus
2223 3434 2397 3505 gratia
2428 3443 2484 3489 et
2525 3433 2681 3489 hasta
2721 3430 3055 3487 fortitudinis
3096 3429 3374 3500 sapienter
3423 3426 3637 3480 inffen-i

2042 3527 2177 3582 dens
2203 3526 2437 3582 faciebat
2461 3525 2705 3596 prodigia
2734 3534 2790 3578 et
2820 3524 2973 3593 signa
3005 3536 3197 3590 magna
3223 3517 3521 3590 ianOpulo.
3540 3516 3635 3571 ille

2042 3628 2222 3688 potest
2249 3618 2402 3689 signa
2428 3626 2483 3673 et
2512 3616 2758 3688 prodigia
2781 3614 2985 3683 facere,
3025 3613 3077 3668 in
3099 3628 3207 3683 quo
3238 3610 3410 3681 gratia
3437 3618 3492 3664 ct
3519 3607 3630 3662 for-

2044 3710 2216 3766 titudo
2252 3710 2434 3766 sedem
2483 3710 2837 3766 fortissimam
2868 3714 3196 3763 statuerunt.
3238 3705 3331 3760 Sic
3372 3703 3485 3758 exit
3510 3701 3631 3758 Stc-

2042 3801 2258 3870 phanus
2292 3801 2359 3855 ad
2387 3800 2711 3865 homicidas,
2747 3799 2815 3854 ad
2842 3796 2978 3866 legis
3020 3794 3319 3859 adulteros,
3349 3792 3417 3847 ad
3457 3791 3629 3846 θηιεί-

2047 3890 2247 3946 fixores
2272 3890 2398 3945 Filii
2429 3891 2524 3947 Dei
2547 3890 2725 3946 Patris
2750 3906 2779 3955 ;ί
2813 3887 3053 3958 loquitur
3077 3884 3224 3957 genti
3254 3882 3548 3956 peccatrici
3579 3882 3633 3935 in

2044 3981 2297 4053 Egypto,
2329 3982 2527 4053 populo
2553 3982 2705 4052 gravi
2746 3980 3034 4049 iniquitate
3076 3978 3131 4032 in
3174 3976 3409 4037 deserto,
3437 3972 3633 4028 semini

2044 4088 2277 4143 nequam
2330 4075 2382 4129 in
2435 4082 2580 4129 terra
2628 4072 3025 4144 promissionis,
3080 4068 3205 4123 ﬁliis
3247 4065 3529 4122 sceleratis
3573 4062 3628 4117 in

2045 4171 2221 4218 morte
2246 4162 2548 4219 Salvatoris
2588 4162 2805 4237 (Isa.i).
2840 4180 2859 4213 ι
2901 4160 3045 4216 Dura
3089 4159 3324 4224 cervice,
3353 4157 3546 4225 inquit,
3576 4165 3633 4211 et

2044 4255 2407 4310 incircumcisi
2435 4256 2620 4318 corde.
2655 4264 2711 4311 et
2735 4254 2978 4320 auribus,
3020 4268 3117 4309 vos
3143 4266 3360 4323 semper
3405 4247 3642 4305 Suiritui

2044 4354 2234 4400 sancto
2262 4345 2565 4410 restitistis,
2598 4364 2616 4398 ι
2648 4354 2755 4401 etc.

2123 4453 2142 4487 ι
2178 4433 2545 4489 Surrexerunt
2566 4432 2976 4501 autemquidam
3000 4431 3065 4486 de
3087 4429 3371 4501 Synagoga
3405 4448 3424 4480 ι
3448 4427 3634 4496 utique
3684 4454 3689 4455 ν

355 4511 609 4582 prodigia
641 4522 698 4566 et
738 4512 891 4582 signa
912 4529 1105 4585 magna
1154 4517 1211 4569 in
1248 4516 1444 4586 populo
1487 4517 1625 4589 (Act.
1667 4520 1766 4588 γι).
1796 4519 1945 4574 Nun-
1971 4493 2022 4551 θ
2048 4523 2284 4587 Satanmj,
2315 4523 2557 4593 undique
2598 4493 3009 4594 conglobantur,
3060 4493 3143 4575 vel
3187 4493 3264 4573 ad
3306 4493 3625 4573 couvincen.

355 4599 488 4670 quid
513 4616 731 4672 aquum
756 4612 841 4658 est
878 4604 1255 4677 derelinquere
1292 4623 1495 4678 regem,
1536 4619 1590 4664 et
1622 4610 1689 4664 ad
1716 4610 1941 4664 militem

355 4691 547 4747 oculos
598 4696 961 4764 retorquere?
1007 4695 1385 4768 Nequaquam,
1435 4699 1539 4754 nisi
1598 4701 1948 4770 imperaverit

356 4780 676 4855 imperator.
706 4782 894 4856 Surgit
919 4785 1035 4856 ipse
1063 4802 1160 4842 rex
1190 4787 1335 4843 ﬁlius
1370 4788 1564 4860 regis,
1598 4799 1655 4845 et
1701 4789 1945 4860 lapidan-

358 4874 495 4927 tium
534 4873 683 4928 acies
720 4873 1155 4945 interrumpens,
1195 4876 1614 4950 triumphatorio
1658 4883 1945 4940 certamini

354 4983 466 5022 non
510 4968 629 5023 sine
661 4968 848 5024 dolore
884 4971 1066 5027 cordis
1101 4971 1329 5027 assistit.
1366 4973 1524 5028 Videt
1557 4974 1792 5045 opprimi
1838 4978 1951 5047 pri-

355 5072 506 5111 mum
533 5068 587 5112 et
614 5059 985 5129 primicerium
1017 5071 1329 5130 purpurata:
1356 5062 1621 5125 cohortis,
1650 5073 1706 5119 et
1732 5066 1952 5135 grandi-

354 5146 513 5201 naria
550 5147 790 5217 lapidum
816 5150 1085 5204 densitate
1112 5148 1289 5205 fontes
1319 5152 1599 5224 sanguinis
1633 5154 1703 5208 de
1723 5169 1953 5225 corpore

354 5240 777 5310 protomartyris
836 5240 1089 5297 ebullire.
1150 5241 1307 5296 Videt
1360 5245 1489 5313 quia
1543 5246 1796 5302 universa
1864 5252 1952 5307 de—

354 5330 646 5385 bacchatio
674 5330 832 5401 331
871 5334 1136 5388 redundat
1164 5333 1217 5387 in
1253 5336 1450 5405 ipsum,
1475 5346 1532 5391 et
1567 5338 1668 5407 ipsi
1702 5341 1800 5394 soli
1840 5343 1946 5397 im—

359 5420 615 5488 properi‘a
660 5424 1108 5492 exprobrantium
1154 5428 1520 5486 cumulantur.
1564 5430 1666 5488 Ubi
1698 5432 1873 5501 pictas
1896 5446 1951 5489 et

363 5510 734 5567 misericordia
790 5523 903 5579 tua,
950 5516 1197 5581 Domine,
1242 5518 1286 5574 si
1334 5534 1441 5574 non
1488 5521 1815 5590 compateris
1849 5538 1946 5590 pa-

392 5600 557 5653 ienti?
589 5600 687 5658 libi
713 5610 770 5656 et
806 5604 1033 5673 aequitas
1062 5615 1116 5661 et
1144 5606 1377 5675 justitia,
1405 5609 1449 5662 si
1489 5626 1593 5662 non
1623 5609 1858 5677 iudicas,
1891 5622 1948 5667 et

426 5691 612 5747 mlieas
640 5693 707 5749 de
735 5699 934 5764 populo
964 5696 1277 5767 lapizlaltlc?
1304 5699 1601 5755 Curramus
1639 5698 1706 5754 ad
1736 5710 1948 5768 specta-

2047 4615 2199 4677 dum,
2232 4613 2315 4667 vel
2360 4613 2427 4667 ad
2465 4612 2861 4677 occidendum;
2912 4610 3121 4665 faciunt
3158 4609 3420 4679 parietem
3442 4622 3629 4669 unum,

2045 4703 2341 4772 impietatis
2386 4716 2609 4773 squama
2669 4716 2909 4772 squama:
2966 4700 3333 4777 coniungitur,
3413 4698 3635 4754 sibilaut

2047 4795 2151 4857 sibi
2189 4808 2473 4870 serpentes
2498 4800 2566 4855 ad
2604 4800 2861 4865 invicem,
2916 4807 2971 4854 et
3003 4797 3334 4855 conveniunt
3384 4795 3441 4850 in
3464 4810 3632 4849 unum

2048 4892 2307 4946 adversus
2329 4890 2615 4946 Dominum
2661 4898 2718 4945 et
2746 4891 3007 4946 adversus
3044 4903 3262 4945 servum
3299 4887 3438 4961 ejus.
3468 4881 3634 4948 Velit,

2049 4981 2203 5045 nolit,
2240 4983 2658 5053 ceditimpietas
2682 4982 2891 5055 pietati,
2931 4981 3159 5037 veritati
3192 4994 3368 5044 error,
3400 4975 3631 5033 stultitia

2048 5073 2347 5141 sapientiae,
2389 5072 2614 5143 Spiritui
2662 5082 2850 5129 sancto
2901 5070 3271 5141 prmsumptio,
3314 5079 3369 5123 et
3417 5067 3638 5121 vanitas

2052 5164 2277 5232 spiritus
2298 5164 2540 5218 humani.
2578 5184 2596 5215 ι
2630 5164 2819 5219 Etnon
2850 5170 3124 5230 poterant,
3158 5160 3353 5230 inquit,
3381 5157 3637 5214 resistere

2053 5254 2335 5323 sapientia:
2364 5262 2421 5308 et
2467 5254 2707 5324 spiritui,
2757 5255 2852 5324 qui
2880 5253 3223 5323 loquebatur.
3276 5270 3295 5303 ι
3326 5249 3442 5305 Non
3473 5247 3630 5314 dixit,

2052 5342 2169 5397 Non
2202 5344 2474 5408 volebant,
2490 5344 2634 5414 quod
2682 5343 3083 5399 rationabilium
3133 5350 3217 5398 est
3259 5350 3316 5397 et
3359 5339 3631 5411 perfecto-

2050 5449 2212 5497 rum;
2241 5435 2358 5499 sed,
2406 5449 2512 5489 non
2560 5441 2828 5504 poterant,
2867 5434 2957 5489 ubi
3012 5433 3179 5491 menti
3211 5431 3369 5487 malae
3403 5430 3636 5488 facultas

2055 5526 2283 5589 tollitur,
2312 5543 2417 5581 non
2440 5518 2692 5581 voluntas
2718 5534 2982 5585 mutatur.

2128 5634 2146 5665 ι
2182 5615 2788 5683 Redarguebantur,ait,
2835 5617 2903 5670 ab
2928 5631 2996 5673 eo
3024 5631 3145 5671 cum
3179 5615 3325 5673 omni
3352 5616 3567 5670 fiducia.
3614 5632 3635 5664 ι

2050 5708 2211 5777 332
2262 5708 2609 5764 Fiducialiter
2666 5711 2794 5779 agit,
2840 5727 2935 5765 nec
2990 5721 3181 5775 nuttat,
3246 5728 3345 5766 nec
3402 5719 3641 5767 mutatur
