4064 6208
436 284 544 341 855

1011 288 1070 342 s.
1112 289 1315 344 rem
1356 288 1638 347 DAMIANI
1678 292 1829 351 ore.
1879 264 2059 353 prius
2107 296 2239 357 seu
2275 297 2510 359 'ronus
2543 303 2608 357 η.
2647 304 3119 364 -δειυιοκεεη

3582 312 3695 369 856

430 414 585 454 ntens
609 398 989 470 imperterrita,
1016 416 1136 471 qua:
1173 403 1345 473 magis
1384 413 1529 458 amat
1554 404 1816 473 justitiam
1843 424 2007 479 quam
2038 414 2083 474 Α
2112 426 2214 466 nus
2237 411 2394 469 Jesus
2414 424 2565 470 stans
2590 432 2619 471 a
2644 417 2848 473 dextris
2879 421 3095 476 virtutis
3147 421 3260 476 Dei.
3294 423 3370 479 Ne
3398 423 3559 482 Patre
3586 431 3705 481 mi-r

429 493 620 557 vitam,
637 491 792 546 ﬁdem
819 508 979 561 quam
1002 495 1341 563 sanguinem,
1360 505 1587 551 mortem
1612 512 1770 567 quam
1790 498 2011 570 iustitiae

429 584 872 638 taciturnitatem.
924 584 1321 641 Concurrentes
1370 588 1589 657 rapiunt
1637 604 1783 656 eum,
1837 592 2008 647 addu-

426 684 555 728 cuut
583 673 635 726 in
665 673 971 738 concilium,
1004 683 1059 727 et
1099 676 1334 744 gaudent
1370 693 1490 732 eum
1529 680 1669 734 intra
1715 695 1811 735 sua
1850 683 2010 737 retia-

427 770 545 823 cula
602 771 971 827 conclusisse:
1029 774 1133 828 Sed
1173 794 1189 824 ‹
1229 774 1429 830 frustra
1479 777 1682 847 jacitur
1725 788 1841 833 rete
1882 787 2010 835 ante

425 858 612 913 oculos
637 870 997 929 pennatorum
1054 861 1241 933 (Prov.
1267 865 1327 931 ι).
1370 884 1389 917 ι
1424 864 1573 921 Tunc
1620 882 1720 921 vox
1764 867 2004 935 liberior,

424 957 479 1002 et
520 948 733 1004 illorum
775 953 1023 1007 cautibus
1070 968 1250 1008 sermo
1300 956 1581 1009 exacuitur
1626 958 1888 1021 veritatis,
1933 968 2009 1014 to-

424 1047 649 1110 tumque
677 1052 966 1113 martyrem
1001 1046 1142 1113 rapit
1170 1046 1271 1100 sibi
1305 1046 1539 1115 Spiritus
1566 1047 1683 1115 Dei,
1724 1059 1779 1104 et
1799 1065 1865 1104 ex
1889 1051 2006 1122 ejus

421 1145 517 1186 ore
547 1135 847 1190 sonantiori
896 1151 1102 1206 organo
1152 1138 1474 1193 modulatur.
1517 1139 1753 1209 Apparet
1803 1141 1852 1195 ei
1899 1156 2003 1196 una

420 1220 587 1279 facies
602 1223 1027 1295 Scripturarum,
1055 1238 1111 1283 et
1131 1230 1338 1285 Veteris
1358 1229 1699 1286 Instrumenti
1725 1233 2004 1303 dispendia

420 1313 475 1369 in
512 1318 949 1386 compendiosam
987 1320 1179 1388 redigit
1214 1320 1551 1377 brevitatem.
1602 1320 1848 1391 chlicat
1874 1338 2003 1393 pro-

380 1464 383 1469 ,
419 1406 710 1463 missiones
733 1420 786 1463 et
808 1409 1074 1465 beneficia
1104 1411 1220 1475 Dei,
1255 1412 1705 1467 mnrmurationes
1734 1422 1789 1467 et
1835 1413 2002 1469 male-

420 1498 540 1554 ficia
567 1500 775 1570 populi,
822 1502 960 1556 bona
987 1503 1248 1572 praestita,
1302 1504 1510 1558 reddita
1551 1503 1712 1570 mala,
1734 1513 1788 1559 et
1811 1505 1877 1560 ad
1903 1520 2001 1560 ex-

380 1592 384 1597 ’
418 1598 650 1645 tremum
678 1591 843 1646 divini
871 1593 1149 1662 sanguinis
1183 1594 1475 1663 exprobrat
1504 1593 1843 1650 effusionem.
1894 1596 1998 1652 Vo-

414 1688 505 1734 cat
529 1679 874 1736 refractarios
923 1681 1166 1751 Spiritui,
1202 1685 1333 1737 dura
1379 1685 1612 1751 cervice,
1656 1685 1996 1742 incircumci-

2116 516 2217 554 nor
2245 517 2367 559 esse
2380 515 2617 573 putetur,
2642 517 2749 561 stat
2773 524 2894 563 cum
2918 510 3078 581 333
3103 521 3299 577 stante,
3322 530 3443 568 cum
3459 516 3700 572 bellante

2114 590 2366 658 bellatur,
2399 594 2488 663 qui
2522 595 2792 664 lapidatur
2817 599 2871 651 in
2903 599 3159 669 lapidato.

2183 682 2299 737 Non
2319 686 2605 741 mediocris
2621 698 2808 757 stupor
2826 691 3047 745 involvit
3066 709 3171 759 me,
3189 703 3367 749 utrum
3388 698 3695 763 primitivus

2111 770 2210 825 flos
2236 785 2531 844 martyrum
2562 782 2858 846 corporeis.
2900 797 2967 834 an
3008 784 3340 854 incorporeis
3382 789 3553 843 oculis
3583 792 3689 846 ista

2109 864 2464 931 prospexerit.
2498 866 2714 922 Grande
2755 872 2971 938 quidem
3025 874 3341 930 miraculum
3385 878 3431 932 si
3473 882 3693 936 mortali

2108 949 2304 1006 intuitu
2332 954 2676 1011 stellantibus
2722 974 2779 1012 se
2822 960 3085 1017 immersit
3134 967 3368 1029 arcanis,
3420 968 3465 1023 si
3504 971 3693 1027 mundi

2108 1040 2272 1095 corde
2314 1042 2455 1097 oculi
2508 1053 2617 1099 tam
2659 1046 2951 1102 solemnem
3012 1051 3345 1120 inspexerint
3394 1058 3689 1115 visionem.

2107 1125 2261 1194 Quod
2288 1130 2333 1184 si
2362 1134 2737 1202 corporalibus
2755 1176 2769 1199 ,
2805 1145 3014 1192 certum
3049 1148 3132 1194 est
3157 1141 3302 1198 hunc
3328 1160 3489 1200 omne
3516 1147 3692 1202 homi-

2105 1232 2233 1272 num
2260 1234 2431 1289 genus
2459 1223 2816 1293 disparilitate
2841 1228 3027 1297 gloriae
3052 1233 3395 1300 praevolasse,
3420 1247 3469 1291 et
3494 1239 3688 1307 pennis

2103 1307 2227 1363 ﬁdei
2281 1319 2337 1365 et
2362 1312 2647 1380 virtutum,
2688 1316 3012 1387 incorporea
3059 1326 3353 1392 corporeis,
3391 1335 3447 1380 et
3488 1328 3534 1382 si
3578 1344 3685 1383 non

2101 1402 2596 1470 comprehendisse,
2642 1408 3063 1477 apprehendisse
3101 1420 3301 1468 tamen.
3335 1414 3475 1470 Nihil
3513 1406 3686 1475 audeo

2102 1493 2305 1544 temere
2330 1491 2577 1558 definire,
2608 1496 2693 1549 vel
2726 1512 2793 1551 ex
2825 1497 3055 1569 abrupto
3089 1504 3431 1573 praecipitare
3462 1515 3685 1562 senten-

2100 1580 2267 1647 tiam;
2299 1597 2422 1638 cum
2460 1584 2723 1643 finitivam
2762 1604 2929 1660 super
2971 1591 3279 1663 hujusmodi
3325 1598 3564 1668 regulam
3593 1615 3685 1656 me

2098 1685 2206 1726 non
2238 1672 2461 1745 legerim
2491 1678 2786 1735 invenisse.
2819 1680 3077 1739 Securius
3104 1694 3285 1741 tamen
3316 1704 3515 1759 sequor
3540 1692 3691 1761 Apo-
3746 1744 3749 1745 ν

415 1785 507 1825 sos
532 1771 698 1826 corde
744 1781 800 1827 et
826 1773 1067 1837 auribus,
1091 1782 1145 1828 et
1173 1774 1391 1830 sublimi
1434 1788 1563 1830 voce
1609 1775 1903 1832 homicidas
1946 1786 1990 1832 el

2106 1764 2331 1831 stolum,
2369 1767 2481 1823 imo
2519 1768 2782 1839 Spiritum
2832 1771 2927 1827 Dei
2973 1773 3027 1828 in
3082 1776 3363 1844 Apostolo,
3416 1795 3509 1850 qui
3558 1760 3681 1837 cum

413 1859 718 1928 proditores
749 1860 999 1929 appellat.
1028 1861 1143 1917 Non
1192 1874 1413 1917 veretur
1441 1864 1816 1920 conventicula
1870 1880 2001 1921 con-

412 1960 637 2018 gregata
664 1950 730 2004 de
754 1950 1130 2020 sanguinihus,
1161 1961 1216 2006 et
1248 1951 1391 2007 inter
1428 1968 1619 2009 manus
1638 1955 1997 2025 quaerentium

413 2041 649 2096 animam
679 2042 796 2110 ejus
819 2042 990 2103 (Psal.
1016 2049 1132 2115 xv),
1159 2045 1547 2101 deliberatione
1583 2046 1809 2115 iustitiae
1832 2064 1995 2105 cacu-

412 2146 533 2185 men
555 2132 794 2187 veritatis
820 2135 1080 2188 ascendit.
1114 2135 1463 2191 Dissecantur
1483 2137 1753 2205 cordibus,
1783 2148 1839 2195 et
1865 2141 1997 2196 stri-

411 2218 542 2273 dent
566 2220 814 2275 dentibus
850 2222 901 2276 in
942 2237 1090 2289 eum,
1126 2225 1720 2294 concipiuntdolorem,
1747 2236 1801 2283 et
1828 2243 1996 2300 prope

409 2320 496 2365 est
515 2320 576 2364 ut
606 2312 822 2381 pariant
842 2313 1183 2382 iniquitatem
1213 2315 1398 2385 (Psal.
1425 2315 1545 2377 vn).

410 2396 413 2397 ⁷
483 2399 702 2465 Mirum,
728 2402 853 2470 quia
901 2419 1007 2458 non
1040 2413 1362 2459 revocantur
1388 2406 1583 2461 insueti
1624 2408 1864 2463 novitate
1894 2409 1996 2464 mi-

417 2491 586 2545 raculi
612 2491 755 2560 quod
802 2492 1064 2550 luminosa
1106 2497 1523 2567 protomartyris
1570 2496 1737 2553 facies
1761 2514 1868 2554 non
1909 2514 1995 2556 re-

410 2581 593 2638 frenat
616 2584 856 2640 insanos.
891 2603 909 2635 ι
954 2585 1237 2651 Videbam,
1278 2587 1474 2657 inquit,
1511 2588 1705 2645 faciem
1736 2589 1854 2656 ejus
1876 2600 1993 2647 tan-

410 2690 574 2743 quam
606 2676 812 2730 vultum
852 2677 1028 2748 angeli
1058 2679 1254 2735 stantis
1301 2680 1442 2735 inter
1476 2680 1615 2736 illos.
1663 2702 1683 2735 ι
1720 2683 1860 2749 Quid
1885 2692 1992 2751 est,

408 2759 628 2819 Judaei?
659 2764 884 2820 Lumine
936 2768 1113 2821 vultus
1152 2769 1245 2823 Dei
1295 2770 1588 2840 insignitur
1623 2772 1894 2843 gloriosus
1917 2773 1994 2829 le-

407 2851 543 2915 vita,
570 2861 629 2905 ut
660 2853 890 2907 vibranti
921 2854 1205 2924 splendore
1227 2856 1535 2927 Stephanus
1572 2870 1877 2927 serenatur,
1909 2878 1996 2918 re-

402 2941 757 2996 verberantur
803 2943 944 2998 oculi
978 2945 1167 3011 vestri,
1211 2954 1268 3001 et
1318 2955 1495 3003 tamen
1540 2948 1755 3005 invidia:
1784 2952 1993 3022 magni-

405 3030 556 3096 tudo,
571 3032 792 3091 visionis
819 3032 1153 3102 majestatem
1174 3036 1428 3093 occludit.
1452 3037 1835 3110 Respondeant
1853 3044 1985 3100 mihi

403 3119 706 3176 divinorum
760 3123 1090 3180 voluminum
1144 3126 1471 3194 evolutores,
1524 3130 1616 3186 ubi
1658 3132 1989 3190 revolverint

402 3210 675 3266 hominem
700 3213 753 3267 in
774 3215 934 3269 terris
954 3216 1188 3287 positum
1203 3217 1408 3275 vultum
1423 3219 1724 3289 angelicum
1751 3222 1989 3279 induisse

399 3309 594 3356 etcum
626 3301 679 3356 in
712 3303 959 3374 utrisque
1008 3305 1237 3377 legibus,
1286 3307 1371 3363 vel
1415 3324 1564 3376 raro,
1598 3310 1680 3367 vel
1709 3327 1987 3383 nunquam

399 3389 723 3456 invenerint,
755 3403 1044 3463 astupeant
1065 3394 1235 3465 gloria
1260 3396 1664 3467 triumphantis.

473 3480 766 3551 Sequitur:
801 3502 819 3545 ς
858 3484 992 3539 Cum
1025 3496 1207 3541 autem
1234 3495 1381 3543 esset
1404 3488 1596 3557 plenus
1626 3488 1833 3560 Spiritu
1864 3507 1988 3547 san-

405 3578 513 3633 cto,
547 3571 832 3626 intendens
863 3574 915 3627 in
943 3574 1138 3630 caelum
1174 3576 1308 3631 vidit
1333 3577 1561 3648 gloriam
1582 3579 1697 3635 Dei.
1739 3600 1758 3632 ι
1789 3581 1985 3638 Mirum

402 3658 569 3723 dictu,
617 3668 674 3714 et
717 3662 883 3716 totius
924 3664 1295 3733 supergressio
1339 3676 1625 3722 creaturae.
1672 3667 1983 3726 luteuditin

399 3748 620 3812 coelum.
654 3750 802 3805 videt
835 3752 947 3822 jam
984 3770 1089 3808 non
1131 3755 1350 3825 cadum,
1390 3758 1485 3812 sed
1533 3757 1702 3814 cmlos
1742 3771 1983 3829 apertos,

400 3838 545 3894 videt
568 3840 796 3911 gloriam
825 3842 941 3909 Dei,
971 3851 1026 3897 et
1046 3842 1229 3899 Jesum
1258 3854 1491 3901 stantem
1516 3862 1547 3900 a
1581 3847 1787 3904 dextris
1809 3851 1984 3905 virtue

396 3928 469 3985 tis
490 3928 607 3985 Dei.
639 3931 819 3987 Movet
848 3948 933 3987 me
957 3933 1072 3989 haec
1110 3934 1366 4003 intentio,
1419 3951 1540 4007 quae
1579 3938 1645 3993 de
1679 3940 1858 3995 cordis
1886 3957 1985 4010 pu-

399 4020 562 4078 ritate
591 4023 795 4091 refusa,
820 4026 927 4080 vim
950 4025 1081 4097 facit
1105 4027 1278 4095 caelis,
1307 4037 1363 4084 et
1386 4029 1451 4084 ad
1483 4030 1654 4099 ipsius
1683 4032 1984 4089 divinitatis

396 4113 779 4167 consistorium
820 4126 1069 4185 penetrat
1095 4125 1150 4172 et
1196 4119 1429 4189 attingit.
1471 4120 1608 4175 Caeli
1642 4122 1979 4190 aperiuntur,

398 4202 567 4271 gloria
595 4204 689 4257 Dei
718 4204 949 4272 videtur,
979 4205 1136 4261 Jesus
1177 4209 1531 4277 conspicitur,
1572 4220 1726 4265 stans
1758 4227 1861 4265 nou
1895 4226 1982 4267 so-

398 4292 507 4345 lum
537 4308 568 4346 a
599 4294 805 4348 dextris
827 4296 941 4357 Dei,
966 4297 1059 4350 sed
1080 4312 1110 4350 a
1140 4297 1345 4353 dextris
1359 4298 1596 4355 virtutis.
1629 4299 1780 4354 Hanc
1806 4301 1979 4357 inten-

2100 1870 2310 1911 summa
2354 1859 2643 1915 verborum
2686 1860 3072 1919 deliberatione
3113 1868 3285 1938 magis
3326 1884 3532 1925 securae
3565 1888 3685 1927 am-

2097 1944 2344 2014 biguitati
2372 1960 2537 2015 quam
2590 1948 2907 2018 periculosae
2936 1952 3258 2020 definitioni,
3288 1956 3392 2011 ista
3432 1962 3684 2015 commit-

2098 2034 2184 2089 tit.
2216 2054 2237 2087 ι
2268 2034 2412 2099 Sive,
2453 2036 2649 2107 inquit,
2705 2038 2760 2093 in
2815 2055 3062 2111 corpore,
3105 2044 3222 2099 sive
3263 2054 3414 2100 extra
3456 2062 3679 2116 corpus,

2098 2125 2305 2189 nescio,
2346 2126 2489 2181 Deus
2517 2127 2620 2182 scit
2646 2126 2733 2199 (II
2762 2128 2887 2183 Car.
2916 2129 3074 2199 xu).s

2165 2215 2486 2271 Exclamant
2537 2219 2721 2272 statim
2776 2219 3016 2276 clamore
3062 2222 3341 2289 horribili,
3394 2226 3680 2283 continent

2096 2320 2258 2362 aures
2283 2322 2443 2373 suas,
2477 2316 2533 2362 et
2569 2324 2663 2363 eas
2689 2310 2979 2365 obstruunt
3013 2311 3248 2366 veritati.
3281 2313 3544 2384 Impetum
3598 2316 3683 2373 fe-

2097 2406 2290 2453 cerunt
2339 2397 2668 2465 unanimiter
2725 2399 2778 2453 in
2821 2415 2977 2464 eum,
3024 2400 3151 2456 facti
3198 2403 3357 2459 amici
3400 2405 3454 2459 in
3504 2418 3680 2464 morte

2095 2487 2263 2553 illius,
2290 2497 2345 2545 et
2382 2488 2662 2559 ejicientes
2684 2504 2809 2549 eum
2840 2500 2994 2547 extra
3018 2493 3312 2559 civitatem,
3344 2494 3676 2565 lapidabant.

2093 2579 2324 2649 Ejicitur
2358 2589 2568 2650 martyr
2598 2591 2753 2636 extra
2780 2582 3056 2639 civitatem
3095 2586 3442 2655 sanguinem,
3487 2588 3541 2641 in
3572 2604 3678 2659 qua

2092 2669 2242 2738 prius
2258 2668 2471 2738 justitia
2498 2668 2856 2736 habitaverat,
2888 2688 3030 2728 nunc
3069 2682 3248 2729 autem
3279 2676 3585 2744 homicida,
3609 2681 3679 2735 de

2091 2772 2199 2819 qua
2233 2757 2367 2812 dicit
2400 2766 2663 2815 sanctus:
2701 2778 2722 2813 ί
2750 2760 3014 2828 Quoniam
3061 2762 3171 2818 vidi
3215 2764 3577 2835 iniquitatem,
3620 2778 3679 2824 et

2096 2836 2584 2905 contradictionem
2602 2840 2682 2917 ,in
2716 2842 2937 2899 civitate
2978 2843 3144 2912 (Ptal.
3196 2844 3331 2910 ων).
3375 2863 3394 2896 ι
3437 2839 3561 2899 usa
3589 2856 3679 2898 est

2095 2929 2292 2988 civitas
2336 2948 2497 3002 quam
2551 2934 2640 2995 die
2693 2951 2759 2992 ac
2805 2946 2966 2995 nocte
3017 2938 3324 2995 circumdat
3383 2938 3673 3008 iniquitas,

2093 3022 2288 3081 civitas
2339 3025 2620 3082 castellum
2677 3029 2987 3097 despective
3036 3039 3223 3087 vocata
3276 3030 3496 3101 (Matth.
3531 3031 3670 3109 ut),

2092 3115 2239 3187 quod
2288 3129 2480 3173 contra
2532 3122 2810 3190 apostolos
2845 3132 2901 3178 et
2934 3124 3305 3194 apostolorum
3350 3126 3665 3194 Dominum,

2091 3203 2401 3263 durissimis
2420 3208 2757 3268 infidelitatis
2784 3214 3033 3276 vectibus
3067 3226 3152 3273 est
3176 3215 3469 3274 munitum.
3498 3216 3667 3274 Extra

2087 3307 2297 3369 portam
2350 3298 2589 3353 civitatis
2630 3298 2791 3369 hujus
2835 3313 3028 3368 passus
3070 3307 3157 3357 est
3195 3300 3479 3366 Dominus,
3515 3309 3671 3357 extra

2086 3400 2206 3440 eam
2245 3385 2520 3456 lapidatur
2565 3400 2757 3452 servus
2798 3386 2987 3442 exiens
3016 3387 3085 3442 ad
3115 3400 3241 3443 eum
3284 3397 3436 3444 extra
3467 3398 3667 3455 castra,

2085 3483 2140 3529 et
2174 3484 2398 3544 portans
2425 3475 2831 3531 similitudinem
2875 3476 3190 3547 improperii
3215 3477 3352 3547 ejus.
3379 3479 3666 3550 Deponun-

2086 3575 2173 3619 tur
2205 3566 2525 3621 vestimenta
2550 3567 2806 3637 martyris
2846 3567 2915 3625 ad
2957 3568 3122 3637 pedes
3160 3571 3549 3639 persecutoris,
3573 3571 3666 3640 qui

2084 3654 2152 3710 ad
2186 3664 2389 3709 tactum
2423 3669 2701 3710 sacrarum
2746 3654 3002 3733 vestium,
3042 3664 3101 3715 et
3145 3657 3479 3715 orationibus
3532 3658 3659 3728 lapi-

2083 3748 2242 3803 dandi
2266 3747 2443 3802 fuerat
2468 3748 2865 3804 convertendus
2892 3765 2906 3801 :
2944 3767 2963 3801 ι
2997 3748 3064 3805 Et
3092 3747 3422 3818 lapidabant,
3455 3748 3662 3820 inquit,

2085 3836 2415 3906 Stephanum
2438 3837 2780 3892 invocantem
2806 3846 2863 3891 et
2904 3836 3170 3899 dicentem
3209 3856 3224 3891 :
3267 3837 3491 3897 Domine
3511 3836 3656 3903 Iesu,

2084 3928 2269 3997 accipe
2297 3927 2547 3998 spiritum
2596 3941 2777 3983 meum
2807 3926 2947 3998 (Act.
2977 3928 3099 4000 vn).
3129 3948 3147 3980 ι
3202 3927 3441 3984 Currant
3478 3929 3553 3984 illi
3594 3929 3662 3984 ad

2080 4017 2304 4087 lapides,
2327 4027 2382 4073 et
2408 4018 2497 4073 ille
2522 4018 2588 4073 ad
2611 4031 2819 4087 preces,
2846 4017 3049 4087 lapides
3072 4017 3304 4088 lapidem
3327 4034 3361 4088 p
3396 4020 3656 4083 rcutiuut,

2082 4108 2175 4163 sed
2206 4108 2438 4177 lapidem
2465 4108 2786 4172 molliorem,
2814 4108 2884 4163 de
2918 4124 3025 4178 quo
3060 4107 3177 4162 fluit
3207 4108 3386 4163 oleum
3427 4110 3660 4165 charita-

2085 4199 2175 4263 tis,
2211 4208 2265 4253 et
2295 4198 2519 4252 tinnitus
2555 4197 2800 4253 redditur
2842 4197 3082 4267 pietatis.
3132 4197 3359 4253 Domine
3392 4196 3545 4262 Iesu,
3585 4198 3684 4269 ius,

2082 4291 2217 4359 quit,
2259 4306 2327 4345 ne
2371 4299 2577 4344 statuas
2628 4289 2734 4344 illis
2781 4290 2884 4345 hoc
2924 4300 3228 4359 peccatum,
3254 4290 3384 4361 quia
3416 4290 3661 4346 nesciunt

397 4381 600 4436 tionem
650 4381 855 4438 fecerat
902 4384 1131 4453 abjectio
1179 4388 1396 4455 mundi,
1458 4400 1802 4462 contemptus
1859 4395 1977 4461 sui,
2006 4382 2212 4491 unid
2239 4381 2463 4437 facium.
2489 4381 2661 4485 liceat
2689 4382 2890 4491 suscipi
2915 4382 3165 4451 spiritum
3193 4395 3383 4484 suum;
3412 4380 3655 4483 spiritui-3

393 4473 574 4527 cordis
606 4475 893 4541 munditia,
923 4476 1138 4533 dilectio
1169 4477 1287 4544 Dei,
1318 4494 1473 4536 amor
1498 4482 1753 4549 proximi,
1781 4484 1979 4539 verita-

397 4562 467 4617 tis
486 4563 749 4630 defensio,
776 4566 1103 4622 desiderium
1129 4567 1353 4625 Christi.

465 4654 847 4726 Betnrquenda
898 4667 1080 4714 essent
1144 4659 1260 4715 haec
1309 4661 1490 4716 omnia
1541 4663 1610 4717 ad
1661 4677 1976 4720 communes

392 4745 645 4802 ﬂosculos
673 4746 1040 4813 mortalitatis,
1071 4748 1174 4804 nisi
1198 4760 1342 4806 esset
1370 4751 1687 4807 excellentia
1718 4754 1975 4823 martyris

392 4836 844 4890 commendanda.
888 4836 1097 4894 Felices
1154 4840 1315 4906 oculi,
1366 4842 1579 4897 subtilis
1626 4843 1806 4908 visus,
1841 4844 1977 4900 visio

393 4925 650 4996 gloriosa.
700 4926 978 4998 Simulque
1022 4930 1301 5000 signanter
1352 4932 1602 5003 recollige
1650 4935 1973 5003 positionem

394 5017 704 5083 verborum.
731 5015 928 5073 Plenus
955 5029 1039 5074 est
1061 5018 1287 5090 Spiritu,
1312 5030 1368 5075 et
1397 5022 1477 5076 sic
1504 5022 1731 5077 intendit
1780 5024 1832 5078 in
1865 5039 1976 5081 εω-

394 5107 653 5178 lum,qnia
686 5110 777 5178 qui
816 5108 1017 5179 Spiritu
1042 5111 1343 5168 divinitatis
1364 5112 1598 5179 afllatur,
1643 5116 1976 5171 conculcatis

394 5200 745 5255 terrestribus
771 5202 1081 5258 coelestibus
1112 5204 1285 5260 inhiat
1332 5214 1388 5260 et
1422 5207 1660 5261 aeternis.
1703 5206 1833 5262 Post
1859 5208 1975 5263 haec

394 5293 711 5356 aperiuntur
752 5290 898 5356 coeli,
939 5292 1193 5363 nullaque
1228 5295 1857 5365 praevalet-obfirmatio,
1889 5297 1985 5353 vel

397 5375 655 5443 claustra,
709 5394 827 5449 qua:
869 5396 977 5436 non
1022 5384 1334 5449 transvolet,
1381 5394 1475 5441 aut
1531 5386 1795 5457 irrumpat
1822 5403 1973 5444 mens

399 5463 488 5517 illa
520 5481 744 5522 summie
771 5470 939 5524 menti
971 5471 1290 5528 all'ectanter
1317 5474 1609 5532 inhzerens.
1639 5477 1973 5546 Aperiuutur

396 5568 528 5622 ergo
546 5554 690 5615 caeli,
721 5565 776 5611 et
805 5567 934 5626 puto
970 5560 1111 5629 quod
1135 5576 1323 5616 omnes
1348 5563 1793 5634 cmli,corumque
1817 5581 1973 5636 aper-

400 5644 602 5700 tionem
636 5649 884 5717 sequitur
911 5650 1047 5704 visio
1075 5651 1259 5722 gloria:
1292 5652 1407 5721 Dei,
1455 5662 1510 5707 et
1545 5654 1757 5709 videtur
1789 5655 1969 5711 Domi-

2082 4472 2296 4541 utique,
2335 4481 2390 4527 et
2434 4473 2686 4542 spiritum
2734 4472 2917 4539 illum,
2968 4488 3129 4542 quem
3181 4472 3459 4541 signanter
3508 4472 3657 4541 quasi

2078 4565 2347 4634 quoddam
2377 4565 2593 4619 tertium
2615 4565 2906 4634 Apostolus
2932 4564 2985 4618 in
3015 4565 3232 4620 homine
3257 4564 3502 4634 prtecipit
3522 4579 3656 4620 con-

2075 4655 2302 4710 servari.
2333 4674 2351 4705 ι
2382 4654 2453 4710 Ut
2478 4655 2704 4725 integer,
2731 4654 2924 4723 inquit,
2955 4655 3133 4707 anima
3158 4668 3301 4717 mea,
3333 4661 3390 4709 et
3413 4654 3655 4723 spiritus,

2075 4756 2131 4801 et
2175 4762 2371 4816 corpus
2426 4746 2479 4803 in
2530 4746 2672 4811 diem
2719 4746 2933 4801 Domini
2982 4746 3101 4801 sine
3144 4744 3380 4815 querela
3413 4754 3659 4802 servetur

2079 4835 2127 4905 (1
2191 4835 2370 4890 Thess.
2402 4835 2481 4905 v).
2516 4854 2536 4887 ι
3333 4894 3342 4903 ,

2148 4924 2192 4980 Ο
2224 4936 2426 4996 quanta
2476 4926 2668 4995 pietas,
2711 4934 2947 4996 quantus
3000 4923 3250 4991 affectus,
3296 4932 3353 4979 et
3394 4924 3660 4978 ardentis-

2076 5017 2229 5071 simae
2263 5017 2552 5091 charitatis
2602 5016 2910 5087 integritas!
2951 5015 3118 5070 Recte
3167 5014 3414 5085 martyrii
3468 5012 3659 5067 florem

2078 5109 2182 5165 iste
2210 5108 2310 5163 sibi
2343 5110 2725 5178 pt'mvcndicat,
2750 5109 2804 5163 in
2830 5126 2937 5179 quo
2964 5108 3262 5165 similitudo
3291 5106 3501 5162 Domini
3531 5122 3660 5176 pene

2078 5200 2255 5256 dentis
2296 5200 2349 5253 in
2397 5215 2560 5254 cruce
2602 5200 2939 5257 mirabilibus
2978 5199 3221 5254 formulis
3257 5208 3341 5255 est
3369 5197 3659 5268 impressa.

2075 5292 2133 5346 In
2163 5291 2308 5361 ligno
2334 5293 2478 5347 enim
2518 5293 2709 5362 spinis,
2753 5294 2945 5358 clavis,
2981 5292 3169 5347 lancea
3198 5290 3412 5355 afﬁxus,
3444 5298 3501 5345 et
3536 5304 3662 5343 cru-

2079 5383 2297 5449 cifixus,
2346 5382 2651 5438 dissimulat
2690 5382 2839 5437 illum
2889 5382 3109 5438 unicum
3150 5380 3409 5446 dolorem,
3441 5388 3499 5434 et
3524 5379 3662 5436 obh-

2080 5476 2308 5531 viscitur
2336 5476 2528 5530 mortis
2558 5475 2769 5540 vicina,
2798 5489 2996 5529 novum
3033 5474 3439 5529 introducturus
3475 5486 3661 5527 exem-

2079 5566 2256 5636 plum,
2312 5568 2488 5635 aperit
2534 5566 2872 5621 latitudinem
2918 5565 3237 5628 charitatis,
3289 5572 3343 5618 et
3396 5573 3657 5632 apertton

2081 5672 2273 5727 campo
2321 5657 2582 5712 terminos
2614 5656 2824 5712 tradita:
2866 5655 3001 5726 legis
3041 5653 3352 5726 amplificat,
3400 5668 3507 5709 non
3541 5650 3657 5720 jam
