4064 6208
312 343 416 400 857

1793 335 2026 395 SERMO
2061 337 2245 396 LXIII.

3435 341 3582 403 158

312 463 489 519 solum
514 458 723 515 amicus
750 459 960 526 amicis,
1000 461 1096 518 sed
1127 459 1294 516 velint
1338 459 1532 526 nolint,
1569 458 1780 515 amicus
1801 470 1896 526 pa-
1922 453 2154 520 Abem,
2198 454 2303 511 hoc
2353 461 2470 521 est,
2523 453 2579 509 in
2623 454 2818 512 divina»
2874 456 3190 514 substantia:
3239 457 3580 530 claritatem,

315 553 448 606 riter
493 547 752 604 inimicis.
795 547 1028 620 «Pater,
1072 549 1269 618 inquit,
1315 549 1536 620 ignosce
1592 546 1722 613 illis,
1770 547 1898 617 quia

311 639 564 697 nesciunt
585 637 717 708 quid
744 635 952 692 faciunt
979 636 1130 708 (Luc.
1158 639 1340 708 XXIII).
1380 657 1398 690 ι
1434 636 1550 692 Non
1577 636 1753 708 potuit
1778 651 1900 692 esse

249 772 259 778 μ
313 729 560 785 ineﬂicax
591 729 769 784 oratio
798 728 1107 794 morientis,
1143 731 1284 784 unde
1320 737 1374 783 et
1412 729 1758 818 inimicorum
1789 745 1893 784 nu-

310 821 604 876 merositas
637 819 706 874 ad
734 833 1020 874 numerum
1051 819 1353 882 amicorum
1384 819 1658 875 transivit.

381 909 548 982 335
579 909 709 964 Vide
754 924 921 979 quam
971 918 1119 963 recto
1169 923 1330 963 cursu
1384 908 1723 979 Stephanus,
1764 919 1820 966 et
1851 909 1898 965 si

310 1017 418 1059 non
459 1009 659 1071 :equat,
711 1001 960 1070 sequitur
1016 1009 1194 1054 tamen
1255 1000 1692 1070 Redemptorem.
1744 1000 1900 1056 Volat

309 1108 572 1150 saxorum
612 1092 810 1159 imber,
852 1102 908 1148 et
941 1092 1260 1148 fortissimis
1303 1092 1608 1149 invidorum
1650 1093 1897 1148 manibus

311 1188 430 1242 loca
475 1186 760 1242 vulnerum
807 1186 1176 1256 duplicantur,
1229 1186 1324 1241 sed
1376 1186 1650 1255 patienter
1695 1186 1900 1255 patitur

311 1285 605 1333 coronatus
648 1285 856 1341 noster,
912 1276 979 1331 de
1021 1291 1222 1331 corona
1263 1276 1498 1331 nominis
1541 1275 1610 1330 ad
1636 1289 1897 1332 coronam

313 1366 597 1437 regiminis
626 1364 1053 1424 transferendus.
1100 1365 1286 1422 Nescit
1321 1365 1576 1422 alfectuin
1615 1365 1813 1430 carnis,
1843 1373 1900 1420 et

312 1457 504 1522 mortis
529 1457 716 1512 horam
741 1457 990 1526 ignorat;
1027 1467 1081 1513 et
1105 1458 1229 1516 vide
1255 1457 1385 1528 quid
1408 1457 1670 1513 deliberet
1697 1455 1900 1511 facien-

310 1547 462 1602 dum.
494 1545 692 1602 Positis
729 1559 912 1602 autem
957 1546 1186 1617 genibus
1231 1547 1486 1606 clamavit
1521 1562 1659 1605 voce
1699 1561 1898 1615 magna

310 1639 545 1694 dicens:
579 1657 599 1690 ι
636 1637 979 1702 Domine,ne
1020 1647 1233 1694 statuas
1286 1637 1394 1694 illis
1437 1638 1541 1695 hoc
1591 1645 1896 1710 peccatum,

311 1727 440 1796 quia
473 1727 721 1783 nesciunt
765 1727 896 1797 quid
939 1727 1166 1783 faciunt.
1201 1746 1222 1780 ι
1255 1726 1471 1784 Clamat
1513 1742 1644 1784 voce
1678 1741 1896 1796 magna,

311 1817 440 1886 quia
469 1831 665 1889 magna
704 1817 890 1887 utique
925 1817 1227 1884 charitate;
1256 1817 1452 1887 positis
1483 1816 1730 1888 genibus.
1768 1815 1895 1885 quia

311 1921 463 1971 vera,
494 1916 550 1961 et
592 1907 783 1961 humili
831 1906 1196 1976 simplicitate.
1247 1906 1354 1962 Pro
1399 1921 1458 1962 se
1492 1921 1657 1961 orans
1685 1913 1810 1970 stat,
1843 1913 1900 1960 et

309 1997 572 2068 erigitur;
605 2010 704 2067 pro
727 1995 1095 2066 Iapidantibus
1121 1995 1289 2051 ﬂectit
1308 2012 1501 2066 genua.
1533 1995 1663 2062 Quis
1691 1994 1898 2054 audivit

311 2100 552 2154 unquam
600 2085 786 2151 talem,
839 2094 898 2140 et
946 2086 1070 2159 quis
1119 2086 1254 2140 vidit
1300 2085 1427 2140 huic
1471 2083 1898 2140 similemlPlus

311 2176 459 2233 dolet
503 2178 944 2247 persequentium
995 2187 1222 2247 peccata
1274 2193 1436 2247 quam
1482 2193 1579 2232 sua
1627 2177 1895 2238 vulnera:

310 2267 525 2332 illorum
553 2267 890 2338 iniquitatem
916 2283 1079 2339 quam
1106 2284 1259 2326 suam
1289 2277 1543 2323 mortem.

387 2376 408 2411 ι
428 2359 629 2415 Etcum
644 2359 746 2422 hoc
759 2358 1005 2423 dixisset,
1021 2359 1344 2415 obdormivit
1360 2343 1676 2415 in'Domino.
1705 2379 1724 2414 ι
1748 2361 1894 2416 Felix

310 2463 538 2506 somnus
562 2462 686 2503 cum
709 2447 913 2517 requie,
937 2448 1153 2518 requies
1181 2465 1304 2503 cum
1331 2448 1627 2518 voluptate,
1645 2448 1893 2519 voluptas

311 2554 438 2596 cum
452 2539 726 2604 satietate,
746 2539 973 2595 satietas
1000 2554 1124 2596 cum
1153 2540 1467 2604 securitate,
1484 2540 1750 2595 securitas
1771 2555 1895 2594 cum

309 2631 636 2688 aeternitate.
655 2629 1019 2698 Obdormivit,
1043 2632 1304 2703 inquit,in
1328 2633 1580 2697 Domino,
1607 2633 1898 2702 absorptus

311 2723 368 2779 in
403 2723 673 2780 claritatis
702 2723 980 2794 abyssum,
1011 2733 1066 2780 et
1115 2725 1257 2779 inter
1298 2724 1392 2780 Dei
1429 2724 1510 2778 sui
1557 2724 1778 2778 brachia
1806 2739 1910 2778 re-‘

311 2814 622 2885 quiescens.
647 2813 882 2870 Sedebat
905 2831 937 2870 a
962 2815 1169 2872 dextris
1195 2816 1287 2870 Dei
1320 2816 1577 2869 Dominus
1599 2813 1777 2878 Jesus,
1800 2813 1898 2869 sed

311 2905 492 2976 primo
535 2905 766 2978 martyri
794 2915 1096 2978 martyrum
1134 2916 1317 2974 caput.
1369 2906 1584 2960 Recolis
1627 2906 1757 2975 quid
1806 2904 1896 2964 illa

311 2995 572 3054 Ecclesiae
613 2995 817 3066 lingua,
861 2997 1223 3069 Augustinum
1271 2996 1484 3067 loquor,
1519 2996 1587 3052 de
1627 2997 1730 3053 hoc
1761 3011 1899 3052 mar-

317 3100 435 3162 tyre
486 3091 752 3156 senserit,
801 3091 894 3162 qui
941 3100 1065 3160 post
1108 3100 1338 3152 mortem
1401 3101 1606 3160 septem
1654 3099 1896 3146 mortuos

310 3183 535 3241 asserit.
1207 3228 1214 3234 .

383 3273 482 3330 Eia
517 3288 636 3339 vos,
677 3273 768 3344 qui
805 3273 1022 3330 levitico
1067 3273 1259 3329 ordine
1298 3272 1654 3344 priefulgetis,
1683 3281 1898 3332 cantate

309 3363 441 3423 huic
472 3362 746 3419 canticum
777 3379 1000 3431 novum,
1043 3373 1098 3420 et
1142 3371 1305 3419 tantie
1353 3364 1636 3419 fcstivitati
1687 3363 1900 3422 festivis

313 3451 538 3508 vocibus
574 3453 888 3509 incumbite.
927 3453 1202 3510 Fortassis
1243 3455 1420 3509 aderit
1457 3455 1799 3519 canentibus,
1842 3462 1898 3509 et

312 3552 566 3614 suggeret
608 3545 674 3600 de
724 3545 882 3601 nobis
929 3545 1158 3600 Domino
1199 3561 1320 3612 suo,
1349 3545 1520 3614 judici
1560 3557 1744 3602 nostro
1777 3565 1791 3599 :
1820 3546 1898 3603 Ne

311 3644 524 3692 statuas
553 3635 660 3691 illis
686 3635 890 3707 aliquid
921 3637 989 3692 ad
1019 3643 1327 3708 peccatum,
1356 3639 1448 3708 qui
1475 3653 1538 3695 es
1558 3638 1704 3696 Deus
1734 3639 1899 3696 bene-

312 3727 494 3784 dictus
520 3727 576 3782 in
599 3729 823 3786 szecula.
845 3728 1043 3785 Amen.

857 3861 1090 3920 SERMO
1129 3862 1308 3919 LXIII.

421 3989 488 4030 DE
524 3989 725 4031 SANC‘I'O
755 3989 954 4030 JOARNE
993 3990 1262 4032 Αιιοδτοιο
1300 3991 1370 4031 ΕΤ
1407 3991 1789 4032 ενικαειιεη.

862 4047 1031 4116 (xxvii
1064 4047 1316 4117 uecente.)

385 4177 578 4242 Hodie,
623 4178 982 4244 dilectissimi,
1030 4187 1234 4236 sancta:
1273 4180 1431 4238 nobis
1463 4181 1661 4237 laztitiat
1699 4183 1894 4254 gaudia

313 4271 681 4341 geminantur,
703 4271 828 4341 quia
852 4271 1054 4328 recenti
1079 4271 1258 4328 adhuc
1283 4273 1570 4330 nativitate
1590 4273 1894 4336 Dominica,

312 4360 380 4416 Β.
404 4358 629 4418 Joannis
652 4361 897 4417 occurrit
914 4360 1230 4418 solemnitas
1255 4362 1509 4434 gloriosa.
1535 4364 1706 4420 Hodie
1728 4363 1896 4420 disci-

313 4451 498 4523 pulus,
527 4467 689 4522 quem
721 4453 977 4522 diligebat
1002 4453 1181 4516 Iesus,
1207 4455 1484 4511 dilectaris
1512 4471 1596 4510 sui
1632 4456 1895 4525 amplexi-

313 4544 418 4600 bus
438 4544 748 4614 stringitur,
780 4542 1042 4600 societate
1065 4541 1385 4613 perfruitur,
1411 4544 1632 4613 etquod
1660 4543 1894 4613 viderat,

311 4634 458 4709 quod
482 4635 756 4700 audierat,
776 4632 926 4706 quod
947 4633 1204 4691 manibus
1221 4642 1608 4689 attrectaverat
1626 4634 1692 4688 de
1715 4632 1892 4690 Verbo

310 4726 496 4795 vitae“
510 4727 756 4797 haud),
787 4734 940 4783 tanto
963 4727 1073 4800 jam
1095 4725 1356 4796 liquidius
1379 4733 1584 4797 quanto
1603 4724 1891 4784 sublimius

298 4819 732 4889 contemplatur.
768 4818 941 4874 Hodie
988 4819 1196 4874 scilicet
1237 4819 1326 4874 illa
1383 4817 1651 4874 mirabilis
1707 4819 1890 4887 aquila

312 4911 476 4966 quam
519 4905 576 4953 et
617 4898 746 4954 olim
793 4899 1044 4956 Ezechiel
1096 4898 1337 4956 eminere
1393 4901 1606 4957 caeteris
1658 4911 1894 4972 quatuor

312 4985 638 5042 animalibus
675 4987 808 5042 vidit
837 4986 1052 5056 (Ezecli.
1080 4989 1142 5057 ι),
1173 4995 1230 5042 et
1259 4989 1374 5057 ipse
1395 4987 1634 5046 Joannes
1667 4991 1892 5054 suimet,

312 5084 373 5129 ut
397 5075 470 5130 ita
499 5075 714 5147 loquar,
739 5079 998 5149 propheta
1035 5076 1233 5144 factus,
1273 5078 1541 5136 volantem
1580 5081 1632 5135 in
1661 5081 1888 5152 mystica

309 5163 523 5220 visione
546 5166 850 5237 conspexit,
887 5168 954 5222 ad
1005 5167 1220 5224 unicam
1263 5168 1574 5239 angelorum
1608 5178 1663 5226 et
1713 5171 1889 5226 homi-

310 5270 440 5308 num
487 5270 689 5323 escam,
733 5257 926 5328 pennis
968 5256 1162 5313 librata
1207 5259 1518 5314 sublimium
1569 5260 1886 5316 meritorum

310 5345 544 5407 feliciter
586 5348 838 5404 evolavit.
874 5349 1024 5405 Licet
1055 5350 1198 5405 enim
1233 5351 1538 5419 ubicunque
1566 5348 1734 5405 fuerit
1768 5366 1891 5407 cor-

309 5453 434 5507 pus,
471 5437 585 5492 illic
613 5440 920 5495 necessario
952 5451 1348 5512 congregemur
1395 5451 1450 5495 et
1501 5441 1695 5511 aquilae
1735 5442 1888 5514 (Luc.

308 5525 475 5598 xvii);
502 5527 604 5583 iste
634 5537 810 5584 tamen
839 5539 989 5587 tanto
1011 5531 1328 5586 familiarius
1359 5531 1427 5585 ad
1462 5533 1585 5588 vita:
1612 5533 1885 5604 pabulum,

309 5620 677 5688 corruptionis
706 5620 934 5677 vinculis
958 5621 1071 5691 jam
1107 5623 1314 5679 solutus
1347 5625 1574 5688 accedit,
1605 5633 1808 5694 quanto
1833 5636 1890 5681 et

310 5705 364 5760 in
406 5723 572 5765 carne
612 5710 788 5767 adhuc
826 5712 1033 5783 positus
1095 5713 1146 5768 in
1193 5712 1366 5783 ipsum
1403 5713 1587 5770 mterni
1628 5714 1755 5770 solis
1799 5729 1887 5772 or-

1922 3150 1970 3212 C

1999 549 2183 604 radios
2212 548 2511 620 puriﬁcatae
2538 548 2735 602 mentis
2764 548 2961 604 inlisit.

2068 642 2113 698 0
2137 657 2299 712 quam
2324 642 2572 698 miranda
2617 656 2781 712 super
2821 659 2923 698 nos
2967 643 3206 700 caelestis
3250 647 3461 703 consilii
3498 649 3587 705 di-

1997 734 2304 804 spensatio!
2336 733 2380 788 Ο
2407 748 2570 802 quam
2614 733 2878 800 profunda
2969 735 3161 790 divina:
3191 738 3470 804 sapientiae
3503 727 3586 795 est

1997 816 2256 880 altitudo!
2297 824 2587 880 Descendit
2617 826 2758 880 Deus
2787 828 2854 880 ad
2884 825 3178 886 hominem.
3216 837 3275 880 ut
3309 829 3581 884 occultam

1998 915 2311 971 hominibus
2346 915 2681 986 patefaceret
2707 915 2994 971 Deitatem.
3029 917 3111 970 Ad
3145 917 3306 988 335
3333 919 3586 974 humanae

1998 1004 2348 1062 mortalitatis
2387 1006 2540 1061 exire
2581 1005 2837 1076 dignatus
2871 1016 2954 1062 est
2989 1007 3284 1076 publicum,
3328 1019 3388 1064 ut
3428 1012 3587 1066 nobis

1997 1096 2316 1152 aeternitatis
2343 1110 2455 1152 suae
2495 1094 2763 1152 revelaret
2789 1111 3070 1151 arcanum.
3104 1097 3210 1154 Sed
3255 1099 3298 1153 si
3345 1116 3492 1168 mox,
3525 1113 3584 1156 ut

1999 1183 2052 1237 in
2082 1185 2410 1256 evangelicae
2447 1186 2708 1241 doctrina:
2737 1188 2904 1256 cepit
2923 1187 3089 1242 verba
3113 1204 3490 1258 prorumpere,
3519 1206 3584 1246 ac

1998 1287 2152 1327 novae
2193 1274 2382 1342 gratiae
2426 1274 2684 1346 mysteria
2724 1275 2950 1332 rudibus
2988 1277 3166 1332 adhuc
3206 1277 3582 1346 imperitorum

1997 1363 2544 1435 cordibusaperire,
2591 1365 2776 1423 statim
2821 1367 3123 1424 divinitatis
3159 1385 3272 1425 sum
3323 1371 3586 1440 panderet

1997 1463 2434 1520 sacramentum,
2484 1454 2640 1525 cujus
2693 1469 2880 1524 quaeso
2919 1457 3089 1514 ferret
3137 1459 3382 1525 auditus,
3428 1461 3586 1530 cujus

1999 1556 2236 1611 unquam
2267 1551 2488 1612 caperet
2523 1542 3034 1602 intellectus?‘Nam
3087 1554 3148 1600 ut
3171 1545 3256 1601 -de
3300 1546 3585 1603 divinitate

2000 1649 2146 1693 nunc
2187 1642 2429 1703 taceam,
2476 1649 2600 1690 cum
2645 1634 2908 1692 Dominus
2951 1636 3158 1692 diceret
3191 1653 3207 1691 :
3246 1655 3266 1690 ι
3299 1637 3436 1704 Quia
3479 1637 3584 1693 nisi

2000 1723 2460 1782 manducaveritis
2501 1740 2722 1784 carnem
2776 1725 2870 1784 ﬁlii
2921 1726 3178 1793 hominis,
3230 1737 3286 1784 et
3337 1727 3586 1784 biberitis

1931 1807 1975 1868 Β
2001 1818 2120 1889 ejus
2149 1818 2493 1890 sanguinem,
2534 1832 2641 1874 non
2683 1818 2952 1874 habebitis
2986 1818 3150 1872 vitam
3194 1818 3247 1874 in
3273 1818 3429 1873 vobis
3459 1833 3475 1872 :
3503 1831 3585 1885 et,

1999 1909 2092 1979 qui
2119 1910 2414 1966 manducat
2434 1925 2540 1974 me,
2567 1911 2683 1982 ipse
2703 1910 2848 1967 vivet
2869 1919 3091 1980 propter
3109 1909 3197 1966 me'
3215 1909 3398 1979 (Joan.
3426 1912 3537 1981 vi);
3558 1929 3581 1964 ι

1998 2001 2246 2074 protinus
2273 2002 2546 2072 aspernati
2579 2011 2703 2058 sunt
2743 2002 2991 2064 verbum.
3038 2011 3094 2058 et
3134 2002 3468 2057 exhorruere
3503 2001 3587 2056 di-

1997 2102 2187 2154 centes
2219 2112 2233 2149 :
2272 2113 2292 2146 ι
2325 2095 2504 2151 Durus
2545 2104 2633 2152 est
2671 2095 2760 2152 hic
2798 2109 2980 2151 sermo
3018 2111 3032 2150 :
3073 2094 3196 2165 quis
3247 2101 3426 2164 potest
3458 2107 3584 2148 eum

1999 2184 2223 2239 audire?
2257 2202 2280 2239 ›
2310 2184 2516 2240 Deinde
2563 2183 2848 2255 Scriptura
2896 2184 3169 2256 subiungit
3207 2200 3222 2238 :
3264 2202 3282 2237 ι
3322 2183 3402 2240 Ex
3445 2184 3584 2251 hoc,

2000 2273 2197 2345 inquit,
2234 2275 2388 2330 multi
2425 2274 2812 2344 discipulorum
2855 2273 2974 2343 ejus
3020 2275 3272 2331 abierunt
3312 2282 3482 2340 retro,
3528 2280 3588 2330 et

1991 2361 2104 2431 jam
2133 2377 2252 2418 cum
2286 2364 2377 2420 illo
2403 2379 2508 2420 non
2535 2364 2885 2420 ambulabant
2911 2363 3097 2435 (ιὸὶά.)
3126 2383 3147 2418 ›
3183 2364 3434 2421 videlicet
3474 2379 3585 2420 non

1997 2456 2064 2512 de
2099 2457 2288 2521 turba;
2315 2471 2421 2511 non
2449 2454 2678 2526 quilibet
2701 2455 2958 2525 imperiti,
2979 2455 3076 2511 sed
3098 2454 3198 2524 ipsi
3223 2455 3386 2512 etiam
3413 2455 3583 2511 disci-

1997 2545 2108 2616 puli
2141 2546 2475 2614 nequierant
2494 2559 2693 2613 capere
2729 2542 2949 2599 verbum
2980 2542 3250 2614 mysterii.‘
3281 2541 3420 2609 Quid
3448 2557 3586 2614 ergo

1999 2632 2087 2690 isti
2117 2633 2362 2691 facerent
2407 2643 2534 2689 ante
2564 2633 2756 2698 solem,
2786 2633 2878 2703 qui
2925 2633 3112 2688 canali
3159 2641 3286 2688 sunt
3313 2634 3380 2689 ad
3406 2632 3586 2690 lucer-

1997 2726 2158 2779 nam?
2205 2725 2486 2791 Quomodo
2533 2725 2754 2780 tonitrui
2808 2724 3114 2778 sustineant
3159 2724 3432 2790 sonitum,
3487 2740 3583 2796 qut

1995 2817 2297 2885 clangentis
2347 2817 2490 2870 tubze
2541 2817 2754 2885 pondus
2807 2814 2950 2870 ferre
2993 2823 3294 2884 nequeunt,
3344 2817 3454 2871 imo
3491 2817 3584 2886 qui

1996 2923 2302 2979 suppressae
2352 2923 2417 2964 ac
2469 2915 2782 2977 temperata:
2833 2906 3086 2961 humanae
3136 2905 3291 2962 vocis
3341 2906 3618 2962 exilitate'

1994 3014 2056 3056 su
2064 3000 2312 3056 rdescunt
2323 2999 2350 3054 τ

2066 3089 2360 3160 Propterea
2391 3090 2555 3161 igitur
2587 3089 2917 3158 Redemptor
2951 3096 3138 3144 noster
3171 3088 3430 3145 dilectum
3477 3090 3583 3146 sibi

1998 3181 2220 3252 speciali
2267 3181 2624 3252 praemgativa
2673 3178 3027 3250 discipulum,
3077 3179 3147 3234 ad
3203 3178 3583 3234 declarandam

1996 3292 2108 3331 suae
2142 3275 2440 3330 divinitatis
2473 3273 2764 3329 essentiam
2803 3270 3072 3341 quoddam
3109 3269 3267 3340 quasi
3313 3286 3585 3341 organum

1997 3365 2146 3432 fecit,
2174 3375 2338 3435 atque
2370 3373 2428 3420 ut
2469 3365 2560 3419 hic
2601 3361 2876 3432 suppleret
2911 3361 3056 3431 quod
3096 3362 3166 3416 ad
3213 3372 3425 3433 tempus
3467 3363 3584 3432 ipse

1997 3456 2258 3512 Dominus
2308 3454 2674 3524 dispensative
2725 3459 3123 3522 suppresserat,
3173 3451 3393 3507 sibimet
3429 3453 3580 3508 vica-

1999 3547 2138 3601 rium
2163 3545 2474 3615 dereliquit,
2500 3545 2769 3614 quatenus
2800 3541 3016 3611 expleto
3056 3541 3348 3611 passionis,
3387 3555 3453 3596 ac
3491 3556 3580 3596 re-

1997 3638 2348 3694 surrectionis
2383 3636 2824 3707 ascensionisque
2848 3634 3126 3704 mysterio,
3167 3642 3288 3704 post
3318 3633 3580 3689 tredecim

1996 3726 2111 3782 fere
2155 3741 2418 3782 annorum
2471 3725 2665 3790 lustra,
2719 3738 2844 3779 cum
2880 3723 2998 3794 jam
3046 3721 3297 3778 videlicet
3333 3723 3583 3779 homines

1997 3816 2306 3874 liberiorem
2366 3816 2436 3870 ad
2497 3813 2888 3883 capessendam
2958 3810 3244 3868 veritatem
3316 3812 3583 3868 haberent

1996 3907 2193 3962 mentis
2234 3906 2505 3970 obtutum,
2540 3904 2629 3960 hic
2663 3904 3058 3970 coessentialis,
3093 3913 3148 3959 et
3184 3904 3438 3960 coaeterni
3470 3903 3582 3960 Deo

1995 3997 2156 4052 Verbi
2187 3995 2448 4067 panderet
2471 4003 2889 4058 sacramentum,
2916 3994 3102 4050 dicens
3133 4013 3147 4048 :
3180 4013 3201 4047 ο
3229 3994 3286 4049 In
3310 3995 3583 4065 principio

1995 4096 2115 4146 erat
2146 4085 2405 4151 Verbum,
2431 4093 2486 4138 et
2523 4081 2759 4139 Verbum
2789 4091 2908 4138 erat
2936 4083 3076 4152 apud
3108 4082 3276 4142 Deum
3296 4123 3313 4148 ,
3348 4091 3406 4138 et
3436 4083 3581 4138 Deus

1995 4185 2114 4234 erat
2151 4175 2386 4231 Verbum
2417 4171 2600 4245 (Joan.
2626 4171 2689 4243 ι).
2723 4191 2744 4225 ι
2785 4170 3045 4226 Humanae
3074 4171 3271 4242 quippe
3297 4170 3582 4226 imbecilli-

1998 4268 2122 4326 tatis
2145 4267 2278 4323 ordo
2301 4263 2559 4336 poscebat
2584 4273 2644 4319 ut
2674 4264 2827 4335 prius
2849 4261 3048 4319 Christi
3080 4262 3437 4318 humanitatis
3464 4261 3582 4332 pri-

1995 4358 2203 4414 mordia
2252 4371 2470 4412 cursum
2519 4355 3151 4424 consummationemque
3195 4362 3582 4422 pernosceret,

1995 4446 2255 4502 miracula
2290 4447 2484 4511 etiam,
2515 4459 2635 4512 quae
2663 4445 2718 4500 in
2745 4444 3020 4499 hominem
3049 4444 3238 4510 gessit.
3269 4444 3581 4500 addisceret

1995 4538 2182 4606 sicque
2231 4535 2492 4607 paulatim
2544 4536 2613 4590 ad
2663 4534 3227 4604 comprehendendum
3277 4534 3582 4589 divinitatis

1991 4625 2216 4680 occultae
2261 4623 2581 4694 mysterium
2612 4623 2726 4677 suis
2774 4629 3021 4692 vegetata
3053 4623 3396 4691 provectibus
3437 4622 3582 4694 aspi-

1993 4725 2160 4772 raret.
2191 4714 2531 4784 Quapropter
2565 4713 2731 4768 divini
2772 4711 2872 4767 fuit
2909 4727 3072 4768 causa
3117 4712 3328 4767 consilii
3371 4720 3431 4767 ut
3473 4728 3579 4768 cte-

1992 4805 2094 4863 teri
2132 4804 2508 4876 Evangelistte,
2549 4803 2640 4874 qui
2672 4804 2724 4858 in
2757 4802 3109 4862 describenda
3146 4803 3446 4859 Salvatoris
3475 4804 3581 4859 hu-

1992 4895 2252 4950 manitate
2297 4893 2496 4949 versati
2529 4901 2677 4960 sunt,
2713 4893 2870 4963 longe
2904 4894 3298 4963 praecederent;
3336 4893 3578 4950 Joannes

1995 4971 2148 5052 vero,
2180 5000 2302 5040 cum
2354 4985 2602 5040 homines
2653 4994 2910 5054 tanquam
2950 4986 3128 5056 primo
3169 4985 3438 5042 lactantes
3483 4987 3580 5040 llr-

1994 5079 2166 5133 miora
2195 5075 2310 5146 jam
2352 5077 2406 5132 in
2436 5078 2521 5132 via
2557 5077 2804 5136 veritatis
2839 5078 3062 5148 vestigia
3106 5078 3359 5149 Iigerent,
3385 5092 3480 5133 eos
3505 5077 3573 5132 ad

1993 5170 2524 5228 condescendendam
2558 5171 2756 5227 divinae
2807 5171 3046 5228 scientia:
3084 5172 3312 5243 gratiam
3358 5185 3579 5240 promo-

1992 5269 2162 5317 veret.

2059 5353 2215 5408 lianc
2265 5352 2500 5422 denique
2551 5352 3038 5422 supereminentem
3086 5352 3281 5408 divina:
3331 5352 3576 5408 scientia:

1989 5443 2362 5500 celsitudinem
2395 5453 2526 5500 tunc
2560 5445 2818 5500 divinitus
2851 5444 3120 5500 i'llustrata
3157 5454 3337 5500 mente
3369 5460 3574 5501 conce-

1987 5533 2098 5602 pit,
2143 5548 2266 5588 cum
2317 5534 2372 5589 in
2418 5543 2765 5590 sacrosancto
2813 5533 3056 5606 mystica:
3103 5547 3274 5590 ciente
3309 5535 3572 5590 convivio

1988 5639 2148 5694 supra
2175 5633 2364 5695 pectus
2401 5627 2650 5682 recubuit
2692 5624 3072 5697 Redemptoris
3105 5625 3290 5697 (Joan.
3322 5631 3464 5681 xuii.
3503 5627 3574 5681 Et

1988 5716 2114 5790 quia
2142 5716 2196 5774 in
2233 5728 2452 5789 pectore
2473 5715 2601 5775 Iesu
2633 5727 2758 5776 sunt
2791 5733 2980 5776 omnes
3017 5717 3255 5776 thesauri
3286 5716 3566 5789 sapientia
