4064 6208
412 338 529 395 1³59

1124 336 1325 392 PETRI
1361 332 1641 391 DAMIANI
1678 330 1829 389 OPP.
1872 330 2050 385 PARS
2081 328 2211 385 SEU
2256 331 2489 387 TOMUS
2514 331 2577 385 ll.
2618 359 2685 370 —
2715 325 3103 384 SERMONES.

430 461 489 508 et
525 450 768 507 scientiae
807 448 1129 515 absconditi,
1163 465 1227 504 ex
1262 450 1352 505 illo
1380 449 1591 505 caelesti
1625 445 2006 517 gazophylacio
2032 445 2083 504 Α
2109 445 2268 498 modo
2319 459 2440 512 qua:
2493 441 2843 497 humanitatis
2894 448 3021 494 sunt
3073 437 3230 507 plane
3287 436 3691 505 quodammodo

424 556 692 598 summam
723 540 914 601 traxit,
959 539 1100 595 unde
1127 550 1327 595 nostrae
1376 538 1708 610 paupertatis
1761 538 1997 605 inopiam

423 633 639 703 copiosa
685 628 1007 685 liberalitate
1052 630 1263 684 ditavit.
1310 630 1386 684 Ex
1428 628 1539 695 illo,
1572 629 1813 698 inquam,
1845 625 2000 681 nobis

421 724 619 779 aerario
654 722 964 777 divitiarum
1004 722 1186 791 copias
1228 722 1431 784 attulit.
1468 729 1525 776 et
1562 720 1617 775 in
1658 724 1999 775 cummunem

425 814 591 869 totius
628 811 811 866 mundi
839 810 1071 866 salutem
1113 811 1252 866 bene
1292 810 1547 881 prodigus
1579 807 1845 877 erogavit,
1893 806 2002 860 imo

420 918 586 972 supra
614 899 819 956 fontem
851 900 1104 970 perennis
1131 900 1256 954 vita:
1282 899 1548 964 recubuit,
1576 906 1635 953 ut
1659 906 1713 954 et
1740 898 1851 968 ipse
1875 906 2004 951 tunc

419 1008 638 1063 semper
674 991 951 1046 manantia
981 989 1181 1047 ﬂuenta
1224 991 1421 1046 divina
1446 989 1707 1046 doctrinae
1738 989 2000 1054 hauriret,

419 1092 475 1139 et
502 1085 691 1140 eadem
734 1082 892 1138 nobis
919 1084 1258 1153 postmodum
1307 1083 1529 1154 praelixo
1565 1081 1701 1138 certi
1745 1079 2004 1151 temporis

426 1174 656 1230 articulo
681 1175 1014 1245 propinaret.

488 1263 711 1336 Magnus
720 1263 968 1321 videlicet
980 1265 1214 1336 paradisi
1227 1264 1445 1329 ﬂuvius,
1456 1265 1547 1337 qui
1559 1276 1627 1320 ex
1638 1262 2006 1337 πβρτίηοί-

419 1356 527 1428 pali
553 1358 634 1413 sui
654 1357 817 1413 fontis
836 1358 1047 1430 origine
1073 1357 1345 1429 proﬂuens
1359 1375 1424 1415 ac
1438 1359 1673 1416 uberiori
1698 1360 2005 1415 caelestium

420 1448 809 1504 charismatum
850 1446 1205 1505 inundatione
1234 1449 1555 1519 procedens,
1583 1449 1886 1520 squalentia
1915 1450 2007 1504 de-

422 1550 567 1595 serta
585 1538 943 1594 humanarum
969 1540 1229 1595 mentium
1261 1541 1475 1611 irrigat,
1508 1549 1566 1596 et
1592 1541 1659 1595 ad
1685 1540 2006 1611 proferenda

422 1626 687 1682 bonorum
703 1643 922 1698 operum
955 1638 1209 1698 tanquam
1241 1644 1502 1685 novarum
1525 1630 1736 1701 frugum
1761 1630 2006 1700 germina

422 1716 696 1773 uberrima
726 1717 1004 1776 fertilitate
1032 1721 1306 1777 fecundat.
1340 1721 1407 1776 Et
1441 1736 1548 1777 non
1586 1722 1858 1777 immerito
1893 1722 2004 1777 tam

2099 546 2263 607 atque
2292 534 2567 588 humiliter
2606 538 2900 595 asseverat,
2943 531 3084 585 sicut
3135 530 3251 599 ipse
3303 528 3357 581 in
3405 527 3688 597 Evangelii

2097 627 2180 681 sui
2205 625 2464 695 principio
2483 625 2668 693 cmpit,
2695 624 2769 676 ita
2796 621 3036 676 seriatim
3061 634 3234 689 usque
3258 619 3325 672 ad
3350 618 3509 672 tinem
3538 618 3686 671 hunc

2099 719 2347 772 eumdem
2377 714 2592 781 modum
2622 730 2717 785 per
2741 727 2956 767 omnem
2993 726 3106 765 sua:
3134 708 3515 778 descriptionis
3552 710 3685 761 arti-

2101 809 2279 863 culum
2317 808 2509 862 tenuit.
2538 804 2692 869 Nam,
2723 803 2864 858 sicut
2903 802 3095 866 nostis,
3128 801 3182 855 in
3223 800 3400 870 capite
3439 799 3523 855 sui
3564 798 3687 852 libri

2101 900 2351 955 deificum
2399 897 2529 952 illud
2572 912 2638 950 ac
2687 895 2965 965 singulare
3009 895 3163 963 ponit
3204 893 3537 947 exordium:
3570 909 3592 943 ι
3627 890 3686 944 in

2101 989 2387 1060 principio,
2427 986 2701 1055 inquiens,
2735 996 2855 1039 erat
2885 983 3144 1049 Verbum,
3188 992 3244 1037 et
3284 981 3519 1037 Verbum
3565 989 3685 1035 erat

2102 1082 2241 1153 apud
2277 1080 2474 1144 Deum,
2505 1087 2556 1133 et
2585 1078 2729 1132 Deus
2765 1083 2885 1131 erat
2915 1075 3147 1131 Verbum
3185 1075 3365 1139 (Joan.
3394 1075 3454 1142 ι).
3492 1093 3511 1126 ι
3544 1074 3689 1130 Ecce

2102 1171 2282 1243 aquila
2311 1171 2405 1226 Dei
2440 1170 2508 1224 ad
2548 1169 2671 1224 caeli
2717 1168 2981 1222 verticem
3018 1165 3325 1221 sublimiter
3357 1164 3555 1227 evolat,
3589 1165 3687 1219 sed

2104 1265 2169 1319 ad
2215 1278 2396 1319 escam
2439 1261 2622 1316 carnis
2661 1274 2882 1316 necesse
2916 1268 3003 1315 est
3043 1268 3105 1313 ut
3132 1258 3396 1328 repressis
3442 1256 3544 1311 alis
3581 1254 3685 1311 ali-

2103 1357 2318 1424 quando
2347 1353 2401 1407 in
2426 1351 2593 1406 imum
2630 1350 2903 1406 submissa
2929 1349 3243 1405 descendat.
3274 1348 3425 1403 Unde
3448 1357 3507 1401 et
3526 1345 3688 1417 paulo

2101 1452 2225 1515 post
2250 1444 2379 1515 quid
2408 1443 2621 1508 subdat,
2651 1442 2872 1497 audite:
2901 1459 2920 1492 ‹
2949 1441 3016 1496 Et
3028 1440 3464 1511 Verbum,337
3487 1440 3688 1510 inquit,

2105 1553 2233 1594 caro
2260 1537 2459 1592 factum
2481 1545 2587 1599 est,
2615 1545 2667 1591 et
2697 1536 2957 1591 habitavit
2985 1534 3040 1590 in
3066 1535 3220 1590 nobis
3246 1534 3457 1606 (1ὁὲἀ.).
3489 1551 3508 1585 ι

2175 1627 2328 1682 Hanc
2354 1628 2536 1696 itaque
2571 1628 2937 1681 diversitatem
2969 1626 3324 1680 humanitatis
3354 1636 3518 1694 atque
3548 1623 3692 1677 divi-

2106 1720 2293 1776 nitatis
2334 1719 2498 1774 unita:
2545 1718 2764 1773 sibimet
2819 1726 2984 1788 atque
3040 1716 3333 1773 ineonfusac
3392 1729 3588 1785 sponsa
3625 1714 3694 1766 de

423 1808 713 1880 profunda,
742 1820 852 1865 tam
892 1812 1298 1882 supereminens
1337 1812 1595 1869 revelatio
1634 1812 1852 1868 deitatis
1880 1812 2006 1867 Vir-
2031 1798 2077 1859 Β
2104 1825 2301 1881 sponso
2358 1809 2492 1865 dicit
2544 1809 2596 1864 in
2653 1807 2892 1864 Canticis
2930 1824 2944 1859 :
3000 1826 3019 1858 ι
3057 1807 3282 1873 Venter,
3333 1804 3526 1874 inquit,
3572 1802 3693 1872 ejus

423 1901 535 1973 gini
561 1902 861 1958 debebatur
888 1912 947 1958 ut
974 1904 1065 1973 qui
1106 1904 1287 1959 carnis
1315 1904 1531 1960 sibimet
1564 1904 1861 1975 amputavit
1888 1903 2004 1958 ille-

422 1995 647 2056 cebras,
694 1992 836 2048 felici
894 1995 1252 2069 commercio,
1304 2009 1405 2063 pro
1451 1994 1655 2050 carnali
1698 1993 2002 2060 dulcedine,

423 2078 727 2139 celestium
766 2076 1045 2154 epularum
1077 2085 1281 2140 divitiis
1324 2084 1615 2141 frueretur.
1661 2085 1743 2141 Ad
1795 2094 2003 2141 tantum

423 2175 631 2232 scilicet
665 2176 853 2246 gratiae
890 2187 1178 2246 provectus
1211 2186 1295 2233 est
1332 2178 1671 2249 privilegium
1703 2188 1763 2233 ut
1788 2192 2003 2235 omnem

423 2266 827 2337 transgrediens
868 2275 1199 2333 creaturam,
1247 2267 1372 2323 illuc
1408 2270 1525 2325 acie
1558 2269 1755 2325 mentis
1783 2270 2008 2338 attinge-

421 2365 528 2421 ret,
562 2372 667 2426 quo
696 2374 801 2412 non
829 2359 1109 2428 propheta,
1140 2374 1247 2414 non
1277 2359 1610 2428 patriarcha,
1644 2375 1746 2413 non
1777 2358 2010 2428 denique

424 2448 709 2518 quisquam
754 2449 823 2503 ab
864 2449 981 2519 ipso
1024 2450 1209 2504 mundi
1236 2449 1536 2519 primordio
1564 2458 1923 2517 cognoscatur
1953 2450 2009 2503 ia

426 2554 591 2594 carne
633 2539 843 2609 positus
878 2541 1169 2611 aspirasse.
1218 2539 1328 2596 Nec
1366 2542 1565 2596 mirum
1603 2542 1645 2597 si
1680 2542 2011 2610 Redemptor

426 2637 611 2683 noster
643 2629 803 2685 beato
841 2627 1033 2685 Joanni
1078 2631 1252 2685 vicem
1308 2646 1462 2686 suam
1497 2630 1565 2685 ad
1622 2630 2008 2685 declarandum

427 2717 727 2772 divinitatis
757 2733 867 2772 suae
908 2720 1226 2789 mysterium
1280 2720 1568 2791 delegavit,
1626 2735 1785 2789 quem
1838 2730 1893 2775 et
1942 2718 2011 2775 ad

428 2805 834 2860 custodiendam
885 2809 1245 2863 venerabilem
1304 2818 1534 2864 matrem
1583 2824 1769 2873 suam,
1826 2824 2014 2879 perpe-

431 2904 578 2950 tuam
630 2896 881 2952 videlicet
928 2898 1227 2968 Virginem,
1267 2900 1419 2968 quasi
1465 2899 1696 2955 altemm
1732 2900 1898 2955 lilium
1929 2899 2010 2955 sui

429 2985 549 3041 loco
575 2988 887 3058 supposuit:
914 3007 931 3040 ‹
955 2989 1165 3051 Mulier,
1185 2990 1466 3059 inquiens,
1496 3007 1624 3047 ecce
1641 2991 1783 3047 filius
1804 3000 1956 3058 tuus;
1988 3011 2007 3045 ι

429 3077 500 3133 ad
527 3078 847 3149 discipulum
866 3088 1047 3135 autem
1075 3097 1088 3132 :
1117 3097 1136 3131 ι
1160 3079 1295 3136 Ecce
1317 3090 1490 3137 mater
1514 3092 1602 3138 tua
1626 3083 1808 3154 (Ioan.
1836 3082 2006 3153 xu)»

2104 1901 2397 1965 eburneus,
2427 1898 2714 1953 distinctus
2744 1896 3016 1967 sapphiris
3042 1894 3220 1965 (Cant.
3249 1896 3327 1963 v).
3362 1912 3379 1945 ι
3430 1893 3486 1947 ln
3518 1906 3693 1946 mem-

2104 1990 2218 2046 bris
2257 2004 2451 2058 nempe
2494 1988 2715 2044 humani
2744 1988 2992 2057 corporis
3016 1986 3106 2040 vix
3133 1984 3334 2055 aliquid
3364 1993 3554 2039 ventre
3585 1983 3695 2038 fra-

2106 2081 2284 2153 gilius,
2315 2081 2428 2135 sive
2468 2080 2707 2134 tenerius
2738 2078 3035 2143 invenitur,
3066 2076 3295 2145 ideoque
3318 2089 3418 2145 per
3443 2084 3690 2129 ventrem

2108 2181 2257 2226 recte
2295 2169 2555 2241 fragilitas
2581 2167 2636 2223 in
2664 2168 2883 2224 Christo
2912 2174 3200 2236 assumpta:
3230 2165 3579 2220 humanitatis
3604 2179 3697 2219 ac-

2108 2261 2338 2331 cipitur;
2363 2260 2500 2313 ebur
2530 2266 2707 2311 autem
2736 2272 2799 2312 os
2818 2265 2903 2311 est
2924 2253 3246 2324 elephantis,
3275 2252 3418 2322 quod
3447 2252 3698 2307 videlicet

2110 2353 2312 2409 animal
2344 2350 2514 2406 fertur
2542 2365 2664 2405 esse
2698 2349 3065 2404 castissimum
3095 2344 3567 2416 frigidissimmque
3596 2358 3696 2396 na-

2110 2454 2264 2502 turae.
2298 2445 2498 2499 Venter
2524 2458 2656 2515 ergo
2685 2441 2868 2512 sponsi
2897 2441 3170 2495 eburneus
3210 2445 3319 2501 est,
3346 2435 3473 2505 quia
3501 2450 3692 2490 susce-

2110 2547 2198 2604 pta
2254 2533 2634 2604 Redemptoris
2684 2530 3000 2587 humanitas
3051 2529 3119 2582 ab
3145 2526 3295 2582 omni
3347 2532 3695 2595 peccatorum

2110 2626 2362 2697 contagio
2385 2634 2534 2680 casta
2561 2638 2782 2694 prorsus
2807 2629 2863 2677 et
2891 2620 3145 2676 inviolata
3169 2618 3489 2688 permansit.
3518 2616 3697 2685 Siqui-

2112 2719 2232 2774 dem
2262 2726 2542 2785 peccatum
2574 2729 2681 2769 non
2708 2712 2858 2778 fecit,
2898 2726 2999 2767 nec
3028 2709 3184 2765 dolus
3209 2709 3462 2764 inventus
3496 2707 3549 2761 in
3600 2721 3697 2761 ore

2110 2808 2228 2879 ejus
2254 2806 2306 2876 (l
2336 2803 2478 2860 Petr.
2516 2806 2599 2876 ιι).
2630 2804 2931 2874 Sappbirus
2972 2812 3151 2857 autem
3193 2800 3331 2870 lapis
3366 2808 3453 2855 est
3515 2797 3695 2854 sereni

2113 2897 2236 2952 coeli
2265 2894 2504 2951 colorem
2532 2892 2769 2959 habens;
2797 2895 2938 2947 unde
2964 2902 3021 2946 et
3052 2891 3106 2946 in
3130 2890 3341 2944 visione
3371 2887 3581 2943 Domini
3612 2886 3698 2939 di-

2114 2989 2307 3045 citur:
2358 3005 2377 3040 ι
2425 2987 2555 3042 Erat
2591 2985 2694 3041 sub
2739 2984 2966 3056 pedibus
3012 2982 3129 3051 ejus
3155 2980 3311 3052 quasi
3337 2996 3476 3051 opus
3504 2977 3701 3047 lapidis

2116 3078 2436 3149 sappbirini,
2458 3087 2515 3133 et
2542 3076 2696 3147 quasi
2716 3074 2938 3140 omium,
2960 3088 3083 3128 cum
3106 3087 3357 3127 serenum
3385 3079 3472 3127 est
3495 3068 3698 3141 (Exod.

431 3132 1085 3240 Dignum'quippe
1124 3132 1198 3225 ut—
1211 3132 2012 3243 Hirtio—agit
2038 3132 2085 3199 c
2388 3132 2494 3225 Pver
2520 3132 2808 3239 sapphiros
2850 3132 2979 3235 ergo
3008 3178 3171 3233 opera
3217 3132 3518 3218 divinitatis
3545 3159 3705 3215 intel-

429 3258 669 3315 ctnlestia
698 3261 1064 3317 committeret
1092 3271 1146 3317 et
1181 3272 1416 3321 terrena.

502 3346 569 3401 Et
596 3348 722 3418 quia
758 3348 1019 3404 Mediator
1038 3351 1140 3406 Dei
1171 3359 1227 3406 et
1255 3353 1640 3419 hominum,ex
1682 3354 1892 3411 duabus
1918 3371 2016 3409 na-

433 3440 597 3503 turis,
644 3440 825 3495 divina
883 3442 1136 3499 videlicet
1190 3454 1246 3500 et
1300 3446 1534 3500 butnana
1587 3448 1836 3503 consistit
1876 3463 2014 3502 unus

435 3528 771 3594 Emmanuel,
802 3547 1015 3601 aequum
1066 3534 1356 3591 admodum
1388 3538 1561 3592 visum
1602 3539 1702 3593 fuit
1739 3549 1798 3593 ut
1823 3538 2013 3595 beatus

429 3615 669 3673 Joannes
694 3620 980 3691 utriusque
1008 3632 1216 3679 natura:
1242 3626 1414 3682 fidelis
1446 3628 1695 3684 minister
1721 3632 1979 3685 existeret
1996 3671 2011 3692 .

430 3710 521 3778 qui
557 3720 613 3765 et
642 3712 940 3769 divinitatis
973 3729 1313 3774 sacramenta
1347 3724 1735 3787 conscriberet,
1763 3702 1821 3778 et
1844 3727 2016 3779 heaue

432 3799 695 3857 Genitrici
726 3815 1001 3872 perpetuae
1030 3810 1289 3864 custodia:
1328 3825 1394 3866 ac
1433 3814 1736 3871 sedulitatis
1771 3832 1882 3870 sua:
1919 3817 2017 3869 mi-

434 3893 720 3948 nisterium
760 3896 1061 3952 exhiberet.
1106 3898 1274 3967 Cujus
1322 3903 1623 3973 utriusque.
1674 3905 2017 3960 excellentis-

435 3984 557 4039 simi
598 3986 852 4042 videlicet
890 3992 1241 4055 sacramenti,
1275 3994 1673 4061 quodammodo
1707 3996 2015 4051 ministrum

436 4090 497 4130 se
528 4091 648 4131 esse
675 4086 922 4143 testatur,
953 4095 1077 4134 cum
1112 4096 1210 4150 per
1246 4096 1462 4137 omnem
1501 4083 1795 4153 evangelici
1834 4092 2019 4141 textus

437 4166 519 4220 sui
577 4168 797 4231 seriem,
841 4169 921 4222 sic
956 4169 1079 4239 styli
1124 4170 1342 4225 modum
1385 4168 1650 4240 temperet
1694 4183 1749 4227 et
1785 4175 2018 4242 quadam

436 4257 804 4312 vicissitudine
853 4258 1097 4328 mysticae
1144 4260 1428 4316 varietatis
1479 4262 1714 4317 alternat
1759 4274 1816 4317 ut
1860 4265 2019 4321 modo

437 4348 670 4401 huntana
702 4350 1032 4418 pronuntiet,
1060 4350 1221 4405 modo
1244 4352 1421 4406 divina
1454 4354 1673 4421 revelet,
1713 4358 1872 4411 modo
1902 4373 2020 4426 quae

439 4437 793 4493 humanitatis
822 4448 951 4494 sunt
991 4441 1345 4498 historialiter
1401 4444 1635 4508 inserat,
1691 4449 1850 4502 modo
1901 4465 2021 4518 quae

437 4537 563 4582 sunt
614 4528 916 4585 divinitatis
969 4532 1200 4601 quadam
1262 4534 1572 4589 sublimium
1623 4552 1687 4591 ac
1742 4538 2019 4593 snbtilium

435 4618 726 4673 verborum
767 4621 1051 4691 majestate
1085 4622 1385 4692 depromat.
1423 4624 1706 4694 Tantaque
1734 4627 2021 4683 locutionis

436 4718 557 4762 arte
584 4709 868 4763 verborum
896 4710 1003 4763 vim
1045 4721 1310 4780 temperat
1336 4728 1400 4768 ac
1427 4713 1606 4768 librati
1636 4718 2023 4773 moderaminis

438 4795 731 4849 sobrietate
774 4796 1049 4865 dispensat
1089 4808 1150 4853 ut
1200 4816 1299 4854 nec
1333 4802 1629 4857 divinitatis
1661 4820 1860 4859 arcana
1903 4808 2023 4859 vul-

437 4884 575 4955 gari,
605 4900 705 4941 nec
733 4901 797 4940 ea
829 4902 949 4956 qua:
980 4888 1106 4944 ﬁdei
1138 4899 1335 4945 nostra:
1363 4894 1668 4948 necessaria
1700 4905 1826 4948 sunt
1853 4897 2022 4965 patia-

440 4987 526 5031 tur
553 4979 833 5034 abscondi.

512 5067 747 5125 Proinde
793 5071 920 5126 dum
954 5072 1196 5129 historia:
1229 5081 1393 5128 verba
1437 5076 1696 5140 contexit,
1742 5077 1886 5132 velut
1925 5094 2023 5147 per

442 5160 790 5216 tenuissimas
846 5162 1011 5218 rimas
1059 5164 1359 5221 divinitatis
1402 5165 1667 5237 fulgorem
1713 5171 1782 5223 ad
1838 5170 2024 5226 oculos

442 5250 722 5307 hominum
767 5270 1059 5311 coruscare
1096 5257 1381 5327 permittit,
1428 5259 1616 5330 sicque
1655 5259 1783 5315 dum
1826 5262 2027 5317 tenuise

443 5343 582 5398 sitno
611 5345 746 5399 lucis
773 5354 990 5400 aeterna:
1024 5346 1195 5413 radio,
1231 5348 1422 5404 oculus
1451 5351 1649 5405 mentis
1686 5360 1883 5407 nostra:
1910 5368 2025 5421 per-

443 5434 755 5502 stringitur,
790 5436 857 5489 ad
900 5435 1258 5507 indagandum
1307 5455 1433 5497 mox
1477 5440 1609 5495 illud
1654 5441 2026 5496 inaccessibile

444 5538 671 5578 sntnnta
698 5526 944 5582 veritatis
984 5528 1163 5586 lumen
1197 5532 1565 5602 perspicacins
1593 5533 1854 5600 aperitur.
1887 5532 2025 5599 Quia

442 5627 575 5667 vero
605 5615 792 5671 beatus
819 5616 1056 5673 Joannes
1095 5620 1360 5677 alternata
1398 5636 1512 5676 suae
1552 5621 1884 5677 narrationis
1932 5638 2026 5675 or-

444 5703 591 5775 dine,
646 5693 805 5767 mo—Jo
853 5708 1190 5765 divinitatem
1236 5709 1439 5766 Christi
1485 5708 1754 5765 subtiliter
1789 5712 2023 5778 intonat,

2051 4490 2098 4549 υ

2114 3262 2375 3335 liguntur,
2402 3274 2524 3331 quae
2550 3260 2605 3314 in
2642 3271 2808 3314 carne
2833 3255 3095 3311 Dominus
3131 3254 3471 3309 ostendebat.
3500 3249 3705 3305 Venter

2113 3370 2243 3425 ergo
2288 3352 2473 3424 sponsi
2518 3351 2808 3407 distinctus
2839 3355 2961 3404 erat
3005 3345 3296 3429 sapphiris,
3338 3344 3465 3415 quia
3498 3338 3704 3398 Christi

2115 3446 2427 3501 humanitas
2456 3444 2655 3499 divinis
2691 3440 2986 3496 virtutibus
3021 3437 3339 3508 refulgebat.
3370 3435 3481 3490 Nec
3507 3434 3700 3504 plenus

2116 3535 2391 3605 sapphiris
2417 3549 2539 3588 esse
2578 3532 2798 3597 dicitur,
2849 3528 2943 3585 sed
2993 3528 3301 3592 distinctus,
3345 3526 3418 3580 ita
3446 3524 3701 3579 videlicet

2117 3637 2175 3681 ut
2204 3627 2346 3680 inter
2369 3624 2657 3695 sapphiros
2689 3622 2893 3677 candor
2917 3618 3100 3676 eboris
3141 3614 3581 3687 appareret,quia
3622 3611 3705 3666 sic

2118 3717 2376 3770 Dominus
2402 3730 2469 3769 ex
2495 3721 2647 3783 parte
2676 3711 2912 3768 hominis
2938 3708 3203 3779 assumpti
3244 3706 3575 3777 operabatur
3597 3702 3704 3756 bu-

2118 3823 2279 3862 mana
2326 3812 2385 3860 ut
2434 3804 2726 3876 aliquando
2774 3801 3127 3859 nihilominus
3170 3815 3237 3854 cx
3286 3804 3441 3868 parte
3490 3793 3710 3849 deitatis

2116 3896 2431 3952 ostenderet
2476 3906 2531 3949 et
2577 3893 2781 3948 divina.
2832 3890 2967 3945 Nam
3032 3889 3265 3951 esurire,
3311 3886 3487 3951 sitire,
3553 3882 3706 3946 ﬂere,

2118 3993 2392 4054 postremo
2416 3982 2656 4052 cruciﬂgi
2691 3990 2748 4037 et
2776 3981 2914 4036 mori
2945 3979 3300 4034 humanitatis
3320 3986 3479 4032 erant
3505 3989 3707 4045 opera;

2120 4075 2380 4131 miracula
2414 4090 2542 4130 vero
2581 4073 2782 4139 facere,
2812 4081 2868 4127 et
2902 4088 3007 4126 non
3040 4071 3214 4126 solum
3267 4069 3423 4132 alios,
3472 4068 3568 4122 sed
3613 4082 3707 4121 se-

2122 4166 2409 4236 metipsum
2442 4181 2473 4218 a
2513 4165 2744 4218 mortuis
2789 4162 3080 4226 suscitare,
3108 4158 3517 4215 evidentissima
3544 4165 3706 4211 erant

2120 4254 2419 4309 divinitatis
2448 4252 2664 4307 indicia.
2699 4250 2811 4306 Hoc
2834 4252 3018 4321 itaque
3048 4249 3210 4304 modo
3248 4249 3439 4303 beatus
3466 4244 3709 4300 Joannes

2121 4351 2275 4419 quasi
2301 4352 2597 4405 eburneum
2626 4359 2870 4406 ventrem
2896 4350 3079 4420 sponsi
3102 4338 3377 4419 sapphiris
3400 4344 3710 4415 distinguit,

2123 4442 2249 4494 dum
2289 4440 2581 4509 aliquando
2630 4449 2973 4494 sacramenta
3012 4437 3310 4494 divinitatis
3353 4434 3548 4506 aperit,
3606 4433 3709 4485 ali-

2122 4532 2337 4599 quando
2360 4530 2712 4585 humanitatis
2758 4529 2971 4584 inﬁrma
3002 4527 3282 4583 describit.

2195 4622 2328 4688 Quia
2363 4621 2527 4691 igitur
2562 4622 2651 4676 hic
2672 4622 2862 4675 beatus
2896 4619 3133 4675 Joannes
3163 4619 3229 4672 de
3254 4619 3364 4673 Deo
3390 4615 3715 4672 mirabiliter

2124 4723 2283 4782 atque
2309 4711 2805 4781 incomparabiliter
2851 4710 3064 4765 caeteris
3103 4708 3419 4761 mortalibus
3448 4707 3713 4776 loquitur,

2118 4805 2242 4874 jure
2269 4803 2471 4859 factum
2503 4813 2587 4857 est
2612 4812 2670 4856 ut
2692 4819 2798 4856 non
2838 4802 3011 4857 solum
3042 4818 3070 4854 a
3114 4800 3338 4865 Graecis,
3366 4800 3459 4854 sed
3486 4799 3652 4853 etiam
3683 4814 3713 4850 a

2125 4894 2331 4949 Latinis
2346 4893 2580 4962 undique
2604 4893 2909 4963 'l‘heologns
2931 4892 3251 4963 appelletur.
3269 4890 3575 4945 Tlteotocos
3598 4888 3715 4942 Ma-

2130 4984 2232 5045 ria,
2267 4984 2392 5053 quia
2424 4984 2590 5036 Deum
2622 4984 2892 5038 veraciter
2932 4984 3148 5051 genuit;
3201 4981 3507 5050 Tlteologus
3545 4978 3717 5034 Joan-

2130 5087 2247 5135 nes,
2300 5071 2424 5141 quia
2479 5070 2574 5125 Dei
2608 5073 2844 5127 Verbum
2880 5082 3008 5127 ante
3052 5073 3248 5128 szecula
3302 5073 3443 5143 apud
3490 5072 3712 5127 Patrem

2131 5180 2253 5220 esse
2293 5175 2349 5218 et
2393 5164 2563 5220 Deum
2600 5181 2720 5221 esse
2758 5181 2862 5221 non
2894 5167 3065 5221 solum
3095 5167 3530 5222 inenarrabiliter
3557 5168 3717 5233 vidit,

2131 5256 2226 5311 sed
2277 5265 2332 5310 et
2380 5256 2645 5326 profunda
2693 5256 3026 5312 sublimitate
3065 5259 3373 5328 descripsit.
3419 5257 3571 5313 Unde
3604 5275 3716 5312 non

2133 5346 2407 5401 immerito
2431 5356 2606 5417 potest
2635 5346 2815 5402 dicere
2857 5363 2980 5402 cum
3022 5347 3293 5419 Propheta
3323 5368 3337 5403 :
3371 5368 3391 5401 ι
3436 5350 3718 5406 Eructavit

2130 5452 2228 5491 cor
2255 5453 2434 5490 meum
2464 5438 2686 5491 verbum
2710 5436 2907 5492 bonum
2937 5436 3112 5509 (Psal.
3156 5440 3325 5505 xuv).
3360 5457 3379 5491 ι
3416 5440 3585 5495 Recte
3616 5440 3721 5509 igi-

2134 5537 2220 5581 tur
2249 5528 2401 5597 virgo
2435 5526 2637 5597 Virgini
2684 5527 2752 5581 ad
2793 5529 3114 5596 obsequium
3144 5531 3376 5585 traditttr
3405 5540 3460 5586 et
3487 5547 3584 5600 pro
3613 5531 3720 5585 Do-

2134 5619 2282 5674 mino
2311 5634 2502 5673 servus
2528 5620 2648 5673 vice
2691 5618 2785 5673 filii
2828 5621 3174 5689 subrogatur.
3207 5631 3265 5676 ut
3294 5623 3579 5693 virginalis
3610 5638 3711 5692 pu-

2135 5711 2330 5766 dicitia:
2357 5710 2608 5779 splendor
2635 5728 2698 5764 es
2727 5720 2953 5781 utraque
2978 5727 3205 5782 persona
3237 5713 3453 5769 sibimet
3482 5713 3712 5767 invith
