4064 6208
351 232 445 290 861

1760 277 1773 289 .
1834 226 2066 287 SERMO
2091 225 2271 281 LXIII.

3489 235 3595 294 862

350 353 631 417 congruat,
663 354 720 400 et
745 345 968 402 ﬁoridus
1001 346 1175 403 intimi
1220 347 1474 404 candoris
1503 355 1754 417 aspectus
1780 342 1921 413 quod
1951 351 1995 402 Α
2026 354 2093 392 na
2123 378 2139 405 ,
2195 339 2337 395 inter
2386 340 2713 411 procellosas
2758 344 3163 416 ambiguitatum
3221 347 3593 409 ﬂuctuantium
3644 388 3653 401 .

298 478 301 479 ν
352 437 405 491 in
430 451 487 489 se
512 436 692 490 virere
716 438 1024 492 considerat
1050 439 1150 493 hoc
1177 454 1406 493 vernare
1432 450 1487 494 et
1524 438 1577 494 in
1621 438 1794 492 altero
1832 436 1925 491 de-

350 526 668 596 prehendat.

420 614 575 669 Libet
607 614 717 679 ltic,
767 616 963 669 fratres
994 615 1320 681 cbarissimi,
1370 616 1647 686 pulchram
1690 615 1927 669 varieta-

350 714 456 760 tem
517 705 714 759 divinae
775 706 1148 775 dispositionis
1199 722 1381 761 coram
1431 707 1697 761 eharitate
1746 714 1925 761 vestra

348 794 703 864 perpendere,
757 804 810 849 et
866 796 1112 866 egregios
1153 796 1286 851 duos
1335 796 1708 865 Redemptoris
1755 796 1926 851 nostri

348 884 639 954 discipulos
668 886 902 954 qualiter
947 887 1089 940 inter
1145 902 1203 941 se
1240 887 1473 956 quadam
1521 886 1801 956 dignitatis
1854 886 1928 939 si-

347 974 651 1029 militudine
709 985 1013 1046 congruant
1070 990 1408 1047 comparare,
1505 975 1723 1032 Petrum
1780 976 1929 1029 vide-

347 1065 495 1131 licet,
521 1076 579 1122 et
606 1065 892 1124 Joannem.
928 1068 1212 1125 Commisit
1255 1083 1489 1139 namque
1530 1069 1790 1123 Dominus
1828 1066 1930 1123 Pe-

348 1164 431 1211 tro
479 1157 662 1214 claves
706 1157 961 1213 Ecclesiae
1007 1156 1223 1227 (Matth.
1261 1157 1418 1231 xvr);
1462 1158 1631 1214 voluit
1667 1166 1723 1212 et
1773 1157 1929 1212 beato

345 1245 540 1303 Joanni
600 1248 902 1304 custodiam
964 1247 1147 1303 Mariae
1215 1247 1467 1319 delegare
1539 1246 1722 1316 (loan.
1784 1247 1923 1315 xu).

348 1336 594 1409 Utraque
649 1340 905 1395 nimirum
972 1350 1187 1407 mater,
1260 1351 1435 1398 mater
1487 1340 1698 1406 Maria,
1754 1352 1929 1395 mater

346 1430 613 1487 Ecclesia.
658 1430 765 1487 Sed
804 1431 974 1488 Maria
1019 1442 1196 1488 mater
1239 1433 1461 1500 Christi,
1517 1433 1755 1489 Ecclesia
1807 1447 1926 1487 ma-

348 1529 431 1575 ter
486 1520 665 1590 populi
731 1522 1047 1577 Christiani.
1113 1524 1191 1579 De
1241 1523 1411 1578 Maria
1481 1522 1731 1579 Christus
1802 1537 1924 1577 car-

346 1626 470 1666 nem
497 1611 666 1682 338
691 1614 950 1683 suscepit,
1000 1613 1300 1670 Ecclesiam
1346 1630 1479 1671 vero
1502 1616 1569 1670 de
1611 1613 1794 1669 lateris
1839 1613 1923 1669 sui

2027 439 2373 500 tempestates
2399 432 2637 501 piscator
2661 435 2760 489 iste
2786 437 3027 493 veritatis
3057 439 3351 496 anchoram
3380 442 3521 509 ﬁxit,
3540 452 3598 501 et

2025 521 2327 591 naviculam
2355 522 2479 579 ﬁdei
2507 525 2559 579 in
2591 524 2861 582 tutissimo
2888 529 3162 599 tranquilli
3182 540 3370 601 portus
3391 534 3599 603 gremio

2024 612 2325 670 collocavit.

2095 704 2203 760 Sed
2234 707 2512 763 videamus
2557 716 2739 765 utrum
2782 708 3017 769 Joannes
3047 714 3104 768 et
3130 713 3258 770 huic
3306 716 3458 785 operi
3505 715 3604 772 ali-

2024 808 2187 863 quam
2211 809 2333 849 cum
2358 795 2426 857 Β.
2458 795 2619 853 Petro
2643 799 3048 855 similitudinem
3092 812 3293 858 teneat.
3336 803 3604 858 Constan-

2029 883 2252 940 tissimze
2283 886 2464 955 itaque
2494 889 2897 956 praedicationis
2923 891 3192 962 arguitur,
3219 893 3409 961 sicque
3434 907 3463 945 a
3494 891 3604 946 Do-

2026 972 2254 1028 mitiano
2286 983 2412 1030 tunc
2442 973 2657 1032 Caesare
2688 978 2741 1032 in
2768 978 3020 1034 exsilium
3051 980 3376 1036 destinatur.
3427 981 3606 1036 Proti-

2024 1078 2127 1119 nus
2151 1064 2391 1121 hazretici
2416 1064 2671 1132 Marcion,
2713 1068 3028 1135 Cerintbus,
3073 1071 3268 1138 Ebion,
3315 1072 3608 1141 cazterique

2024 1154 2427 1225 quamplurimi,
2463 1171 2602 1226 quos
2651 1158 2767 1228 ipse
2808 1161 3195 1216 convenienter
3238 1161 3609 1216 Antichristos

2023 1246 2282 1317 appellat,
2313 1248 2498 1304 caulas
2543 1250 2899 1307 ecclesiastici
2949 1255 3128 1324 gregis
3172 1254 3502 1324 irrumpunt,
3550 1262 3609 1308 et

2024 1338 2189 1395 veluti
2231 1339 2341 1409 lupi
2391 1356 2585 1411 graves
2635 1357 2799 1411 super
2830 1343 2992 1399 ovilia
3024 1352 3261 1414 pastoris
3280 1343 3611 1400 adminiculo

2024 1426 2279 1483 destituta
2309 1439 2651 1500 grassantur,
2684 1429 2964 1487 Christum
2989 1432 3197 1488 scilicet
3223 1442 3350 1489 ante
3369 1432 3597 1490 Mariam

2024 1533 2130 1573 non
2162 1517 2331 1574 fuisse
2358 1520 2805 1590 dogmatizantes,
2836 1529 2895 1577 et
2933 1522 3008 1577 ita
3036 1522 3335 1593 simplicem
3363 1541 3597 1597 evange-

2025 1609 2141 1665 lica:
2170 1609 2292 1665 ﬁdei
2318 1612 2611 1681 puritatem
2663 1613 2903 1683 perﬁdiae
2930 1629 3041 1669 sua:
3064 1614 3229 1687 339
3253 1616 3601 1686 squaloribus

347 1717 516 1757 carne
539 1704 812 1773 produxit.
849 1703 928 1760 Ex
977 1704 1079 1759 ista
1107 1705 1308 1774 prodiit
1356 1706 1651 1761 secundum
1700 1719 1921 1759 carnem
1953 1685 2455 1771 Bcorrumpentes.
2484 1700 2845 1757 Confunditur
2895 1685 3149 1771 mundus,
3202 1685 3450 1762 turbatur
3499 1707 3606 1763 Eo-

348 1799 530 1858 natus,
562 1791 707 1846 illam
736 1793 961 1862 protulit
983 1809 1148 1850 carne
1170 1793 1281 1863 jam
1307 1806 1572 1851 mortuus.
1600 1795 1679 1850 Ex
1706 1796 1810 1850 ista
1831 1809 1925 1850 vo-

348 1878 444 1935 luit
470 1882 641 1946 nasci,
673 1899 773 1953 pro
793 1884 884 1939 illa
910 1885 1159 1955 dignatus
1183 1896 1268 1943 est
1305 1888 1464 1942 mori.
1495 1888 1571 1943 Ex
1615 1904 1722 1942 una
1757 1887 1925 1943 semel

348 1983 508 2025 natus
536 1982 621 2027 est
650 1972 702 2027 in
732 1989 960 2042 persona
985 1990 1105 2043 sua,
1131 1993 1197 2031 ex
1225 1977 1393 2032 altera
1422 1987 1719 2033 nascuntur
1750 1977 1930 2048 quoti-

306 2080 307 2083 η
347 2061 436 2116 die
463 2065 703 2118 membra
728 2080 848 2141 sua.
875 2067 1062 2123 Traxit
1100 2085 1168 2124 ex
1211 2068 1381 2124 altera
1425 2070 1569 2139 quod
1613 2084 1713 2139 pro
1759 2069 1929 2123 altera

347 2164 679 2221 moreretur,
705 2166 762 2211 ut
785 2173 893 2226 quo
917 2168 1146 2230 utraque
1192 2160 1553 2216 communiter
1603 2159 1929 2216 salvaretur.

348 2245 539 2314 Magna
567 2247 734 2320 igitur
761 2258 816 2305 et
840 2250 970 2306 felix
1004 2260 1178 2306 mater
1199 2261 1253 2307 et
1284 2252 1437 2307 beata
1466 2251 1617 2321 virgo
1647 2250 1833 2311 Maria,
1863 2264 1928 2304 ex

348 2334 509 2403 cujus
529 2338 830 2393 visceribus
855 2355 985 2395 caro
1013 2340 1214 2398 Christi
1243 2341 1528 2411 desumpta
1577 2350 1681 2405 est,
1711 2355 1777 2395 ex
1824 2356 1931 2410 qua

352 2442 541 2483 rursus
571 2445 666 2497 per
692 2445 887 2500 aquam
918 2440 973 2486 et
1012 2433 1328 2502 sanguinem
1377 2431 1630 2501 proﬁuxit
1671 2431 1929 2487 Ecclesia.

352 2518 466 2574 Hoc
494 2520 677 2589 itaque
712 2523 871 2576 modo
902 2533 958 2578 et
985 2536 1051 2577 ex
1081 2523 1251 2577 Maria
1277 2524 1544 2593 prodiisse
1571 2523 1786 2577 videtur
1835 2522 1931 2576 Ec-

350 2609 539 2663 clesia.
572 2609 812 2679 Utraque
841 2620 1021 2667 tamen
1049 2621 1222 2678 casta,
1256 2622 1485 2683 utraque
1533 2616 1752 2677 munda,
1780 2622 1934 2669 utra-

351 2717 458 2770 que
485 2712 755 2771 perpetuaa
784 2704 1111 2774 virginitatis
1137 2706 1355 2775 cingulo
1381 2706 1721 2774 prtemunita.

426 2791 627 2845 llarum
657 2793 839 2861 itaque
866 2794 1097 2848 duarum
1125 2804 1382 2857 matrum,
1414 2794 1642 2848 duarum
1673 2802 1937 2863 perpetuo

352 2883 648 2952 virginum,
675 2884 900 2939 alteram
934 2885 1193 2941 Dominus
1220 2886 1383 2941 Petro
1406 2888 1769 2952 committere,
1803 2887 1938 2942 alte-

355 2989 471 3027 ram
497 2974 687 3029 Joanni
714 2976 881 3031 voluit
906 2979 1308 3042 commendare,
1330 2989 1385 3034 ut
1417 2994 1683 3049 perpenso
1712 2980 1939 3051 diligenv

2025 1792 2211 1859 clesia,
2242 1793 2460 1849 vacillat
2492 1794 2648 1858 ﬁdes,
2700 1804 2757 1851 et
2792 1794 2940 1851 velut
2968 1796 3374 1853 inhorrescente
3403 1807 3609 1869 tempe.

2028 1893 2168 1938 state
2182 1883 2421 1953 perﬁdiae
2440 1875 2655 1955 plurimi
2679 1886 3089 1957 naufragantur.
3103 1888 3242 1954 Quid
3262 1888 3457 1958 plura?
3478 1890 3623 1945 Tan—

2028 1974 2150 2030 dem
2180 1984 2459 2045 perempto
2484 1975 2813 2043 Domitiano,
2843 1978 2977 2032 duce
3005 1978 3185 2034 divina
3220 1980 3414 2047 gratia,
3449 1978 3615 2037 rediit

2028 2063 2270 2120 J0anues
2316 2063 2614 2136 Ephesum,
2640 2067 3025 2136 turbatamque
3072 2068 3238 2139 gemit
3286 2069 3611 2125 Ecclesium.

2032 2157 2141 2213 Sed
2168 2157 2430 2228 quidquid
2462 2158 2669 2213 invenit
2696 2159 2903 2213 erroris
2931 2160 3145 2214 turbine
3193 2170 3355 2231 atque
3409 2172 3617 2234 tempe-

2032 2257 2172 2304 state
2201 2248 2496 2312 turbatum,
2530 2247 2757 2303 solidius
2778 2256 2941 2317 atque
2970 2248 3246 2305 robustius
3267 2249 3333 2305 ad
3374 2251 3621 2319 pristina

2036 2339 2157 2393 ﬁdei
2190 2348 2408 2394 revocat
2430 2338 2861 2394 fundamentum.
2894 2339 3027 2395 Nam
3057 2350 3301 2410 rogatus,
3326 2352 3385 2396 ut
3408 2343 3477 2397 ab
3505 2343 3620 2397 his-

2035 2430 2391 2500 toriographis
2424 2431 2677 2496 traditur,
2706 2447 2735 2485 a
2769 2432 3039 2487 cliaritate
3068 2432 3182 2489 fere
3209 2434 3373 2489 totius
3400 2434 3622 2488 univer-

2035 2522 2165 2578 salis
2192 2523 2469 2587 Ecclesiae,
2494 2522 2548 2576 in
2579 2522 2710 2577 illud
2743 2523 2957 2578 tandem
2986 2524 3166 2594 erupit
3203 2524 3401 2581 divinae
3446 2526 3621 2596 inspi-

2037 2613 2261 2669 rationis
2289 2612 2521 2682 elogium
2548 2630 2561 2666 :
2597 2630 2615 2663 ι
2653 2613 2708 2667 lu
2736 2614 3022 2683 principio,
3052 2614 3321 2684 inquiens,
3345 2625 3464 2670 erat
3485 2616 3618 2670 Ver-

2038 2703 2188 2762 bum.
2217 2711 2271 2755 et
2302 2700 2537 2757 Verbum
2565 2711 2685 2757 erat
2710 2703 2849 2772 apud
2875 2703 3066 2766 Deum,
3092 2712 3150 2757 et
3176 2704 3317 2758 Deus
3344 2717 3465 2758 erat
3488 2703 3624 2758 Ver-

2037 2788 2166 2846 bum
2195 2788 2379 2858 (Jaan.
2406 2790 2471 2860 t).
2510 2808 2528 2841 ι
2561 2788 2676 2845 Hoc
2708 2791 2893 2860 itaque
2937 2790 3217 2862 signaculo
3264 2792 3517 2847 veritatis
3566 2806 3627 2849 et

2040 2876 2414 2936 haereticorum
2443 2883 2903 2952 tergiversationis
2930 2893 3131 2938 metam
3159 2885 3277 2939 ﬁxit
3298 2894 3355 2940 et
3391 2888 3626 2942 catholi~

2040 2987 2225 3039 eorum
2254 2972 2414 3028 ﬁdem
2451 2983 2710 3045 perpetua
2740 2990 2807 3030 ex
2839 2984 2967 3030 tunc
3006 2982 3059 3029 et
3087 2974 3343 3047 deinceps
3391 2978 3624 3031 certitu-

355 3072 438 3117 ter
468 3063 745 3134 utriusque
773 3066 1009 3135 pondere
1037 3067 1343 3133 ministerii,
1371 3069 1746 3125 excellentium
1776 3070 1937 3124 meri-
1965 3052 2010 3113 Ο
2041 3064 2165 3119 dine
2189 3065 2482 3145 roborabit.

355 3167 533 3211 tormn
561 3158 797 3226 dignitas
827 3160 881 3213 in
908 3160 1120 3216 duobus
1148 3162 1271 3217 coeli
1303 3163 1647 3218 senatoribus
1686 3162 1933 3218 videatur

353 3249 581 3317 aequari.
612 3248 753 3304 Dicit
780 3251 1043 3307 Dominus
1089 3251 1288 3307 Petro:
1325 3272 1344 3305 ι
1399 3252 1520 3308 Tibi
1573 3253 1713 3309 dabo
1756 3253 1937 3308 claves

356 3340 782 3408 reguictelorum
811 3341 1028 3411 (Matth.
1066 3357 1200 3414 xvr).
1234 3362 1255 3397 ι
1286 3343 1534 3414 Nunquid
1558 3354 1613 3400 et
1636 3345 1792 3401 beata
1819 3344 1938 3400 Vir-

356 3446 444 3499 go,
473 3430 673 3486 fratres
703 3432 832 3498 mei,
860 3433 1059 3488 coelum
1088 3450 1195 3491 non
1229 3434 1349 3499 fuit,
1377 3435 1431 3490 in
1462 3432 1617 3503 cujus
1646 3444 1799 3489 utero
1827 3435 1938 3488 vir-

353 3522 519 3588 gittali
574 3538 763 3577 novem
816 3525 1096 3581 mensibus
1145 3535 1258 3581 tota
1306 3527 1610 3581 divinitatis
1657 3526 1939 3596 plenitudo

356 3613 696 3681 permansit?
725 3614 802 3667 Ex
830 3614 999 3682 ipsius
1033 3616 1230 3686 quippe
1250 3617 1423 3672 castis
1470 3617 1795 3686 mundisque
1827 3617 1937 3670 vis-

354 3702 597 3766 ceribus,
625 3701 721 3758 Dei
754 3704 1011 3770 Verbum,
1059 3720 1156 3775 per
1181 3706 1324 3775 quod
1372 3706 1514 3761 facta
1565 3715 1691 3761 sunt
1734 3707 1938 3771 omnia,

362 3792 717 3849 immaculata
746 3808 805 3850 se
832 3811 1000 3852 carne
1028 3798 1263 3852 vestivit.
1302 3798 1357 3853 ln
1383 3808 1609 3869 angusto
1636 3798 1843 3855 scilicet
1866 3797 1945 3852 la—

356 3883 507 3937 tebat
534 3883 655 3938 alvo
684 3885 992 3951 conclusus,
1023 3887 1117 3942 sed
1155 3888 1321 3943 tetius
1361 3888 1510 3943 orbis
1548 3889 1672 3959 jura
1721 3889 1944 3959 regebat

356 3971 674 4029 iunueus'us.
705 3973 764 4029 ln
790 3976 1134 4042 brevissimo,
1182 3978 1426 4046 inquam,
1466 3978 1748 4048 virginalis
1800 3979 1941 4033 uteri

347 4061 631 4117 domicilio
657 4064 1005 4129 constitutus,
1034 4073 1090 4119 et
1114 4064 1234 4121 caeli
1263 4065 1604 4137 gubernabat
1631 4066 1940 4137 imperium,

347 4165 405 4208 et
438 4162 782 4211 terrenorum
807 4156 1047 4211 omnium
1095 4171 1201 4211 non
1250 4157 1511 4213 amiserat
1554 4158 1936 4228 principatum.

356 4247 470 4302 (\lou
526 4261 657 4318 ergo
692 4248 1075 4318 praesumptive
1126 4248 1324 4307 ctelum
1375 4249 1574 4304 dicitur
1612 4248 1945 4304 venerabilis

2106 3156 2301 3212 Petrus
2330 3158 2494 3229 igitur
2516 3168 2667 3228 petra
2703 3176 2718 3215 :
2757 3178 2776 3212 ι
2816 3157 2893 3213 Tu
2938 3175 3020 3226 es,
3070 3161 3266 3232 inquit,
3309 3161 3524 3230 Petrus,
3569 3174 3627 3219 et

2038 3262 2203 3316 super
2259 3247 2402 3302 hanc
2484 3257 2693 3318 petram
2763 3248 3045 3305 aediﬁcabo
3092 3250 3394 3308 Ecclesiam
3445 3268 3626 3309 meam

2039 3336 2258 3407 (Matth.
2288 3336 2425 3405 xvi).
2460 3356 2479 3389 ι
2514 3337 2674 3394 Petra
2699 3352 2917 3408 quoque
2941 3337 3122 3395 factus
3146 3349 3231 3397 est
3277 3350 3335 3396 et
3357 3340 3625 3409 Joannes,

2038 3444 2200 3497 supra
2226 3428 2381 3498 cujus
2411 3427 2535 3482 fidei
2568 3428 2982 3494 fundamentum
3011 3429 3177 3486 totius
3198 3429 3454 3488 Ecclesiae
3476 3440 3626 3487 stru-

2038 3527 2193 3573 ctura
2236 3520 2537 3589 consurgit,
2586 3534 2749 3589 quam
2777 3521 3044 3587 videlicet,
3085 3522 3201 3579 sive
3245 3524 3627 3580 hereticorum

2040 3608 2194 3664 furor
2224 3609 2505 3683 impingat,
2532 3611 2648 3667 sive
2674 3614 3032 3669 tentationum
3054 3614 3227 3669 irruat
3255 3614 3490 3685 impetus
3512 3632 3625 3671 non

2040 3701 2254 3755 evertit.
2293 3700 2418 3758 llaec
2441 3711 2596 3771 petra
2620 3703 2733 3758 veri
2784 3703 2956 3759 David
2986 3703 3174 3775 implet
3220 3704 3464 3770 fundam,
3516 3721 3626 3776 qua

2041 3792 2412 3848 Pbilistbazum
2446 3791 2664 3849 Goliath
2699 3794 2977 3862 signanter
3026 3795 3081 3849 in
3131 3795 3313 3851 fronte
3359 3797 3631 3865 percutiat

2043 3883 2093 3955 (1
2128 3883 2259 3954 Reg.
2292 3883 2447 3953 xvu),
2474 3883 2565 3939 ubi
2594 3884 2843 3940 videlicet
2867 3885 3048 3940 crucis
3081 3885 3335 3940 vexillum
3366 3886 3631 3957 profanus

2042 3981 2096 4026 et
2134 3972 2333 4042 impius
2359 3987 2464 4028 non
2493 3972 2745 4027 habebat.
2777 3971 2904 4028 Haec
2932 3974 3201 4042 siquidem
3232 3985 3387 4044 petra
3431 3990 3627 4031 omnes

2043 4060 2431 4116 ecclesiasticas
2470 4061 2733 4117 doctrina:
2781 4063 3129 4120 adversarios
3175 4064 3467 4130 destruxit,
3513 4066 3631 4122 bare

2041 4149 2324 4206 Judaicam
2345 4153 2629 4222 perﬁdiam
2650 4168 2775 4208 cum
2798 4155 2948 4213 omni
2971 4170 3196 4225 prorsus
3220 4155 3474 4223 haeretica
3503 4174 3631 4227 pra-

2044 4242 2210 4297 vitate
2237 4242 2551 4313 prostravit.
2582 4242 2692 4300 Nec
2718 4244 2916 4300 mirum
2945 4246 2989 4299 si
3022 4246 3194 4302 instar
3213 4246 3360 4303 Petri
3386 4258 3441 4302 et
3460 4247 3632 4303 Joan-

359 4340 509 4409 virgo
552 4339 718 4394 Maria
746 4357 760 4395 ε
794 4348 959 4410 atque
982 4340 1104 4395 ideo
1148 4340 1366 4396 beatum
1392 4340 1655 4397 Joannem
1684 4340 1945 4396 Dominus
1974 4399 2016 4410 ⁸
2049 4348 2145 4387 nes
2174 4341 2328 4401 petra
2354 4333 2589 4397 dicatur,
2621 4349 2744 4388 cum
2773 4334 2888 4389 haec
2914 4335 2981 4388 ad
3004 4335 3345 4391 Ezechielem
3370 4336 3635 4392 Dominus

391 4399 759 4486 uddammodo
778 4399 901 4487 coeli
927 4430 1329 4488 clavicularium
1352 4446 1472 4486 esse
1492 4431 1797 4497 constituit,
1820 4446 1943 4486 cum
1974 4399 2023 4458 θ
2047 4423 2194 4477 ὤθει
2222 4438 2235 4474 ε
2266 4440 2285 4474 ι
2327 4421 2467 4477 Ecce
2493 4421 2615 4477 dedi
2648 4421 2842 4477 ῖδοίθιιι
2871 4432 3019 4477 illam
3048 4424 3403 4479 νείθηιίοτθιη
3455 4424 3631 4481 [πῖθ’

374 4534 453 4569 nea
470 4530 537 4573 ue
563 4518 857 4574 Genitricis
880 4535 993 4574 sua:
1021 4536 1144 4575 eum
1174 4520 1417 4577 decrevit
1444 4534 1565 4576 esse
1594 4520 1896 4576 custodem.

430 4609 667 4664 Proinde
692 4620 751 4665 ut
775 4613 933 4667 beato
957 4611 1118 4668 Petro
1145 4611 1382 4669 Joannes
1407 4611 1779 4682 multipliciter
1797 4626 1948 4667 como

357 4711 605 4769 paretur,
636 4717 760 4756 cum
791 4703 1083 4772 discipulos
1112 4718 1242 4759 suos
1272 4704 1604 4774 Redemptor
1629 4711 1814 4759 noster
1860 4704 1945 4757 iu-

354 4796 603 4859 quireret
631 4810 736 4863 qua
765 4795 908 4851 circa
936 4811 994 4853 se
1021 4795 1278 4866 opinione
1304 4795 1551 4852 homines
1595 4796 1947 4860 ducerentur,

355 4881 549 4950 illique
572 4883 818 4951 protinus
844 4885 1251 4953 respondissent
1283 4901 1297 4945 :
1328 4884 1417 4939 alii
1446 4884 1711 4940 Joannem
1767 4885 1949 4954 Bapti-

356 4982 535 5038 stam,
567 4973 659 5027 alii
716 4966 898 5029 autem
947 4974 1155 5039 Eliam,
1208 4974 1298 5029 alii
1320 4990 1452 5030 vero
1495 4974 1806 5041 Jeremiam,
1853 4983 1949 5030 aut

356 5080 531 5122 unum
561 5078 626 5119 ex
658 5067 938 5137 prophetis
962 5065 1179 5137 (Matth.
1213 5066 1345 5137 xvi).
1393 5068 1575 5122 Donec
1621 5067 1688 5120 ad
1724 5067 1946 5122 Petrum

357 5164 589 5211 ventum
624 5166 729 5221 est.
760 5159 990 5214 nutabat
1016 5159 1249 5213 assertio
1291 5173 1393 5213 nec
1418 5157 1789 5227 ambiguitatis
1830 5160 1949 5212 vin-

358 5248 545 5304 culum
572 5249 899 5304 solvebatur.
925 5252 996 5303 At
1020 5249 1111 5304 ubi
1138 5250 1269 5319 quid
1314 5250 1511 5304 habeat
1558 5247 1948 5317 discipulorum

359 5350 561 5391 sensus
586 5336 854 5406 exigitur,
906 5337 1166 5406 praecedit
1212 5337 1265 5391 in
1315 5336 1562 5391 veritatis
1606 5334 1950 5391 confessione

360 5426 459 5495 qui
499 5426 709 5494 primos
742 5435 864 5482 erat
887 5426 943 5480 in
971 5425 1265 5497 apostolica
1291 5425 1572 5495 dignitate,
1618 5423 1812 5479 Petrus
1864 5423 1945 5477 vi-

364 5518 603 5573 delicet:
635 5535 655 5571 α
693 5518 772 5572 'l‘u
802 5533 883 5582 es,
911 5518 1183 5588 inquiens,
1213 5518 1465 5573 Christus
1494 5515 1661 5571 Filius
1701 5516 1793 5571 Dei
1838 5515 1946 5581 vivi

370 5599 593 5673 (Ibid).
628 5626 647 5660 ι
680 5607 826 5667 Inter
847 5607 1092 5668 nutantis
1115 5607 1291 5665 adhuc
1318 5605 1442 5665 ﬁdei
1467 5606 1686 5667 sinuosa
1722 5604 1949 5661 volumi-

2048 4514 2149 4569 bus
2172 4527 2361 4567 eorum
2396 4522 2453 4566 et
2482 4511 2717 4567 frontem
2744 4522 2893 4567 tuam
2920 4512 3196 4567 duriorem
3226 4513 3503 4569 frontibus
3530 4530 3627 4570 eo-

2050 4621 2189 4668 rum,
2222 4612 2282 4658 ut
2306 4604 2648 4659 adamantem
2673 4612 2729 4657 et
2760 4612 2819 4657 ut
2843 4602 3051 4658 silicem
3083 4602 3206 4659 dedi
3256 4602 3451 4660 faciem
3477 4612 3636 4660 tuam

2049 4694 2266 4766 (Ezech.
2300 4694 2405 4764 ιιι).
2443 4712 2462 4747 ι

2121 4785 2286 4842 Plane
2313 4786 2460 4857 quod
2491 4795 2722 4857 uterque
2747 4784 3045 4857 discipulos
3068 4784 3293 4856 protulit
3332 4784 3402 4840 de
3448 4799 3637 4841 sacra-

2051 4887 2234 4935 mento
2288 4878 2585 4934 Dominica:
2629 4878 3107 4949 ﬁdei,quanquam
3150 4877 3633 4948 profundissimam

2050 4971 2123 5025 sit
2151 4979 2315 5040 atque
2338 4970 2561 5025 omnino
2586 4970 2851 5037 divinum,
2891 4978 2948 5027 et
2992 4977 3283 5039 utrumque
3326 4970 3442 5039 pari
3473 4968 3635 5025 modo

2048 5064 2193 5118 vires
2217 5064 2466 5118 humana:
2493 5064 2691 5119 mentis
2713 5064 2964 5129 excedat,
2989 5077 3092 5118 nec
3132 5062 3384 5118 videatur
3436 5062 3489 5115 in
3536 5075 3636 5116 ex-

2048 5153 2313 5210 cellentia:
2340 5152 2606 5224 dignitate
2630 5153 2904 5210 diversum
2927 5155 3070 5223 quod
3094 5153 3284 5208 eodem
3311 5162 3395 5208 est
3426 5151 3633 5223 Spiritu

2053 5244 2292 5299 dictante
2306 5244 2594 5314 prolatum,
2617 5242 2749 5299 illud
2772 5252 2952 5315 tamen
2979 5243 3121 5299 beati
3147 5242 3373 5298 Joannis
3395 5242 3637 5314 singula-

2055 5332 2235 5387 ritatis
2260 5332 2435 5386 locum
2463 5332 2565 5388 sibi
2597 5332 2876 5388 vindicare
2907 5331 3254 5402 conspicitur,
3286 5332 3411 5402 quia
3459 5348 3636 5403 neque

2055 5430 2181 5476 ante
2210 5420 2382 5485 illum,
2414 5436 2590 5490 neque
2616 5430 2738 5491 post
2756 5420 2906 5476 illum
2932 5422 3036 5477 hoc
3063 5421 3204 5476 idem
3232 5422 3515 5491 scripsisse
3539 5422 3637 5477 ali-

2055 5512 2178 5581 quis
2209 5512 2503 5565 invenitur.
2533 5511 2668 5566 Nam
2700 5510 2847 5566 illam
2877 5510 2939 5566 B.
2967 5511 3114 5567 Petri
3144 5513 3371 5583 apostoli
3419 5522 3638 5569 senten-

2061 5604 2211 5671 tiam,
2241 5615 2296 5659 et
2329 5602 2597 5662 lartbam
2626 5618 2871 5665 sororem
2902 5603 3097 5665 Lazari
3125 5605 3326 5665 eisdem
3355 5607 3472 5665 fere
3506 5620 3636 5671 vero
