4064 6208
474 215 585 274 863

1082 216 1138 273 S.
1166 214 1368 273 PETRI
1406 214 1688 271 DAMLAN
1727 213 1877 270 Ol‘P.
1919 212 2094 267 PARS
2136 213 2266 269 SEU
2304 213 2538 285 TOMUS
2578 216 2639 270 ll.
2673 247 2742 257 —-
2774 216 3164 273 SERMONES.

3631 216 3841 303 »ιω⁹

459 334 546 394 bis
574 333 798 404 legimus
824 335 1133 407 protulisse.
1160 335 1259 392 Cui
1307 335 1563 390 nimirum
1613 349 1736 389 cum
1785 331 2039 387 Salvator
2068 332 2117 391 Α
2143 330 2330 397 stiuat,
2355 346 2557 402 easque
2587 333 2655 387 ad
2698 332 2967 388 cautelam
3000 334 3125 389 fidei
3163 343 3218 389 ct
3248 333 3485 389 studium
3514 334 3745 389 sincerae

460 427 705 481 diceret:
746 442 764 477 ι
795 426 986 483 Omnis
1006 425 1097 493 qui
1127 426 1259 480 vivit
1284 435 1339 481 et
1371 427 1543 481 credit
1571 425 1625 482 in
1657 441 1745 482 me
1772 440 1879 481 non
1924 440 2042 481 mo-

464 516 640 573 rietur
670 517 722 570 in
748 524 1012 571 aeternum
1038 515 1221 586 (Joan.
1257 517 1371 588 xi);
1413 537 1431 569 ι
1468 527 1631 588 atque
1654 516 2041 588 subjungeret:

466 627 485 661 ι
520 609 709 664 Credis
737 609 877 663 hoc?
915 629 930 658 ι
962 608 1106 663 illico
1132 610 1319 663 eodem
1354 609 1582 680 Spiritu,
1613 626 1721 681 quo
1748 618 1803 665 et
1829 610 2043 675 Petrus,

461 696 756 767 inspirante
786 697 1069 766 respondit
1095 714 1110 751 :
1150 715 1169 749 ι
1209 698 1319 768 Ego
1344 699 1575 764 credidi,
1606 699 1802 769 inquit,
1830 700 1957 769 quia
1988 708 2045 753 tu

457 801 519 841 es
547 787 796 843 Christus
826 786 996 843 Filius
1017 787 1111 844 Dei
1142 788 1270 853 vivi,
1303 790 1471 859 quiin
1499 792 1643 846 hunc
1664 791 1925 846 mundum
1951 807 2046 846 vc-

460 882 592 936 nisti
624 881 839 951 (Ibid.).
877 901 896 934 ι

530 973 669 1039 Quid
701 984 882 1029 autem
924 974 1146 1041 mirum,
1179 975 1224 1029 si
1252 974 1518 1030 Joannem
1548 976 1615 1029 de
1644 974 1930 1030 divinitate
1970 974 2049 1031 lo-

458 1074 744 1135 quentem,
781 1067 940 1121 beato
968 1065 1132 1121 Petro
1167 1067 1527 1136 praeferimus,
1554 1082 1676 1121 cum
1703 1066 1831 1122 illud
1875 1067 2049 1121 Evan-

457 1154 583 1226 gelii
611 1156 693 1210 sui
725 1156 999 1227 singulare
1028 1157 1352 1229 principium
1385 1157 1499 1228 ipsa
1528 1159 1692 1221 etiam
1735 1159 1898 1215 verba
1943 1159 2051 1215 Do-

458 1246 681 1313 minica,
713 1247 758 1302 si
787 1247 893 1302 dici
920 1247 1103 1315 liceat,
1133 1249 1396 1303 excedere
1426 1247 1741 1303 videamus?
1768 1247 1878 1303 Nec
1910 1246 2053 1316 inju-

458 1341 541 1395 ria
589 1340 652 1394 iit
694 1340 1045 1412 Redemptori
1098 1350 1304 1407 nostro,
1356 1341 1401 1396 si
1454 1342 1667 1396 dicatur
1715 1343 1833 1413 ipse
1882 1342 2051 1398 subli-

459 1430 603 1484 mius
628 1430 832 1500 aliquid
859 1433 1179 1502 depromere
1228 1446 1325 1502 per
1368 1432 1692 1502 discipulum
1739 1448 1902 1504 quam
1953 1449 2051 1504 per

458 1520 834 1589 semetipsum,
858 1530 913 1576 et
939 1536 1035 1590 per
1057 1521 1201 1578 illius
1231 1523 1467 1593 linguam
1495 1523 1782 1580 manifeste
1806 1524 2051 1596 proferre

457 1611 602 1680 quod
628 1626 727 1680 per
750 1613 1107 1683 semetipsum
1138 1614 1342 1683 liquido
1391 1616 1566 1671 noluit
1616 1618 1849 1687 aperire.
1888 1618 2044 1685 Nam,

2146 422 2450 480 dilectionis
2476 423 2686 479 invitat.

2219 513 2311 569 Sic
2374 513 2557 584 itaque
2616 515 2964 570 inenarrabili
3019 515 3305 570 charitatis
3356 515 3555 569 ardore
3613 528 3749 566 suc-

2147 620 2364 669 census,
2390 605 2497 661 huc
2521 604 2752 676 illucque
2779 622 2837 662 se
2858 616 3097 670 vertens,
3114 605 3353 675 undique
3375 604 3746 667 circumiens,

2147 696 2346 767 ubique
2374 696 2688 752 discurrens
2730 698 2912 753 omnia
2943 698 3011 751 ad
3057 696 3285 752 salutem
3326 695 3606 751 hominum
3651 710 3759 763 ge-

2150 805 2277 844 nera
2308 792 2568 855 concitat,
2593 790 2774 845 omnia
2801 799 3021 843 aetatum
3052 790 3386 844 incrementa
3419 787 3746 857 perlustrat,

2147 897 2338 936 omnes
2386 882 2636 936 humana:
2680 881 3007 936 conditionis
3046 880 3264 936 ordines
3307 879 3465 935 oculo
3511 880 3749 934 curiosa:

2148 972 2528 1028 sollicitudinis
2560 972 2873 1043 investigat,
2925 980 2982 1026 et
3026 980 3283 1040 tanquam
3311 970 3489 1041 Argus
3528 970 3746 1025 univer-

2150 1061 2281 1117 salis
2330 1062 2586 1117 Ecclesia:
2637 1061 2835 1126 factus,
2880 1061 3048 1116 totius
3078 1060 3299 1115 humani
3332 1059 3547 1132 generis
3592 1076 3739 1113 sum-

2151 1167 2317 1215 mam,
2360 1151 2503 1208 ulnis
2548 1162 2790 1222 paternae
2835 1151 3160 1219 dilectionis,
3201 1151 3548 1221 amplectitur
3577 1161 3746 1220 atque

2150 1243 2217 1297 ad
2247 1241 2627 1312 Redemptoris
2656 1242 2741 1297 sui
2770 1242 3107 1299 consortium
3143 1243 3358 1298 trahere
3383 1257 3742 1311 unumquem-

2150 1349 2257 1405 que
2307 1334 2582 1405 sigillatim
2632 1335 2975 1390 admonendo
3023 1343 3276 1391 conatur.
3328 1334 3497 1388 Amor
3542 1333 3742 1403 quippe

2152 1426 2387 1493 Domini,
2411 1440 2521 1496 quo
2563 1442 2686 1482 eum
2716 1442 2828 1497 pra:
2856 1426 3069 1482 cunctis
3096 1424 3415 1481 mortalibus
3459 1424 3651 1479 dilexit
3686 1431 3744 1478 ct

2152 1518 2254 1573 hoc
2278 1518 2329 1574 ei
2352 1519 2564 1588 pondus
2585 1519 2838 1575 fraterna:
2873 1519 3181 1575 dilectionis
3207 1517 3475 1580 exhibuit,
3504 1528 3559 1571 ut
3585 1517 3743 1571 nimi-

2152 1625 2269 1664 rum
2312 1610 2434 1679 plus
2472 1620 2683 1666 amaret
2718 1611 2809 1681 qui
2843 1611 2962 1682 plus
2991 1611 3295 1677 amabatur,
3327 1618 3385 1664 et
3411 1608 3502 1679 qui
3532 1610 3743 1679 primus

458 1708 600 1756 utet
629 1702 717 1758 hic
747 1704 992 1772 quaedam
1023 1704 1201 1760 adhuc
1232 1705 1374 1761 inter
1419 1707 1641 1763 eosdem
1678 1708 1871 1765 beatos
1914 1724 2045 1779 προ-
2078 1690 2125 1749 Β
2150 1710 2271 1756 erat
2306 1701 2359 1755 in
2402 1701 2779 1772 Redemptoris
2808 1717 2997 1758 amore
3041 1701 3347 1771 pnecipuus
3391 1700 3445 1754 in
3494 1697 3741 1753 fraterna

458 1790 628 1847 stolos
658 1793 995 1861 comparatio
1029 1794 1297 1859 videatur,
1347 1796 1452 1852 hoc
1496 1798 1656 1853 beato
1699 1796 1893 1855 Joanni
1943 1801 2049 1856 Do-

457 1880 637 1936 minus
691 1884 963 1938 concessit
1034 1884 1088 1938 in
1142 1885 1343 1951 verbis,
1397 1888 1543 1956 quod
1594 1896 1651 1945 et
1695 1888 1863 1945 Petro
1915 1905 2050 1946 con-

459 1968 582 2023 tulit
622 1968 787 2041 35,0
830 1970 884 2026 in
933 1972 1235 2040 miraculis,
1265 1974 1519 2031 videlicet
1542 1984 1603 2031 ut
1635 1986 1693 2033 et
1722 1978 1825 2034 iste
1850 1978 2047 2036 altiora

456 2058 729 2129 proferret
774 2068 829 2115 et
864 2060 955 2117 ille
999 2062 1295 2132 majoribus
1345 2065 1607 2121 virtutum
1649 2068 1911 2140 prodigiis
1956 2084 2051 2126 co-

457 2160 726 2207 ruscaret.
774 2151 832 2208 In
881 2153 1250 2224 apostolorum
1293 2157 1440 2212 enim
1470 2157 1696 2214 Actibus
1743 2160 2051 2218 invenimus

456 2242 582 2312 quia
611 2243 666 2298 in
695 2243 889 2314 plateis
933 2243 1227 2314 ejiciebant
1256 2246 1523 2315 inﬁrmos,
1573 2257 1629 2305 et
1674 2251 1948 2320 ponebant
1994 2252 2049 2307 iu

456 2334 668 2391 lectulis
686 2345 742 2391 et
764 2337 1060 2408 grabhatis,
1086 2347 1168 2407 ut,
1191 2340 1447 2397 veniente
1485 2339 1670 2408 Petro,
1713 2342 1904 2398 saltem
1928 2358 2051 2398 um-

456 2427 553 2482 bra
588 2427 751 2482 .illius
777 2427 1132 2486 obumbraret
1162 2428 1493 2501 quemquam
1544 2431 1760 2488 illorum
1808 2442 1865 2488 et
1911 2432 2049 2489 libe-

459 2529 713 2575 rarentur
739 2520 808 2575 ab
835 2520 1246 2579 infirmitatibus
1269 2524 1384 2580 suis
1406 2524 1546 2596 (Act.
1576 2525 1668 2593 v);
1694 2525 1836 2596 quod
1868 2533 2047 2581 tamen

458 2609 746 2665 Dominum
791 2609 993 2668 fecisse
1016 2629 1283 2685 nusquam
1328 2601 1555 2686 legimus
1578 2625 1639 2671 ut
1665 2632 1765 2687 per
1800 2617 2049 2673 umbram

457 2699 709 2756 videlicet
732 2702 814 2755 sui
847 2706 1095 2771 corporis
1144 2706 1443 2761 remedium
1473 2707 1726 2762 sanitatis
1765 2708 1927 2763 alicui
1969 2717 2076 2763 ιιι-α

459 2787 664 2843 tulerit.
706 2789 816 2845 Sed
847 2796 992 2861 quod
1030 2794 1282 2863 prtedixit
1321 2796 1584 2859 exhibuit,
1627 2798 1771 2865 quod
1800 2797 2050 2883 promisit

457 2879 718 2949 implevit.
745 2880 879 2936 Nam
906 2883 960 2937 in
1007 2884 1250 2955 ejusdem
1278 2884 1505 2942 Joannis
1531 2885 1825 2958 Evangelia
1865 2879 1999 2947 dicit
2029 2908 2046 2947 :

462 2989 481 3023 ι
513 2970 708 3035 Amen.
745 2980 902 3037 amen
929 2976 1051 3032 dico
1075 2976 1251 3043 vobis,
1278 2978 1373 3049 qui
1407 2979 1583 3059 credit
1630 2981 1682 3035 in
1725 2996 1831 3045 me,
1861 2998 2048 3055 opera,

2154 1794 2308 1849 lieret
2343 1794 2630 1850 charitate.

2222 1884 2495 1952 Quantum
2533 1892 2714 1938 autem
2758 1883 2902 1954 apud
2930 1881 3220 1937 Dominum
3269 1880 3593 1951 impetrandi
3650 1880 3739 1935 lo-

2153 1989 2300 2040 cum,
2328 1989 2492 2044 quam
2536 1973 2824 2045 praacipuue
2867 1971 3257 2027 familiaritatis
3310 1970 3547 2025 Joannes
3596 1970 3742 2025 obti-

2153 2066 2334 2122 nuerit
2362 2065 2725 2137 privilegium,
2754 2063 2883 2119 hinc
2906 2063 3249 2119 manifestius
3268 2062 3524 2133 colligere
3550 2077 3743 2131 p088!!-

2152 2171 2306 2221 mus,
2335 2154 2482 2225 quod
2510 2154 2650 2210 idem
2682 2154 2877 2209 beatus
2927 2152 3258 2223 evangelista
3308 2161 3559 2215 testatur,
3610 2153 3742 2222 quia

2152 2248 2208 2304 in
2248 2247 2366 2317 ipso
2391 2245 2574 2302 vitalis
2619 2258 2790 2300 coena:
2827 2243 3077 2300 convivio
3109 2243 3266 2316 3&1
3311 2242 3470 2298 Jesus
3497 2242 3745 2297 turbatus

2151 2348 2239 2397 est
2263 2339 2477 2411 spiritu,
2528 2346 2584 2396 et
2631 2346 2965 2410 protestatus
3011 2345 3119 2401 est,
3165 2346 3225 2391 et
3257 2336 3394 2390 dixit
3426 2353 3440 2389 :
3470 2353 3490 2386 ι
3543 2335 3740 2399 Amen,

2154 2445 2309 2486 amen
2335 2430 2457 2487 dico
2484 2429 2657 2495 vobis,
2686 2430 2815 2500 quia
2848 2443 2989 2484 unus
3015 2443 3083 2483 ex
3127 2427 3281 2483 vobis
3333 2426 3513 2482 tradet
3555 2441 3661 2481 me.
3716 2444 3736 2478 ι

2154 2523 2360 2579 Deinde
2387 2524 2667 2593 sequitur:
2688 2522 3205 2592 «Aspiciebantergo
3227 2521 3293 2575 ad
3319 2521 3548 2577 invicem
3572 2518 3741 2575 disci-

2154 2614 2264 2686 puli
2306 2614 2640 2689 hzesitantes,
2667 2613 2735 2668 de
2781 2628 2889 2682 quo
2919 2612 3147 2668 diceret.
3185 2630 3205 2664 ι
3245 2610 3474 2680 Moxque
3517 2608 3741 2677 subjun-

2154 2704 2232 2774 git
2265 2721 2279 2758 :
2317 2722 2337 2755 «
2369 2703 2502 2758 Erat
2529 2719 2661 2774 ergo
2700 2704 3023 2759 recumbens
3055 2719 3194 2758 unus
3221 2718 3289 2757 ex
3314 2700 3591 2769 discipulis
3620 2701 3740 2771 ejus

2156 2796 2212 2852 in
2266 2797 2388 2853 sinu
2432 2794 2585 2859 Jesu,
2630 2810 2791 2865 quem
2850 2794 3107 2865 diligebat
3154 2792 3331 2849 Jesus.
3378 2792 3556 2847 lnuuit
3607 2806 3741 2860 ergo

2154 2887 2283 2943 huic
2313 2886 2501 2943 Simon
2524 2886 2739 2951 Petrus,
2778 2895 2835 2941 et
2861 2885 2994 2941 dicit
3020 2884 3071 2940 ei
3099 2902 3113 2939 :
3145 2883 3277 2951 Quis
3307 2892 3392 2938 est
3431 2884 3497 2939 de
3522 2898 3631 2954 quo
3660 2883 3742 2937 di-

2155 2983 2276 3039 cit?
2313 3001 2333 3034 ι
2378 2982 2557 3051 Atque
2584 2989 2642 3036 ut
2674 2980 2916 3036 historiae
2960 2979 3103 3050 stylo
3132 2994 3239 3033 non
3289 2986 3497 3043 tenear,
3542 2975 3738 3032 Joanni

456 3076 578 3129 (11³έὲ
600 3078 699 3134 980
735 3064 894 3131 ίδείον
926 3076 981 3121 ει
1009 3068 1123 3137 ipse
1160 3045 1344 3135 faeie}.
1392 3054 1448 3125 et
1486 3070 1690 3139 majora
1738 3045 1931 3131 horum
1964 3045 2052 3132 fa;
2078 3045 2126 3109 δ
2157 3087 2283 3127 mox
2311 3045 2665 3141 interroganti
2700 3070 2958 3125 Dominus
2999 3045 3311 3139 respondit:
3348 3086 3367 3119 ι
3404 3067 3496 3122 Ille
3521 3076 3624 3131 est,
3649 3067 3738 3122 cui

456 3153 586 3218 ciet,
614 3155 741 3224 quia
772 3169 874 3226 ego
901 3157 968 3222 ad
1010 3157 1230 3225 Patrem
1270 3175 1450 3216 meum
1477 3163 1619 3218 vado
1643 3162 1826 3234 (Joau.
1860 3165 1992 3237 xiv).
2028 3185 2046 3220 ι

456 3243 747 3301 Enimvero
774 3246 890 3317 ipse
917 3249 1249 3318 operabatur
1276 3251 1330 3305 in
1370 3252 1553 3319 Petro,
1596 3254 1711 3324 ipse
1737 3255 1949 3313 locutus
1972 3267 2055 3314 est

455 3336 513 3391 in
542 3335 772 3392 Joanne.
805 3357 825 3391 ι
864 3339 983 3395 Non
1009 3341 1179 3407 enim,
1206 3342 1403 3414 inquit,
1432 3360 1530 3401 vos
1553 3347 1708 3414 estis,
1754 3348 1847 3419 qui
1875 3348 2053 3421 loqui-

456 3426 613 3496 mini,
644 3428 740 3484 sed
786 3428 1023 3499 Spiritus
1051 3430 1231 3488 Patris
1260 3433 1446 3501 vestri,
1474 3435 1565 3505 qui
1595 3435 1836 3507 loquitur
1865 3439 1921 3494 in
1954 3455 2053 3495 vo-

454 3519 540 3575 bis
571 3518 793 3590 (Matth.
827 3520 906 3591 ι).
944 3540 969 3575 ι

528 3607 723 3665 Merito
752 3625 947 3681 nempe
970 3613 1164 3669 beatus
1187 3611 1427 3672 Joannes
1452 3623 1510 3672 et
1539 3618 1910 3687 pmcedentes
1937 3635 2055 3677 om-

456 3711 557 3753 nes
593 3713 659 3754 ac
698 3700 1097 3770 subsequentes
1139 3702 1444 3759 divinorum
1489 3706 1784 3777 scriptores
1830 3710 2055 3766 volumi-

454 3803 607 3853 num,
640 3788 810 3859 gloria
852 3791 1142 3861 singularis
1169 3795 1430 3862 przecedit
1463 3796 1686 3866 eloquii,
1730 3813 1891 3869 quem
1944 3816 2050 3855 non

455 3879 669 3936 luxuria
719 3882 933 3951 polluit.
981 3897 1088 3938 non
1133 3884 1300 3940 libido
1338 3887 1603 3957 corrupit,
1649 3889 1745 3944 sed
1774 3890 2055 3961 virginalis

455 3974 739 4047 integritas
770 3987 1044 4048 perpetuae
1073 3978 1495 4049 incorruptionis
1545 3980 1701 4037 titulo
1752 3977 2049 4039 decoravit.

453 4064 560 4131 Qui
611 4065 867 4120 nimirum
902 4069 1155 4137 nuptialis
1200 4071 1409 4141 copulae
1447 4072 1740 4128 thalamum
1774 4077 2049 4141 deserens,

452 4169 673 4209 omnem
724 4154 993 4209 illecebra:
1045 4158 1282 4212 carnalis
1330 4161 1579 4215 ardorem
1645 4161 1697 4215 in
1747 4162 2050 4217 caelestium

455 4243 773 4300 deliciarum
822 4247 1096 4301 transtulit
1134 4248 1487 4319 voluptatem,
1532 4252 1945 4323 arctissimeque
1992 4272 2052 4311 se

454 4334 510 4389 in
558 4336 639 4390 sui
690 4334 1070 4406 Redemptoris
1114 4354 1180 4394 ac
1222 4339 1499 4395 dilectoris
1528 4357 1712 4398 amore
1748 4343 2046 4414 conjunxit,

2078 4396 2128 4455 D

2152 3178 2254 3235 ego
2277 3163 2565 3217 intinctum
2597 3176 2790 3232 panem
2820 3174 3117 3230 porrexero
3146 3158 3332 3230 (Joan.
3362 3158 3507 3229 stu).
3545 3177 3565 3210 ι

2222 3256 2269 3313 0
2314 3256 2615 3311 mirabilem
2663 3264 2828 3325 atque
2878 3253 3357 3325 incomparabilem
3410 3253 3627 3317 virum,
3684 3260 3742 3307 et

2152 3348 2299 3403 omni
2334 3347 2656 3403 Christianae
2684 3346 2985 3403 devotionis
3012 3344 3282 3417 praeconio
3309 3343 3735 3413 praeferendum!

2154 3440 2293 3497 Ecce
2340 3440 2563 3495 verbum
2592 3436 2868 3509 profertur
2896 3437 2948 3491 in
2997 3433 3231 3490 medium
3252 3472 3268 3500 ,
3295 3442 3351 3488 et
3390 3441 3533 3489 totus
3562 3440 3735 3497 tacet,

2154 3545 2220 3586 ac
2266 3528 2368 3584 sub
2407 3527 2607 3584 silentii
2651 3541 2883 3583 censura
2911 3523 3229 3595 reprimitur
3271 3533 3496 3578 senatus
3522 3531 3740 3592 aposto—

2153 3621 2366 3687 lorum;
2400 3628 2550 3675 tanta
2593 3619 2859 3689 siquidem
2913 3616 3157 3687 magistri
3205 3615 3545 3684 praesidentis
3591 3614 3740 3669 vide-

2154 3714 2315 3768 batur
2362 3710 2690 3774 auctoritas,
2738 3717 2797 3763 ut
2835 3709 2937 3763 sub
2982 3708 3229 3763 districta
3275 3722 3334 3763 se
3372 3714 3740 3777 compesceret

2152 3807 2310 3861 beata
2342 3803 2729 3873 discipulorum
2758 3800 2948 3857 concio
2969 3799 3271 3871 disciplina.
3302 3798 3592 3863 limitant,
3625 3813 3742 3852 am-

2155 3896 2378 3966 bigunt,
2420 3902 2583 3963 atque
2624 3893 2768 3947 inter
2816 3905 2875 3947 se
2926 3890 3155 3946 invicem
3205 3891 3485 3947 oculorum
3519 3889 3740 3944 nutibus

2152 3986 2551 4057 quodammodo
2595 3986 2992 4054 interrogantes
3025 3981 3333 4053 aspiciunt;
3364 3990 3738 4037 verumtamen

2153 4077 2337 4147 lingua
2380 4074 2629 4144 proferre
2668 4074 2814 4143 quod
2863 4071 3135 4143 gestiunt,
3167 4071 3250 4127 vel
3290 4070 3575 4127 Dominum
3607 4087 3741 4127 con-

2152 4166 2362 4221 sulente
2417 4165 2694 4234 inquirere
2736 4179 2841 4219 non
2887 4168 3237 4233 praesumunt.
3290 4159 3456 4217 Tacet
3502 4161 3738 4227 Petrus,

2152 4266 2299 4312 tacet
2324 4254 2447 4311 caeli
2478 4254 2880 4310 clavicularius.
2913 4254 3082 4310 Tacet
3110 4253 3351 4325 denique
3390 4252 3592 4324 lingua,
3620 4269 3740 4323 qua:

2152 4346 2321 4401 clavis
2370 4345 2509 4400 facta
2548 4344 2807 4400 caelorum
2828 4384 2842 4410 ,
2870 4343 3067 4399 etclam
3095 4343 3256 4399 simul
3294 4353 3352 4398 et
3379 4352 3581 4398 terram
3610 4343 3741 4415 ligat

452 4434 675 4497 propter
701 4444 864 4498 quem
917 4429 1126 4486 scilicet
1166 4432 1467 4503 conjugalis
1498 4434 1600 4489 tori
1647 4433 1850 4490 foedera
1894 4436 2049 4490 abdi-
2078 4429 2127 4455 ν
2151 4446 2207 4492 et
2256 4435 2433 4491 solvit.
2482 4434 2648 4489 Tacet
2676 4434 2753 4500 is,
2799 4433 3051 4502 inquam,
3081 4433 3165 4488 cui
3196 4442 3366 4502 portae
3410 4432 3598 4487 inferri
3634 4448 3739 4486 non

452 4517 614 4571 cavit.
650 4515 805 4574 Unde
849 4519 1106 4578 divinitus
1161 4523 1238 4579 illi
1291 4539 1611 4582 concessum
1661 4534 1744 4582 est
1792 4535 1851 4581 ut
1897 4537 2043 4582 tanta

450 4621 548 4661 eor
572 4605 689 4676 ejus
715 4608 878 4664 etiam
905 4612 1050 4667 circa
1076 4613 1274 4671 fratres
1296 4616 1578 4672 charitatis
1603 4618 1775 4688 gratia
1805 4619 2044 4689 replere-

452 4704 561 4761 tur,
592 4705 651 4751 ut
676 4712 1084 4757 sacrosanctum
1131 4706 1369 4774 pectoris
1418 4707 1842 4778 ejus.tcmplu:n
1896 4710 2044 4764 velut

432 4786 700 4864 caminus
750 4789 969 4860 quidam
1023 4792 1197 4849 divini
1238 4796 1514 4851 videretur
1570 4799 1824 4853 incendii.
1892 4800 2048 4867 Quod

451 4880 699 4947 profecto
751 4881 805 4935 in
857 4882 1190 4954 quibuslibet
1255 4884 1555 4956 Scripturis
1621 4887 1739 4956 ejus
1797 4899 2046 4959 patenter

452 4970 782 5041 agnoscitur,
824 4971 879 5027 in
910 4974 1109 5043 quibus
1139 4977 1329 5047 utique
1366 4991 1464 5047 per
1491 4992 1707 5032 omnem
1735 4977 1849 5033 fere
1890 4976 2043 5050 pigi-

452 5074 598 5125 nam,
640 5060 796 5131 quasi
837 5076 933 5131 per
957 5065 1220 5133 quasdam
1253 5066 1440 5131 rimas,
1492 5067 1775 5123 charitatis
1813 5083 2041 5137 vapores

449 5148 766 5218 eﬂ‘undere,
815 5153 1102 5211 charitatis
1169 5156 1380 5212 videtur
1446 5158 1734 5214 ardoribus
1787 5168 2037 5215 aestuare.

451 5238 609 5295 Modo
636 5242 782 5297 enim
828 5252 1009 5313 patres
1064 5247 1384 5302 nominatim
1440 5251 1509 5303 ad
1559 5250 1883 5305 charitatem
1913 5266 2041 5320 pro-

390 5412 391 5415 ,
451 5340 630 5415 vocat.
662 5332 822 5389 modo
851 5350 957 5390 non
986 5335 1146 5402 filios,
1179 5339 1274 5394 sed
1303 5338 1518 5406 filiolos,
1544 5341 1696 5409 quasi
1736 5350 1921 5395 tenere
1958 5341 2040 5396 di-

462 5412 673 5471 tantes:
719 5423 925 5479 mollat.
958 5425 1115 5482 Modo
1142 5430 1378 5499 propriis
1406 5439 1625 5484 aetatum
1654 5431 1930 5486 vocabulis
1954 5431 2038 5484 in-

474 5499 647 5597 ligeus
678 5514 885 5597 appedo
950 5513 1207 5583 juvenes,
1249 5518 1411 5573 modo
1457 5519 1730 5590 sigillatim
1789 5522 2043 5592 admonet

456 5595 841 5658 adolescentes.
897 5604 1054 5662 Modo
1099 5607 1263 5663 etiam
1313 5609 1629 5669 mulieribus
1656 5611 1912 5673 euistolas
1951 5610 2045 5668 de—

2150 4526 2482 4597 przevalent,
2511 4526 2602 4594 qui
2630 4524 2828 4595 ligandi
2877 4524 3087 4579 animas
3127 4533 3291 4594 atque
3328 4523 3567 4579 solvendi
3596 4524 3742 4577 obti-

2151 4626 2244 4671 net
2286 4615 2647 4686 principatum
2685 4613 2904 4683 (Matth.
2953 4614 3084 4685 va).
3141 4614 3273 4669 Silet
3314 4614 3595 4678 Andreas,
3648 4613 3740 4680 qui

2150 4709 2251 4777 ipsi
2293 4707 2445 4762 fratri
2495 4707 2561 4761 ad
2604 4707 2811 4761 fontem
2854 4706 2978 4760 vitae
3028 4705 3259 4774 praevius
3298 4705 3396 4758 fuit
3442 4704 3625 4775 (Joan.
3674 4706 3739 4767 ι).

2151 4799 2268 4854 Νοη
2319 4799 2559 4869 loquitur
2588 4798 2856 4863 Thomas,
2910 4798 3002 4867 qui
3054 4798 3196 4853 viam
3243 4812 3301 4853 se
3348 4796 3561 4852 nescire
3615 4813 3745 4867 pro-

2146 4890 2354 4954 fessus,
2397 4890 2647 4944 eumdem
2693 4901 2815 4944 esse
2858 4888 3003 4942 viam
3030 4928 3046 4954 ,
3091 4888 3375 4944 veritatem
3418 4896 3475 4942 et
3531 4887 3740 4947 vitam.

2145 4978 2263 5048 ipso
2312 4977 2611 5044 referente,
2638 4978 2891 5048 cognovit
2932 4976 3115 5049 (Joan.
3144 4978 3277 5048 xiv).
3310 4976 3425 5032 Non
3456 4980 3745 5049 pmsumit

2140 5083 2203 5122 os
2254 5068 2466 5138 aperire
2520 5067 2833 5139 Philippus,
2886 5068 2975 5139 qui
3034 5068 3162 5124 dum
3221 5067 3439 5123 Patrem
3488 5067 3592 5123 sibi
3649 5084 3742 5134 po-

2140 5160 2318 5227 poscit
2356 5159 2606 5225 ostendi,
2658 5160 2922 5230 profumla
2972 5159 3229 5231 mysteria
3283 5157 3575 5212 individua:
3620 5155 3744 5209 Tri-

2140 5250 2327 5306 nitatis
2377 5251 2583 5306 audivit
2626 5251 2839 5322 (Ibid.).
2894 5250 3098 5307 Omnes
3128 5258 3330 5313 tacent,
3358 5263 3551 5303 omnes
3583 5248 3744 5301 dubi-

2146 5352 2291 5408 tant,
2318 5353 2374 5398 et
2391 5343 2624 5396 latenter
2669 5342 2974 5411 inquirunt,
3014 5357 3120 5395 non
3168 5340 3387 5409 quidem
3437 5338 3744 5408 prolatione

2147 5434 2471 5498 verborum,
2513 5431 2606 5487 sed
2642 5441 2847 5486 tantum
2883 5431 3105 5487 nutibus
3131 5430 3435 5486 oculorum.

2222 5522 2327 5577 Sed
2368 5536 2489 5575 cum
2530 5536 2619 5576 res
2653 5521 2742 5575 diu
2787 5520 2888 5576 sub
2916 5522 3018 5577 hac
3047 5520 3400 5591 ambiguitate
3440 5518 3743 5588 penderet.

2149 5626 2252 5667 nec
2280 5611 2478 5668 nodum
2510 5610 2799 5668 dubietatis
2826 5611 3095 5682 quispiam
3146 5609 3483 5678 absolveret,
3516 5609 3744 5665 tandem
