4064 6208
420 429 529 487 865

1828 454 1831 457 ·
1880 430 2115 488 δΕιιΜο
2153 427 2341 485 LXIV.

3598 443 3705 502 866

415 546 644 606 Joannis
664 545 1031 616 patrocinium
1075 546 1366 620 quaeritur,
1397 555 1452 603 et
1480 548 1560 604 sic
1603 546 1671 601 ad
1721 545 1799 602 rei
1828 546 2005 602 dubia:
2031 547 2079 608 Α
2110 555 2283 598 matre
2313 543 2470 599 Verbi
2493 554 2871 614 conversatur,
2895 555 3045 604 tanto
3070 559 3125 605 et
3146 525 3246 622 ipsi
3280 553 3507 612 vicinior
3531 556 3706 618 Verbo

415 640 668 698 notitiam
713 639 1047 710 pervenitur.
1079 640 1170 696 Ille
1199 642 1488 708 nimirum,
1517 641 2008 713 condiscipulorum

414 733 470 788 in
511 745 571 788 se
615 746 848 802 persona
895 741 1180 801 suscepta,
1224 731 1506 787 consultor
1550 733 1793 797 accedit,
1822 733 1913 803 qui
1943 734 2009 789 de

412 821 662 892 ampliori
687 820 1070 876 familiaritatis
1117 831 1279 891 atque
1307 821 1612 877 dilectionis
1651 822 2006 892 prterogativa

409 911 655 967 conﬁdit.

2113 636 2402 692 invenitur.

2183 727 2249 781 Et
2293 728 2548 797 quoniam
2601 743 2706 783 non
2754 732 2822 784 ab
2869 746 3013 797 auo,
3063 737 3158 788 sed
3208 742 3278 789 ab
3314 739 3427 808 ipsa
3459 738 3702 798 Veritate

2111 817 2294 872 Mariae
2321 821 2499 874 dictus
2520 825 2523 829 ’
2544 831 2626 875 est
2668 821 2843 876 ﬁlius:
2878 841 2894 873 ι
2933 822 3143 888 Mulier,
3175 826 3320 880 enim
3348 827 3548 898 inquit,
3577 845 3706 888 ecce

2107 909 2249 964 ﬁlius
2290 918 2443 976 tuus;
2501 931 2517 963 ι
2565 921 2724 981 atque
2770 913 3001 982 idipsum
3041 916 3348 973 reiterando
3386 923 3702 994 conﬁrmat,

483 1001 640 1060 Unde
675 1003 1130 1058 considerandum
1171 1003 1285 1067 est',
1333 1003 1536 1059 fratres
1587 1005 1727 1070 mei,
1785 1017 1979 1075 quanta

2104 998 2170 1053 ad
2187 997 2507 1068 discipulmn
2531 999 2754 1054 dicens:
2778 1019 2796 1051 ι
2825 1000 2966 1057 Ecce
2994 1014 3168 1058 mater
3191 1014 3280 1060 tua
3311 1005 3494 1077 (Joan.
3517 1009 3654 1084 ιιι),
3677 1032 3696 1066 ι

409 1091 713 1148 devotionis
741 1092 994 1147 instantia
1035 1092 1176 1148 beati
1219 1091 1448 1148 Joannis
1470 1091 1714 1164 ﬂagitare
1742 1095 2002 1150 debemus
2103 1103 2263 1144 nemo
2301 1088 2424 1157 iure
2474 1089 2689 1145 videtur
2732 1092 2905 1162 major
2958 1095 3167 1150 meritis
3213 1111 3307 1164 eo,
3340 1099 3430 1169 qui
3479 1101 3702 1172 speciali

407 1184 702 1249 auxilium,
746 1198 907 1253 quem
949 1183 1164 1238 sibimet
1211 1183 1666 1250 interventorem,
1715 1195 1771 1240 et
1815 1187 1912 1255 ipsi
1943 1203 2001 1240 a-

409 1275 602 1346 postoli
632 1275 984 1344 quzesierunt.
1018 1273 1292 1341 Quantum
1341 1277 1481 1345 apud
1514 1274 1722 1344 justqu
1758 1274 1996 1344 judicent

2099 1182 2331 1251 quadam
2363 1181 2534 1252 gloria
2559 1181 2730 1237 frater
2753 1191 2836 1238 est
2865 1184 3181 1242 Salvatoris.

2170 1269 2344 1339 Hujus
2381 1271 2548 1341 igitur
2578 1282 2686 1324 tam
2725 1272 3003 1339 sublimis,
3062 1283 3170 1328 tam
3224 1291 3328 1345 pn,
3375 1286 3484 1332 tam
3523 1281 3698 1348 casti,

405 1383 504 1439 pro
551 1367 927 1439 peccatoribus
966 1367 1196 1437 poterit,
1245 1367 1336 1436 qui
1375 1375 1430 1422 et
1456 1383 1555 1438 pro
1601 1366 1734 1438 ipsis
1760 1368 1997 1425 caelestis
2100 1373 2320 1430 tamque
2351 1359 2837 1428 przecellentissimi
2890 1362 3001 1419 Deo
3055 1363 3265 1430 dilecti,
3315 1366 3514 1424 fratres
3565 1371 3699 1426 cha-

402 1458 572 1514 curia:
601 1457 946 1513 senatoribus
988 1456 1324 1512 intervenit?
1352 1456 1419 1510 Et
1446 1457 1538 1527 qui
1581 1457 1876 1514 advocatus
1911 1459 1994 1514 fa-
2097 1450 2298 1506 l‘iSSimi
2323 1490 2338 1516 ι
2389 1450 2701 1509 laborem“!
2744 1463 3018 1524 ρι’ωεερια
3064 1471 3332 1524 senate;
3392 1475 3490 1530 per
3537 1461 3699 1532 huius

400 1560 528 1606 ctus
572 1560 655 1606 est
688 1548 916 1606 summis
939 1589 955 1612 .
1001 1563 1162 1621 quam
1206 1549 1484 1604 humiliter
1515 1550 1882 1620 implorandus
1911 1564 1995 1607 est
2094 1542 2319 1613 νεςιίςίδ
2338 1582 2353 1608 9
2391 1543 2444 1597 in
2474 1551 2736 1613 quantum
2766 1552 3086 1614 Possumus,
3116 1548 3254 1602 duce
3281 1549 3462 1604 divina
3520 1554 3698 1622 gratia

401 1660 433 1699 a
479 1643 762 1700 minimis?
815 1641 962 1698 lianc
1011 1642 1268 1696 nimirum
1319 1641 1554 1699 hominis
1599 1645 1988 1711 eminentiam,

2093 1633 2412 1689 Studeamus
2460 1634 2734 1690 incedere.
2785 1635 2940 1704 Quod
2991 1637 3038 1692 si
3090 1653 3281 1695 omnes
3327 1655 3450 1695 cum
3490 1641 3701 1702 Joanne

402 1734 544 1788 hanc
573 1733 889 1789 meritorum
914 1729 1225 1787 sublimium
1254 1729 1628 1787 celsitudinem
1657 1733 1880 1805 angelus
1903 1734 1991 1812 ille
2091 1722 2460 1812 γίτκίηίωιεηι
2512 1724 2714 1780 habere
2753 1725 2864 1796 iam
2912 1728 2967 1781 in
3011 1742 3182 1784 came
3236 1745 3344 1787 non
3386 1747 3694 1812 possumus,

400 1826 685 1896 cognovit,
734 1824 826 1896 qui
857 1840 917 1881 se
967 1824 1034 1879 ab
1085 1823 1176 1880 illo
1203 1823 1416 1879 adorari
1446 1825 1740 1896 prohibuit.
1775 1845 1793 1878 ι
1831 1809 1984 1893 Vide,

2090 1811 2218 1880 quia
2257 1821 2383 1882 post
2432 1813 2772 1886 naufragium
2821 1819 3058 1872 secunda
3099 1828 3274 1875 restat
3320 1822 3532 1890 tabula,
3580 1811 3698 1880 stu;

399 1917 614 1988 inquit,
667 1932 735 1974 ne
771 1916 1005 1983 feceris;
1038 1930 1333 1972 conservus
1378 1917 1522 1971 enim
1577 1926 1700 1972 tuus
1740 1934 1859 1975 sum
1883 1960 1899 1986 ,
1935 1927 1979 1974 et

2090 1901 2318 1958 deamus
2345 1900 2540 1958 ﬂorere
2564 1904 2856 1960 virtutibus
2873 1946 2888 1972 ,
2928 1915 2984 1962 et
3018 1907 3100 1963 sic
3129 1910 3457 1979 vnrginitatis
3483 1914 3700 1971 amissa

399 2005 626 2075 fratrum
656 2015 869 2063 tuorum
896 2005 1206 2062 habentium
1238 2005 1604 2062 testimonium
1637 2006 1785 2075 Jesu,
1819 2009 1986 2064 Deum

395 2096 562 2152 adora
612 2096 799 2170 (Apoc.
901 2097 1047 2168 ιιι).
1103 2115 1122 2148 ι
1168 2095 1387 2168 Refugit
1425 2098 1744 2168 obsequium
1787 2101 1856 2156 ab
1898 2100 1988 2158 illo

395 2187 702 2258 suscipere,
748 2203 911 2258 quem
942 2196 1170 2243 noverat
1202 2190 1341 2258 apttd
1384 2203 1728 2246 communem
1749 2189 1984 2271 iudicem

2092 1993 2436 2062 dispendium
2463 1996 2667 2063 optime
2694 1998 3187 2066 compensabimns.
3213 1999 3331 2056 Non
3353 2001 3516 2072 igitur
3541 2005 3699 2060 nobis

2090 2087 2334 2142 avaritite
2371 2087 2537 2143 ardor
2575 2088 2896 2152 incandeat;
2930 2105 3038 2146 non
3071 2090 3367 2148 iracundiae
3416 2107 3516 2149 nos
3543 2094 3698 2151 furor

2089 2175 2352 2246 impellat.
2383 2177 2498 2232 Non
2529 2177 2582 2232 in
2613 2178 2771 2233 nobis
2797 2177 3012 2234 ﬂamma
3053 2180 3294 2238 libidinis
3329 2187 3554 2250 aestuet;
3588 2200 3695 2242 non

397 2278 572 2333 loctnn
621 2280 809 2349 grat’m
855 2276 1192 2333 familiariter
1238 2278 1502 2335 oblinere.
1559 2278 1740 2358 Noluit
1794 2266 1979 2338 adora-

2089 2265 2262 2334 turpis
2303 2267 2565 2336 cogitatio
2595 2267 2882 2336 pulchram
2905 2270 3100 2325 animae
3143 2281 3342 2329 nostra
3368 2280 3553 2331 coram
3581 2278 3693 2334 Deo

395 2380 601 2435 torem,
645 2385 804 2442 quem
852 2369 1180 2426 decernebat
1223 2369 1502 2440 aequalem.
1553 2370 1800 2427 Fratrem
1833 2389 1986 2430 reco-

391 2463 614 2536 gnovit,
662 2461 868 2518 socium
892 2461 1192 2531 judicavit.
1225 2460 1573 2528 subjectionis
1620 2463 1980 2520 obedientiam

390 2569 497 2608 nou
540 2554 766 2623 accepit.
799 2553 1056 2621 Quamvis
1085 2553 1226 2608 enim
1257 2552 1311 2607 in
1335 2553 1588 2608 omnibus
1613 2555 1816 2610 sanctis
1838 2569 1984 2610 sem-

389 2658 488 2714 per
514 2643 583 2699 sit
608 2643 864 2714 angelica:
891 2643 1165 2698 munditiae
1191 2642 1594 2698 contubernalis
1616 2685 1631 2709 ,
1669 2652 1722 2699 et
1751 2654 1979 2716 cognata

389 2733 702 2805 virginitas;
736 2731 924 2788 beatus
948 2743 1124 2788 tamen
1164 2731 1400 2788 Joannes
1431 2741 1581 2788 tanto
1607 2733 1843 2804 reliquos
1871 2735 1982 2790 vir-

387 2824 542 2892 gines
579 2831 834 2893 superat,
888 2832 1092 2894 quanto
1140 2825 1438 2895 virginitati
1470 2825 1641 2880 beata!
1671 2825 1855 2880 Maria:
1885 2841 1981 2896 per

386 2916 692 2971 sedulitatis
740 2932 805 2972 ac
855 2925 1129 2987 perpetua:
1178 2914 1340 2988 352
1391 2917 1649 2972 custodite
1725 2919 1976 2973 mei-itum

386 3007 802 3076 appropinquat.
832 3005 878 3061 Α
909 3021 1013 3077 qua
1045 3005 1158 3060 sola
1187 3006 1433 3062 videlicet
1463 3006 1820 3076 praecedirur,
1851 3008 1975 3078 quia

385 3093 687 3151 fecunditas
733 3095 1046 3168 virginalis,
1091 3110 1211 3164 qum
1240 3105 1324 3152 est
1372 3095 1428 3151 in
1463 3096 1659 3162 Maria,
1704 3095 1865 3150 rmllis
1894 3108 1976 3151 est

383 3187 606 3244 omnino
656 3187 863 3244 meritis
905 3187 1304 3258 comparanda,
1353 3195 1404 3242 cl
1455 3202 1560 3241 non
1621 3185 1793 3242 solum
1846 3187 1970 3256 quia

383 3277 611 3335 fecunda
657 3286 772 3346 est,
816 3279 912 3336 sed
959 3252 1088 3349 quia
1116 3278 1336 3333 Dciﬁca.
1384 3276 1658 3346 Virginem
1709 3252 1974 3348 cnim-pa-
2001 3252 2046 3314 Ο

381 3384 537 3437 rere,
569 3385 767 3426 novum
798 3385 864 3425 ac
889 3369 1165 3441 singulare
1201 3378 1317 3433 est;
1361 3367 1534 3422 Deum
1579 3382 1711 3422 vero
1757 3383 1971 3438 parere,

380 3459 458 3516 ita
501 3477 717 3518 onmem
764 3461 1055 3517 novitatem
1101 3459 1488 3532 siugularitatis
1527 3467 1850 3530 exsuperat,
1903 3459 1975 3514 ita

378 3554 560 3609 omnia
604 3569 725 3624 qua:
773 3553 1018 3608 miranda
1064 3561 1192 3607 sunt
1226 3553 1534 3618 antecedit,
1573 3561 1736 3622 atque
1764 3551 1976 3608 incom-

381 3645 698 3716 parabiliter
725 3643 1131 3714 supereminet,
1160 3651 1218 3698 ut
1253 3658 1353 3698 nec
1379 3650 1558 3698 mente
1599 3642 1844 3713 concipi,
1878 3657 1979 3699 nec

380 3738 561 3811 lingua
604 3737 782 3794 valeat
809 3737 1153 3808 aliquatenus
1184 3737 1465 3808 explicari.
1499 3735 1605 3792 Sed
1643 3737 1786 3792 sicut
1814 3753 1979 3794 vene-

381 3815 566 3888 randa:
604 3830 799 3887 matris
843 3829 1058 3887 Domini
1090 3829 1409 3902 virginitas,
1439 3829 1587 3886 beati
1611 3828 1839 3887 Joannis
1867 3833 1980 3887 vir-

379 3922 662 3994 ginitatem
709 3923 958 3991 excedit,
1010 3922 1092 3978 sic
1133 3923 1246 3993 ipse
1289 3938 1388 3994 pro
1431 3924 1666 3993 glorioso
1709 3925 1826 3996 ejus
1849 3940 1981 3981 con-

380 4015 631 4102 tubeznio
657 4023 887 4072 caeteros
915 4029 948 4070 a
985 4014 1173 4070 mundi
1221 4014 1519 4084 primordio
1565 4013 1802 4086 virgines
1828 4024 1980 4072 antc-

377 4103 545 4158 cellit.

449 4194 566 4251 Huc
597 4195 843 4262 accedit,
883 4193 1028 4266 quod
1081 4194 1170 4250 ille
1213 4195 1490 4252 recubitus
1530 4196 1587 4254 in
1615 4207 1836 4269 pectore
1861 4197 1980 4254 Sal-

375 4286 640 4354 vatoris,‘
665 4286 758 4343 ille
803 4287 1019 4344 divinus
1062 4288 1261 4355 ardor,
1314 4304 1479 4360 quem
1530 4305 1598 4344 ex
1628 4305 1829 4347 arcana
1863 4291 1979 4363 ejus

377 4380 732 4451 inspiratione
759 4381 1041 4452 concepit,
1075 4381 1149 4437 ita
1184 4382 1237 4437 in
1260 4381 1378 4453 ejus
1408 4382 1707 4439 visceribus
1734 4384 1978 4440 omnium

375 4472 656 4529 iibidinnm
706 4472 948 4530 fomenta
993 4473 1207 4534 decoxit
1259 4481 1322 4529 ut
1386 4487 1584 4544 corpus
1634 4472 1751 4542 ejus
1783 4513 1800 4538 ,
1855 4482 1975 4528 tan-

2086 2359 2322 2428 speeiem
2361 2358 2698 2419 foedet..Non
2729 2377 2828 2418 nos
2859 2371 3092 2419 terrena:
3112 2363 3384 2422 facultatis
3414 2368 3693 2426 abundan-

2084 2449 2157 2503 tia
2183 2448 2237 2503 iu
2279 2451 2590 2521 superbiam
2630 2454 2837 2524 erigat;
2867 2468 2976 2509 non
3007 2455 3274 2511 tenacitas
3306 2458 3692 2516 misericordia

2082 2543 2292 2599 viscera
2314 2545 2646 2614 pauperibus
2667 2545 2903 2600 claudat.
2933 2546 3127 2618 Vigeat
3150 2548 3204 2602 in
3231 2549 3391 2605 nobis
3426 2561 3688 2621 perpetua

2082 2635 2326 2700 castitas,
2350 2635 2651 2701 humilitas,
2681 2636 2943 2706 patientia
2965 2676 2980 2700 .
3008 2639 3299 2703 sobrietas,
3321 2639 3536 2708 justitia
3558 2657 3684 2698 cum

2080 2725 2281 2795 pietate
2299 2767 2314 2790 ,
2343 2727 2608 2782 severitas
2638 2741 2761 2780 cum
2795 2728 3229 2783 mansuetudine.

2151 2817 2300 2870 Inter
2330 2817 2468 2882 hzec,
2501 2815 2700 2873 fratres
2726 2817 3060 2883 charissimi,
3093 2829 3522 2891 cmtcrarumque
3548 2825 3687 2878 dona

2080 2907 2338 2961 virtutum
2361 2947 2376 2972 ,
2426 2907 2696 2971 charitas,
2726 2922 2848 2977 quae
2875 2917 3054 2962 mater
3085 2919 3170 2963 est
3209 2911 3483 2975 omnium,
3515 2912 3575 2966 in
3602 2927 3691 2966 sa.

2077 2998 2258 3054 crario
2300 2998 2537 3068 pectoris
2573 3000 2746 3053 nostri
2797 3013 3012 3068 semper
3053 3009 3235 3056 teneat
3277 3002 3685 3072 principatum;

2076 3088 2224 3159 quia,
2251 3089 2392 3143 sicut
2416 3087 2656 3143 Joannes
2679 3087 2832 3154 dicit,
2860 3107 2880 3139 ‹
2911 3089 3052 3144 Deus
3075 3089 3314 3144 charitas
3341 3102 3425 3144 est
3447 3089 3499 3155 (1
3519 3090 3683 3146 locu.

2079 3177 2187 3248 tv);
2220 3195 2239 3229 ι
2270 3184 2330 3230 ιιι
2377 3177 2503 3247 quia
2549 3177 3010 3247 per,charitatem
3064 3177 3158 3232 Dei
3208 3177 3379 3233 Filius
3405 3180 3687 3236 descendit

2077 3266 2131 3322 in
2183 3265 2490 3339 Virginem,
2529 3282 2627 3336 per
2662 3282 2782 3322 eam
2819 3283 2918 3323 nos
2963 3267 3173 3324 exaltet
3214 3269 3282 3323 ad
3307 3269 3468 3342 35.3
3497 3280 3682 3340 pater-

2078 3372 2162 3412 nae
2207 3358 2393 3428 gloriae
2433 3357 2772 3422 claritatem,
2822 3357 2915 3428 qui
2963 3357 3099 3411 vivit
3149 3367 3206 3412 et
3251 3371 3444 3428 regnat
3472 3362 3526 3415 in
3559 3360 3682 3415 Tri-

2078 3449 2246 3504 nitate
2313 3446 2585 3519 perfecta,
2643 3463 2782 3502 unus
2842 3458 2898 3502 et
2945 3463 3107 3504 verus
3151 3448 3325 3516 Deus,
3377 3465 3475 3520 per
3500 3453 3684 3508 omnia

2078 3541 2275 3596 stecula
2306 3541 2650 3595 saeculorum.
2685 3541 2878 3595 Amen.

2649 3651 2884 3709 SERMO
2923 3652 3112 3709 LXIV.

2176 3758 2244 3798 bl
2282 3757 2490 3800 δικετο
2525 3755 2723 3798 ιοικιε
2763 3734 3036 3798 Αιτοθτιιὶο
3073 3760 3144 3799 ετ
3180 3759 3588 3802 ενιηθιιιιετι.-

2621 3814 2790 3882 (xui.
2833 3815 3106 3884 beet-$33.).

2148 3927 2486 3994 Gaudemus,
2530 3925 2731 3982 fratres
2775 3927 3117 3994 charissimi,
3169 3930 3450 4000 copiosum
3481 3943 3677 3993 vesti-te

2078 4019 2439 4075 fraternitatis
2482 4019 2674 4074 adesse
2709 4028 3076 4086 conventum,
3119 4021 3246 4091 quia
3279 4024 3405 4080 dum
3456 4041 3558 4083 nos
3605 4029 3676 4085 ad

2079 4109 2402 4166 hodiernam
2446 4109 2832 4176 festivitatem,
2885 4109 2947 4166 Β.
2995 4109 3221 4170 Joannis
3270 4115 3440 4186 gloria
3471 4134 3672 4188 provo-

2076 4209 2195 4270 cat,
2242 4201 2411 4258 etiam
2462 4199 2702 4272 Spiritus
2733 4209 3002 4267 sanctus,
3053 4212 3112 4258 ut
3166 4212 3274 4259 tam
3317 4220 3672 4279 reverenter,

2078 4302 2188 4350 tam
2233 4292 2490 4364 paciﬂcc,
2524 4300 2630 4347 tam
2675 4293 2867 4349 devote
2894 4295 3267 4364 conveniatis,
3303 4297 3676 4360 indubitanter

2077 4385 2324 4458 inspirat.
2368 4385 2598 4456 Dignum
2643 4385 2842 4456 quippe
2884 4394 3000 4452 est,
3031 4395 3090 4441 ut
3122 4389 3216 4457 qui
3258 4405 3288 4444 a
3319 4389 3536 4448 Christo
3562 4411 3675 4464 pra

2078 4476 2288 4532 cunctis
2317 4474 2638 4530 mortalibus
2665 4472 2976 4542 specialiter
2998 4482 3084 4529 est
3114 4475 3375 4540 dilectus,
3406 4494 3436 4532 a
3466 4480 3671 4539 Christi

371 4578 538 4634 quam
568 4577 758 4619 revera
781 4562 1017 4633 Spiritus
1043 4562 1216 4618 sancti
1248 4562 1536 4632 templum,
1566 4577 1596 4616 a
1619 4561 1832 4617 cunctis
1856 4577 1978 4620 ver.
2009 4599 2056 4658 υ
2082 4579 2298 4638 quoque
2323 4564 2672 4620 dilectoribus
2698 4562 3033 4632 permaxime
3061 4564 3342 4634 diligatur.
3370 4571 3670 4637 pmsertim

373 4663 530 4710 naret
557 4653 840 4710 aestuantis
872 4652 1100 4708 luxuria:
1126 4651 1468 4721 squaloribus
1489 4651 1840 4716 defaecatum;
1875 4667 1976 4708 nec

372 4744 545 4800 ullum
575 4745 628 4800 in
653 4760 720 4803 eo
742 4745 918 4801 locum
958 4744 1268 4800 vindicabat
1294 4744 1506 4798 ﬂamma
1533 4742 1794 4812 libidinis,
1820 4743 1974 4814 cujus

377 4833 636 4905 templum
666 4837 839 4907 gratia
877 4834 1049 4890 sancti
1083 4833 1317 4903 Spiritus
1358 4832 1564 4904 jugiter
1589 4832 1969 4888 obumbrabat.

374 4924 639 4992 Quocirca
681 4926 903 4997 dignum
953 4924 1051 4980 fuit
1096 4934 1153 4978 ut
1194 4925 1387 4980 beatus
1427 4921 1666 4979 Joannes
1695 4922 1970 4994 apostolus

373 5015 703 5085 archangelo
752 5015 986 5072 Gabrieli
1043 5016 1110 5070 ad
1156 5015 1458 5072 custodiam
1511 5014 1702 5070 matris
1755 5012 1969 5069 Domini

373 5107 558 5164 socius
601 5106 924 5174 haberetur,
967 5114 1235 5176 quatenus
1283 5106 1374 5162 ille
1421 5104 1664 5162 ctelestis
1704 5104 1834 5160 olim
1868 5119 1968 5176 pa-

375 5201 711 5268 rauymphus
756 5197 1016 5254 intactam
1068 5197 1348 5269 Virginem
1399 5195 1745 5252 invisibiliter
1789 5202 1972 5250 custo-

373 5289 548 5360 diret,
589 5298 646 5345 et
692 5290 794 5346 iste
846 5289 1150 5346 forinsecus
1195 5280 1474 5361 fragilitati
1523 5288 1772 5344 femineae
1829 5287 1960 5344 obe-

372 5379 589 5435 dientise
639 5396 751 5436 suae
793 5381 1153 5438 ministerium
1200 5380 1501 5436 exhiberet.
1548 5378 1616 5434 Et
1663 5394 1958 5450 congruum

371 5481 492 5525 erat
532 5481 592 5528 ut
612 5486 735 5543 quae
773 5473 934 5529 talem
971 5474 1185 5546 genuit,
1218 5473 1310 5544 qui
1340 5471 1463 5528 εωιί
1509 5470 1670 5527 simul
1717 5479 1772 5527 et
1802 5479 1960 5526 terra!

372 5563 635 5622 Dominus
657 5575 822 5634 esset,
847 5566 1130 5636 utriusque
1157 5564 1344 5636 patria:
1367 5563 1513 5619 cives
1535 5561 1590 5617 in
1611 5576 1709 5618 suo
1734 5577 1958 5619 consor-

373 5661 450 5716 tio
490 5661 756 5730 haberet;
791 5672 852 5720 ut
885 5664 952 5719 in
1000 5678 1098 5720 ore
1139 5665 1395 5730 duorum,
1427 5663 1509 5718 vel
1545 5663 1705 5720 trium
1736 5665 1952 5721 testium

370 5760 546 5809 staret
592 5769 754 5811 omne
787 5755 1012 5812 verbum
1055 5754 1271 5827 (Manli.
1324 5772 1494 5822 xvm;
1534 5756 1600 5811 II
1637 5756 1763 5813 Cor.
1809 5759 1953 5829 ιιιι).

369 5845 712 5920 Quapropter
755 5848 946 5906 beatus
977 5846 1211 5906 Joannes
1243 5860 1446 5920 quanto
1476 5849 1792 5908 familiarior
1831 5865 1956 5907 cum

2081 4673 2207 4713 cum
2247 4665 2302 4710 et
2336 4655 2454 4724 ipse
2503 4653 2646 4708 circa
2698 4667 2799 4706 uos
2836 4659 3001 4706 tanta:
3047 4653 3333 4711 charitatis
3360 4658 3670 4722 exstiterit.

2075 4755 2136 4802 ut
2183 4743 2444 4801 divinitus
2473 4742 2575 4798 sibi
2628 4741 2846 4796 traditis
2872 4741 3152 4812 sapientia:
3191 4752 3248 4798 et
3293 4745 3534 4802 scientia:
3559 4749 3669 4804 cla-

2071 4838 2262 4903 vibus,
2293 4849 2482 4892 omnes
2519 4841 2987 4890 sacramentorum
3030 4833 3332 4890 etelestium
3385 4838 3668 4895 thesauros

2072 4927 2440 4999 expanderet,
2501 4934 2557 4980 et
2603 4931 2821 4980 aeternae
2861 4924 2986 4978 vitae
3040 4924 3290 4991 divitias,
3341 4941 3474 4996 quas
3521 4929 3667 4985 solus

2073 5027 2392 5090 acceperat,
2435 5017 2715 5074 nobiscum
2765 5014 3140 5085 participando
3167 5015 3392 5087 largiter
3425 5033 3490 5073 ac
3535 5019 3666 5074 ﬁde-

2074 5113 2198 5169 liter
2239 5118 2510 5182 erogaret.
2552 5107 2692 5174 Quid
2723 5106 2865 5161 enim
2895 5105 3091 5160 divinae
3137 5107 3414 5176 sapientiae
3442 5109 3662 5178 quaeris,

2075 5205 2220 5276 quod
2243 5203 2387 5274 apud
2412 5199 2673 5256 Joannem
2711 5197 2949 5268 reperire
2984 5211 3090 5251 non
3118 5197 3328 5268 possis’
3363 5198 3493 5266 Quae
3513 5201 3660 5256 enim

2066 5298 2322 5354 haeretica
2369 5293 2640 5364 pravitas,
2686 5305 2808 5361 quae
2847 5290 3049 5344 Ariana
3091 5289 3350 5360 perﬁdia,
3400 5307 3520 5361 qua:
3568 5291 3662 5346 Ju-

2066 5390 2303 5445 datorum
2354 5399 2556 5442 vesana
2585 5378 2886 5449 calumnia,
2934 5397 3056 5454 quia
3101 5381 3383 5452 gentilium
3417 5380 3658 5453 philoso-

2064 5479 2295 5549 phorum
2351 5475 2587 5532 versutia
2623 5514 2640 5540 ,
2708 5488 2829 5545 quae
2894 5473 3124 5542 denique
3185 5473 3656 5530 schismaticorum

2062 5569 2427 5627 abominanda
2466 5567 2746 5632 scissura,
2795 5563 2939 5621 beati
2995 5561 3218 5632 Joannis
3267 5580 3375 5620 non
3428 5573 3512 5620 est
3541 5563 3658 5620 elo-

2062 5666 2191 5735 quio
2236 5670 2512 5736 superata,
2568 5659 2793 5731 ejusque
2823 5659 3068 5715 doctrina
3119 5659 3399 5714 evidenter
3427 5657 3698 5714 attrita?-

2065 5755 2124 5813 Si
2173 5753 2394 5826 quando
2441 5751 2587 5808 enim
2637 5751 2706 5807 ab
2753 5749 2988 5806 inimicis
3032 5749 3280 5806 veritatis
3328 5749 3658 5820 objiciuntur

2066 5847 2223 5906 nobis
2266 5845 2539 5905 volumina
2583 5844 2980 5917 quastionum,
3029 5842 3174 5906 illico
3219 5842 3455 5901 Joannes
3497 5851 3654 5895 acccc
