4064 6208
456 362 561 420 ειη

1071 348 1130 411 8.
1171 346 1376 409 PETRI
1416 348 1711 427 DAMlANi
1736 346 1888 404 OPP.
1934 345 2113 402 PARS
2153 339 2283 401 SEU
2333 340 2570 400 TOilUS
2597 340 2660 397 il.
2697 366 2773 383 --
2808 340 3201 397 SEMIONES.

3633 341 3741 400 868

459 479 538 535 dit
568 477 621 533 in
647 471 909 535 medittm,
939 466 1177 525 Joannes
1224 465 1485 531 occurrit,
1515 462 1751 519 Joannes
1776 459 2047 516 silentium
2078 470 2125 526 Α
2152 471 2183 511 a
2211 454 2465 511 sinistris.
2490 452 2627 508 Nam
2658 462 2920 522 quantum
2944 452 3011 506 ad
3039 452 3232 516 verba,
3261 451 3361 535 hoc
3384 458 3572 520 petere
3599 451 3754 509 visus

458 567 704 623 verbosis
725 562 969 633 imponit.
989 560 1212 628 Quoties
1240 557 1504 627 siquidem
1535 555 1602 611 de
1632 569 1757 608 vera
1796 550 2048 608 humani-

459 667 595 724 tate,
617 672 681 713 ac
697 655 975 710 divinitate
996 650 1199 707 Christi
1221 658 1499 705 certamen
1527 644 1844 715 quaestionis
1869 641 2051 697 obori-

460 759 570 814 tur,
600 762 720 818 quae
742 744 993 799 videlicet
1034 740 1285 798 omnibus
1315 739 1461 809 pacis
1487 734 1722 792 inimicis
1748 733 2050 791 communis

458 848 545 896 est
571 837 798 893 materia
816 832 1130 894 dimicandi,
1158 829 1403 900 protinus
1429 828 1495 883 ad
1543 819 1768 881 Joannis
1807 823 2052 893 Evange-

459 930 589 985 lium
608 926 868 989 curritur,
883 914 1104 979 Joannis
1123 921 1174 975 in
1199 934 1376 991 pugna
1396 914 1753 988 patrocinium
1768 902 2045 984 quaeritur,

457 1031 515 1075 et
546 1018 623 1074 sic
651 1032 777 1072 mox
805 1010 998 1070 cuncta
1026 1010 1244 1081 litigiosi
1266 1004 1770 1075 certaminisjurgia
1794 996 2050 1071 conquie-

457 1117 637 1164 scunt.

528 1225 670 1293 Quid
699 1223 864 1293 igitur
901 1217 1274 1275 necessarium
1305 1215 1360 1270 in
1389 1212 1685 1279 doctrinis,
1711 1209 1853 1281 quod
1882 1208 2050 1264 Joan-

456 1316 545 1371 nis
593 1312 867 1368 volumina
924 1315 1273 1365 sacrosancta
1323 1322 1431 1361 non
1493 1302 1754 1358 teneant?
1808 1301 1944 1368 Quid
1994 1300 2047 1353 in

454 1405 784 1468 virtutibus,
811 1402 941 1472 quid
965 1401 1022 1456 in
1071 1399 1280 1454 meritis
1330 1413 1438 1467 quo
1462 1395 1811 1452 beatissimus
1843 1394 2048 1447 incom-

453 1496 775 1569 perabiiiter
798 1510 905 1549 non
935 1491 1208 1548 excellat?
1238 1488 1526 1560 Apostolus
1549 1487 1812 1557 siquidem
1840 1485 1894 1539 in
1926 1484 2049 1553 Epi-

454 1587 644 1651 stolis,
693 1583 1022 1655 evangelista
1068 1582 1122 1636 in
1170 1579 1493 1649 Evangelia,
1521 1579 1783 1648 pr0pheta
1824 1576 1876 1630 in
1904 1580 2047 1645 Apo-

454 1679 676 1751 calypsi.
702 1676 973 1746 Propheta
994 1714 1010 1740 ,
1034 1674 1278 1743 inquam,
1303 1681 1359 1727 et
1380 1687 1487 1726 non
1509 1670 1926 1740 qualiscunque,
1953 1667 2047 1721 sed

453 1768 720 1826 mirabilis
774 1775 939 1836 atque
992 1766 1059 1819 ad
1090 1763 1499 1819 similitudinem
1530 1761 1755 1815 alterius
1783 1757 2041 1822 Joannis,

452 1859 739 1931 plusquam
795 1859 1079 1929 propheta.
1122 1853 1257 1907 Nam
1306 1854 1439 1923 quia
1483 1852 1689 1922 prophc

449 1956 539 2006 est
575 1948 757 2004 futura
786 1946 1113 2018 praedicere,
1150 1958 1257 1998 non
1310 1941 1599 2013 praesentia
1644 1940 2042 2004 demonstrare,

452 2039 648 2095 beatus
691 2037 931 2093 Joannes
967 2034 1209 2105 Baptista
1252 2033 1457 2088 idcirco
1509 2030 1721 2086 caeteris
1768 2029 2044 2100 pmphetis

449 2130 676 2195 enituit,
707 2128 833 2199 quia
881 2126 1171 2184 Dominum
1219 2124 1417 2196 digito,
1470 2137 1632 2193 quem
1662 2120 2042 2193 prophetabat,

450 2222 691 2281 ostendit
709 2220 893 2293 (locu.
925 2218 989 2292 t).
1020 2216 1272 2288 Nunquid
1292 2224 1349 2271 et
1374 2214 1477 2271 iste
1495 2213 1732 2270 Joannes
1759 2212 2041 2283 plusquam

450 2319 717 2392 pmpheta
765 2330 873 2371 non
900 2323 1018 2380 est,
1060 2313 1155 2383 qui
1186 2321 1383 2382 praeter
1408 2309 1651 2374 omnium
1695 2306 2045 2363 consuetudi-

453 2422 578 2464 nem
603 2406 993 2477 prophetarum
1015 2443 1031 2468 ,
1062 2400 1413 2472 semetipsum
1433 2399 1717 2467 conspexit
1744 2397 1801 2451 in
1825 2395 2038 2465 spiritu,

449 2506 510 2555 et
529 2498 670 2555 inter
687 2495 921 2567 plurima
936 2492 1329 2550 revelationum
1349 2487 1653 2546 caelestium
1678 2493 2040 2549 sacramenta,

452 2590 583 2645 dum
603 2589 798 2659 aquilae
821 2587 1055 2644 volantis
1076 2584 1483 2640 similitudinem
1510 2582 1665 2647 vidit,
1690 2580 2040 2649 semetipsum

450 2679 718 2734 veraciter
743 2675 1100 2748 recognovit?
1129 2673 1378 2729 Ezechiel
1405 2681 1586 2727 autem
1611 2671 1858 2726 eamdem
1891 2670 2043 2739 aqui-

452 2772 563 2829 lam
590 2773 780 2843 spiritu
803 2771 1080 2828 revelante
1115 2767 1399 2838 conspexit
1424 2764 1646 2836 (Επειδὴ.
1679 2761 1749 2832 t),
1781 2775 1888 2815 non
1917 2759 2041 2827 qui-

453 2862 577 2917 dem
602 2861 873 2916 volantem
892 2900 908 2924 ,
937 2859 1034 2915 sed
1063 2857 1277 2913 caeteris
1303 2852 1630 2908 animalibus
1650 2850 1880 2917 desuper
1906 2847 2041 2901 emi.

453 2960 693 3007 nentem.
723 2950 857 3006 Cum
887 2964 995 3019 quo
1022 2946 1272 3002 videlicet
1298 2943 1559 3013 propheta
1593 2941 1781 2994 beatus
1803 2934 2041 2991 Joannes

453 3041 794 3098 considerato
823 3040 1106 3108 utriusque
1143 3034 1418 3091 volumine
1440 3071 1455 3097 ,
1490 3032 1545 3085 in
1574 3028 1757 3084 multis
1787 3044 1891 3081 non
1920 3041 2038 3078 am-

452 3134 654 3206 bigitur
680 3134 1033 3189 concordare.
1067 3129 1202 3183 Cum
1231 3142 1297 3181 eo
1320 3125 1578 3181 nimirum
1611 3133 1665 3179 et
1688 3122 1912 3184 librum,
1940 3117 2033 3187 qui

456 3226 613 3296 quasi
665 3223 829 3296 3“
886 3222 1014 3289 mel,
1069 3219 1247 3276 dulcis
1318 3227 1461 3283 erat,
1518 3216 1573 3272 in
1630 3232 1725 3272 ore
1793 3216 2035 3271 comedit

455 3321 642 3392 (Apoc.
677 3320 755 3385 x).
780 3325 837 3372 et
869 3310 1168 3369 sanctuarii
1199 3310 1321 3367 ioca
1348 3308 1608 3366 describit
1638 3314 1802 3379 atque
1828 3308 1884 3364 in
1915 3310 2034 3379 plu-

453 3405 606 3459 ribus
649 3403 769 3457 aliis
814 3402 1076 3472 propheta
1115 3415 1240 3456 cum
1284 3398 1530 3471 apostolo
1568 3404 1931 3453 consonanter
1958 3395 2040 3449 in-

454 3492 618 3548 cedit.

522 3612 568 3668 0
611 3626 772 3681 quam
801 3609 1137 3666 admirabilis
1160 3618 1243 3664 est
1269 3607 1496 3663 mutatio
1522 3605 1759 3663 dexterae
1790 3606 2033 3663 Excelsi!

451 3705 626 3776 (Paul.
659 3706 868 3771 Lxxvr.)
888 3703 934 3760 0
953 3718 1116 3773 quam
1146 3702 1405 3757 terribilis
1437 3702 1695 3756 Dominus
1722 3701 1777 3755 in
1802 3700 2041 3755 consiliis

450 3813 614 3868 super
646 3797 785 3851 filios
813 3794 1128 3850 hominum!
1154 3792 1326 3865 (Psal.
1361 3791 1509 3863 va.)
1540 3791 1672 3859 Quis
1710 3792 1852 3845 enim
1880 3790 2041 3861 digne

450 3890 793 3953 consideret,
844 3889 911 3941 de
948 3896 1149 3956 quanta
1202 3884 1503 3939 humilitate
1555 3884 1655 3938 iste
1692 3883 1932 3953 piscator
1970 3882 2038 3936 ad

450 3989 667 4051 quantae
732 3978 1071 4034 celsitudinis
1138 3977 1350 4031 culmen
1410 3974 1673 4029 meruerit
1727 3970 2043 4027 sublimari?

446 4069 739 4130 Enimvero
767 4070 857 4140 qui
887 4069 1014 4126 olim
1030 4068 1120 4124 vili
1146 4069 1393 4123 navicula
1417 4076 1724 4132 contentus,
1750 4074 1807 4121 et
1835 4067 2040 4120 retibus

450 4164 621 4220 maris
660 4162 925 4234 profunda
964 4161 1281 4231 simpliciter
1310 4159 1655 4215 scrutabatur
1677 4198 1693 4223 ,
1734 4174 1879 4214 nunc
1915 4159 2038 4214 illu-

450 4265 636 4310 stratae
683 4254 881 4308 mentis
923 4253 1074 4307 radio
1102 4258 1312 4306 secreta
1342 4249 1578 4305 celestis
1611 4257 1889 4319 penetrat,
1919 4265 2039 4321 my-

450 4346 617 4402 steria
667 4346 874 4400 intonat
904 4385 919 4407 .
967 4343 1133 4398 divini
1192 4340 1401 4396 consilii
1463 4340 1674 4395 occulta
1731 4340 2041 4395 horninibus

450 4436 685 4501 revelat,
738 4435 1053 4506 prophetica
1109 4430 1379 4503 depromit
1420 4429 1639 4486 oracula
1667 4470 1683 4497 ,
1738 4429 2038 4500 apostolica

451 4528 613 4582 tradit
663 4527 971 4582 hominibus
1027 4525 1349 4580 documenta
1390 4539 1403 4576 :
1447 4521 1556 4576 imo
1603 4521 1659 4577 in
1716 4520 2039 4593 speculanda
2067 4514 2120 4576 Ι)

449 4634 672 4674 sumtum
720 4618 1018 4673 divinitatis
1044 4616 1280 4671 essentia
1311 4615 1567 4684 praecedit
1614 4616 1923 4684 prophetas,
1948 4628 2040 4668 su-

449 4710 793 4782 pergreditur
809 4710 1149 4780 patriarchas
1165 4748 1179 4771 ,
1204 4707 1478 4777 apostolos
1498 4716 1739 4775 superat.
1759 4705 2040 4761 Postremo

451 4803 615 4858 totius
641 4801 993 4856 humanitatis
1017 4798 1349 4855 transcendit
1372 4798 1608 4866 ingenia,
1632 4806 1689 4850 et
1717 4797 1841 4852 illuc
1869 4813 2042 4868 usque

452 4896 647 4951 mentis
666 4894 838 4949 aciem
870 4894 1077 4958 tendit,
1105 4906 1213 4963 quo
1239 4891 1330 4946 vix
1358 4899 1413 4945 et
1443 4888 1690 4957 angelica
1717 4887 1858 4944 valet
1879 4891 2042 4945 attin-

448 5001 578 5061 gere
606 4996 876 5041 creatura.
905 4984 951 5041 Ο
978 4985 1072 5039 Dei
1099 4984 1255 5054 plene
1283 4983 1487 5054 gratia!
1522 5001 1540 5035 ι
1576 4980 1691 5035 Pax
1742 4982 1887 5036 enim
1920 4980 2038 5046 Dei,

449 5082 593 5155 sicut
632 5079 949 5150 Apostolus,
985 5083 1276 5145 exsuperat
1308 5088 1525 5129 omnem
1568 5087 1786 5131 sensum
1814 5071 2037 5143 (Philip.

453 5172 585 5236 tv),i
615 5177 673 5222 ut
701 5167 830 5222 illud
860 5178 1071 5236 sponsae
1098 5166 1277 5221 dicere
1312 5180 1417 5220 non
1446 5163 1719 5219 immerito
1746 5162 1993 5217 videatur
2021 5179 2036 5215 :

456 5279 475 5312 ι
514 5260 812 5341 introduxit
855 5274 941 5314 me
988 5272 1081 5313 rex
1112 5257 1164 5311 in
1202 5256 1336 5312 cella
1374 5256 1615 5323 vinaria,
1648 5253 2039 5310 exsultabimut

451 5360 504 5405 et
530 5348 832 5406 izetabimur
857 5351 910 5405 in
942 5359 996 5404 te
1027 5348 1204 5421 (Cum.
1236 5347 1297 5419 ι).
1341 5365 1360 5399 ι

521 5461 811 5518 Pensemus
852 5464 1066 5532 itaque,
1110 5462 1338 5524 fratres,
1377 5468 1636 5528 quantum
1684 5461 1753 5513 ab
1799 5473 1901 5522 eo,
1945 5458 2034 5527 qui

450 5571 595 5612 nunc
633 5564 745 5617 est,
778 5555 938 5609 homo
967 5555 1071 5608 iste
1122 5562 1248 5606 tunc
1277 5550 1589 5613 differebat,
1620 5534 1835 5619 quando
1865 5562 2035 5602 matre

450 5647 843 5706 interveniente
894 5648 1151 5718 rogabat,
1206 5656 1265 5700 ut
1310 5647 1483 5713 ipsum
1531 5660 1654 5699 cum
1703 5644 1872 5697 fratre
1926 5643 2021 5696 Do-

452 5742 580 5796 mini
604 5782 620 5804 ,
666 5740 893 5795 alterum
920 5755 949 5793 a
978 5736 1215 5801 dextris,
1245 5737 1471 5788 alterum
1496 5735 1685 5789 sedere
1711 5732 2035 5789 concederet

2148 556 2263 612 eSt,
2310 555 2369 600 ut
2395 556 2462 600 ex
2498 544 2579 599 eis
2620 555 2787 597 unum
2818 537 3080 596 Dominus
3110 558 3230 597 cum
3262 528 3468 596 dextris
3499 541 3750 613 eligeret,

2149 635 2378 692 alterum
2403 652 2429 689 a
2457 634 2695 689 sinistris
2719 647 2841 688 cum
2867 633 3242 703 peccatoribus
3269 632 3603 702 reprobaret.
3637 634 3752 690 Sed

2142 730 2275 801 quia
2299 728 2616 798 insipienter
2641 726 2823 795 petiit,
2857 724 3123 794 repulsam
3152 723 3392 793 patiens,
3432 724 3577 780 illico
3618 740 3749 781 cum

2150 818 2307 883 liliis,
2338 817 2482 888 quod
2523 816 2866 880 merebatur,
2899 814 3146 869 audivit:
3176 832 3194 863 ι
3225 812 3455 868 Nescitis
3476 854 3493 878 ,
3528 814 3706 883 inquit
3731 855 3751 879 ,

2148 912 2277 983 qttid
2333 911 2552 982 petatis.
2602 909 2836 964 Potestis
2887 908 3073 963 bibere
3129 908 3385 973 calicem,
3442 923 3602 977 quem
3644 923 3751 978 ego

2147 1000 2417 1057 blbiturus
2463 1001 2622 1055 sum?
2658 1019 2674 1050 ι
2712 998 3181 1068 ἰὶοεροιιάριιιὶιηιδ
3215 1005 3394 1051 autem
3427 1012 3441 1049 :
3478 1013 3499 1047 ι
3542 995 3749 1052 Possu-

2149 1109 2290 1159 mus,
2323 1112 2341 1144 ι
2382 1100 2576 1162 praesto
2616 1089 2889 1158 subiungit
2918 1101 2930 1140 :
2982 1101 3005 1138 ι’
3037 1086 3271 1142 Calicem
3316 1085 3533 1155 quidem
3561 1099 3750 1143 meum

2150 1181 2371 1245 bibetis,
2389 1182 2581 1236 sedere
2609 1189 2789 1233 autem
2827 1178 2894 1231 ad
2924 1178 3203 1231 dexteram
3246 1184 3301 1231 et
3352 1175 3420 1229 ad
3461 1174 3749 1232 sinistram

2149 1289 2254 1330 non
2284 1282 2368 1328 est
2399 1285 2575 1326 meum
2607 1270 2737 1325 dare
2765 1268 2913 1324 vobis
2940 1267 3157 1337 (Matth.
3186 1266 3300 1338 xx).
3340 1284 3358 1319 ι

2218 1365 2357 1419 Ecce
2384 1363 2471 1417 hic
2503 1363 2554 1415 in
2582 1360 2762 1415 verbis
2789 1358 3083 1413 Dominicis
3124 1366 3375 1427 patenter
3403 1355 3716 1413 ostenditur

2147 1457 2272 1527 quia
2329 1454 2565 1510 Joannes
2600 1464 2655 1508 et
2692 1462 2901 1522 martyr
2948 1449 3082 1516 fuit,
3131 1450 3258 1504 dum
3306 1457 3556 1515 constat,
3619 1450 3746 1517 quia

2148 1546 2359 1603 Domini
2387 1544 2611 1601 calicem
2636 1543 2852 1599 biberit.
2887 1542 2953 1596 Et
2981 1556 3171 1596 revera
3208 1550 3414 1612 martyr
3452 1540 3595 1608 fuit,
3618 1542 3746 1609 quia

2147 1642 2315 1699 multa
2351 1652 2447 1711 pro
2487 1640 2713 1694 Domino
2745 1637 3178 1708 persecutionum
3202 1635 3463 1706 supplicia
3492 1634 3742 1706 pertulit.

2149 1729 2354 1807 Martyr
2404 1732 2585 1800 itaque
2630 1730 2765 1794 fuit,
2811 1726 2935 1799 quia
3000 1743 3221 1782 crucem
3265 1726 3477 1783 Domtni
3519 1742 3618 1797 per
3656 1726 3741 1778 Sui

1695 1859 1763 1904 ιω
1809 1816 2041 1903 θηλείυῶ
2075 1819 2119 1877 Β
2146 1824 2391 1891 corporis
2410 1819 2779 1885 alilimionem,
2802 1826 2855 1873 et
2878 1816 3250 1888 proximorum
3270 1818 3570 1872 errantium
3590 1833 3742 1873 mm-

2145 1912 2451 1983 passionem
2502 1909 2592 1962 diu
2643 1908 2872 1962 vivendo
2916 1907 3153 1977 portavit
3207 1923 3221 1959 :
3272 1914 3327 1960 et
3371 1921 3478 1976 quo
3524 1905 3743 1960 steteris

2144 2002 2406 2073 apostolis
2460 1999 2514 2055 in
2560 2013 2727 2056 carne
2778 1998 3043 2069 prolixius
3100 1997 3339 2063 mansit,
3393 2013 3460 2053 eo
3502 1997 3741 2051 durioris

2143 2091 2393 2163 martyrii
2440 2097 2709 2146 tormenta
2753 2087 3029 2144 sustinuit.
3082 2085 3237 2142 Unde
3280 2087 3368 2155 pie
3405 2086 3735 2141 credendum

2142 2192 2226 2239 est
2246 2183 2387 2253 quod
2410 2192 2550 2237 inter
2574 2189 2792 2236 centum
2819 2178 2907 2234 illa
2930 2178 3285 2249 quadraginta
3307 2187 3540 2248 quatuor
3566 2177 3736 2233 millia

2141 2271 2409 2345 virginum
2433 2308 2451 2341 ,
2496 2272 2588 2342 qui
2636 2272 2840 2326 habent
2880 2285 3076 2325 nomen
3110 2270 3285 2337 Agni,
3321 2278 3375 2324 et
3407 2284 3600 2324 nomen
3634 2269 3738 2323 Pa-

2144 2365 2244 2421 tris
2270 2362 2388 2433 ejus
2426 2364 2687 2434 scriptum
2718 2361 2772 2417 in
2804 2361 3073 2417 frontibus
3100 2361 3216 2416 suis
3236 2401 3250 2427 ,
3283 2361 3373 2430 qui
3408 2361 3578 2428 empti
3606 2372 3738 2414 sunt

2141 2461 2210 2515 de
2260 2468 2401 2515 terra
2426 2499 2442 2525 ,
2473 2468 2530 2514 et
2579 2465 2803 2513 cantant
2850 2456 3119 2512 canticum
3151 2470 3348 2509 novum
3393 2463 3520 2507 ante
3548 2454 3732 2509 sedem

2143 2552 2237 2608 Dei
2291 2559 2345 2607 et
2396 2551 2567 2620 Agni,
2600 2550 2688 2604 hic
2714 2548 2777 2602 B.
2816 2547 3052 2603 Joannes
3103 2547 3350 2617 egregius
3402 2545 3476 2599 sit
3519 2556 3574 2599 et
3600 2546 3734 2599 insi-

2142 2645 2301 2717 gnis;
2353 2654 2517 2714 atque
2564 2659 2687 2699 cum
2743 2639 2829 2697 his
2886 2639 3140 2696 omnibus
3180 2646 3333 2692 tanto
3381 2636 3734 2707 pr0pinqnior

2139 2741 2351 2807 Agnum
2375 2748 2698 2807 quocunque
2720 2733 2844 2788 ierit
2866 2733 3049 2801 (Apoc.
3091 2729 3213 2799 xiv)
3236 2729 3502 2796 sequitur,
3524 2738 3728 2795 quanto

2140 2839 2194 2882 et
2236 2826 2410 2880 eidem
2441 2826 2595 2895 Agno
2648 2821 2897 2878 dilectior
2942 2834 3007 2873 ac
3044 2816 3369 2883 familiarior
3400 2817 3648 2880 exstitit,
3679 2827 3735 2869 et

2141 2918 2361 2986 insuper
2391 2918 2550 2970 matri
2577 2911 2725 2981 ejus,
2758 2928 2877 2981 quae
2908 2907 3072 2980 Virgo
3098 2916 3183 2962 est
3212 2906 3477 2976 virginum
3496 2946 3510 2969 ,
3540 2918 3734 2973 perpe-

2140 3015 2231 3059 tna
2286 3004 2378 3059 lilii
2420 3002 2756 3072 subiectione
2799 2998 3097 3067 conjunxit.
3141 2996 3275 3049 Nam
3315 3010 3383 3049 ex
3420 2996 3731 3063 utriusque,

2139 3094 2329 3151 matris
2370 3095 2646 3156 videlicet,
2690 3091 2895 3161 filiique
2938 3088 3253 3150 consortio,
3305 3084 3530 3140 Joannis
3564 3085 3699 3154 virgi

2064 3173 2109 3233 C
2142 3183 2283 3241 nitas
2309 3186 2638 3240 excellenter
2675 3181 2897 3244 enituit,
2943 3188 3001 3234 et
3024 3191 3306 3249 quousque
3342 3177 3579 3231 humana
3610 3190 3732 3244 pos-

2141 3283 2268 3331 sunt
2315 3274 2508 3328 merita
2557 3270 2818 3342 provehi,
2863 3268 3021 3339 quasi
3071 3277 3213 3322 meta
3253 3267 3516 3320 virtutum
3551 3263 3727 3320 factus

2141 3363 2513 3422 indesinenter
2539 3361 2801 3418 excrevit.

2209 3454 2372 3527 345
2414 3453 2602 3524 Neque
2629 3452 2775 3506 enim
2823 3449 2913 3505 illa
2952 3448 3137 3514 verba,
3176 3464 3297 3518 qute
3333 3447 3586 3504 Salvator
3626 3463 3728 3504 no-

2139 3554 2257 3602 ster
2300 3547 2354 3601 in
2398 3558 2561 3619 crpce
2610 3543 2820 3614 positus
2868 3541 3111 3611 protulit,
3146 3560 3163 3593 ι
3198 3540 3411 3603 Mulier,
3452 3540 3725 3609 inquiens,

2139 3653 2269 3694 ecce
2300 3636 2444 3692 illius
2475 3648 2620 3702 tuus,
2652 3655 2670 3686 ›
2696 3635 2765 3690 ad
2789 3632 3109 3703 discipulum
3139 3643 3318 3687 autem
3345 3650 3359 3686 :
3398 3652 3417 3684 t
3444 3633 3587 3687 Ecce
3615 3648 3733 3687 ma-

2142 3738 2224 3783 ter
2253 3734 2343 3783 tua
2372 3726 2556 3799 (Joau.
2583 3725 2722 3797 xix),
2754 3744 2773 3777 ι
2810 3724 2890 3779 sic
2916 3723 3239 3793 simpliciter
3256 3733 3383 3778 sunt
3412 3724 3731 3793 accipienda

2140 3830 2201 3876 ut
2251 3819 2490 3875 humano
2541 3823 2750 3872 tantum
2799 3816 3089 3871 videantur
3136 3829 3287 3870 more
3348 3815 3581 3885 prolata,
3634 3816 3731 3872 sed

2140 3926 2366 3983 prorsus
2419 3907 2658 3965 efﬁcacia
2709 3916 2856 3972 sunt,
2904 3916 2961 3961 et
3009 3907 3207 3961 divinis
3253 3907 3545 3961 virtutibus
3594 3906 3732 3961 fulta

2140 4012 2303 4072 atque
2334 3999 2630 4057 inevitabili
2675 3997 2932 4053 Veritatis
2954 3997 3285 4052 auctoritate
3313 3997 3563 4052 subnixa.
3591 3997 3728 4076 ιιιυιι

2139 4092 2288 4147 enim
2338 4092 2557 4145 unictun
2597 4089 2779 4145 Patris
2824 4088 3081 4155 Verbum,
3123 4090 3266 4158 quod
3305 4088 3357 4143 in
3396 4104 3558 4146 cruce
3598 4105 3731 4160 pene

2139 4181 2331 4245 debat,
2379 4179 2806 4244 substantivum,
2852 4187 2909 4233 et
2947 4177 3409 4233 consubstantiale
3457 4178 3607 4233 Patri
3665 4196 3731 4235 ac

2139 4276 2525 4347 sempiternum
2562 4282 2670 4339 est,
2717 4282 2882 4343 atque
2932 4272 3136 4328 idcirco
3192 4261 3360 4328 verba
3408 4263 3528 4342 quae
3578 4272 3733 4328 locu-

2143 4377 2227 4421 ttts
2268 4375 2386 4431 est,
2424 4365 2553 4437 quia
2595 4364 2829 4434 Spiritus
2860 4374 2914 4419 et
2946 4364 3057 4418 vita
3095 4375 3250 4428 sunt,
3287 4364 3521 4419 inaniter
3552 4374 3732 4421 trans-

2142 4456 2221 4511 ire
2246 4471 2351 4511 non
2381 4464 2710 4526 potuerunt:
2741 4473 2759 4504 ‹
2795 4452 3024 4519 Ctelum,
3056 4454 3231 4523 inquit
3257 4455 3371 4523 ipse
3400 4454 3523 4524 pius
3546 4453 3725 4518 Jesus,

2145 4558 2203 4604 et
2241 4557 2388 4603 terra
2441 4545 2770 4610 transibunt,
2813 4546 2976 4599 verba
2998 4543 3181 4599 autem
3232 4559 3353 4599 mea
3398 4560 3506 4599 non
3549 4554 3731 4600 trans-

2142 4640 2296 4696 ibunt
2321 4638 2537 4711 (Matth.
2580 4654 2746 4705 xxtv;
2790 4637 2963 4691 Marc.
3005 4636 3146 4708 χιιι).
3174 4654 3193 4688 ι
3228 4636 3383 4693 Sicut
3417 4637 3563 4693 enim
3590 4637 3730 4691 dixit

2142 4731 2337 4786 matri:
2375 4747 2393 4780 ι
2435 4728 2533 4784 llic
2582 4739 2668 4783 est
2697 4727 2840 4783 illius
2867 4737 2991 4783 tuus
3024 4728 3207 4799 (Joan.
3239 4728 3389 4798 xtx),
3437 4745 3457 4780 ι
3491 4728 3567 4781 ita
3589 4727 3727 4782 dixit

2145 4819 2427 4890 discipulis
2458 4838 2470 4872 :
2503 4837 2521 4868 ι
2553 4817 2668 4872 Hoc
2720 4828 2805 4871 est
2842 4834 3040 4888 corpus
3086 4832 3265 4872 meum
3298 4816 3511 4887 (Matth.
3552 4833 3723 4882 xxvi;

2143 4911 2273 4967 Luc.
2308 4917 2461 4981 χιιι).
2487 4929 2508 4962 ι
2536 4909 2603 4962 Et
2629 4918 2811 4964 tantus
2843 4908 2943 4963 fuit
2978 4910 3031 4963 in
3068 4907 3173 4963 illis
3208 4907 3393 4963 verbis
3413 4906 3641 4962 effectus
3667 4917 3726 4962 ut

2143 5003 2288 5056 illico
2314 4999 2467 5069 panis
2494 4997 2582 5053 ille
2607 5014 2770 5068 quem
2816 4998 2982 5055 dabat
3027 4997 3368 5054 Dominicum
3413 4998 3565 5053 licret
3595 5013 3721 5053 cor-

2140 5105 2262 5161 pus.
2290 5088 2620 5154 Dixitenim,
2649 5098 2705 5143 et
2730 5089 2909 5144 omnia
2961 5088 3105 5143 facta
3132 5098 3294 5153 sunt;
3329 5088 3626 5154 mandavit,
3668 5100 3724 5144 et

2140 5189 2327 5237 creata
2366 5190 2491 5237 sunt
2546 5178 2717 5253 (Psal.
2746 5180 2992 5252 chvttt).
3022 5179 3101 5234 Ex
3157 5181 3392 5255 quadam
3422 5180 3605 5250 itaque
3650 5181 3724 5234 si-

2142 5270 2465 5338 militudine,
2504 5273 2547 5328 si
2579 5272 2761 5327 dicere
2810 5273 3127 5338 audeamus,
3152 5281 3209 5327 et
3253 5271 3315 5325 Β.
3343 5269 3581 5328 Joannes
3612 5287 3715 5326 non

2140 5362 2313 5417 solum
2352 5364 2448 5418 lilii
2506 5365 2709 5433 potitus
2752 5373 2835 5419 est
2877 5364 3116 5430 nomine,
3152 5363 3246 5419 sed
3284 5370 3508 5433 propter
3553 5366 3713 5419 verba

2141 5455 2231 5508 illa
2278 5454 2593 5519 Dominica,
2642 5455 2911 5524 quoddam
2961 5456 3134 5526 majus
3184 5454 3602 5511 necessitudinis
3634 5471 3715 5509 sa-

2136 5556 2472 5603 cramentum
2504 5548 2643 5618 apud
2679 5547 2892 5602 beatam
2926 5548 3201 5618 Virginem
3230 5548 3429 5603 meruit
3447 5548 3708 5602 obtinere.

2208 5637 2628 5694 Consideremus
2653 5639 2857 5709 itaque,
2892 5639 3247 5704 dilectissimi,
3286 5649 3504 5710 quantm
3532 5639 3715 5709 gloriae

2145 5743 2373 5800 magnus
2395 5730 2480 5786 vir
2528 5730 2635 5785 iste
2676 5731 2978 5786 credendus
3026 5742 3128 5791 est.
3183 5731 3281 5799 qui
3304 5744 3415 5801 per.
3442 5732 3715 5803 quoddam
