4064 6208
239 234 341 295 873

1754 232 2002 297 SERMO
2046 233 2244 293 LXIV.

3642 243 3747 302 874

238 358 348 417 Nec
403 355 620 416 mirum
664 356 711 415 si
761 356 1007 417 diversis
1049 372 1181 417 eum
1235 360 1551 420 honoribus
1595 358 2326 435 cumulavit,Aprocinctu
2359 359 2682 434 spiritualis
2718 360 2946 421 militiae
2986 363 3178 436 positi,
3217 366 3604 439 apostolorum
3643 386 3744 429 ve-

230 463 403 522 quem
427 454 484 507 et
517 448 579 506 in
611 449 973 506 consortium
1005 448 1238 508 sibimet
1265 449 1550 524 adoptivaa
1578 451 1951 511 fraternitatis

228 534 455 598 ascivit.

299 627 500 685 Dictus
551 630 638 682 est
678 624 853 683 etiam
900 626 1075 686 frater
1115 627 1346 687 Domini
1392 628 1457 689 Β.
1507 628 1797 697 Jacobus;
1849 629 1948 688 sed

230 712 324 772 ille
364 711 539 770 frater
584 727 656 769 ex
708 720 934 784 natura,
966 714 1073 773 iste
1122 714 1297 774 frater
1338 733 1414 775 ex
1459 716 1679 791 gratia;
1732 716 1833 774 ille
1876 734 1947 775 ex

229 800 588 874 cognatione,
643 800 752 858 iste
812 817 887 860 ex
948 802 1238 876 praecipua
1289 803 1635 874 dilectione;
1697 805 1798 864 ille
1850 823 1951 879 per

234 890 446 949 lineam
485 896 764 949 maternae
801 892 1343 964 consanguinitatis,
1376 894 1482 953 iste
1520 910 1621 968 per
1648 894 1949 955 vinculum

232 989 486 1055 paternas
539 978 837 1037 charitatis
879 1000 892 1039 :
946 1001 974 1034 «
1019 980 1079 1041 Si
1129 983 1280 1058 quis,
1334 982 1548 1058 inquit,
1599 984 1786 1059 diligit
1836 1002 1948 1055 me,

232 1084 558 1130 sermonem
619 1083 820 1128 meum
879 1070 1151 1141 servabit,
1202 1079 1258 1130 et
1311 1072 1478 1132 Pater
1532 1090 1700 1134 meus
1752 1074 1951 1150 diliget

231 1175 385 1230 eum,
415 1164 470 1215 et
505 1157 578 1216 ad
617 1172 752 1217 eum
786 1158 1092 1218 veniemus
1118 1165 1171 1217 et
1206 1160 1567 1221 mansionem
1610 1164 1763 1236 apud
1813 1180 1949 1223 eum

231 1246 508 1306 faciemus
581 1248 756 1320 (Joan.
816 1252 963 1319 XIV).
1016 1267 1045 1301 ιο
1109 1247 1179 1306 Et
1231 1250 1372 1322 quid
1422 1251 1672 1325 amplius
1722 1252 1952 1312 dicam?

233 1335 431 1394 Frater
458 1334 693 1394 Domini
738 1336 847 1395 fuit
887 1335 987 1395 ille
1025 1336 1294 1410 carnalis,
1322 1338 1428 1398 iste
1466 1340 1803 1413 spiritualis.
1838 1340 1949 1400 Sed

228 1430 513 1499 quantum
555 1424 822 1499 cognatio
868 1424 1188 1498 spiritualis
1235 1427 1526 1487 carnalem
1572 1429 1949 1488 necessitudi-

229 1531 365 1576 nem
427 1515 705 1590 probatur
763 1516 1064 1587 excedere,
1121 1516 1181 1575 in
1234 1517 1418 1591 ipsius
1472 1518 1703 1577 Domini
1756 1519 1950 1578 verbis

230 1621 538 1681 possumus
578 1604 705 1664 luce
743 1604 961 1667 clarius
1000 1606 1285 1665 invenire.
1320 1607 1417 1664 Ait
1454 1607 1610 1681 enim
1648 1627 1659 1666 :
1698 1605 1949 1683 Spiritus

229 1700 311 1753 est
339 1694 443 1770 qui
474 1693 749 1763 viviticat,
772 1708 904 1753 nam
938 1708 1068 1752 caro
1091 1710 1209 1752 non
1240 1694 1470 1771 prodest
1491 1694 1833 1770 quidquam.

298 1780 577 1840 Jacobum
629 1781 842 1856 itaque,
894 1788 958 1841 ut
1024 1782 1198 1840 frater
1240 1789 1385 1841 esset
1437 1783 1691 1855 Domini,
1741 1793 1948 1845 natura

229 1869 475 1928 carnalis
501 1869 786 1937 instituit;
820 1869 1072 1929 Joannes
1110 1886 1246 1928 vero
1278 1877 1434 1929 tanto
1471 1870 1727 1930 nobilius
1773 1875 1950 1932 frater

230 1967 334 2031 est,
362 1966 584 2033 quanto
612 1967 669 2018 et
700 1959 883 2034 ipsius
916 1968 1143 2020 natura;
1169 1959 1454 2020 Dominus
1488 1978 1621 2021 eum
1672 1961 1732 2019 in
1764 1963 1947 2021 allini-

229 2057 401 2110 tatem
452 2051 563 2109 sibi
610 2051 929 2125 spiritualis
990 2051 1315 2127 adoptionis
1372 2052 1702 2127 assumpsit.
1745 2052 1944 2122 Quan-

228 2156 404 2216 quam
426 2148 483 2198 et
502 2142 623 2214 ipse
641 2142 891 2201 Jacobus
919 2141 1133 2201 idcirco
1165 2141 1365 2201 beatus
1393 2141 1484 2212 sit,
1518 2142 1656 2216 quia
1686 2142 1943 2215 ejusdem

229 2230 545 2303 spiritualis
573 2246 707 2289 cum
742 2229 992 2289 Domino
1027 2230 1393 2305 participium
1440 2236 1608 2289 tenet.
1641 2230 1941 2305 Alioquin,

228 2322 343 2381 nisi
398 2320 644 2393 Domino
695 2335 798 2395 per
854 2319 1123 2392 spiritum
1191 2319 1532 2393 iungeretur
1564 2364 1578 2390 ,
1634 2336 1732 2393 per
1797 2319 1942 2378 illud

230 2417 476 2470 terrena:
498 2408 1027 2483 consanguinitatis
1069 2408 1372 2468 vinculum
1402 2427 1434 2467 a
1473 2409 1720 2469 Domino
1752 2410 1943 2468 nulla-

229 2508 400 2561 tenus
456 2500 793 2559 salvaretur.
849 2498 960 2559 Sed
1026 2505 1184 2558 tanto
1242 2499 1621 2558 excellentius
1671 2499 1942 2570 Joannes,

226 2595 448 2663 quanto
489 2595 545 2646 et
590 2595 725 2646 ante
772 2604 1002 2647 crucem
1051 2588 1399 2647 constitutus
1434 2588 1657 2647 audivit
1689 2608 1700 2645 :
1736 2611 1763 2641 «
1799 2589 1943 2646 Ecce

228 2679 411 2739 Mater
437 2686 537 2741 tua
566 2682 745 2747 (Joan.
781 2684 939 2747 XIX).
977 2699 1003 2732 »
1034 2678 1237 2737 Merito
1267 2695 1400 2752 ergo
1429 2695 1543 2752 quo
1565 2695 1701 2737 eum
1724 2679 1945 2737 cwteris

227 2769 361 2841 plus
410 2766 639 2835 dilexit,
698 2765 1010 2825 sublimius
1056 2783 1189 2826 eum
1241 2767 1464 2825 caeteris
1525 2766 1843 2824 honoravit.
1876 2765 1945 2823 Et

224 2873 354 2928 nos,
380 2858 582 2915 fratres
611 2852 963 2929 charissimi,
991 2872 1091 2930 pro
1115 2857 1352 2916 modulo
1384 2863 1573 2914 nostro
1592 2856 1784 2930 dignis
1808 2870 1943 2913 eum

226 2947 567 3006 studeamus
604 2947 807 3006 efferre
843 2947 1170 3020 praeconiis,
1212 2946 1403 3021 dignis
1441 2963 1665 3020 semper
1704 2961 1945 3005 venere-

227 3052 362 3096 mur
387 3036 703 3110 obsequiis.

296 3126 634 3184 Notandum
668 3132 882 3197 tamen,
915 3126 1051 3202 quia
1093 3141 1399 3199 nunquam
1440 3132 1553 3183 tam
1596 3125 1790 3198 digne,
1828 3131 1939 3182 tam

226 3222 560 3275 reverenter
586 3214 780 3273 beatos
810 3215 1093 3289 apostolos
1116 3215 1381 3284 colimus,
1414 3232 1590 3289 quam
1614 3229 1748 3272 cum
1775 3230 1944 3287 apos-

223 3304 390 3363 tolica
424 3311 709 3378 przecepta
738 3319 1058 3373 servamus,
1088 3319 1220 3362 cum
1254 3320 1350 3362 eos
1382 3304 1439 3361 in
1474 3302 1564 3360 via
1601 3302 1700 3361 Dei
1738 3318 1942 3377 praece-

221 3390 426 3451 dentes
470 3407 696 3466 semper
741 3392 1117 3459 attendimus.
1149 3406 1286 3451 cum
1327 3407 1529 3450 eorum
1567 3391 1808 3463 vestigia
1847 3408 1943 3449 se-

221 3481 486 3553 quimur,
513 3496 646 3540 cum
695 3496 912 3540 eorum
960 3487 1265 3554 angustam
1315 3486 1370 3538 et
1412 3487 1627 3538 arctam
1675 3480 1939 3537 semitam

221 3570 351 3628 sine
382 3569 700 3631 offensione
743 3578 1030 3629 tenemus.
1064 3568 1377 3626 Enimvero
1409 3568 1464 3625 in
1496 3567 1778 3642 baptismo
1806 3584 1942 3641 apo-

222 3657 508 3719 stolorum
561 3658 836 3718 ducatum
884 3659 1061 3717 secuti
1112 3673 1336 3729 sumus,
1366 3659 1506 3732 quia
1556 3673 1657 3732 per
1711 3658 1943 3715 eosdem

226 3748 405 3806 fidem
432 3756 647 3807 sanctas
677 3749 980 3809 Trinitatis
1009 3750 1159 3808 inter
1185 3748 1308 3821 ipsa
1340 3748 1793 3822 regenerationis
1820 3763 1946 3805 nos-

224 3843 331 3894 tra;
362 3836 694 3895 rudimenta
721 3837 1065 3896 didicimus.
1101 3835 1222 3896 Sub
1250 3836 1418 3910 cujus
1448 3835 1713 3894 videlicet
1737 3834 1943 3909 figura:

223 3924 525 3999 mysterio,
547 3927 870 3985 sacerdotes
892 3923 1219 3985 Israeliticae
1236 3925 1416 3999 plebis
1433 3926 1572 4001 olim
1594 3932 1821 3983 transeu
1833 3924 1943 3981 ndo

220 4013 536 4072 Jordanem
569 4014 984 4088 praecedebant,
1029 4021 1084 4071 et
1128 4014 1378 4088 populus
1420 4011 1785 4086 sequebatur.
1830 4010 1942 4069 Sed

222 4119 343 4162 non
397 4103 661 4163 sufﬁcere
715 4104 833 4163 illis
889 4104 1080 4163 visum
1131 4110 1233 4175 est,
1292 4104 1341 4161 si
1393 4104 1753 4162 sacerdotum
1814 4111 1943 4161 tan-

224 4195 534 4253 tummodo
584 4195 825 4269 vestigia
862 4194 924 4253 in
988 4194 1233 4252 transitu
1289 4202 1685 4267 sequerentur,
1725 4192 1836 4251 nisi
1888 4202 1942 4251 et

219 4283 532 4343 duodecim
566 4284 782 4359 lapides
828 4283 898 4343 de
940 4282 1211 4343 Jordanis
1257 4282 1424 4341 alveo
1463 4283 1742 4352 tollerent,
1771 4289 1943 4355 atque

2033 446 2202 521 stigia
2248 457 2578 507 constanter
2624 455 2679 506 et
2720 450 2967 509 ﬁrmiter
3021 458 3337 513 teneamus.
3387 454 3531 515 Nam
3577 457 3748 530 juxta

2034 537 2361 596 Salomonis
2385 538 2731 597 sententiam
2758 563 2771 597 :
2804 559 2831 592 «
2864 537 2974 610 Qui
3016 540 3207 599 mollis
3233 549 3288 601 et
3317 543 3634 605 dissolutus
3662 553 3748 606 est

2032 627 2092 685 in
2131 643 2302 701 opere
2340 644 2466 699 suo,
2507 629 2680 686 frater
2718 636 2801 688 est
2841 646 2946 687 sua
2982 646 3154 702 opera
3191 631 3525 707 dissipantis
3558 639 3740 704 (Prov.

2033 722 2237 790 XVIII);
2273 739 2300 771 »
2346 717 2629 778 nimirum
2668 720 2769 794 qui
2824 719 2887 777 in
2938 721 3200 780 moribus
3253 723 3376 781 suis
3419 723 3626 783 molles
3678 740 3746 784 ac

2034 807 2201 865 ﬂuidi
2246 813 2400 871 sunt,
2436 823 2596 867 more
2632 824 2801 882 aqua:
2841 809 3161 884 praecipiter
3196 810 3268 869 ad
3297 811 3415 869 ima
3443 813 3738 881 deﬂuunt;

2032 897 2135 970 qui
2178 912 2313 955 vero
2349 904 2675 956 constantes
2703 914 2769 956 ac
2799 900 2975 971 firmi,
3010 899 3073 959 in
3101 917 3291 961 arcem
3327 903 3585 976 quotidie
3623 906 3742 965 vir-

2033 986 2173 1043 tutis
2227 995 2587 1045 excrescunt.
2630 987 2792 1057 Quod
2843 987 3128 1048 nimirum
3178 996 3234 1048 et
3279 991 3429 1050 illud
3481 993 3741 1066 ejusdem

2032 1074 2289 1133 historias
2349 1076 2679 1148 signiﬁcare
2727 1079 3149 1153 perpenditur:
3190 1096 3346 1149 nam,
3410 1088 3740 1143 transeunte

2030 1162 2231 1222 eodem
2263 1164 2492 1237 populo,
2525 1180 2694 1240 aquas
2725 1166 3050 1240 superiores
3087 1166 3159 1226 ad
3188 1168 3368 1227 instar
3398 1172 3610 1229 montis
3645 1174 3740 1231 in-

2031 1258 2382 1324 tumescunt,
2436 1253 2736 1313 inferiores
2776 1270 2911 1314 vero
2956 1257 3018 1315 in
3058 1273 3215 1316 mare
3255 1267 3550 1319 mortuum
3584 1261 3738 1320 dela-

2030 1338 2251 1398 buntur
2276 1344 2404 1413 (Jos.
2432 1344 2509 1413 III)
2535 1361 2549 1413 ς
2583 1344 2722 1419 quia
2743 1344 2997 1418 profecto
3023 1362 3096 1405 ex
3122 1346 3205 1405 eis
3228 1348 3328 1421 qui
3360 1350 3735 1424 baptizantur,

2026 1431 2129 1489 alii
2158 1433 2221 1489 in
2249 1438 2475 1504 accepta
2514 1433 2764 1492 cmlestis
2788 1437 2987 1509 gratias
3017 1435 3322 1497 dulcedine
3346 1449 3733 1514 perseverant,

2027 1520 2129 1579 alii
2168 1522 2229 1579 in
2274 1530 2634 1596 peccatorum
2687 1524 3141 1603 amaritudinem
3181 1528 3453 1601 deﬂuere,
3499 1534 3739 1607 reprobo

2030 1610 2300 1684 vivendo,
2332 1628 2446 1671 non
2474 1620 2717 1685 cessant,
2752 1622 2807 1674 et
2831 1616 2987 1676 velut
3018 1617 3081 1676 in
3114 1619 3289 1678 maris
3319 1623 3530 1682 mortui
3558 1624 3741 1684 salsu-

1960 1699 2225 1774 Bginem
2274 1709 2574 1774 corruunt,
2624 1702 2764 1762 dum
2804 1705 3078 1778 sapiendo
3121 1713 3363 1782 terrena,
3403 1727 3504 1786 per
3541 1729 3736 1787 pravas

2031 1789 2169 1848 vitae
2196 1789 2443 1849 declivia
2469 1791 2540 1849 ad
2574 1800 2819 1851 mortem
2853 1794 3117 1853 tendunt.

2103 1881 2218 1939 Nos
2265 1889 2458 1940 autem
2508 1898 2621 1939 non
2664 1883 2765 1952 sic,
2811 1882 3191 1960 dilectissimi,
3232 1903 3347 1946 non
3386 1889 3485 1960 sic,
3523 1890 3621 1949 sed
3659 1876 3745 1951 ad.

2030 1984 2228 2026 veram
2259 1969 2598 2043 sapientiam
2630 1969 2897 2029 animum
2929 1973 3355 2047 transferentes,
3384 1977 3466 2035 sic
3501 1994 3602 2053 per
3641 1980 3740 2040 Dei

2030 2057 2486 2115 misericordiam
2526 2058 2583 2115 in
2625 2058 2908 2118 virtutum
2940 2060 3275 2121 studeamus
3300 2063 3415 2122 alto
3444 2066 3739 2140 proiicere,

2029 2153 2093 2203 ut
2122 2145 2182 2202 in
2214 2146 2490 2203 vitiorum
2526 2146 2735 2219 pudeat
2774 2147 3108 2221 voraginem
3138 2150 3448 2211 declinare.
3486 2153 3582 2213 Sic
3609 2171 3740 2229 per-

2028 2249 2361 2292 severemus
2390 2250 2615 2308 semper
2644 2234 2714 2292 ad
2743 2251 2996 2310 superna
3026 2252 3351 2312 properare,
3384 2244 3539 2315 quod
3569 2244 3747 2303 tendi-

2031 2338 2182 2393 mus,
2226 2330 2289 2380 ut
2333 2322 2520 2380 divini
2552 2324 2766 2382 amoris
2804 2326 3168 2385 dulcedinem
3200 2328 3263 2386 in
3294 2330 3505 2389 nostris
3523 2330 3742 2405 jugiter

2032 2411 2325 2469 mentibus
2352 2426 2764 2470 conservemus
2791 2434 2803 2471 :
2842 2413 3001 2473 illius
3032 2417 3226 2491 itaque
3254 2418 3553 2492 sapientiae
3580 2419 3741 2481 labo-

2032 2514 2230 2555 remus
2270 2498 2575 2573 participes
2605 2499 2753 2572 iieri,
2797 2517 2913 2575 qua
2948 2502 3151 2562 beatus
3192 2504 3443 2564 Joannes
3472 2521 3577 2579 per
3613 2522 3738 2566 am-

2030 2584 2232 2658 plioris
2297 2589 2499 2660 gratias
2569 2589 2873 2649 cumulum
2946 2592 3161 2651 meruit
3213 2593 3743 2668 incomparabiliter

2028 2673 2338 2745 illustrari;
2370 2677 2538 2749 cujus
2568 2676 2850 2736 nimirum
2878 2679 3181 2752 splendore
3209 2689 3500 2758 concepto,
3527 2684 3740 2745 ccelum

2030 2763 2192 2820 velut
2221 2764 2416 2838 aquila
2456 2772 2733 2837 penetrat,
2784 2768 2857 2825 ita
2910 2776 2976 2826 ut
3007 2775 3191 2829 creata
3219 2778 3423 2830 cuncta
3452 2777 3739 2848 transgre-

2028 2850 2215 2923 diens,
2267 2852 2339 2909 ad
2397 2854 2589 2926 ipsum
2634 2871 2827 2914 rerum
2880 2859 3145 2918 omnium
3203 2860 3475 2919 verticem
3529 2863 3742 2922 mentis

2037 2941 2520 3016 contemplatione
2535 2945 2837 3018 pertingat.

2101 3031 2310 3101 Nostis,
2358 3033 2563 3091 fratres
2596 3035 2731 3105 mei,
2764 3036 2899 3109 quia
2939 3034 3000 3093 in
3050 3036 3256 3095 mundi
3301 3040 3587 3100 nascentis
3620 3042 3738 3101 ori-

2029 3118 2163 3191 gine
2201 3121 2369 3179 tertio
2408 3120 2502 3180 die
2531 3124 2944 3197 germinaverit
2983 3131 3151 3195 terra,
3203 3133 3405 3199 quarto
3434 3129 3565 3187 caeli
3596 3131 3740 3189 facta

2026 3214 2163 3265 sunt
2209 3208 2540 3281 luminaria,
2582 3211 2787 3284 quinto
2818 3211 3075 3270 volatilia
3105 3220 3243 3271 sunt
3270 3222 3459 3274 creata
3486 3218 3641 3287 (Gen.
3674 3225 3735 3286 ι).

2028 3294 2214 3365 Quare
2267 3304 2461 3355 autem
2506 3297 2569 3355 in
2611 3296 2876 3356 creandis
2924 3299 3099 3358 rebus
3138 3301 3232 3359 hic
3281 3302 3420 3361 ordo
3459 3306 3736 3377 cucurrit,

2026 3384 2140 3441 nisi
2194 3390 2255 3442 ut
2301 3399 2406 3441 nos
2452 3385 2876 3444 instrueremur
2904 3387 3041 3461 quia
3087 3388 3249 3461 prius
3301 3406 3530 3450 necesse
3559 3400 3644 3449 est
3676 3400 3739 3451 ut

2026 3489 2191 3531 mens
2245 3481 2436 3531 nostra
2490 3474 2807 3533 virentium
2863 3476 3152 3535 virtutum
3203 3494 3375 3552 opera
3431 3483 3737 3554 germinet,

2025 3574 2310 3639 quatenus
2362 3566 2445 3624 sic
2484 3575 2772 3625 mereatur
2800 3567 3050 3627 caelestis
3091 3569 3337 3644 gratiam
3381 3570 3641 3645 luminis,
3673 3589 3740 3634 ac

2027 3660 2314 3726 postremo
2352 3653 2580 3711 evolare
2618 3654 2803 3712 valeat
2848 3656 2919 3712 ad
2952 3658 3451 3731 contemplandam
3488 3663 3733 3734 speciem

2027 3742 2329 3800 veritatis?
2378 3742 2782 3801 Germinemus
2816 3745 3031 3819 itaque,
3079 3747 3306 3821 fratres,
3342 3758 3407 3808 ut
3436 3751 3736 3812 illumine-

2024 3844 2183 3900 mur,
2240 3837 2528 3904 quatenus
2558 3830 2876 3890 illuminati
2911 3835 3192 3893 virtutum
3225 3840 3431 3911 pennis
3460 3840 3530 3898 ad
3561 3844 3737 3901 coale-

2026 3923 2133 3981 stia
2161 3923 2557 3981 sublevemur.
2594 3924 2721 3982 Non
2754 3941 2856 3983 nos
2887 3928 3089 3986 mundi
3126 3930 3298 4004 hujus
3322 3929 3563 3990 dulcedo
3594 3931 3739 3992 falsa

2026 4012 2366 4082 dcmulceat,
2402 4028 2518 4071 non
2553 4013 2803 4072 carnalis
2829 4013 3116 4074 illecebras
3146 4016 3409 4093 voluptas
3441 4018 3740 4080 luxuriosa

2026 4100 2292 4159 resolvat.
2336 4100 2638 4174 Nusquam
2672 4108 2821 4160 certe
2856 4112 3205 4178 przeceptum
3254 4106 3313 4163 in
3362 4104 3584 4166 Veteris
3625 4107 3738 4166 Te-

2025 4191 2295 4248 stamenti
2349 4190 2711 4249 caeremoniis
2765 4190 3084 4265 invenitur,
3152 4200 3213 4252 ut
3272 4194 3385 4252 mel
3440 4196 3738 4255 sacrificiis

2027 4278 2351 4339 misceatur.
2400 4279 2503 4337 Per
2542 4278 2695 4352 quod
2749 4278 3115 4354 intelligitur,
3166 4282 3305 4358 quia
3338 4285 3449 4357 his,
3490 4287 3591 4360 qui
3622 4284 3739 4346 Deo

218 4374 281 4431 in
337 4372 594 4445 Galgalis
621 4388 726 4447 pro
776 4372 1103 4432 testimonio
1150 4377 1448 4447 ponerent.
1480 4395 1499 4423 ιι
1534 4371 1716 4445 Elige,
1754 4371 2004 4447 inquit“
2032 4368 2162 4426 vita;
2192 4384 2315 4427 suae
2340 4369 2685 4427 sacriﬁcium
2713 4368 2982 4439 offerunt,
3014 4370 3237 4428 nullam
3268 4371 3421 4432 Deus
3447 4375 3740 4433 carnalem

220 4462 514 4521 Dominus
563 4463 634 4520 ad
689 4462 881 4533 Josue,
934 4462 1244 4520 duodecim
1301 4460 1475 4527 viros,
1531 4460 1790 4535 singulos
1843 4475 1944 4533 per

219 4550 494 4625 singulas
527 4550 730 4620 tribus,
775 4558 829 4609 et
876 4550 1124 4624 priecipe
1163 4550 1247 4608 eis
1278 4556 1343 4607 ut
1383 4547 1585 4606 tollant
1624 4547 1695 4604 de
1752 4547 1942 4605 medio

215 4639 376 4697 alvei
416 4638 705 4710 Jordanis,
756 4639 858 4698 ubi
897 4639 1160 4699 ﬁxerunt
1196 4636 1513 4696 sacerdotes
1558 4636 1747 4709 pedes,
1791 4636 1939 4692 duo-

218 4727 414 4787 decim
451 4726 669 4801 lapides
699 4727 1060 4796 durissimos,
1090 4743 1235 4802 quos
1269 4724 1493 4800 portatis
1538 4724 1598 4781 in
1656 4723 1779 4781 loco
1815 4738 1936 4780 cas-

219 4822 471 4883 trorum,
501 4814 602 4874 ubi
632 4816 880 4874 iixeritis
911 4816 1017 4873 bac
1048 4821 1210 4873 nocte
1239 4813 1481 4873 tentoria
1506 4816 1680 4885 (Josue
1704 4814 1802 4881 1v).
1840 4833 1867 4863 »

297 4904 374 4963 Ut
411 4911 605 4963 autem
648 4920 763 4963 non
795 4906 1013 4975 omnia,
1053 4904 1182 4962 licet
1217 4903 1390 4977 plena
1428 4902 1735 4975 mysteriis,
1768 4900 1943 4959 verba

219 4996 553 5065 discutiam,
587 4996 729 5069 quid
765 5011 866 5067 per
905 4996 1013 5053 hoc
1052 4995 1261 5053 factum
1303 4992 1471 5051 nobis
1508 4992 1796 5063 innuitur,
1829 4991 1943 5049 nisi

222 5092 292 5143 ut
351 5091 659 5160 postquam
718 5086 946 5160 mystici
996 5083 1262 5143 Jordanis
1324 5082 1538 5141 ﬂuenta
1600 5084 1938 5153 transimus,

220 5181 535 5247 postquam
578 5173 650 5231 de
708 5174 920 5232 lavacri
971 5173 1238 5231 salutaris
1299 5171 1453 5230 fonte
1507 5172 1939 5245 consurgimus,

218 5259 575 5320 durissimos
601 5261 906 5320 duodecim
938 5261 1173 5336 lapides,
1206 5260 1266 5318 id
1295 5266 1399 5327 est,
1435 5259 1767 5318 ﬁrmissima
1801 5274 1940 5333 apo-

220 5349 519 5409 stolorum
554 5351 823 5424 exempla
865 5350 938 5409 ad
985 5349 1365 5409 imitationem
1404 5347 1549 5404 360
1598 5349 1760 5407 nobis
1802 5365 1937 5424 pro-

235 5453 457 5511 ponere
510 5437 891 5499 studeamus?
922 5438 1165 5513 Lapides
1214 5438 1444 5512 quippe,
1476 5435 1577 5494 ubi
1625 5436 1942 5494 sacerdotes

227 5526 415 5600 pedes
458 5525 730 5601 ﬁxerant,
774 5528 839 5588 in
884 5529 1007 5588 loco
1050 5533 1369 5587 castrorum
1414 5525 1720 5601 ponimus;
1779 5526 1831 5585 si
1876 5526 1941 5609 in

525 5644 784 5707 Punon.
824 5643 1072 5705 CXLIV.

1956 4425 2005 4483 D

2031 4456 2154 4515 vult
2186 4456 2376 4514 inesse
2424 4457 2815 4524 dulcedinem,
2849 4457 2994 4514 nihil
3028 4457 3087 4515 in
3122 4460 3204 4517 eis
3234 4460 3452 4532 vivere,
3484 4463 3639 4537 quod
3669 4463 3739 4521 ad

2023 4544 2313 4603 carnalem
2368 4546 2648 4617 pertineat.
2693 4546 3081 4616 voluptatem;
3140 4546 3334 4607 oleum
3370 4557 3565 4609 autem
3617 4552 3734 4611 fre-

2024 4640 2268 4707 quenter
2330 4633 2684 4702 immittitur,
2750 4642 2815 4691 ut
2877 4634 3069 4691 omnis
3125 4642 3333 4695 nostrae
3387 4639 3735 4712 operationis

2025 4722 2235 4780 oblatio
2282 4721 2543 4780 hilariter
2578 4722 2849 4781 offeratur
2879 4747 2891 4780 :
2934 4744 2959 4775 «
2989 4721 3248 4782 Hilarem
3286 4726 3444 4784 enim
3477 4727 3731 4788 datorem

2024 4811 2213 4887 diligit
2270 4812 2419 4871 Deus
2478 4815 2545 4885 (II
2600 4816 2717 4871 Cor.
2773 4815 2872 4886 IX).
2912 4834 2940 4866 »
2972 4812 3038 4871 In
3089 4815 3362 4874 omnibus
3418 4817 3591 4876 etiam
3651 4818 3731 4879 sal

2020 4901 2255 4975 jubetur
2283 4901 2608 4973 admisceri,
2642 4910 2704 4961 ut
2742 4918 2917 4962 omne
2959 4902 3097 4961 boni
3143 4905 3331 4976 operis
3360 4906 3730 4981 sacrificium,

2024 4991 2282 5059 rationis,
2330 4991 2714 5062 discretionis,
2758 5008 2823 5051 ac
2857 4991 3104 5051 caelestis
3152 4994 3449 5069 sapientia;
3487 4996 3605 5055 sale
3663 4999 3731 5057 sit

2025 5078 2346 5135 conditum.

2096 5166 2219 5224 Hoc
2248 5173 2441 5224 autem
2474 5165 2693 5225 divinaa
2746 5168 3042 5240 sapientia;
3080 5170 3197 5228 sale
3240 5171 3319 5229 ita
3356 5172 3549 5230 omnis
3585 5172 3729 5232 beati

2023 5255 2263 5315 Joannis
2296 5255 2554 5314 doctrina
2601 5256 2831 5317 videtur
2870 5274 3147 5332 respersa,
3184 5267 3249 5319 ut
3278 5262 3481 5321 merito
3511 5260 3736 5323 dicatur

2024 5362 2087 5405 os
2130 5345 2253 5417 Dei,
2301 5344 2506 5418 lingua
2552 5345 2801 5421 Spiritus
2846 5350 3047 5420 sancti,
3090 5348 3296 5409 cedrus
3323 5353 3595 5426 paradisi,
3627 5354 3734 5414 lux

2026 5436 2319 5508 Ecclesiae,
2363 5436 2539 5496 decus
2581 5437 2758 5507 orbis,
2805 5454 2991 5513 przeco
3033 5441 3185 5512 C(Bli,
3248 5441 3447 5508 lumen
3505 5445 3734 5518 mundi,

2025 5526 2190 5586 sidus
2250 5528 2582 5603 hominum,
2617 5528 2907 5603 specimen
2946 5533 3310 5606 angelorum,
3356 5533 3502 5610 lapis
3545 5535 3737 5609 vivus,

3383 5654 3455 5713 28
