4064 6208
255 290 263 295 .
304 234 416 296 875

302 449 580 508 columna
605 445 745 504 351
772 448 924 517 cali,
945 447 1291 505 architectus
1315 447 1436 505 veri
1464 444 1837 516 tabernaculi,
1867 445 2022 522 quod

305 537 439 596 ﬁxit
466 536 638 606 Deus,
673 543 729 594 et
756 551 872 594 non
908 536 1097 594 homo.
1142 533 1289 593 Nam
1317 543 1371 593 et
1397 535 1700 593 cherubim
1729 535 1861 608 jure
1890 552 2022 610 per-

305 627 559 697 hibetur,
606 625 722 700 qui‘
757 625 1019 684 scientia
1047 625 1471 700 plenitudinem
1499 641 1573 684 ex
1611 624 1732 700 ipso
1765 626 2020 686 Redem-

305 716 491 792 ptoris
516 722 739 789 pectore
764 715 1088 788 percepisse
1113 715 1494 787 cognoscitur.

381 805 793 863 Verumtamen
821 819 956 861 cum
984 818 1090 861 nos
1115 803 1549 877 quantumlibet
1573 803 1776 862 efferre
1794 811 2024 862 conten-

306 895 521 961 dimus,
555 890 924 950 celsitudinis
948 893 1076 967 ejus
1116 891 1315 949 merita
1361 907 1477 951 non
1526 908 1851 967 aquamus;
1884 893 2022 967 quia

305 982 410 1057 qui
452 979 671 1039 divina
717 978 906 1038 laudis
955 980 1247 1054 praconia
1290 982 1521 1051 meruit,
1571 981 1640 1039 ad
1688 981 1811 1055 ejus
1849 982 2021 1055 digne

304 1068 689 1129 collaudanda
739 1069 942 1127 merita
984 1069 1264 1127 humana
1319 1068 1537 1142 lingua
1578 1067 1859 1143 fragilitas
1904 1085 2021 1129 non

302 1155 573 1229 assurgit.
600 1154 729 1230 Ipse
753 1154 966 1229 quippe
986 1156 1112 1229 ejus
1132 1162 1218 1214 est
1242 1155 1388 1226 laus,
1411 1155 1516 1230 qui
1543 1154 1628 1213 illi
1657 1161 1713 1214 et
1738 1154 1877 1214 olim
1899 1170 2022 1231 pre-

309 1247 477 1319 tium,
505 1254 560 1304 et
591 1261 751 1305 nunc
784 1246 966 1304 factus
996 1251 1081 1304 est
1104 1247 1431 1320 pramium.

374 1336 484 1395 Per
506 1335 687 1409 hujus
709 1350 844 1407 ergo
870 1333 1130 1408 vestigia,
1164 1333 1549 1404 dilectissimi,
1580 1335 1649 1394 ad
1683 1334 2022 1409 Redempto-

302 1441 425 1485 rem
454 1433 719 1484 nostrum
748 1422 919 1497 pleno
942 1421 1131 1479 cordis
1152 1437 1348 1481 amore
1380 1423 1703 1495 tendamus,
1723 1424 1900 1497 hujus
1925 1424 2021 1482 do-

302 1515 548 1574 ctrinam
577 1514 737 1571 velut
766 1526 1061 1571 coruscam
1090 1510 1150 1569 in
1181 1512 1430 1569 tenebris
1455 1512 1781 1587 lampadem
1808 1513 2020 1573 nostris

303 1620 528 1677 semper
574 1602 871 1677 gressibus
918 1602 1316 1674 praferamus.
1360 1600 1575 1660 Pudeat
1612 1602 1734 1677 jam
1780 1604 2020 1662 terrenis

934 232 993 291 S.
1038 228 1259 291 PETRI
1298 226 1617 288 DAMIANI
1658 226 1815 289 OPP.
1856 226 2048 288 PARS
2092 226 2230 289 SEU
2274 227 2525 289 TOMUS
2564 229 2640 287 II.
2683 260 2749 271 -—
2793 227 3205 289 SERMONES.
3312 264 3323 281 ς

302 361 609 439 speculum
666 358 834 428 lucis,
883 357 1166 431 logotheta
1219 354 1562 425 divinitatis,
1618 354 1801 413 forma
1854 352 2215 423 fidei,Avox
2271 353 2497 414 divina
2551 354 2862 429 majestatis
2909 354 3184 427 intonuit,
3239 354 3437 414 dicens
3482 380 3495 413 :

3715 232 3829 290 876

3556 382 3580 404 α
3636 356 3829 430 Euge,

2106 460 2271 502 serve
2301 444 2448 502 bone
2479 450 2535 502 et
2573 444 2781 517 ﬁdelis,
2818 444 2950 519 quia
2985 460 3155 518 super
3187 460 3367 518 pauca
3406 444 3567 503 fuisti
3608 445 3829 519 fidelis,

2104 549 2278 607 supra
2318 536 2501 594 multa
2542 543 2594 594 te
2630 537 2999 607 constituam,
3043 537 3195 595 intra
3231 531 3376 590 352
3424 535 3486 592 in
3536 535 3828 608 gaudium

2106 622 2337 682 Domini
2361 625 2443 683 tui
2467 628 2687 694 (Matth.
2718 628 2889 694 XXV).
2925 650 2950 672 ››
2984 623 3049 682 In
3074 623 3175 683 illa
3202 623 3508 683 festivitate
3535 624 3825 684 Dominus

2104 710 2290 770 exivit
2318 712 2389 770 de
2421 719 2586 772 utero
2624 711 2903 787 Virginis,
2932 714 2993 771 in
3031 712 3137 771 ista
3182 712 3529 771 venerabilis
3564 712 3689 786 ejus
3733 713 3823 770 fa-

2105 799 2306 861 mulus
2337 817 2604 876 egressus
2633 807 2718 859 est
2741 801 2812 860 de
2844 799 3135 876 ergastulo
3165 799 3374 859 carnis.
3403 799 3468 857 In
3510 799 3612 859 illa
3649 801 3821 860 Chri-

2103 896 2226 950 stus
2251 906 2352 964 pro
2392 889 2563 949 nobis
2592 897 2679 948 est
2708 890 2917 966 pannis
2959 889 3279 959 involutus,
3310 888 3371 946 in
3410 888 3519 947 ista
3555 889 3823 949 sacerdos

2103 981 2230 1053 ejus
2268 979 2411 1038 stola
2442 987 2526 1038 est
2562 980 2637 1039 ab
2671 997 2737 1039 eo
2776 978 3225 1039 immortalitatis
3265 978 3526 1037 indutus.
3563 977 3669 1036 Ille
3712 995 3821 1037 au-

2103 1068 2324 1142 gustias
2367 1067 2582 1128 intrare
2636 1084 2752 1128 non
2802 1069 3149 1143 dedignatus
3195 1075 3281 1125 est
3324 1068 3493 1139 uteri,
3542 1073 3608 1126 ut
3650 1066 3822 1128 istius

2102 1159 2360 1217 animam
2393 1158 2636 1218 latitudo
2665 1159 2978 1232 susciperet
3002 1157 3154 1217 cali.
3186 1155 3293 1215 Ille
3323 1155 3620 1215 descendit
3649 1172 3821 1215 carne

2103 1246 2349 1317 velatus,
2380 1252 2447 1305 ut
2466 1246 2572 1305 iste
2595 1246 2927 1305 ascenderet
2955 1245 3100 1304 stola
3126 1244 3326 1319 gloria
3351 1244 3673 1304 decoratus.

2175 1337 2564 1407 Considerate,
2615 1334 2816 1394 fratres
2865 1334 3216 1406 charissimi,
3270 1340 3523 1410 quantus
3570 1334 3663 1391 vir
3709 1334 3818 1393 iste

2103 1427 2297 1497 fuerit,
2331 1441 2503 1501 quam
2537 1426 2782 1500 pleniter
2812 1423 3004 1494 illum,
3034 1434 3097 1482 ut
3128 1439 3329 1482 revera
3362 1423 3818 1482 sacratissimum

2106 1515 2403 1590 templum,
2464 1512 2720 1589 Spiritus
2763 1520 2999 1574 sanctus
3036 1512 3468 1583 inhabitaverit,
3514 1512 3614 1586 qui
3653 1519 3708 1569 et
3755 1514 3817 1571 in

2102 1621 2238 1678 pace
2289 1609 2505 1662 sancta
2558 1602 2833 1662 Ecclesia
2888 1607 2969 1661 tot
3023 1599 3319 1661 miraculis
3367 1602 3709 1659 coruscavit.
3748 1600 3813 1659 In

301 1695 657 1764 incumbere,
683 1695 786 1767 qui
814 1708 914 1767 per
944 1694 1066 1767 spei
1092 1692 1447 1753 desiderium
1479 1694 1551 1753 ad
1582 1695 1873 1753 caelestem
1902 1693 2268 1777 ca-Binitio
2305 1692 2517 1766 quippe
2559 1690 2847 1750 nascentis
2885 1689 3153 1749 Ecclesia
3191 1689 3279 1748 illi
3320 1689 3491 1747 etiam
3534 1687 3817 1747 miracula

301 1784 497 1858 pimus
518 1782 763 1857 gloriam
794 1782 1083 1839 festinare.
1106 1780 1219 1851 Qui
1241 1782 1311 1840 ad
1336 1782 1658 1841 caelestium
1683 1784 2020 1857 nuptiarum
2102 1780 2407 1851 faciebant,
2438 1780 2542 1855 qui
2571 1782 2754 1840 facere
2784 1781 2951 1854 signa
2973 1778 3135 1852 digni
3164 1794 3280 1837 non
3311 1778 3536 1837 fuerant
3561 1796 3573 1835 :
3597 1783 3657 1834 et
3687 1777 3817 1834 sine

299 1876 537 1934 delicias
584 1882 866 1948 properat,
920 1881 1161 1933 terrena
1210 1876 1522 1949 voluptatis
1561 1892 1726 1935 cano
1768 1875 2017 1935 volutari

298 1965 597 2024 erubescat
655 1982 669 2021 :
736 1963 839 2036 qui
887 1962 1069 2020 titulis
1120 1963 1400 2037 angelica
1470 1964 1765 2038 dignitatis
1823 1963 2016 2022 ornari

299 2061 490 2126 sperat
546 2054 605 2111 in
658 2052 842 2126 patria
897 2052 1215 2126 dignitatis,
1275 2051 1463 2111 locum
1524 2053 1586 2110 in
1623 2052 1833 2111 exsilio
1892 2069 2015 2111 non

300 2144 574 2217 requirat.
610 2141 911 2200 Incassum
948 2157 1114 2214 porro
1156 2149 1378 2200 terrena
1420 2142 1578 2200 lucra
1624 2142 2013 2216 congerimus,

300 2230 403 2306 qui
431 2230 668 2288 divitias
695 2228 1050 2288 immortales
1081 2230 1142 2287 in
1182 2229 1347 2302 regni
1375 2231 1622 2289 caelestis
1648 2233 1854 2291 arario
1883 2248 2014 2307 pos-

296 2318 572 2378 sidemus.
633 2317 815 2388 Quem
863 2317 1039 2390 igitur
1073 2318 1300 2392 pondus
1344 2324 1585 2378 terrena
1630 2322 2013 2396 corruptionis

294 2415 586 2481 aggravet,
646 2422 841 2465 rerum
882 2408 1245 2467 extrinsecus
1280 2404 1641 2469 affluentium
1687 2414 1847 2485 copia
1894 2428 2009 2471 non

298 2495 557 2555 extollat.
588 2494 699 2565 Qui
737 2496 810 2555 ad
848 2496 957 2554 hoc
1001 2498 1347 2556 constitutus
1382 2506 1483 2569 est,
1518 2506 1580 2558 ut
1619 2500 1751 2557 totis
1788 2502 2013 2560 viribus

291 2584 509 2658 jugiter
536 2599 669 2642 cum
700 2582 1036 2642 adversario
1073 2585 1328 2657 dimicet,
1358 2587 1598 2660 torporis
1636 2588 1791 2648 hunc
1820 2598 1876 2650 et
1906 2609 2008 2651 ne-

297 2674 597 2748 gligentia
622 2674 929 2733 dissolutio
958 2691 1074 2734 non
1114 2686 1366 2736 enervet.
1402 2678 1515 2748 Sic,
1547 2681 1631 2738 sic
1659 2697 1761 2755 per
1791 2684 2009 2743 divina

296 2762 524 2837 pietatis
550 2762 863 2833 auxilium,
893 2771 949 2821 et
985 2764 1255 2825 florentes
1286 2768 1616 2842 virtutibus,
1649 2777 1704 2828 et
1732 2773 1889 2831 vitiis
1917 2789 2007 2831 re-

297 2851 537 2926 pudium
571 2851 792 2923 dantes,
825 2852 875 2911 si
917 2851 1010 2911 hic
1048 2869 1184 2913 eum
1213 2856 1531 2930 sequimur,
1558 2860 1660 2933 qui
1704 2861 1872 2920 nobis
1905 2862 2011 2920 iter

293 2941 482 3002 crucis
533 2940 818 3014 ostendit,
866 2942 1008 3002 illuc
1051 2944 1459 3018 perveniemus
1521 2949 1589 3006 ad
1647 2966 1817 3023 eum,
1870 2953 2006 3026 qui,

2102 1870 2415 1930 virtutibus
2447 1886 2676 1930 morum
2706 1872 2966 1946 plerique
2994 1869 3352 1930 excellebant
3386 1870 3594 1929 virtute
3622 1868 3819 1943 signo-

2099 1977 2250 2020 rum.
2292 1961 2453 2018 Unde
2484 1968 2540 2019 et
2563 1961 2686 2036 ipsa
2718 1961 2944 2020 Veritas
2970 1960 3109 2019 dicit
3142 1984 3153 2020 :
3189 1982 3217 2014 «
3256 1958 3422 2019 Multi
3445 1958 3637 2016 dicent
3663 1957 3815 2015 mihi

2100 2051 2201 2108 illa
2251 2050 2344 2109 die
2379 2068 2392 2106 :
2424 2049 2689 2123 Domine,
2747 2050 3011 2122 Domine,
3064 2064 3260 2109 nonne
3310 2049 3373 2106 in
3427 2048 3660 2106 nomine
3712 2054 3814 2105 tuo

2097 2140 2570 2213 prophetavimus
2587 2138 2616 2197 ?
2644 2154 2836 2197 nonne
2861 2139 2924 2197 in
2945 2139 3183 2197 nomine
3209 2143 3309 2197 tuo
3332 2136 3573 2196 virtutes
3596 2135 3815 2194 multas

2099 2226 2383 2286 fecimus?
2403 2227 2475 2285 Et
2507 2232 2643 2286 tunc
2672 2227 2988 2285 conﬁtebor
3014 2227 3161 2286 illis:
3181 2226 3329 2296 Quia
3359 2242 3475 2285 non
3500 2224 3640 2284 novi
3667 2239 3809 2293 vos;

2095 2319 2369 2378 discedite
2400 2335 2434 2376 a
2472 2333 2585 2390 me,
2619 2318 2865 2392 operarii
2903 2317 3231 2392 iniquitatis
3264 2317 3482 2390 (Matth.
3517 2314 3638 2386 v11).
3673 2335 3700 2366 ι)
3737 2313 3812 2371 Ut

2095 2411 2251 2469 enim
2296 2410 2368 2469 ad
2416 2408 2590 2467 fidem
2640 2414 2922 2469 cresceret
2963 2415 3155 2468 sancta
3205 2406 3481 2478 Ecclesia,
3510 2402 3811 2463 miraculis

2094 2500 2279 2560 fuerat
2310 2499 2647 2572 nutrienda;
2681 2501 2820 2574 quia
2863 2506 2920 2558 et
2968 2515 3072 2557 nos
3118 2513 3254 2557 cum
3296 2497 3532 2556 arbusta
3581 2494 3810 2569 planta-

2094 2606 2249 2660 mus,
2281 2590 2483 2648 tandiu
2530 2590 2614 2648 eis
2662 2605 2874 2664 aquam
2918 2587 3246 2658 fundimus,
3290 2601 3593 2662 quousque
3635 2599 3702 2642 ea
3738 2583 3805 2642 in

2096 2687 2240 2737 terra
2271 2678 2635 2738 convaluisse
2664 2679 2969 2749 videmus;
3000 2685 3058 2737 at
3083 2678 3133 2736 si
3161 2677 3338 2737 semel
3365 2676 3612 2736 radicem
3654 2674 3806 2731 fixe-

2092 2776 2248 2839 runt,
2282 2768 2540 2842 irrigatio
2593 2768 2836 2827 cessabit
2885 2766 3058 2837 (118).
3103 2767 3256 2826 Hinc
3300 2771 3386 2824 est
3429 2763 3585 2822 enim
3645 2760 3807 2837 quod

2091 2858 2310 2918 Paulus
2339 2858 2509 2917 dicit:
2540 2881 2568 2913 α
2601 2859 2845 2934 Lingua
2866 2859 2927 2917 in
2953 2859 3187 2933 signum
3218 2863 3354 2917 sunt
3375 2872 3487 2915 non
3512 2853 3804 2926 fidelibus,

2090 2950 2189 3008 sed
2219 2947 2559 3007 infidelibus
2589 2953 2640 3019 (Ι
2666 2951 2784 3007 Cor.
2826 2955 2977 3019 XIV).

294 3034 507 3094 calcato
531 3033 735 3094 mortis
763 3034 1024 3111 imperio,
1059 3037 1273 3097 calum
1293 3055 1424 3099 cum
1457 3042 1794 3116 triumphali
1824 3045 2070 3137 gloriae
2163 3036 2276 3097 Sed
2308 3052 2443 3096 cum
2474 3037 2586 3095 ista
2617 3037 2883 3102 dicimus,
2914 3038 3295 3112 quaestionem
3326 3035 3491 3095 nobis
3517 3034 3655 3093 oriri
3683 3047 3802 3091 non

299 3124 641 3200 penetravit,
664 3125 836 3185 Jesus
864 3124 1128 3186 Christus
1166 3126 1451 3188 Dominus
1492 3138 1702 3201 noster,
1728 3132 1830 3204 qui
1868 3148 2004 3191 cum
2027 3123 2216 3184 “sine
2240 3126 2437 3198 aliqua
2475 3126 2814 3185 difficultate
2852 3128 3137 3186 videmus.
3171 3126 3233 3186 Si
3270 3126 3427 3184 enim
3463 3123 3625 3196 signa
3666 3137 3804 3196 pro-

298 3214 466 3274 Patre
497 3220 553 3273 et
581 3214 800 3288 Spiritu
828 3221 1021 3274 sancto
1049 3216 1192 3275 vivit
1220 3225 1276 3276 et
1305 3227 1508 3294 regnat
1547 3236 1648 3293 per
1671 3220 1868 3279 omnia
1893 3237 2003 3280 sa-

295 3304 429 3362 cuia
454 3303 827 3363 saculorum.
853 3304 1065 3364 Amen.

907 3409 1158 3472 SERMO
1204 3412 1376 3472 LXV.

323 3509 397 3555 DE
430 3508 654 3556 SANCTO
683 3509 1455 3646 ΒΑΒΒΑἸέἒὲΙΡΙῦΕΞΒῩΤΕξὶΟ
1485 3516 1557 3561 ΕΤ
1581 3516 1967 3565 CONFESSORE.

1166 3585 1199 3630 E
1238 3585 1372 3631 EMB.

1166 3585 1372 3631 ECEMB.

358 3655 555 3731 Nuper
577 3656 1021 3728 celebravimus,
1045 3660 1249 3719 fratres
1273 3663 1619 3734 charissimi,
1644 3663 1996 3724 ineffabilem

285 3745 687 3821 Redemptoris
724 3748 907 3805 nostri
955 3749 1336 3822 nativitatem,
1385 3768 1542 3810 nunc
1578 3752 1865 3825 geminato
1902 3770 1995 3814 so-

284 3835 603 3894 lemnitatis
655 3836 868 3908 gaudio
925 3839 1317 3898 venerabilem
1377 3841 1622 3899 colimus
1676 3840 1993 3902 beatissimi

282 3922 591 3982 sacerdotis
618 3925 744 3998 ejus
765 3926 1243 3999 assumptionem.
1277 3928 1343 3986 In
1370 3928 1471 3987 illa
1512 3929 1818 3988 festivitate
1863 3930 1991 3990 Sal-

283 4022 446 4077 vator
471 4022 683 4087 noster,
714 4014 1056 4075 obumbrata
1106 4018 1418 4090 majestatis
1459 4035 1580 4078 sua
1621 4020 1828 4093 specie,
1862 4021 1992 4079 des-

279 4103 475 4162 cendit
498 4103 559 4160 iu
592 4103 908 4172 mundum;
944 4104 1003 4161 in
1035 4104 1142 4163 ista
1165 4105 1615 4179 gloriosissimus
1638 4109 1764 4181 ejus
1797 4110 1989 4167 famu-

282 4191 394 4271 lus,
420 4189 675 4263 deposito
703 4190 1094 4263 corruptibilis
1119 4192 1312 4250 carnis
1340 4195 1608 4266 pondere,
1630 4195 1779 4256 liber
1800 4213 1993 4256 ascen-

282 4276 387 4336 dit.
414 4277 483 4335 In
516 4277 617 4336 illa
640 4276 991 4351 Unigenitus
1018 4279 1120 4338 Dei
1149 4280 1336 4340 Filius
1367 4282 1744 4345 humanitatis
1781 4293 1991 4346 nostra

283 4368 526 4426 formam
571 4382 673 4442 pro
726 4374 921 4426 nostra
967 4370 1149 4429 salute
1195 4373 1483 4446 suscepit;
1516 4373 1577 4431 in
1635 4374 1742 4433 ista
1788 4375 1988 4435 beatus

276 4448 571 4513 confessor
605 4454 730 4533 ejus
761 4454 833 4512 ad
872 4456 1150 4531 angelica
1186 4457 1565 4518 beatitudinis
1610 4462 1857 4534 speciem
1903 4464 1982 4522 fe-

276 4540 372 4599 lici
419 4548 604 4600 morte
648 4542 928 4616 pervenit.
972 4543 1037 4602 In
1088 4544 1189 4603 illa
1240 4546 1599 4606 solemnitate
1643 4548 1988 4624 Redemptor

275 4635 467 4688 noster
499 4630 755 4704 trophao
782 4631 969 4690 carnis
998 4632 1261 4702 indutus,
1293 4633 1364 4691 ad
1393 4634 1763 4695 debellandas
1790 4654 1986 4699 aereas

274 4724 581 4792 potestates
630 4721 689 4779 in
734 4721 1022 4779 mundum
1066 4721 1433 4796 praliaturus
1477 4725 1737 4796 accessit;
1775 4727 1834 4784 in
1878 4729 1986 4788 ista

274 4821 408 4865 vero
431 4807 700 4882 egregius
730 4808 898 4868 miles
921 4810 1066 4882 ejus,
1095 4810 1446 4884 triumphato
1473 4814 1679 4871 mundi
1706 4815 1983 4892 principe,

268 4895 501 4955 caeleste
588 4897 863 4969 palatium
937 4896 1114 4955 victor
1194 4898 1450 4958 intravit.
1504 4900 1723 4961 Idcirco
1771 4905 1985 4980 quippe

269 4984 429 5045 Deus
466 4984 780 5052 descendit,
817 4991 881 5044 ut
920 4986 1097 5045 homo
1129 4988 1495 5059 ascenderet;
1535 4990 1745 5051 idcirco
1783 4993 1982 5053 humi-

268 5073 400 5133 liari
434 5074 704 5149 dignatus
733 5080 838 5146 est,
872 5082 936 5134 ut
961 5076 1266 5135 hominem
1294 5077 1588 5138 exaltaret.

340 5162 405 5221 In
436 5164 736 5224 uativitate
758 5162 1061 5223 Dominica
1090 5181 1204 5223 vox
1228 5166 1488 5241 angelica
1514 5170 1711 5228 sonuit
1742 5195 1753 5228 ε
1787 5193 1814 5224 α
1847 5171 1978 5232 Glo-

269 5254 354 5310 ria
384 5253 446 5311 in
476 5253 723 5313 excelsis
753 5252 897 5324 Deo;
928 5259 985 5312 et
1021 5254 1083 5313 in
1119 5263 1265 5314 terra
1297 5273 1409 5331 pax
1444 5259 1784 5321 hominibus
1810 5261 1979 5322 bona

274 5341 587 5404 voluntatis
624 5348 772 5419 (Luc.
808 5346 909 5419 ii);
948 5367 970 5397 ι
1014 5344 1189 5404 hodie
1235 5346 1442 5407 dilecto
1479 5365 1585 5409 suo
1629 5350 1977 5412 suavissima

2088 3221 2212 3288 pter
2237 3214 2501 3272 infideles
2532 3214 2663 3273 data
2701 3231 2825 3273 esse
2863 3214 3158 3287 dicuntur,
3203 3213 3343 3289 quid
3373 3218 3460 3271 est
3489 3211 3610 3281 hoc,
3643 3210 3801 3283 quod

2084 3302 2433 3377 Redemptor
2471 3310 2662 3363 noster
2693 3304 2749 3362 in
2788 3304 2972 3379 patria
3013 3320 3117 3363 sua
3155 3308 3384 3378 propter
3422 3298 3799 3359 incredulita-

2086 3399 2201 3452 tem
2264 3393 2570 3452 hominum
2623 3394 2723 3452 vix
2770 3410 2978 3469 paucas
3022 3393 3263 3453 virtutes
3313 3390 3496 3449 facere
3540 3386 3795 3463 potuisse

2081 3482 2452 3556 perhibetur?
2493 3483 2657 3544 Sicut
2686 3484 2842 3543 enim
2874 3485 3101 3544 Marcus
3132 3481 3483 3555 evangelista
3512 3484 3789 3537 testatur:

2087 3592 2108 3622 α
2140 3570 2311 3629 Multi
2340 3572 2642 3631 audientes
2668 3569 3105 3634 admirabantur
3142 3574 3205 3630 in
3232 3571 3490 3630 doctrina
3526 3567 3672 3642 ejus,
3701 3565 3795 3624 di-

2079 3666 2272 3716 centes
2304 3683 2315 3715 :
2350 3659 2510 3717 Unde
2543 3661 2680 3718 huic
2707 3662 2831 3719 hac
2859 3660 3098 3719 omnia?
3128 3660 3197 3718 Et
3224 3675 3354 3734 qua
3379 3666 3463 3717 est
3490 3656 3791 3731 sapientia,

2079 3761 2212 3820 qua
2263 3746 2391 3804 data
2441 3752 2525 3804 est
2564 3746 2672 3818 illi,
2704 3756 2759 3805 et
2802 3747 3047 3807 virtutes
3083 3747 3241 3817 tales,
3278 3762 3413 3821 qua
3445 3761 3546 3820 per
3581 3760 3793 3803 manus

2076 3839 2202 3911 ejus
2233 3836 2564 3895 efﬁciuntur
2592 3838 2617 3894 ?
2649 3837 2854 3895 Nonne
2881 3837 2976 3895 hic
3011 3844 3093 3893 est
3130 3836 3276 3894 fabri
3300 3837 3458 3895 filius
3486 3842 3542 3892 et
3569 3833 3791 3906 Maria,

2076 3926 2250 3983 frater
2273 3924 2487 3995 Jacobi,
2521 3931 2575 3982 et
2604 3925 2861 3997 Iosephi,
2890 3930 2945 3983 et
2973 3925 3004 3984 J
3009 3925 3159 3995 uda,
3183 3932 3238 3982 et
3268 3924 3519 3984 Simonis
3538 3922 3566 3982 ?
3583 3923 3793 3981 Nonne

2073 4022 2130 4072 et
2167 4030 2392 4086 sorores
2428 4015 2553 4087 ejus
2592 4016 2893 4074 nobiscum
2933 4013 3114 4074 sunt?
3150 4015 3222 4074 Et
3255 4014 3793 4074 scandalizabantur

2074 4103 2133 4161 in
2188 4103 2307 4161 illo.
2340 4128 2366 4151 »
2426 4104 2586 4162 Unde
2638 4111 2694 4162 et
2749 4105 2922 4179 paulo
2970 4111 3091 4178 post
3141 4104 3450 4164 subditur:
3489 4128 3511 4153 ιι
3555 4103 3625 4160 Et
3673 4118 3787 4161 non

2074 4199 2291 4266 poterat
2332 4183 2417 4251 ibi
2455 4195 2727 4251 virtutem
2768 4192 2946 4251 ullam
2986 4194 3190 4265 facere,
3231 4194 3345 4252 nisi
3384 4191 3535 4266 quod
3575 4206 3787 4265 paucos

2074 4284 2338 4343 infirmos
2393 4283 2681 4358 impositis
2736 4286 3006 4345 manibus
3055 4287 3311 4357 curavit;
3364 4293 3417 4345 et
3470 4285 3788 4344 mirabatur

2078 4379 2303 4446 propter
2332 4371 2799 4431 incredulitatem
2834 4373 3070 4432 illorum
3112 4377 3330 4447 (Matth.
3372 4378 3517 4448 xm).
3553 4399 3579 4426 ι
3631 4371 3782 4442 Quid

2069 4467 2152 4519 est
2182 4461 2310 4531 hoc,
2360 4461 2583 4530 fratres,
2618 4461 2757 4535 quia
2795 4461 3011 4521 Paulus
3038 4461 3287 4521 afﬁrmat
3316 4462 3479 4536 signa
3515 4477 3617 4536 pro
3644 4458 3785 4519 infi-

2069 4550 2300 4610 delibus
2328 4552 2476 4621 data,
2521 4552 2750 4612 Marcus
2784 4554 2984 4612 asserit
3030 4562 3256 4628 propter
3299 4553 3560 4613 infideles
3600 4554 3782 4613 fuisse

2070 4638 2414 4698 subtracta?
2456 4644 2652 4709 (Marc.
2703 4648 2811 4711 VI.)
2850 4640 3129 4717 Nunquid
3175 4642 3487 4700 contrarias
3523 4643 3675 4700 inter
3718 4657 3783 4699 se

2068 4727 2321 4785 invicem
2350 4727 2607 4800 proferre
2637 4729 2950 4788 sententias
2986 4738 3243 4803 possunt,
3277 4730 3379 4804 qui
3411 4745 3529 4788 uno
3558 4727 3779 4802 Spiritu

2068 4816 2224 4891 pleni
2256 4815 2441 4876 sunt?

2139 4902 2251 4963 Sed
2283 4905 2603 4964 notandum
2642 4914 2748 4976 est,
2789 4907 2927 4982 quia
2974 4907 3035 4966 in
3084 4907 3225 4982 ipsis
3275 4906 3608 4969 infidelibus
3657 4914 3783 4966 erat

2064 4995 2305 5069 quidam
2334 4995 2685 5056 diversitatis
2724 4998 2950 5056 modus.
2985 4997 3093 5056 Par
3119 4998 3358 5072 quidem
3394 5013 3555 5056 error
3584 4997 3781 5055 fuerat

2062 5085 2333 5143 omnium
2375 5102 2491 5146 non
2527 5088 2907 5159 credentium,
2941 5088 3038 5147 sed
3070 5104 3277 5161 magna
3316 5087 3621 5145 diversitas
3650 5102 3778 5145 me-

2064 5176 2326 5234 ritorum.
2368 5176 2546 5236 Aliud
2577 5185 2663 5236 est
2689 5177 2845 5236 enim
2870 5179 2917 5235 si
2949 5179 3069 5237 sola
3092 5178 3226 5254 quis
3251 5178 3487 5237 fallatur
3512 5176 3781 5251 ignoran-

2062 5265 2157 5336 tia,
2196 5264 2357 5325 aliud
2389 5265 2437 5324 si
2474 5266 2747 5342 adjuncta
2777 5282 3013 5341 quoque
3046 5274 3196 5326 erret
3233 5266 3473 5326 malitia.
3506 5264 3792 5340 Ignoran-

2062 5352 2139 5412 tia
2185 5350 2406 5414 Paulus
2444 5360 2794 5428 peccaverat,
2841 5355 2944 5432 qui
2985 5354 3248 5416 dicebat:
3276 5378 3304 5410 α
3327 5355 3436 5427 Qui
3491 5355 3655 5428 prius
3690 5353 3787 5415 fui

325 5526 466 5595 (U8)
491 5528 615 5585 Hae
635 5530 926 5598 Gregorius
948 5532 1204 5590 sindllfer
1220 5547 1271 5590 st
1286 5506 1403 5589 ntit.
1428 5533 1582 5594 nom.
1603 5535 1668 5587 29
1687 5548 1854 5603 super
1876 5537 2073 5609 Evang.
2097 5538 2274 5594 ﬂaret.
