4064 6208
334 318 438 381 877

1860 320 2111 401 SEBMQ
2152 318 2323 379 va.

3727 338 3838 398 878

318 446 716 521 blasphemus,
764 455 816 507 et
862 453 1207 521 persecutor,
1250 455 1304 507 et
1356 449 1717 523 injuriosus;
1757 450 1851 508 sed
1906 448 2105 507 ideoA
2128 447 2379 540 matibus
2416 455 2664 540 constet.
2697 450 2841 510 Dicit
2875 454 3034 512 enim
3067 455 3219 514 inter
3245 467 3471 532 caetera,
3502 479 3640 536 quia
3666 468 3836 540 cuju-

319 532 772 594 misericordiam
832 546 1171 595 consecutus
1212 553 1366 608 sum,
1413 539 1549 611 quia
1607 536 1884 612 ignorans
1935 537 2038 594 feci

319 627 368 693 (I
414 628 553 684 Tim.
602 631 666 697 Ι).
701 650 728 677 υ
780 627 886 685 Per
934 627 1209 685 malitiam
1259 629 1438 687 Judas
1478 631 1756 701 peccavit,
1804 637 1860 687 et
1909 628 2040 686 ideo

319 728 691 789 nequaquam
726 717 923 775 venire
952 719 1023 776 ad
1060 719 1484 793 indulgentiam
1520 718 1751 776 meruit.

394 800 504 860 Pro
553 802 671 861 illis
719 820 854 878 ergo
901 806 1239 867 infidelibus
1285 808 1452 882 signa
1494 805 1625 863 data
1676 814 1832 878 sunt,
1894 821 2042 880 quos

323 891 526 951 divina
558 895 919 968 providentia
960 897 1409 957 misericorditer
1438 895 1659 955 salvare
1689 897 2035 956 decreverat.

325 979 562 1054 PrOpter
594 981 725 1042 illos
756 1000 890 1043 vero
919 986 1208 1045 subtracta
1239 992 1397 1057 sunt,
1427 999 1573 1059 quos
1604 987 1678 1044 ab
1721 988 2041 1046 electorum

323 1077 492 1140 sorte,
550 1071 921 1146 exigentibus
992 1091 1196 1135 eorum
1250 1079 1518 1150 peccatis,
1570 1079 1715 1137 353
1767 1079 2042 1138 districta}

325 1159 648 1219 severitatis
666 1161 894 1233 justitia
922 1163 1254 1239 repellebat.
1290 1166 1642 1229 Christianis
1675 1176 1867 1228 autem
1896 1178 2041 1227 tem-

324 1246 564 1318 poribus
592 1262 726 1306 cum
759 1250 879 1322 jam
921 1267 1066 1326 pene
1104 1259 1256 1314 totus
1298 1254 1513 1330 ubique
1558 1266 1840 1319 terrarum
1885 1257 2043 1317 orbis

326 1333 388 1392 in
414 1336 694 1396 catholica
721 1340 834 1398 fide
858 1342 1206 1416 persisteret,
1233 1351 1287 1402 et
1312 1362 1507 1419 pacem
1534 1356 1749 1407 sancite
1770 1346 2041 1406 Ecclesiae

328 1424 430 1482 vix
465 1423 585 1483 ulla
618 1436 1049 1501 persecutorum
1089 1433 1312 1491 saevitia
1350 1436 1730 1507 perturbaret,
1770 1452 1873 1496 cur
1905 1438 2042 1495 bea-

327 1512 593 1573 tissimus
631 1519 922 1578 confessor
952 1520 1163 1579 Christi
1200 1521 1585 1583 Barbatianus
1614 1531 1696 1584 tot
1726 1525 2042 1584 miraculo-

329 1618 460 1661 rum
491 1604 808 1664 virtutibus
839 1609 1065 1679 claruit,
1109 1609 1221 1667 nisi
1259 1606 1571 1684 quia'aute
1609 1613 1827 1672 divina}
1860 1614 2042 1685 maje-

326 1694 487 1753 statis
553 1696 749 1757 oculos
830 1697 1243 1758 excellentium
1318 1706 1656 1760 meritorum
1732 1702 2044 1760 virtutibus

2121 536 2283 594 sdam
2338 536 2561 597 Juliani
2610 538 2801 599 lilium
2855 549 3057 615 guttur
3108 548 3382 620 gravabat
3434 536 3839 613 miserabiliter

2126 626 2439 697 tumidum,
2471 628 2731 700 quicum
2764 630 2930 691 beato
2961 632 3085 692 viro
3111 635 3335 694 delatus
3367 638 3588 711 fuisset,
3617 649 3670 699 et
3700 659 3837 701 cum

2124 724 2279 788 pater
2321 732 2421 789 pro
2468 716 2588 776 filio
2631 719 3081 795 lacrymabiliter
3114 725 3450 796 postularet,
3492 730 3839 788 venerabilis

2124 805 2215 862 vir
2266 806 2582 879 quamdam
2628 808 3069 881 coniectionem,
3121 812 3191 870 de
3238 828 3387 885 pane
3438 815 3723 890 videlicet,
3781 825 3837 877 et

2121 910 2270 964 cera,
2317 902 2373 952 et
2405 894 2532 953 oleo
2582 895 2816 965 faciens,
2852 913 3025 971 super
3061 902 3187 975 ejus
3226 903 3465 961 vulnera
3502 907 3712 977 posuit,
3756 913 3834 979 et,

2122 982 2271 1040 facto
2317 981 2504 1041 crucis
2551 982 2865 1056 signaculo,
2918 987 3109 1045 statim
3147 988 3209 1047 in
3250 990 3432 1064 ipsius
3473 1009 3571 1051 ore
3625 1003 3836 1068 puncto

2122 1085 2353 1128 omnem
2392 1079 2611 1144 pestem
2644 1072 2715 1131 de
2744 1074 2871 1148 ejus
2898 1082 3131 1149 gutture
3162 1079 3504 1140 mirabiliter
3536 1083 3831 1158 effugavit.

2192 1159 2476 1231 Audistis,
2547 1161 2746 1221 fratres
2819 1164 3164 1236 charissimi,
3221 1183 3354 1242 qua:
3405 1169 3832 1244 pigmentorum

2123 1245 2273 1303 354
2326 1264 2540 1321 genera
2597 1252 2864 1323 egregius
2902 1262 3095 1312 noster
3151 1257 3413 1316 medicus
3455 1260 3678 1333 habuit,
3733 1262 3835 1337 qui

2126 1336 2367 1395 mortale
2400 1337 2617 1397 vulnus
2651 1345 2805 1397 tanta
2836 1340 3131 1401 velocitate
3168 1345 3442 1405 sanavit?
3475 1347 3711 1420 Panem,
3739 1365 3831 1408 ce-

2124 1443 2247 1485 ram
2276 1434 2331 1484 et
2358 1427 2572 1497 oleum,
2596 1443 2732 1501 quae
2752 1432 3141 1491 sustentanda;
3170 1434 3304 1493 vitae
3326 1436 3615 1496 habebant
3638 1454 3832 1509 usum,

2123 1516 2184 1573 in
2237 1515 2600 1576 medicinalis
2657 1534 2812 1578 curae
2866 1522 3157 1581 transtulit
3218 1524 3711 1597 instrumentum;
3780 1533 3836 1587 et

2128 1603 2284 1662 unde
2324 1605 2500 1663 vitam
2540 1604 2725 1665 alebat
2773 1623 2959 1677 suam,
3007 1610 3143 1668 inde
3183 1619 3424 1672 mortem
3458 1614 3670 1687 repulit
3692 1615 3835 1674 alie-

2127 1708 2294 1763 nam;
2334 1692 2633 1766 speciebus
2675 1694 2940 1754 videlicet
2973 1705 3141 1756 utens
3187 1701 3538 1771 domesticis,
3581 1704 3834 1763 testima-

328 1783 538 1843 fulsit?
572 1786 704 1844 Erat
731 1787 909 1857 enim,
941 1788 1088 1847 sicut
1128 1789 1199 1848 de
1244 1789 1466 1849 Joanne
1518 1792 1750 1862 dicitur,
1803 1792 2042 1851 lucerna

2199 1797 2339 1841 inem
2372 1783 2538 1857 pretii
2570 1784 2787 1842 minuit
2810 1787 3145 1860 peregrinis.
3175 1789 3510 1862 Aliquando
3533 1795 3835 1865 aegrotanti

327 1872 537 1931 ardens
570 1880 625 1932 et
655 1873 857 1934 lucens
889 1880 1067 1945 (Joan.
1096 1882 1179 1946 V),
1210 1877 1416 1936 ardens
1446 1878 1710 1938 videlicet
1742 1895 1840 1952 per
1878 1896 2039 1937 amo~

329 1976 450 2018 rem
477 1961 685 2033 cordis,
727 1963 929 2023 lucens
962 1965 1267 2037 splendore
1293 1966 1529 2024 eximiae
1567 1968 2038 2025 conversationis.

332 2047 443 2108 Sed
477 2056 613 2110 tunc
646 2051 882 2111 lucerna
916 2053 1025 2112 sub
1054 2054 1245 2112 modio
1267 2054 1542 2113 occultari
1570 2056 1851 2123 voluerat,
1884 2073 2042 2127 cuni,

330 2139 480 2198 sicut
529 2142 588 2198 in
653 2143 1032 2202 sanctissimae
1095 2144 1228 2202 vitae
1285 2144 1410 2217 ejus
1463 2151 1730 2202 narratur
1780 2146 2042 2216 historia,

332 2227 515 2287 latens
560 2228 622 2287 in
672 2230 881 2288 cellula
933 2232 1287 2289 manifestari
1328 2232 1688 2305 principibus
1732 2232 2041 2291 devitabat.

332 2315 574 2376 Nolebat
630 2318 831 2377 mundi
876 2320 1110 2393 regibus
1153 2321 1530 2391 innotescere,
1572 2328 1631 2379 ut
1670 2321 1812 2395 Regi
1842 2338 2046 2393 regum

330 2407 611 2481 potuisset
651 2408 997 2467 familiarius
1044 2410 1339 2467 adhaerere
1366 2434 1377 2466 :
1403 2408 1700 2467 recusabat
1746 2411 1818 2467 ab
1856 2410 2046 2469 homi-

334 2498 511 2556 nibus
542 2499 910 2571 temporalem
942 2498 1233 2573 suscipere
1260 2499 1529 2573 gloriam,
1571 2507 1632 2557 ut
1671 2516 1801 2557 cum
1828 2501 2050 2572 angelis

334 2585 635 2660 acquirere
675 2597 996 2645 mereretur
1032 2595 1331 2646 aeternam.
1374 2587 1465 2646 Ad
1514 2588 1620 2645 hoc
1664 2588 1880 2662 quippe
1920 2605 2050 2662 per-

338 2677 497 2746 tinet,
531 2678 681 2750 quod
717 2677 827 2746 his,
857 2679 1072 2753 quibus
1098 2679 1397 2737 sanitatem
1431 2679 1732 2738 restituere
1764 2679 2047 2752 cupiebat,

336 2780 491 2840 szepe
528 2768 1043 2841 superponendum
1074 2769 1235 2843 quid,
1270 2769 1431 2827 velut
1460 2770 1871 2844 emplastrum:
1902 2786 2053 2843 saepe

337 2855 762 2915 comedendum
818 2856 1064 2932 aliquid,
1116 2858 1280 2931 quasi
1334 2858 1671 2916 medicinale
1727 2858 2052 2916 antidotum

336 2945 703 3017 conferebat;
753 2961 820 3004 eo
866 2945 1162 3015 nimirum,
1206 2954 1269 3005 ut
1300 2947 1522 3020 Opinor,
1559 2946 1770 3016 studio,
1821 2956 1882 3005 ut
1912 2948 2053 3005 dum

338 3035 654 3096 herbarum
684 3038 891 3108 virtus,
918 3036 1007 3096 vel
1043 3037 1483 3095 medicinalium
1512 3039 1833 3111 specierum
1857 3046 2052 3111 poten-

2127 1870 2254 1930 citri
2285 1873 2527 1944 peciam,
2554 1874 2831 1947 aliquand
2861 1877 3138 1935 ocaricam
3170 1879 3514 1953 porrigebat;
3548 1888 3604 1939 et
3630 1882 3836 1957 hujus-

2132 1961 2287 2020 modi
2318 1963 2631 2022 curationis
2672 1979 2882 2037 genere
2932 1965 3065 2025 illos
3089 1966 3161 2024 ad
3194 1971 3458 2042 perfectae
3487 1970 3836 2032 valetudinis

2131 2049 2324 2118 robur,
2368 2049 2609 2123 expulsa
2656 2052 2815 2109 omni
2866 2051 3161 2125 languoris
3199 2054 3477 2128 molestia,
3514 2059 3834 2131 revocabat,

2130 2153 2213 2207 ea,
2245 2138 2356 2195 nisi
2388 2138 2573 2207 fallor,
2603 2139 2942 2213 intentione,
2973 2150 3033 2201 ut
3065 2143 3201 2217 quia
3228 2151 3470 2218 uterque
3494 2146 3589 2204 hic
3616 2149 3838 2207 fructus

2132 2226 2194 2283 in
2243 2226 2521 2285 Romanis
2567 2228 2789 2287 ﬁnibus
2832 2231 2985 2303 apud
3024 2232 3303 2306 quosdam
3336 2235 3520 2294 rarior
3555 2239 3834 2311 cernitur,

2132 2315 2475 2374 medicinale
2512 2316 2735 2390 aliquid
2773 2318 2950 2378 fuisse
2984 2321 3288 2393 credatur;
3321 2330 3376 2380 et
3403 2324 3541 2382 dum
3582 2335 3837 2399 reparata

2133 2405 2293 2464 salus
2341 2406 2645 2466 medicinae
2684 2408 2977 2482 tribuitur,
3012 2412 3073 2469 in
3103 2412 3487 2471 aestimatione
3529 2414 3837 2476 hominum

2134 2496 2449 2553 sanctitatis
2475 2495 2600 2568 ejus
2631 2497 2828 2570 opinio
2859 2499 3176 2559 minuatur.

2206 2584 2354 2655 Quid
2388 2601 2522 2658 ergo
2559 2602 2665 2644 nos
2708 2586 2902 2646 miseri
2941 2589 3171 2661 dicturi,
3222 2590 3361 2664 quid
3400 2592 3605 2651 facturi
3645 2592 3704 2650 in
3750 2592 3840 2651 di-

2135 2675 2328 2732 stricto
2356 2674 2626 2731 examine
2656 2677 2937 2735 tremendi
2962 2678 3176 2751 judicis
3206 2695 3430 2750 sumus,
3458 2681 3561 2755 qui
3589 2689 3643 2739 et
3668 2682 3845 2743 virtu-

2139 2769 2223 2819 tes
2258 2778 2370 2821 non
2396 2762 2700 2834 habemus,
2732 2773 2785 2823 et
2819 2773 3006 2824 tamen
3034 2767 3105 2824 de
3136 2767 3472 2833 meritorum
3501 2772 3844 2831 excellentia

2135 2856 2271 2908 ante
2319 2851 2607 2909 humanos
2645 2853 2842 2911 oculos
2879 2854 3297 2927 superbimus?
3333 2857 3435 2928 qui
3487 2860 3844 2918 sanctitatem

2136 2940 2348 2998 habere
2401 2951 2535 2998 ante
2587 2941 2801 3001 interni
2858 2943 3060 3001 arbitri
3110 2943 3306 3003 oculos
3360 2947 3522 3005 nullo
3563 2948 3846 3007 desiderio

2136 3033 2477 3107 quaerimus,
2509 3040 2563 3090 et
2591 3035 2907 3091 sanctitatis
2933 3049 3145 3092 nomen
3180 3034 3333 3108 apud
3358 3036 3611 3095 humana
3631 3037 3849 3111 judicia

341 3128 418 3184 tia
458 3126 734 3197 creditur,
786 3141 1155 3202 nequaquam
1194 3126 1509 3184 sanctitatis
1550 3142 1669 3185 sua:
1716 3126 1938 3185 viribus
1972 3142 2048 3185 re-
2078 3124 2308 3209 Cnobis
2352 3122 2633 3180 fallaciter
2674 3138 2953 3196 usurpare
2990 3122 3352 3197 gaudemus?
3393 3125 3646 3195 Quantos
3692 3129 3848 3185 enim

337 3216 539 3275 stituta
585 3215 805 3275 sanitas
847 3215 1205 3285 ascribatur;
1251 3220 1305 3273 et
1353 3214 1496 3275 dum
1535 3216 1607 3273 ab
1650 3230 1716 3274 eo
1771 3214 2052 3273 medicina

342 3305 680 3379 suscipitur,
741 3305 922 3379 magis
966 3304 1224 3363 medicus
1277 3319 1456 3377 quam
1509 3312 1741 3363 sanctus
1789 3319 1913 3362 esse
1965 3305 2052 3362 vi-

344 3395 564 3456 deatur.

417 3485 550 3556 Sed,
595 3485 687 3543 dic
728 3485 896 3555 mihi,
928 3501 962 3544 o
994 3485 1143 3543 bone
1178 3484 1419 3554 medice,
1454 3482 1610 3542 unde
1639 3481 2054 3541 confectionem

347 3578 460 3630 tam
494 3571 758 3643 efﬁcacis,
790 3577 903 3630 tam
934 3571 1145 3630 subitae
1174 3570 1405 3629 virtutis
1431 3568 1640 3627 nostris
1673 3567 1887 3627 finibus
1912 3577 2057 3626 attu-

344 3659 480 3732 listi,
530 3669 594 3719 ut
634 3676 751 3719 non
798 3660 1006 3729 triduo,
1055 3675 1170 3718 non
1214 3658 1413 3727 biduo,
1446 3672 1561 3714 non
1591 3655 1681 3713 vel
1719 3656 1897 3714 unius
1933 3671 2055 3715 mo-

346 3751 527 3809 menti
555 3750 737 3824 spatio
763 3756 1144 3822 exspectatur,
1175 3748 1270 3805 sed
1304 3762 1442 3805 mox
1474 3752 1539 3803 ut
1570 3743 1828 3801 adhibita
1864 3744 2055 3816 fuerit,

346 3842 538 3898 statim
574 3840 763 3898 omnis
803 3839 1064 3909 languor,
1106 3852 1278 3895 omne
1320 3834 1537 3894 vulnus
1581 3832 1838 3907 pristinae
1884 3834 2057 3892 saluti

347 3928 725 3986 restituatur?
773 3925 1074 3999 Epithema
1118 3923 1404 3999 siquidem
1449 3921 1640 3979 curari
1696 3936 1808 3979 non
1857 3927 2056 3994 potest,

348 4018 463 4076 nisi
510 4017 710 4076 tandiu
748 4017 959 4075 tumori
996 4017 1249 4092 adjaceat
1276 4014 1721 4089 superpositum,
1756 4013 1938 4071 donec
1968 4012 2060 4070 vel

349 4107 609 4181 vigorem
640 4121 817 4165 suum
845 4121 945 4179 per
971 4104 1222 4163 occultos
1253 4109 1476 4161 meatus
1514 4102 1575 4160 in
1620 4102 1873 4174 corporis
1906 4101 2061 4158 inte-

348 4198 502 4256 riora
539 4196 918 4264 transfundat,
962 4193 1055 4252 vel
1100 4193 1410 4251 humorem
1448 4190 1785 4265 pestiferum
1833 4189 2061 4248 virtutis

350 4301 476 4344 sua:
512 4284 764 4358 potentia
791 4282 861 4341 ad
902 4280 1185 4340 exteriora
1217 4279 1474 4353 trajiciat.
1519 4278 1861 4336 Antidotum
1902 4293 2061 4348 vero,

349 4372 507 4447 quod
551 4388 648 4433 ore
698 4370 1009 4445 perficitur,
1063 4383 1292 4435 necesse
1339 4375 1423 4424 est
1473 4372 1537 4423 ut
1584 4373 1821 4423 eatenus
1877 4382 2064 4423 moras

354 4463 545 4534 faciat,
582 4476 886 4535 quousque
911 4475 1014 4534 per
1040 4473 1216 4516 venas
1246 4462 1301 4514 et
1328 4470 1493 4530 poros
1526 4452 1747 4512 occulta
1775 4454 2062 4512 viscerum

2142 3214 2313 3273 hodie
2339 3216 2652 3286 cernimus,
2683 3215 2785 3289 qui
2824 3215 2872 3273 si
2906 3216 2976 3273 de
3017 3216 3329 3276 virtutibus
3354 3219 3715 3277 admirabilis
3742 3220 3851 3278 hu-

2135 3303 2232 3376 jus
2264 3302 2376 3360 viri
2404 3302 2492 3361 vel
2528 3302 2796 3361 ultimam
2845 3304 3183 3377 particulam
3208 3306 3486 3379 attingere
3512 3307 3848 3379 potuissent,

2141 3392 2214 3449 ad
2250 3391 2464 3449 etelum
2511 3406 2572 3448 se
2609 3389 2669 3448 in
2727 3391 3013 3463 superbire
3050 3392 3325 3451 cornibus
3362 3393 3701 3464 exaltarent,
3747 3395 3851 3468 qui

2143 3496 2294 3553 saepe
2328 3481 2469 3538 forte
2501 3480 2727 3554 aliquid
2768 3481 2838 3538 de
2868 3482 3183 3541 virtutibus
3216 3482 3455 3551 faciunt,
3487 3482 3584 3541 sed
3614 3499 3716 3558 per
3747 3484 3853 3545 hoc

2146 3584 2259 3626 non
2291 3568 2531 3639 coelum,
2562 3568 2657 3627 sed
2701 3579 2906 3628 terram
2946 3577 3166 3644 petunt.
3200 3571 3543 3630 Alfectantes
3574 3573 3850 3634 nimirum

2146 3657 2345 3715 laudes
2381 3658 2708 3726 hominum,
2742 3657 2797 3715 in
2829 3659 3151 3732 semetipsis
3178 3660 3458 3733 dissipant
3482 3660 3734 3721 fructum
3770 3663 3853 3722 la-

2146 3746 2353 3805 borum
2379 3765 2395 3816 ;
2428 3762 2681 3820 cumque
2709 3764 2769 3804 se
2795 3746 3096 3804 ostendere
3118 3747 3326 3805 alienis
3351 3748 3535 3807 oculis
3557 3760 3852 3824 appetunt,

2148 3842 2279 3892 ante
2309 3834 2529 3892 divinae
2563 3834 2873 3906 majestatis
2900 3834 3178 3893 intuitum
3206 3836 3480 3893 damnant
3503 3852 3676 3895 omne
3701 3839 3852 3914 quod

2149 3929 2347 3997 agunt.
2384 3924 2546 3996 Saepe
2577 3924 2750 3981 etiam
2787 3939 2963 3980 sacrre
2996 3923 3136 3995 legis
3167 3924 3490 3982 eruditione
3512 3930 3567 3983 et
3591 3926 3735 3985 alios
3764 3927 3858 3985 iu-

2149 4020 2404 4083 struunt,
2443 4027 2612 4070 omne
2652 4011 2805 4086 quod
2846 4012 3097 4070 sentiunt
3146 4013 3488 4070 testimoniis
3524 4015 3857 4089 accingunt,

2151 4116 2253 4160 nec
2298 4111 2487 4159 tamen
2540 4118 2638 4175 per
2674 4103 2783 4160 hoc
2826 4102 3001 4159 vitam
3040 4100 3422 4170 audientium,
3457 4103 3556 4160 sed
3604 4105 3862 4178 proprios

2155 4191 2377 4251 favores
2426 4199 2737 4267 qurerunt;
2785 4192 2923 4266 quia
2964 4207 3069 4248 nec
3128 4190 3378 4263 proferre
3424 4191 3539 4248 alia
3595 4192 3857 4267 cupiunt,

2156 4282 2267 4338 nisi
2322 4296 2460 4353 quae
2517 4280 2850 4338 auditorum
2922 4279 3090 4337 corda
3141 4277 3213 4335 ad
3272 4279 3607 4352 repetendas
3666 4281 3864 4340 laudes

2154 4371 2481 4436 excutiunt,
2542 4383 2655 4426 non
2701 4376 2893 4425 autem
2939 4368 3009 4423 ad
3062 4368 3342 4438 lacrymas
3393 4368 3655 4426 tendunt.
3703 4367 3868 4426 Mens

2155 4456 2368 4530 quippe
2422 4456 2809 4513 exterioribus
2868 4460 3155 4527 occupata,
3225 4454 3360 4525 igne
3410 4454 3600 4512 divini
3652 4456 3867 4514 amoris

357 4552 622 4610 funditus
655 4555 933 4624 penetret,
966 4552 1021 4605 et
1049 4546 1137 4604 vel
1183 4553 1452 4618 corrupta
1494 4542 1715 4613 solidet,
1751 4542 1838 4599 vel
1878 4542 2132 4599 tume-“
2157 4560 2273 4602 non
2311 4544 2474 4615 calet,
2507 4552 2561 4599 et
2594 4542 2803 4599 idcirco
2843 4543 2913 4599 ad
2958 4555 3346 4613 supernorum
3378 4542 3734 4601 desiderium
3773 4544 3865 4602 in-

358 4644 507 4702 facta
555 4642 752 4701 noxiis
800 4639 1152 4698 humoribus
1196 4644 1417 4712 purget.
1460 4634 1583 4692 Tua
1621 4649 1757 4692 vero
1789 4632 2070 4690 mirabilis
2156 4633 2451 4691 ﬂammare
2479 4631 2771 4690 auditores
2799 4645 2935 4688 suos
2969 4637 3264 4703 nequeunt
3296 4629 3471 4688 verba
3495 4645 3628 4705 quae
3662 4631 3868 4705 frigide

356 4735 653 4794 medicina
682 4749 791 4791 non
831 4748 1021 4790 moras
1051 4729 1309 4801 innectit,
1336 4743 1454 4786 non
1484 4742 1615 4800 quat
1641 4741 1674 4783 a
1706 4723 1943 4781 medicis
1970 4738 2069 4782 cu-
2156 4725 2325 4782 corde
2364 4722 2756 4795 proferuntur.
2789 4718 2989 4792 Neque
3017 4717 3174 4775 enim
3205 4735 3295 4776 res
3341 4734 3475 4792 quae
3497 4727 3552 4778 et
3580 4720 3640 4778 in
3666 4727 3868 4779 semet-

357 4825 624 4892 stoditur,
686 4823 855 4882 dictae
904 4821 1308 4880 discretionem
1363 4817 1592 4891 quierit,
1654 4814 1751 4874 sed
1814 4829 1949 4872 mox
2008 4818 2073 4871 ut
2158 4814 2278 4888 ipsa
2310 4828 2426 4871 non
2467 4810 2690 4874 arserit.
2721 4810 2881 4868 aliud
2906 4806 3181 4865 accendit.
3223 4806 3387 4865 Unde
3430 4808 3496 4865 fit
3524 4807 3867 4883 plerumque

353 4921 769 4974 summotenus
822 4912 1093 4986 tangitur,
1141 4910 1298 4968 salus
1341 4907 1710 4981 integerrima
1756 4911 2072 4979 reparatur.
2159 4911 2222 4961 ut
2250 4898 2881 4994 hypocritarumdicta,
2920 4903 2975 4955 et
3005 4894 3306 4994 audientes
3347 4911 3463 4994 non
3494 4896 3782 4994 erudiant,
3814 4906 3867 4954 ct

360 5002 538 5062 Solve
579 5019 735 5077 ergo,
785 4983 972 5073 Pater,
1011 5000 1189 5070 solve,
1232 4999 1485 5070 obsecro,
1519 4997 1845 5070 ligaturam,
1879 5004 1933 5052 et
1962 5003 2075 5054 tam
2160 4993 2390 5084 eosdem
2418 4990 2572 5084 ipsos
2600 4986 2699 5061 qui
2732 4986 3032 5081 proferunt
3060 4983 3238 5084 elatos
3261 4983 3534 5084 laudibus
3562 4984 3871 5084 deteriores

358 5072 836 5166 incomparabilis
860 5091 1166 5149 medicinae
1194 5089 1362 5148 nobis
1391 5088 1547 5146 trade
1575 5086 1859 5145 notitiam.
2164 5080 2423 5174 reddant.
2473 5080 2791 5174 Attestante
2821 5073 3038 5174 etenim
3067 5072 3278 5174 Paulo;
3322 5096 3349 5125 (ι
3391 5072 3866 5174 Scientia_infl§£.

446 5160 760 5241 Videamus
789 5188 841 5239 et
881 5197 986 5240 nos
1012 5179 1449 5239 inaestimabiles
1476 5177 1902 5251 pigmentorum
1948 5180 2074 5233 tuo-
2164 5170 2412 5228 Charitas
2461 5164 2708 5259 mdiiigal
2743 5167 2791 5259 (ζ
2836 5164 2955 5221 0ον.
3000 5165 3203 5259 νηρχξ»
3240 5160 3571 5259 Οιξιηιθνὲξο
3621 5163 3872 5259 {maritas

361 5288 501 5333 rum
548 5272 787 5347 species,
834 5270 1140 5330 odoremus
1181 5267 1641 5343 jucundissimas
1700 5264 2078 5336 flagrantium
2165 5261 2457 5319 auditores
2490 5252 2833 5347 aedificando
2874 5266 2989 5310 non
3019 5252 3207 5323 erigit,
3238 5252 3480 5308 scicntia
3517 5253 3871 5325 proferentes

362 5345 698 5422 aromatum
743 5359 1073 5419 suavitates.
1121 5358 1245 5427 Eia,
1303 5357 1528 5425 fratres,
1575 5353 1789 5423 audite,
1844 5351 2081 5410 libellus
2170 5348 2429 5445 inflando
2456 5345 2746 5445 pervertit.
2842 5431 2856 5445 ‘
3010 5444 3019 5445 7
3227 5429 3250 5445 ﬂ
3315 5436 3324 5445 ι
3558 5432 3570 5443 ⁸
3705 5433 3715 5445 ,

361 5450 782 5510 sacratissima:
832 5450 962 5523 ejus
1004 5447 1143 5506 vita;
1184 5462 1374 5505 coram
1423 5443 1644 5503 cunctis
1679 5442 1897 5516 aperiat
1938 5452 2084 5515 quas
2242 5434 2801 5533 Plerumquef'tiam
2842 5429 3179 5533 hypocritte,
3224 5429 3425 5489 fratres
3459 5432 3594 5533 mei,
3636 5433 3783 5533 mira
3813 5451 3874 5492 se

358 5544 695 5599 aromatum
720 5518 937 5613 species
964 5536 1091 5610 ejus
1118 5537 1179 5593 in
1208 5551 1270 5594 se
1288 5533 1575 5593 medicina
1602 5531 1891 5590 contineat
1914 5528 2086 5588 histo—
2170 5527 2520 5620 abstinentia
2554 5524 2843 5620 affligunt,
2880 5534 3064 5620 omne
3090 5518 3266 5620 robur
3303 5522 3557 5620 corporis
3600 5531 3870 5592 atterunt.

358 5631 482 5703 ria,
524 5609 798 5691 videlicet
830 5609 1248 5689 saluberrima:
1286 5625 1388 5684 illa
1414 5623 1695 5684 confectio
1722 5620 1938 5697 quibus
1961 5631 2087 5677 aro-
2178 5625 2238 5675 et
2266 5617 2434 5709 quasi
2460 5615 2652 5676 carnis
2674 5614 2851 5673 vitam
2880 5609 3146 5670 funditus
3179 5609 3242 5668 in
3278 5627 3454 5672 carne
3491 5614 3748 5673 viventes
3769 5630 3876 5672 ex-
