4064 6208
256 364 362 425 879

878 362 937 424 S.
981 362 1205 423 PETRI
1242 362 1568 425 DAMIANI
1607 366 1764 428 OPP.
1808 364 2000 429 PARS
2040 369 2183 432 SEU
2224 374 2475 437 TOMUS
2512 377 2588 436 II.
2626 410 2697 422 —
2737 377 3151 441 SERMONES.

3649 387 3762 445 880

252 462 803 579 stinguunt,‘sicque
823 486 1350 579 perabstinentiam
1373 490 1549 549 morti
1577 493 1964 566 appropriaut,
1986 495 2040 556 Α
2056 510 2159 569 per
2204 514 2319 573 eas,
2344 501 2521 561 totius
2551 502 2757 562 mundi
2784 502 3053 562 decernat
3093 503 3400 578 caliginem
3429 506 3758 579 illustrare;

251 584 317 639 ut
342 594 490 654 pene
510 577 770 653 quotidie
798 577 1109 636 morientes
1138 578 1361 651 vivant,
1392 579 1490 638 sed
1518 580 1590 639 ad
1616 581 1726 640 hoc
1754 582 1963 642 huma-

254 684 356 727 nos
380 669 578 728 oculos
601 673 896 743 quarunt,
955 668 1355 727 admirationis
1383 668 1627 743 gloriam
1657 679 1959 745 expetunt,

255 753 505 813 Veritate
548 758 866 825 attestante,
911 768 1047 828 qua
1090 755 1171 813 ait
1218 779 1230 813 :
1277 775 1305 808 α
1354 755 1763 815 Exterminant
1803 759 1960 818 enim

248 845 425 904 facies
492 860 659 916 suas,
720 851 782 903 ut
860 852 1173 918 appareant
1244 845 1586 905 hominibus
1635 846 1964 921 jejunantes

248 936 464 1007 (Matth.
510 936 610 1006 v1).
656 959 682 982 υ
728 933 875 993 Nam
909 949 1007 992 ora
1047 932 1391 1007 pallescunt,
1432 949 1640 1008 corpus
1668 935 1961 995 debilitate

243 1023 522 1096 quatitur,
552 1030 752 1096 pectus
791 1021 1352 1095 interrumpentibus
1380 1021 1647 1096 suspiriis
1676 1030 1950 1097 urgetur;

239 1111 339 1169 sed
364 1110 514 1168 inter
546 1111 671 1169 hac
696 1109 767 1168 ab
793 1125 890 1168 ore
918 1109 1316 1184 proximorum
1349 1125 1538 1169 sermo
1555 1110 1954 1172 admirationis

237 1201 538 1276 quaritur,
571 1200 839 1274 nihilque
876 1214 979 1273 pro
1020 1206 1176 1258 tanto
1215 1198 1410 1258 labore
1444 1198 1625 1272 aliud,
1658 1201 1771 1259 nisi
1804 1201 1954 1261 asti-

236 1290 414 1348 matio
447 1289 723 1359 humana,
754 1287 1055 1361 cogitatur.

315 1375 460 1434 355
506 1376 870 1452 Perpendite,
920 1376 1277 1436 dilectissimi
1328 1376 1530 1434 fratres
1571 1379 1711 1448 mei,
1773 1392 1950 1450 quam

236 1466 588 1525 miserabilis
622 1468 904 1525 vecordia
953 1474 1039 1525 est
1082 1465 1365 1524 laboriose
1411 1481 1599 1540 agere,
1631 1475 1688 1525 et
1731 1467 1805 1525 ab
1851 1483 1949 1526 ore

233 1556 544 1615 hominum
577 1555 779 1614 laudes
812 1555 1067 1628 inhiare;
1106 1555 1237 1613 forti
1276 1569 1446 1628 opere
1491 1557 1792 1631 praceptis
1827 1572 1944 1615 ca-

231 1644 473 1703 lestibus
499 1644 801 1714 inservire,
820 1644 919 1703 sed
947 1650 1190 1702 terrena
1214 1644 1612 1703 retributionis
1633 1645 1943 1719 pramium

2048 592 2114 645 ut
2144 586 2285 647 dum
2318 588 2600 663 fulgentia
2623 598 2777 651 astra
2814 592 3035 650 radiare
3067 608 3168 667 per
3205 593 3336 653 cali
3367 595 3600 654 climata
3633 613 3754 657 cer-

2043 676 2263 746 nimus,
2300 678 2582 739 inoll'enso
2621 681 2763 754 pede
2801 683 2990 755 operis
3027 682 3137 741 iter
3165 690 3377 741 nostra
3409 685 3592 743 noctis
3625 701 3754 743 am-

2040 762 2332 825 bulemus.
2366 765 2531 826 Sicut
2560 768 2717 827 enim
2753 770 3074 829 matutinus
3099 770 3306 829 lucifer
3334 770 3516 830 solem
3544 789 3756 847 prace-

2039 849 2182 910 dens
2205 854 2278 911 ab
2308 852 2584 913 Orientali
2614 857 2776 929 prius
2803 856 2969 931 plaga
2995 858 3311 932 consurgit,
3337 858 3547 917 deinde
3574 859 3755 918 meri-

2038 939 2198 998 diani
2213 941 2461 1002 climatis
2481 945 2777 1018 superiora
2797 947 3131 1004 conscendit
3154 966 3166 1005 :
3207 947 3280 1005 ad
3303 954 3751 1025 extremumque

2037 1042 2153 1100 quo
2180 1044 2398 1102 pronus
2435 1032 2497 1090 in
2535 1033 2843 1092 occiduum
2879 1049 3052 1092 axem
3090 1034 3307 1109 vergit;
3332 1036 3413 1095 sic
3443 1037 3749 1107 nimirum,

2037 1115 2121 1175 sic
2176 1117 2549 1178 beatissimus
2596 1120 2890 1180 confessor
2940 1122 3152 1181 Christi
3202 1122 3622 1197 Barbatianus,
3674 1124 3750 1183 de

2037 1206 2418 1265 Antiochenis
2457 1207 2702 1278 ﬁnibus,
2745 1210 2901 1268 unde
2937 1210 3221 1270 oriundus
3258 1212 3463 1280 fuerat,
3500 1214 3664 1285 exiit,
3690 1222 3749 1273 et

2035 1291 2282 1351 Romam
2313 1295 2722 1368 pertransiens,
2774 1296 2960 1356 multa
2996 1314 3124 1356 eam
3158 1299 3579 1360 miraculorum
3620 1302 3749 1360 luce

2032 1382 2285 1455 perfudit
2341 1407 2354 1441 :
2410 1391 2701 1458 postremo
2759 1386 3098 1446 Ravennam
3144 1406 3330 1464 usque
3376 1393 3744 1466 perveniens,

2031 1471 2361 1544 Christum,
2397 1475 2500 1548 qui
2549 1482 2633 1533 est
2684 1476 2771 1536 sol
2811 1477 3075 1550 justitia,
3119 1479 3389 1555 plurimis
3434 1483 3744 1543 hominum

2032 1562 2322 1622 mentibus
2368 1564 2695 1625 introduxit
2745 1591 2757 1626 :
2811 1568 3135 1628 Antiochia
3184 1571 3402 1631 scilicet
3436 1572 3743 1647 splendore

2030 1650 2123 1710 sui
2173 1660 2335 1710 ortus
2382 1654 2639 1725 emicuit,
2670 1654 2874 1715 Roma
2921 1657 3203 1732 plurimos
3244 1660 3541 1736 signorum
3582 1664 3742 1737 igni-

235 1748 519 1807 quarere.
562 1732 722 1792 Sicut
759 1734 918 1791 enim
957 1734 1156 1791 beatus
1195 1732 1274 1790 ait
1321 1734 1656 1807 Gregorius,
1697 1734 1802 1807 qui
1838 1750 1942 1808 pro
2028 1740 2191 1799 culos
2236 1742 2464 1815 sparsit,
2493 1743 2701 1802 urbem
2752 1761 2888 1804 vero
2931 1744 3273 1807 Ravennam
3300 1732 3484 1810 vvelut
3530 1732 3740 1812 occasu

232 1824 447 1916 virtute
468 1837 647 1916 quam
675 1821 813 1916 agit,
848 1822 1175 1916 humanum
1200 1823 1462 1916 favorem
1489 1823 1792 1916 desiderat,
1818 1839 1937 1916 rem
1959 1855 2006 1916 Β
2027 1825 2173 1885 356
2222 1833 2591 1892 sacratissimi
2630 1836 2722 1894 sui
2759 1835 2969 1895 obitus
2990 1836 3323 1897 illustravit.
3354 1839 3438 1898 Ita
3472 1840 3743 1901 videlicet

230 1910 429 1983 magni
460 1910 651 1970 meriti
691 1909 794 2002 vili
832 1911 1016 2002 pretio
1050 1910 1311 2002 venalem
1343 1919 1546 1985 portat.
1597 1911 1762 1970 Unde
1806 1909 2248 1977 cali—meritis
2297 1921 2645 1981 sanctissimi
2690 1924 2867 1998 hujus
2908 1925 3041 1998 viri,
3068 1925 3225 1985 velut
3255 1928 3394 1987 novi
3431 1929 3741 2002 splendore

224 2016 470 2076 regnum
499 2000 707 2090 mereri
743 2000 950 2074 potuit,
986 2001 1119 2059 inde
1151 2015 1466 2090 nummum
1506 2002 1820 2062 transitorii
1852 2005 1938 2062 fa-
2023 2006 2275 2081 luciferi,
2326 2009 2388 2068 in
2436 2012 2621 2071 tribus
2666 2014 2788 2073 suis
2842 2015 3152 2089 pracipuis
3191 2000 3527 2090 regionibus
3581 2026 3739 2079 totus

224 2088 642 2182 voris‘quarit.
674 2088 849 2182 Intus
876 2104 1031 2163 ergo,
1066 2089 1267 2182 fratres
1298 2089 1436 2160 mei,
1467 2090 1939 2182 intusservanda
2022 2098 2225 2156 rutilat
2251 2101 2530 2172 mundus,
2564 2102 2706 2164 dum
2732 2104 2796 2163 in
2821 2088 2937 2165 alia
2965 2088 3170 2165 mundi
3195 2088 3361 2182 plaga
3388 2110 3514 2182 ejus
3540 2110 3736 2168 cerni-

217 2189 355 2239 sunt
394 2180 563 2253 bona,
594 2195 728 2270 qua
763 2180 1012 2254 agimus,
1047 2180 1096 2238 si
1142 2179 1215 2238 ab
1253 2179 1485 2238 interno
1517 2179 1713 2253 judice
1749 2181 1935 2241 vicem
2022 2192 2115 2245 tur
2152 2194 2333 2261 ortus,
2374 2190 2437 2248 in
2476 2191 2592 2250 alia
2629 2193 3055 2266 quodammodo
3088 2179 3319 2255 videtur
3350 2179 3641 2270 ascensus,
3667 2197 3733 2256 iu

220 2270 472 2343 recipere
518 2269 701 2329 nostri
748 2270 937 2345 operis
989 2276 1412 2345 exspectamus.
1444 2270 1597 2329 Hinc
1644 2280 1730 2331 est
1774 2273 1933 2331 enim

222 2360 377 2434 quod
409 2362 467 2418 in
518 2358 833 2432 Evangelio
873 2359 1097 2418 Veritas
1143 2358 1324 2417 dicit:
1369 2380 1395 2412 α
1428 2358 1653 2417 Nesciat
1697 2360 1934 2420 sinistra

228 2456 325 2510 tua
350 2451 493 2525 quid
519 2451 690 2510 faciat
713 2451 949 2509 dextera
979 2458 1095 2521 tua,
1126 2457 1190 2508 ut
1216 2450 1289 2507 sit
1318 2450 1684 2524 eleemosyna
1727 2457 1823 2509 tua
1869 2451 1931 2509 in

223 2540 576 2611 abscondito,
605 2545 661 2598 et
712 2539 877 2599 Pater
930 2547 1085 2613 tuus,
1114 2541 1218 2614 qui
1264 2539 1420 2599 videt
1461 2541 1522 2599 in
1570 2541 1928 2613 abscondito,

225 2629 423 2688 reddet
460 2629 563 2687 tibi
621 2633 844 2699 (Matth.
885 2642 993 2701 γι).
1031 2653 1057 2680 ιι
1100 2628 1253 2688 Hinc
1287 2637 1388 2699 est,
1423 2629 1576 2703 quod
1612 2629 1682 2687 de
1716 2629 1927 2689 electo-

216 2737 347 2779 rum
377 2721 627 2781 Ecclesia
655 2738 756 2796 per
793 2722 1152 2781 Psalmistam
1192 2723 1403 2782 dicitur
1444 2742 1455 2781 :
1502 2748 1529 2773 α
1563 2723 1764 2784 Omnis
1800 2726 1925 2799 glo-

2024 2278 2185 2337 tertia
2212 2279 2538 2340 celebratur
2565 2297 2819 2342 occasus.

2090 2366 2179 2438 Et,
2211 2367 2364 2428 sicut
2395 2369 2466 2428 de
2497 2371 2867 2445 compatriota
2896 2373 3021 2447 ejus
3050 2373 3379 2433 beatissimo
3405 2374 3731 2450 Apollinari

2016 2455 2078 2513 in
2103 2457 2218 2516 alio
2246 2474 2519 2519 sermone
2539 2462 2678 2534 (119)
2695 2462 2817 2534 jam
2840 2463 3120 2538 diximus,
3138 2481 3311 2538 quam
3323 2472 3471 2525 recte
3500 2466 3610 2525 sibi
3630 2467 3728 2525 lu-

2015 2544 2177 2604 ciferi
2208 2561 2423 2606 nomen
2448 2550 2849 2625 congruit,qui
2870 2551 3113 2611 Romam
3136 2553 3448 2628 ingressus,
3472 2556 3727 2630 primum

2015 2634 2255 2693 virtutis
2280 2652 2406 2695 sua
2422 2638 2771 2698 miraculum
2796 2640 2866 2698 de
2896 2640 3117 2700 lumine
3145 2642 3295 2701 fecit.
3324 2642 3543 2715 Regina
3560 2644 3725 2701 enim

2013 2722 2176 2783 Galla
2205 2724 2481 2799 Placidia,
2511 2734 2579 2786 ut
2615 2728 2881 2801 audistis,
2914 2728 3247 2803 suppliciter
3272 2730 3399 2805 ejus
3436 2730 3727 2807 ﬂagitabat

38 4092 109 4117 ρμσ
196 4078 349 4122 mus.
380 4063 522 4123 Ecce
580 4064 735 4122 enim
791 4064 884 4121 hic
936 4063 1307 4122 beatissimus
1359 4063 1450 4120 vir
1501 4060 1899 4133 Barbatianus,

212 2808 297 2866 ria
346 2810 473 2882 ejus
524 2806 661 2869 ﬁlia
705 2812 858 2883 regis
901 2812 975 2869 ab
1022 2810 1181 2869 intus
1234 2814 1404 2881 (Psal.
1456 2820 1645 2881 XLIV).
1697 2834 1724 2866 »
1774 2813 1925 2873 Filia
2010 2813 2308 2872 auxilium
2341 2831 2450 2888 pro
2479 2816 2727 2889 quadam
2759 2833 2865 2876 sua
2895 2818 3251 2892 pedissequa,
3278 2830 3414 2892 qua
3444 2817 3722 2877 intolera-

222 2897 437 2972 quippe
475 2914 680 2974 regum
718 2907 802 2957 est
837 2910 1030 2959 sancta
1073 2900 1348 2972 Ecclesia,
1388 2916 1521 2976 qua
1551 2902 1624 2958 in'
1652 2901 1802 2961 bono
1839 2911 1923 2962 est
2013 2902 2230 2961 bilibus
2290 2906 2655 2965 cruciabatur
2702 2907 2997 2966 doloribus
3044 2908 3385 2980 oculorum;
3436 2908 3537 2983 qui
3577 2923 3720 2968 mox

221 3002 391 3061 opere
420 2989 809 3062 spiritualium
839 2990 1171 3066 principum
1200 2992 1607 3065 pradicatione
1633 3002 1916 3066 generata,
2009 2992 2182 3064 pallio
2212 3009 2318 3052 suo
2362 2998 2491 3070 ejus
2538 2998 2736 3055 oculos
2785 2997 2941 3069 tangi
2988 2998 3277 3071 pracepit,
3309 3006 3364 3057 et
3416 3003 3498 3057 sic
3534 2999 3610 3058 ab
3648 3015 3720 3058 ea

214 3093 349 3154 qua
402 3078 544 3138 dum
596 3094 656 3138 se
707 3079 766 3136 in
818 3078 1133 3139 virtutibus
1196 3086 1409 3138 sancta
1469 3082 1920 3143 conversationis
2007 3080 2277 3153 protinus
2329 3098 2566 3143 omnem
2622 3085 2911 3158 pestifera
2975 3085 3341 3161 agritudinis
3392 3086 3713 3145 molestiam

207 3175 458 3241 exercet,
492 3166 632 3241 quia
664 3183 767 3243 per
802 3167 913 3226 hoc
957 3167 1064 3227 soli
1102 3168 1219 3227 Deo
1262 3168 1485 3242 placere
1538 3168 1746 3242 studet,
1800 3187 1914 3230 non
1936 3210 1980 3272 Ο
2005 3170 2300 3244 eﬁ‘ugavit.

207 3259 345 3316 foris
401 3257 664 3331 gloriam,
726 3259 825 3319 sed
878 3260 1037 3319 intus
1094 3259 1285 3319 habet.
1316 3258 1468 3317 Hinc
1516 3258 1733 3320 Paulus
1785 3262 1864 3320 ait
1897 3257 1979 3320 δ”
2073 3259 2428 3334 Quapropter
2457 3277 2590 3320 cum
2622 3262 2961 3337 dignitatem
2996 3270 3174 3334 tuam,
3204 3263 3539 3323 felicissima
3573 3263 3715 3322 urbs

206 3375 231 3399 κ
268 3347 464 3409 Gloria
515 3358 713 3411 nostra
766 3353 891 3410 hac
946 3358 1050 3423 est,
1090 3351 1486 3411 testimonium
1543 3352 1913 3411 conscientia
2000 3351 2298 3424 Ravenna,
2352 3354 2558 3412 subtili
2604 3354 2975 3413 meditatione
3012 3354 3330 3426 considero,
3371 3352 3716 3427 largissimis

201 3447 411 3500 nostra
460 3444 533 3514 (ΙΙ
559 3444 677 3500 Cor.
706 3443 764 3514 1).
814 3467 839 3490 ››
885 3439 1141 3501 Gloriam
1189 3456 1356 3500 suam
1398 3441 1709 3515 Apostolus
1756 3442 1912 3500 testi-
1998 3445 2053 3498 te
2093 3442 2505 3500 misericordia
2552 3442 2770 3521 divina
2810 3443 3104 3502 beneﬁciis
3142 3442 3376 3501 ditatam
3417 3459 3543 3502 esse
3585 3459 3712 3518 per—

200 3531 464 3592 monium
515 3529 884 3590 conscientia
936 3536 1216 3588 memorat
1247 3573 1262 3600 ,
1325 3530 1462 3605 quia
1510 3530 1733 3587 favores
1793 3530 1911 3588 oris
1995 3528 2203 3600 pendo.
2237 3526 2417 3587 Video
2446 3530 2606 3588 enim
2639 3529 2774 3604 quia
2803 3547 2876 3588 ex
2904 3531 3026 3604 ipso
3054 3530 3317 3604 originali
3347 3531 3507 3589 fonte
3535 3530 3706 3589 Chri-

196 3618 373 3677 alieni
414 3636 531 3678 non
560 3626 835 3694 appetens
872 3618 1006 3677 vita
1044 3634 1167 3677 sua
1197 3618 1407 3692 gaudia
1443 3624 1605 3675 extra
1636 3618 1909 3692 semetip-
1996 3616 2200 3674 stiana
2246 3616 2562 3691 religionis,
2593 3626 2882 3693 perpetua
2928 3619 3189 3677 meruisti
3225 3617 3500 3693 poculum
3551 3621 3707 3679 hau-

196 3722 329 3766 sum
356 3723 569 3780 ponere
594 3706 913 3782 ignorabat.
1994 3702 2109 3762 rire
2140 3705 2365 3763 salutis.
2396 3705 2464 3764 In
2510 3706 2817 3765 Antiochia
2862 3708 3137 3781 namque,
3165 3708 3313 3766 sicut
3354 3709 3418 3766 in
3465 3708 3707 3767 Actibus

266 3794 616 3856 Occultauda
644 3803 782 3855 sunt
807 3810 962 3870 ergo,
992 3796 1193 3853 fratres
1223 3793 1569 3865 charissimi,
1592 3795 1743 3853 bona
1771 3810 1905 3868 qua
1989 3793 2382 3867 apostolorum
2408 3793 2642 3869 legitur,
2664 3795 2919 3870 primum
2945 3795 3256 3855 Christiani
3274 3795 3543 3870 discipuli
3566 3804 3707 3856 sunt

198 3883 446 3958 agimus,
477 3900 552 3944 ne
578 3885 703 3943 hac
733 3884 796 3942 in
821 3883 999 3956 hujus
1022 3883 1158 3941 vita
1185 3882 1391 3941 itinere
1415 3881 1642 3941 incaute
1672 3890 1905 3955 portan-
1996 3883 2177 3942 vocati
2214 3886 2358 3953 (Act.
2393 3891 2502 3953 x1).

198 3980 300 4044 tes,
356 3973 824 4033 latrouinantium
906 3973 1218 4047 spirituum
1293 3972 1624 4031 incursione
1700 3971 1905 4044 perda-
2060 3972 2151 4031 Ex
2188 3973 2313 4047 ipso
2356 3973 2536 4043 igitur
2576 3983 2791 4033 sancta
2838 3974 3109 4034 Ecclesia
3148 3973 3523 4033 fundamento
3551 3988 3703 4048 qua-

1988 4061 2178 4120 dratos
2214 4061 2431 4135 lapides
2480 4063 2806 4137 suscepisti;
2846 4079 3019 4138 super
3054 4078 3200 4138 quos
3234 4063 3395 4121 velut
3430 4062 3700 4121 ﬁrmissi-

193 4155 361 4227 cujus
400 4155 573 4213 hodie
623 4155 789 4211 nobis
841 4155 1080 4214 festivus
1124 4152 1331 4212 natalis
1371 4153 1590 4225 illuxit,
1623 4168 1736 4210 non
1790 4153 1901 4211 hu-
1987 4166 2111 4209 mas
2155 4151 2319 4209 bases
2368 4158 2574 4223 erecta,
2627 4151 2913 4211 immobili
2967 4168 3028 4211 es
3077 4151 3213 4209 ﬁdei
3275 4157 3331 4209 et
3384 4150 3704 4210 sanctitatis

197 4259 387 4303 mana
421 4243 610 4302 laudis
645 4244 887 4317 gloriam
926 4244 1108 4318 petiit,
1152 4258 1264 4300 non
1319 4242 1539 4301 favores
1592 4243 1897 4302 hominum
1984 4240 2270 4299 soliditate
2325 4239 2583 4298 fundata.
2654 4239 2796 4299 Inde
2852 4240 3010 4298 enim
3071 4240 3249 4299 habes
3305 4239 3699 4313 Apollinarem

194 4332 517 4401 affectavit;
555 4346 670 4390 non
711 4332 955 4391 ostensis
992 4338 1072 4390 tot
1124 4330 1421 4390 miraculis
1463 4346 1736 4405 apparere
1779 4332 1900 4407 ipse
1984 4329 2363 4404 apostolicum
2420 4336 2731 4403 martyrem
2759 4374 2772 4401 ,
2832 4331 2969 4389 inde
3022 4330 3197 4388 etiam
3284 4329 3698 4389 Barbatiauum

193 4422 479 4482 mirabilis
516 4422 720 4494 voluit,
755 4438 873 4482 non
916 4423 987 4482 de
1025 4421 1244 4482 collatis
1274 4428 1352 4480 tot
1378 4421 1439 4480 in
1468 4423 1771 4497 languidos
1797 4424 1899 4483 be-
1983 4421 2275 4495 egregium
2306 4422 2712 4492 confessorem,
2735 4424 2841 4496 qui
2862 4423 3175 4482 velutdua
3192 4421 3698 4481 excellentissima

191 4513 412 4571 neﬁciis
445 4513 721 4571 humana
751 4512 1147 4571 retributionis
1176 4513 1486 4586 pramium
1511 4515 1894 4587 exspectavit;
1914 4568 1963 4588 ἢ
1984 4510 2141 4569 cedri
2182 4511 2453 4584 paradisi,
2482 4514 2564 4571 sic
2608 4521 2659 4570 te
2694 4513 2871 4572 ramis
2914 4529 3036 4572 sua
3082 4512 3448 4588 profectionis
3485 4511 3698 4570 obum-

1880 4559 1894 4585 ἲ

188 4603 332 4677 quin
376 4603 550 4661 etiam
594 4602 957 4662 medicinalis
1015 4602 1276 4661 exercitii
1324 4568 1717 4676 praetendebat
1766 4568 2174 4679 spe-Dbrant,
2207 4608 2272 4660 ut
2306 4603 2355 4659 si
2396 4602 2504 4660 sub
2533 4603 2618 4660 eis
2650 4602 2950 4660 humiliter
2988 4568 3224 4661 manere
3265 4601 3536 4669 volueris,
3564 4616 3695 4658 om-

190 4694 359 4765 ciem,
411 4700 475 4753 ut
521 4692 908 4751 clarissimum
949 4691 1182 4750 virtutis
1230 4707 1353 4750 sua
1405 4692 1684 4765 potuisset
1729 4693 1898 4752 obfu-
1986 4703 2117 4745 nem
2146 4704 2179 4744 ει
2213 4694 2263 4745 te
2291 4689 2583 4746 turbinem
2617 4688 2964 4747 adversaria
2996 4691 3344 4764 tempestatis
3373 4688 3692 4763 expellant.

188 4798 346 4842 scare
397 4783 664 4841 nitorem.
696 4781 766 4839 Et
815 4780 973 4839 velut
1015 4796 1294 4853 magnum
1340 4781 1470 4839 cali
1516 4789 1737 4840 astrum
1784 4798 1901 4840 nu-
1983 4777 2053 4834 Et
2085 4784 2147 4835 ut
2176 4778 2261 4835 eis
2302 4778 2498 4836 deesse
2556 4778 2642 4836 nil
2695 4779 2882 4837 valeat
2926 4779 3081 4852 quod
3116 4779 3188 4837 ad
3235 4779 3535 4837 cumulum
3577 4784 3698 4834 tua

188 4872 319 4931 bem
354 4869 665 4929 virtutibus
693 4869 814 4929 suis
840 4868 1076 4927 curabat
1101 4884 1405 4942 opponere,
1437 4876 1504 4927 ut
1534 4869 1675 4927 dum
1702 4869 1901 4928 minus
1984 4865 2273 4924 felicitatis
2325 4866 2585 4932 attineat,
2620 4883 2756 4925 mox
2806 4875 2872 4925 ut
2925 4866 2997 4924 de
3049 4867 3427 4926 Antiochenis
3475 4867 3700 4926 ﬁnibus

190 4960 262 5018 ad
298 4961 586 5019 exteriora
622 4957 811 5016 radios
839 4972 962 5016 sua
993 4957 1139 5016 lucis
1169 4957 1537 5029 expanderet,
1576 4958 1741 5033 quasi
1781 4974 1895 5016 un-
1982 4960 2222 5025 exeunt,
2258 4953 2482 5024 Roma,
2514 4966 2648 5028 qua
2674 4954 2890 5028 absque
2914 4953 3092 5011 dubio
3121 4960 3297 5028 caput
3326 4960 3410 5012 est
3443 4962 3499 5010 et
3530 4956 3696 5026 prin-

191 5048 368 5122 dique
388 5049 449 5106 in
479 5046 782 5121 semetipso
798 5044 1087 5116 collectus,
1110 5044 1169 5104 in
1196 5052 1505 5120 conspectu
1534 5046 1735 5104 aterui
1760 5047 1899 5105 solis
1980 5044 2183 5119 cipalis
2221 5045 2383 5102 sedes
2440 5044 2616 5102 totius
2651 5050 2864 5102 sancta
2902 5042 3195 5112 Ecclesia,
3224 5048 3696 5113 commorantur;

190 5138 420 5211 plenius
446 5137 716 5196 eluceret.
1986 5132 2266 5191 nimirum
2307 5140 2370 5190 ut
2408 5132 2467 5189 in
2519 5131 2714 5191 schola
2758 5132 2907 5191 Petri
2956 5132 3228 5206 primitus
3260 5133 3499 5200 discant,
3532 5130 3695 5204 quod

262 5226 428 5285 Libet
477 5233 692 5296 autem,
737 5223 1115 5293 dilectissimi,
1149 5223 1456 5298 pulchrum
1507 5224 1725 5283 divina
1775 5224 1894 5283 dis-
1985 5230 2035 5280 te
2083 5221 2445 5295 postmodum
2487 5221 2558 5277 de
2591 5221 2849 5279 doctrina
2886 5223 3145 5281 veritatis
3191 5221 3500 5292 erudiant;
3536 5228 3594 5279 et
3624 5220 3701 5278 de

186 5314 539 5389 pensationis
586 5314 850 5373 ordinem
892 5313 1144 5372 studiose
1195 5312 1577 5388 perpendere,
1631 5314 1898 5374 videlicet
1981 5313 2292 5387 purissimo
2333 5312 2487 5370 fonte
2521 5311 2889 5371 abundanter
2920 5313 3141 5386 bibant,
3172 5314 3325 5389 quod
3364 5315 3425 5373 in
3458 5320 3512 5372 te
3538 5312 3700 5372 salu-

193 5402 441 5479 qualiter
475 5403 838 5478 omnipotens
874 5402 1027 5462 Deus
1063 5404 1133 5461 ad
1181 5401 1629 5462 illuminandam
1669 5409 1896 5463 noctem
1982 5401 2120 5460 taris
2160 5401 2448 5478 doctrinae
2483 5400 2813 5475 magisterio
2853 5402 3013 5461 velut
3047 5402 3357 5463 eructando
3386 5402 3697 5462 transfun-

196 5496 331 5554 vita
359 5494 661 5569 prasentis
696 5495 892 5554 stellas
922 5510 1057 5553 suas
1084 5494 1145 5552 in
1172 5493 1303 5554 cali
1330 5494 1533 5555 faciem
1564 5494 1809 5567 mittere,
1839 5503 1897 5555 et
1980 5490 2143 5550 dant.
2180 5489 2485 5564 Tanquam
2523 5490 2683 5549 enim
2707 5489 2918 5550 iterum
2952 5491 3189 5563 Paulus,
3215 5492 3426 5553 iterum
3456 5492 3693 5566 Apollo,

250 5682 384 5750 (H9)
403 5682 515 5738 Ser.
541 5684 588 5747 2,
618 5682 685 5734 de
709 5683 757 5734 S.
784 5681 1091 5747 Apollinari.
