4064 6208
402 313 503 376 881

1921 311 2173 375 SERMO
2212 314 2414 376 LXVI.

3815 316 3922 376 882

398 452 544 512 quos
571 433 672 494 ille
709 435 770 493 in
807 435 920 510 ﬁde
964 433 1262 508 plantavit,
1297 433 1404 492 iste
1433 433 1760 507 largissime
1802 437 2429 510 miraculo-Apartum
2483 438 2750 510 colimus,
2807 441 3187 512 dilectissimi,
3238 456 3370 500 ecce
3428 456 3618 501 novus
3665 440 3912 519 virginis

401 541 532 584 rum
571 531 627 583 et
662 522 1093 598 praedicationis
1116 521 1303 580 imbre
1349 522 1577 595 rigavit.
1616 521 1727 582 Sed
1758 524 1898 598 quia
1929 540 2117 600 neque

400 616 503 688 qui
553 612 774 687 plantat
811 626 885 668 ex
931 626 992 668 se
1029 616 1114 668 est
1164 610 1408 684 aliquid,
1445 626 1635 686 neque
1669 613 1772 685 qui
1811 612 1976 686 rigat,
2011 629 2118 671 nos

401 703 574 760 etiam
622 699 935 774 apostolica
987 703 1292 769 sequentes
1345 699 1517 756 verba
1564 699 1874 758 dicamus:
1915 702 2118 760 «Deus

399 797 600 849 autem
632 788 1062 846 incrementum
1097 785 1271 842 dedit.
1309 807 1335 838 ››

472 880 594 938 Hos
624 881 804 952 igitur
838 885 951 934 tam
983 875 1289 949 praeclaros
1310 875 1558 934 caelestis
1584 879 1763 936 curite
1807 885 2116 951 senatores,

402 968 605 1026 fratres
633 964 982 1035 charissimi,
1008 965 1258 1038 perfecto
1289 964 1478 1022 cordis
1511 982 1707 1023 amore
1735 967 1976 1041 diligite,
2012 969 2119 1026 ho-

401 1070 534 1114 rum
580 1053 796 1110 imitari
836 1052 1103 1124 exempla
1141 1058 1253 1110 tota
1295 1052 1478 1109 animi
1527 1053 1830 1111 devotione
1879 1060 2114 1111 curate:

401 1159 541 1203 nam
570 1143 618 1201 si
654 1142 834 1200 vultis
878 1156 1001 1198 esse
1036 1140 1190 1213 quod
1230 1150 1386 1212 sunt,
1429 1157 1662 1200 necesse
1693 1151 1776 1202 est
1805 1144 1976 1202 etiam
2018 1160 2119 1203 vos

399 1232 588 1290 facere
616 1230 770 1304 quod
803 1230 1076 1287 fecerunt.
1116 1229 1224 1287 Per
1249 1236 1554 1302 angustam
1583 1247 1719 1305 ergo
1755 1239 1809 1289 et
1856 1245 2118 1306 asperam

399 1320 616 1386 laboris
649 1319 822 1390 viam,
851 1318 1232 1390 dilectissimi,
1267 1319 1328 1376 in
1360 1320 1468 1377 hoc
1498 1323 1714 1378 saeculo
1743 1337 1880 1379 cum
1906 1321 2118 1380 sanctis

401 1413 668 1485 incedite,
703 1419 764 1470 ut
787 1411 1154 1485 postmodum
1193 1410 1436 1469 valeatis
1460 1412 1531 1469 ad
1570 1428 1771 1471 eorum
1801 1413 2000 1486 gaudii
2031 1413 2117 1470 la-

401 1505 711 1564 titudinem
755 1504 1078 1578 pervenire.
1123 1502 1234 1572 Qui
1285 1502 1446 1559 enim
1495 1503 1633 1560 dicit
1675 1519 1734 1561 se
1780 1503 1842 1561 in
1891 1503 2118 1563 Christo

401 1607 655 1661 manere,
687 1592 854 1650 debet
891 1591 1044 1649 sicut
1078 1590 1177 1648 ille
1211 1590 1556 1660 ambulavit,
1586 1598 1640 1649 et
1669 1592 1790 1666 ipse
1815 1593 2119 1652 ambulare

399 1689 450 1754 (Ι
493 1687 652 1740 Joan.
696 1687 778 1752 ΙΙ).
828 1679 1036 1738 Procul
1075 1679 1258 1738 dubio
1296 1686 1491 1738 autem
1529 1696 1562 1737 a
1590 1682 1848 1754 vestigiis
1900 1683 2118 1740 Christi

2202 530 2535 604 triumphus
2588 534 2854 604 occurrit,
2898 535 3000 608 qui
3054 533 3372 592 solemnem
3421 531 3589 592 nobis
3643 533 3905 592 laetitiam

2200 619 2486 691 germinat
2523 625 2694 692 atque
2733 626 2796 679 ut
2840 620 3054 679 iterum
3091 621 3448 694 gaudeamus
3495 619 3721 690 invitat,
3764 620 3918 693 Apo-

2200 707 2343 765 stolo
2389 723 2496 766 nos
2536 709 2840 778 excitante,
2893 711 2994 783 qui
3033 711 3112 770 ait
3140 735 3152 770 :
3183 731 3211 765 «
3241 710 3497 770 Gaudete
3546 709 3608 766 in
3662 707 3909 767 Domino

2200 811 2457 868 semper;
2507 795 2720 854 iterum
2760 797 2886 857 dico
2911 818 2923 856 :
2948 797 3205 857 Gaudete
3243 801 3472 870 (Philip.
3508 803 3613 866 ιν).
3648 818 3675 850 ››
3713 797 3909 870 Virgi-

2199 899 2308 942 neo
2361 884 2548 956 partui
2603 885 2844 944 victoria
2910 887 3214 960 virginalis
3267 886 3543 945 inseritur
3597 891 3652 943 et
3704 886 3914 944 erectis

2199 971 2392 1030 adhuc
2432 972 2695 1031 ﬁdelium
2739 973 2953 1032 animis
2993 973 3251 1032 rediviva
3287 973 3499 1046 gaudia
3547 977 3908 1044 reparantur.

2203 1061 2396 1136 Nuper
2434 1063 2503 1120 de
2543 1063 2780 1138 Virgine
2818 1065 3104 1123 Dominus
3135 1064 3434 1121 humiliter
3466 1062 3699 1137 prodiit,
3732 1061 3905 1121 hodie

2197 1166 2300 1223 per
2351 1150 2635 1224 virginem
2692 1151 3036 1210 mirabiliter
3105 1153 3506 1224 triumphavit.
3565 1152 3728 1210 Tunc
3780 1151 3911 1211 coeli

2199 1238 2472 1297 Conditor
2498 1241 2570 1298 ad
2600 1257 2725 1310 nos,
2759 1243 3028 1299 inviolata
3057 1242 3206 1300 uteri
3235 1240 3539 1316 virginalis
3564 1240 3910 1313 integritate,

2199 1327 2526 1398 descendit;
2595 1330 2766 1389 hodie
2815 1331 3155 1389 inconcussa
3204 1329 3446 1404 virginis
3491 1331 3602 1388 ﬁde
3650 1330 3906 1389 Victoriae

2200 1415 2396 1474 titulos
2435 1419 2506 1476 ad
2556 1419 2769 1477 cmlum
2815 1435 2949 1478 cum
2986 1419 3167 1494 gloria
3207 1420 3535 1493 reportavit,
3585 1419 3783 1477 dicens
3821 1419 3909 1478 illi

2197 1519 2374 1578 quam
2415 1507 2576 1567 soliis
2621 1509 2953 1567 coelestibus
2997 1509 3313 1567 inferebat:
3344 1537 3367 1560 υ
3397 1510 3600 1581 Surge,
3638 1524 3899 1583 propera,

2197 1593 2381 1652 amica
2444 1611 2591 1667 mea,
2649 1597 2918 1656 columba
2968 1613 3112 1666 mea,
3170 1596 3419 1655 formosa
3472 1612 3617 1666 mea,
3676 1603 3730 1654 et
3775 1596 3910 1654 veni

2198 1684 2378 1750 (Cant.
2423 1689 2510 1754 II).
2555 1709 2576 1737 ι
2621 1685 2785 1744 Tunc
2831 1686 2928 1746 Dei
2969 1685 3237 1746 Genitrix
3279 1685 3578 1744 Christum
3616 1685 3908 1744 custodie-

400 1771 711 1841 exorbitat,
760 1769 862 1843 qui
908 1772 1216 1840 angustam
1270 1767 1522 1842 fugiens,
1583 1769 1911 1828 latitudinis
1961 1772 2299 1855 viameat
2331 1775 2388 1832 in
2420 1777 2696 1851 praesepio
2732 1777 3079 1850 vagientem,
3119 1776 3289 1835 hodie
3316 1775 3382 1835 B.
3426 1774 3707 1834 Columba
3745 1791 3908 1848 repe-

398 1861 595 1920 calcat.
625 1860 745 1917 Iste
782 1873 1037 1932 namque
1069 1857 1437 1915 beatissimus
1468 1857 1582 1929 vir,
1623 1860 1792 1934 cujus
1836 1861 2118 1919 hodierna

397 1947 683 2009 solemnia
710 1948 1072 2022 frequentare
1097 1945 1437 2018 gaudemus,
1480 1962 1596 2005 non
1644 1954 1900 2007 terrenos
1931 1950 2115 2009 hono-

401 2057 494 2100 res
545 2038 751 2107 voluit,
803 2052 920 2094 non
963 2034 1193 2093 fallaces
1247 2037 1479 2096 divitias
1525 2033 1671 2092 357
1726 2040 2114 2112 congregavit,

397 2144 518 2188 non
550 2126 757 2185 mundi
787 2126 1028 2199 gloriam
1068 2126 1251 2198 petiit,
1287 2142 1403 2186 non
1436 2127 1780 2186 transitoria;
1813 2129 2118 2201 possessio-

398 2218 491 2275 nis
515 2217 732 2291 przedia
763 2215 1045 2285 dilatavit,
1076 2218 1433 2292 propinquos
1472 2217 1706 2291 sprevit,
1744 2219 1988 2292 patriam
2017 2219 2114 2276 de-

398 2306 650 2381 reliquit,
688 2305 1063 2380 semetipsum
1095 2321 1328 2380 quoque
1359 2321 1462 2379 pro
1495 2322 1689 2364 amore
1730 2307 1944 2365 Christi
1976 2309 2116 2367 fun-

398 2397 557 2456 ditus
584 2394 917 2468 abnegavit.

469 2484 652 2543 Nemo
690 2497 828 2555 ergo
866 2481 1016 2540 dicat
1059 2482 1210 2555 quod
1252 2481 1342 2540 illi
1381 2483 1748 2543 solummodo
1786 2485 2116 2545 caelestibus

397 2574 560 2648 digni
613 2571 870 2647 praemiis
921 2571 1243 2630 habeantur
1291 2573 1393 2646 qui
1429 2582 1860 2646 persecutorum
1908 2575 2117 2649 gladiis

398 2679 501 2737 pro
525 2661 737 2720 Christi
762 2661 999 2719 nomine
1028 2661 1336 2720 feriuntur.
1372 2660 1669 2721 Conclusit
1694 2663 1850 2722 Deus
1879 2679 2115 2722 omnem

399 2760 614 2813 nostra;
657 2751 1142 2826 tergiversationis
1185 2751 1430 2824 aditum,
1464 2753 1759 2811 obstruxit
1793 2769 1967 2812 omne
2009 2771 2114 2812 ex-

397 2846 712 2906 cusationis
737 2847 1012 2904 humanas
1041 2844 1404 2919 confugium.
1448 2845 1591 2904 Ecce
1615 2847 1732 2920 jam
1768 2861 1888 2904 non
1921 2848 2114 2904 valea-

402 2954 534 2996 mus
561 2953 695 2998 cum
728 2937 889 2996 beato
927 2935 1264 3011 Apollinare
1297 2952 1400 3010 pro
1443 2936 1561 2996 Deo
1600 2943 1847 2995 mortem
1893 2937 2112 3008 subire,

399 3043 712 3101 possumus
762 3027 965 3086 saltem
1004 3041 1135 3084 cum
1183 3025 1348 3084 beato
1396 3025 1743 3085 Barbatiano
1786 3027 1962 3085 vitam
2000 3025 2115 3083 Deo

2203 1862 2276 1920 rit
2327 1880 2461 1922 eum
2516 1865 2577 1924 in
2633 1872 2885 1939 paternae
2936 1866 3247 1940 majestatis
3287 1864 3430 1924 solio
3491 1869 3908 1923 coruscantem.

2201 1951 2368 2010 Tunc
2394 1953 2466 2010 ad
2499 1953 2752 2026 Virginis
2780 1959 3008 2026 partum
3038 1953 3404 2012 exsultavere
3435 1958 3706 2027 pastores,
3749 1967 3910 2010 nunc

2201 2041 2272 2097 ad
2318 2050 2690 2116 conspectum
2741 2040 2886 2097 358
2936 2044 3179 2118 virginis
3221 2043 3449 2102 confusi
3493 2046 3626 2100 sunt
3658 2040 3910 2115 impera-

2203 2135 2371 2188 tores.
2433 2130 2596 2190 Unus
2639 2138 2722 2189 est
2772 2133 2950 2202 enim,
3001 2134 3152 2191 sicut
3194 2133 3355 2191 beata
3403 2129 3580 2189 Mater
3625 2130 3751 2204 ejus
3805 2130 3911 2200 ait,

2199 2219 2302 2292 qui
2337 2224 2391 2276 et
2420 2240 2446 2270 α
2480 2219 2743 2293 deposuit
2785 2227 3038 2290 potentes
3083 2222 3152 2280 de
3202 2222 3354 2292 sede,
3397 2227 3452 2278 et
3482 2219 3759 2277 exaltavit
3791 2219 3906 2278 hu-

2201 2308 2367 2366 miles
2395 2309 2540 2382 (Luc.
2575 2312 2654 2380 Il).
2687 2332 2708 2361 n
2764 2310 2932 2380 Nam,
2986 2311 3135 2370 sicut
3167 2310 3229 2369 in
3262 2309 3544 2382 descripta
3585 2308 3763 2366 beatae
3793 2307 3904 2367 Co-

2198 2399 2413 2459 lumbae
2452 2402 2734 2475 reperitur
2773 2402 3034 2474 historia,
3076 2403 3389 2476 imperator
3430 2399 3805 2467 Aurelianus,
3840 2405 3903 2457 ut

2198 2506 2324 2548 eam
2355 2495 2545 2564 posset
2582 2506 2614 2546 a
2652 2490 2898 2548 caelestis
2933 2489 3142 2564 Sponsi
3186 2491 3299 2549 fide
3337 2489 3684 2560 convellere,
3727 2503 3902 2546 cena.-

2200 2586 2292 2640 tus
2337 2587 2423 2638 est
2469 2596 2598 2638 eam
2641 2580 2760 2638 filio
2801 2596 2906 2639 suo
2951 2581 3308 2639 matrimonii
3341 2578 3580 2638 vinculo
3618 2577 3904 2654 copulare.

2201 2666 2311 2727 Sed
2361 2668 2524 2739 virgo
2554 2667 2806 2742 prudens
2844 2668 3036 2726 aliena
3062 2684 3300 2742 prorsus
3340 2684 3374 2725 a
3405 2666 3664 2726 fatuitate
3711 2680 3907 2723 vecor—

2197 2757 2310 2814 dia:
2339 2762 2670 2814 constanter
2696 2757 2880 2815 tenuit
2913 2757 3175 2830 regulam
3203 2755 3552 2829 disciplina),
3590 2754 3663 2812 ad
3705 2753 3908 2814 Salva-

2197 2845 2333 2902 toris
2375 2844 2555 2902 nostri
2594 2845 2858 2916 protinus
2900 2843 3144 2902 recurrit
3183 2843 3542 2916 exemplum,
3588 2843 3744 2918 quod
3783 2850 3910 2900 tan-

2195 2949 2370 3008 quam
2397 2931 2891 3006 impenetrabilem
2927 2933 3200 3007 clypeum
3240 2931 3463 2990 fervida
3499 2929 3773 2990 bellatrix
3811 2947 3910 2989 ar-

2196 3021 2393 3096 ripuit,
2438 3027 2493 3080 et
2540 3027 2822 3079 venenata
2863 3022 2924 3078 in
2959 3037 3018 3079 se
3061 3019 3282 3094 spicula
3331 3020 3677 3094 dirigentem
3725 3019 3912 3078 divini

399 3115 719 3189 placentem
780 3115 1005 3173 ducere.
1059 3113 1335 3186 Magnum
1400 3114 1613 3188 quippe
1674 3119 1760 3170 est
1813 3114 1961 3172 mori
2013 3112 2376 3212 proGVerbi
2409 3111 2720 3171 Siromaste
2756 3111 3018 3184 perfodit.
3062 3110 3205 3181 Hoc,
3246 3109 3459 3212 inquit,
3497 3110 3915 3212 antiquus'ho-

401 3204 650 3277 Christo,
725 3205 821 3263 sed
887 3219 1004 3262 non
1088 3209 1176 3261 est
1250 3203 1500 3261 inferius
1584 3204 1782 3261 vivere
1867 3197 2302 3262 Christo."stis
2357 3217 2499 3260 usus
2546 3205 2630 3258 est
2677 3206 3041 3273 argumento,
3105 3214 3240 3257 cum
3287 3197 3536 3257 Domino
3592 3213 3720 3256 meo
3773 3199 3908 3256 Jesu

403 3291 729 3368 Utrumque
809 3293 967 3352 enim
1047 3291 1111 3349 in
1177 3296 1384 3348 statera
1457 3289 1675 3349 Paulus
1732 3307 1901 3366 aequa
1956 3291 2119 3351 lance
2201 3289 2427 3348 Christo
2453 3287 2701 3348 ostendit
2728 3288 2927 3346 omnia
2970 3302 3144 3361 regna
3188 3287 3414 3358 mundi,
3447 3285 3682 3344 dicens:
3714 3285 3910 3342 «Hmc

399 3382 706 3456 pendebat,
777 3398 912 3440 cum
988 3379 1202 3438 diceret
1244 3403 1256 3436 :
1304 3400 1330 3432 «
1374 3379 1554 3438 Nemo
1630 3379 1789 3438 enim
1858 3387 2117 3440 nostrum
2200 3377 2396 3436 omnia
2427 3377 2528 3435 tibi
2560 3376 2728 3449 dabo,
2758 3376 2807 3434 si
2843 3375 3144 3449 procidens
3181 3374 3511 3434 adoraveris
3557 3389 3649 3433 me
3689 3375 3904 3447 (Matth.

402 3470 514 3529 sibi
545 3472 710 3542 vivit,
739 3476 795 3529 et
826 3485 998 3528 nemo
1027 3468 1138 3527 sibi
1162 3469 1410 3526 moritur
1437 3485 1452 3539 ;
1491 3468 1615 3525 sive
1646 3468 1806 3526 enim
1836 3468 2116 3540 vivimus,
2200 3471 2306 3539 III).
2335 3492 2362 3515 ι»
2615 3467 2621 3473 ’

403 3560 648 3620 Domino
675 3559 965 3630 vivimus;
1003 3557 1127 3615 sive
1181 3555 1488 3628 morimur,
1531 3555 1780 3615 Domino
1811 3557 2116 3616 morimur.
2271 3555 2418 3626 Quid
2475 3560 2558 3614 est
2610 3556 2736 3624 hoc,
2797 3555 2997 3613 fratres
3063 3555 3200 3626 mei,
3257 3552 3394 3629 quia
3440 3553 3750 3627 imperator
3805 3552 3910 3611 iste

406 3647 541 3708 Sive
588 3663 722 3720 ergo
771 3646 1049 3716 vivimus,
1101 3646 1225 3702 sive
1272 3645 1580 3715 morimur,
1629 3645 1864 3703 Domini
1915 3661 2121 3704 sumus
2200 3652 2318 3704 tam
2363 3651 2582 3720 potens,
2629 3652 2744 3702 tam
2791 3643 3065 3703 sublimis
3123 3650 3358 3716 tamque
3405 3639 3680 3700 terribilis
3737 3640 3911 3714 fragi-

400 3737 572 3808 (Rom.
623 3738 770 3808 XIV).
807 3755 834 3787 ››
875 3733 1150 3809 Quisquis
1187 3733 1366 3807 igitur
1410 3739 1564 3790 amat
1615 3735 1957 3807 martyrium
2016 3752 2118 3793 ex-
2198 3734 2315 3792 lem
2363 3733 2614 3805 puellam
2655 3734 2776 3792 suis
2815 3731 3043 3805 legibus
3081 3729 3242 3789 nulla
3272 3729 3459 3803 potuit
3500 3730 3722 3787 ratione
3755 3728 3913 3786 subi-

398 3822 596 3882 hibeat
623 3840 683 3882 se
711 3823 987 3898 martyrio
1009 3821 1274 3895 dignum,
1328 3827 1382 3878 et
1422 3819 1684 3896 martyrii
1731 3830 2120 3896 consequetur
2198 3837 2350 3898 gere,
2383 3829 2437 3878 et
2465 3820 2634 3879 modo
2657 3819 3047 3893 promittendo
3076 3833 3345 3891 regnum,
3377 3817 3547 3874 modo
3573 3815 3912 3874 intentando

401 3913 814 3987 proculdubio
844 3913 1175 3988 praemium.
1209 3911 1335 3972 Non
1378 3918 1561 3986 potest
1605 3913 1951 3988 sanguinem
1981 3915 2118 3971 fun-
2199 3910 2571 3984 supplicium,
2620 3909 2957 3967 nullatenus
3012 3924 3046 3964 a
3085 3922 3191 3965 suo
3241 3905 3425 3964 valuit
3477 3904 3766 3978 proposito
3819 3904 3910 3962 di-

403 4003 576 4061 dere:
625 4009 809 4077 potest
847 4004 1221 4078 semetipsum
1265 4003 1626 4076 pmnitentite
1662 4003 1772 4063 telo
1821 4011 2120 4078 percutere
2202 4001 2480 4059 movere?
2534 3998 2835 4072 Sceptrum
2916 3995 3177 4070 porrigit,
3263 3994 3648 4066 dedignatur;
3727 3993 3912 4050 vibrat

403 4098 460 4149 et
498 4092 562 4149 in
604 4093 791 4151 cordis
836 4092 1178 4152 contritione
1220 4098 1489 4150 mactare.
1529 4091 1892 4166 Praeparetur
1930 4093 1999 4151 ad
2034 4094 2115 4150 fe-
2199 4088 2480 4161 gladium,
2532 4092 2649 4145 non
2688 4093 2953 4144 terretur.
3013 4084 3106 4143 Sic
3154 4083 3368 4142 artifex
3407 4089 3464 4139 et
3510 4087 3747 4140 cruenta
3783 4097 3910 4139 cru-

402 4181 671 4240 riendum
714 4181 976 4255 jugulus,
1029 4197 1146 4240 non
1193 4180 1374 4239 deerit
1425 4189 1844 4251 remunerator,
1893 4182 2117 4241 etiamsi
2197 4176 2403 4235 delitas
2473 4183 2710 4234 cunctos
2769 4175 3008 4233 malitiae
3061 4188 3184 4232 suae
3243 4187 3454 4230 nervos
3507 4177 3767 4241 exercet;
3832 4170 3914 4228 sic

400 4270 651 4330 defuerit
688 4270 938 4344 gladius.
981 4272 1149 4330 Deest
1185 4271 1444 4329 carnifex
1485 4272 1587 4345 qui
1625 4272 1906 4330 cervicem
1955 4279 2118 4330 exte-
2197 4264 2428 4323 blandis
2475 4264 2620 4322 dura
2664 4263 2982 4337 permiscet.
3032 4261 3306 4320 Acutiora
3347 4260 3563 4335 Quippe
3608 4265 3747 4318 sunt
3784 4259 3912 4317 auri

402 4358 526 4418 rius
544 4359 740 4432 feriat;
776 4360 934 4417 adest
944 4359 1129 4434 judex
1152 4360 1252 4434 qui
1281 4359 1446 4419 bonae
1467 4360 1782 4419 voluntatis
1806 4361 2116 4434 praemium
2201 4352 2312 4411 tela
2349 4368 2524 4428 quam
2554 4352 2713 4424 ferri,
2745 4358 2801 4410 et
2831 4352 3083 4410 validius
3122 4357 3376 4409 mentem
3423 4348 3638 4422 frangit
3675 4348 3912 4406 honoris

403 4447 624 4505 reddat.

2198 4440 2438 4500 ambitio
2505 4456 2685 4514 quam
2763 4446 3132 4498 tormentum.
3203 4437 3482 4496 Omnium
3561 4439 3754 4512 itaque
3811 4453 3912 4510 ge-

475 4534 824 4595 Studeamus
892 4536 1088 4609 igitur,
1145 4535 1531 4606 dilectissimi,
1593 4551 1727 4594 cum
1780 4508 2338 4596 beatissimoDnera
2399 4535 2588 4586 movet
2644 4541 2942 4585 armorum
3015 4533 3081 4584 ut
3162 4526 3341 4584 turris
3413 4525 3624 4584 Christi
3693 4525 3912 4599 quatiat

399 4627 724 4685 confessorc
756 4626 970 4684 Christi
998 4624 1343 4684 Barbatiano
1371 4625 1565 4685 saeculi
1597 4625 1994 4684 blandimenta
2023 4628 2116 4684 de-

400 4714 639 4788 spicere,
699 4730 893 4773 rerum
953 4714 1359 4789 temporalium
1418 4714 1778 4773 afﬂuentiam
1835 4715 2111 4788 devitarc,

397 4805 590 4862 carnis
636 4804 926 4862 incentiva
964 4804 1297 4878 reprimere,
1354 4819 1581 4862 crucem
1637 4808 1764 4878 post
1818 4803 2109 4864 Christum

398 4889 571 4947 etiam
620 4889 681 4948 in
727 4906 865 4964 pace
907 4890 1288 4949 ecclesiastica
1337 4890 1618 4964 bajulare,
1667 4897 1954 4964 quatenus
2009 4893 2112 4965 qui

396 4994 556 5036 nunc
581 4980 708 5054 ejus
736 4979 1079 5038 imitabilem
1105 4980 1406 5055 sequimur
1436 4979 1611 5038 vitam
1643 4996 1776 5039 cum
1805 4981 1928 5055 ipso
1958 4987 2111 5055 post-

400 5069 638 5128 modum
667 5069 1109 5128 desiderabilem
1135 5070 1520 5144 perducamur
1546 5071 1617 5128 ad
1656 5069 1922 5144 gloriam,
1969 5086 2111 5144 prae-

396 5165 583 5218 stante
610 5161 855 5220 Domino
887 5168 1078 5221 nostro
1106 5161 1243 5220 Jesu
1274 5161 1521 5232 Christo,
1554 5161 1656 5235 qui
1686 5176 1821 5219 cum
1855 5161 2019 5220 Patre
2055 5166 2111 5220 et

399 5247 618 5323 Spiritu
649 5256 845 5309 sancto
877 5251 1020 5309 vivit
1057 5257 1112 5308 et
1153 5251 1438 5324 gloriatur
1484 5267 1582 5324 per
1627 5250 1854 5308 infinita
1897 5249 2107 5308 saacula

395 5340 768 5400 saeculorum.
806 5344 1015 5400 Amen.

1015 5429 1263 5490 SEBMO
1291 5429 1492 5489 LXVI.

397 5531 472 5576 DE
499 5531 724 5579 SANCTA
762 5533 1034 5580 COLUMBA
1064 5533 1308 5580 VIRGINE
1339 5533 1409 5578 ET
1438 5533 1719 5580 MARTYRE
1755 5521 1906 5592 (XXX
1933 5523 2104 5594 DEC.).

471 5607 621 5666 Dum
676 5617 982 5682 recentem,
1038 5611 1155 5669 imo
1198 5617 1538 5686 prmsentem
1582 5610 1793 5682 adhuc,
1852 5609 2108 5684 Virginis

2198 4619 2685 4688 fundamentum;
2755 4617 2838 4673 sic
2907 4613 3177 4675 columna
3236 4615 3338 4673 Dei
3395 4624 3720 4688 perseverat
3789 4615 3906 4673 im-

2196 4709 2428 4768 mobilis
2478 4713 2534 4766 et
2587 4713 2872 4765 armatum
2936 4721 3129 4778 regem
3201 4704 3445 4764 inermis
3503 4704 3696 4781 puella
3767 4721 3913 4766 con-

2194 4800 2416 4860 temnit.

2263 4889 2620 4964 Dedignatur
2677 4903 2800 4945 esse
2851 4902 3037 4946 nurus
3089 4886 3476 4960 imperatoris,
3525 4902 3643 4948 non
3696 4887 3910 4962 refugit

2191 4979 2416 5038 cruenti
2467 4976 2660 5035 subire
2706 4975 3095 5034 cruciamenta
3153 4975 3400 5034 tortoris.
3457 4975 3606 5047 Quid
3664 4982 3770 5046 est,
3817 4977 3911 5035 in-

2191 5085 2392 5146 quam,
2440 5068 2593 5146 quod
2641 5067 2866 5142 fragilis
2904 5082 3082 5127 sexus
3121 5066 3430 5125 inﬁrmitas
3485 5083 3519 5124 a
3558 5072 3714 5125 tanta
3766 5067 3909 5126 telo-

2191 5177 2321 5221 rum
2339 5159 2624 5235 grandine
2647 5174 2760 5218 non
2779 5157 3140 5218 concutitur?
3159 5157 3326 5216 Modo
3350 5157 3646 5217 blanditiis
3667 5157 3908 5217 delinita

2190 5266 2309 5310 non
2382 5248 2650 5317 ﬂectitur,
2714 5248 2882 5304 modo
2952 5247 3342 5304 intonantium
3425 5245 3722 5305 minarum
3801 5248 3907 5306 im-

2189 5341 2365 5417 petita
2406 5337 2751 5398 stridoribus
2790 5353 2907 5396 non
2954 5344 3240 5397 movetur.
3292 5338 3441 5408 Quid
3490 5346 3574 5398 est
3622 5339 3750 5413 hoc,
3790 5341 3907 5400 nisi

2189 5430 2330 5505 quia
2359 5429 2456 5486 ille
2492 5435 2704 5486 nostrae
2743 5427 2933 5485 carnis
2971 5428 3205 5487 infirma
3240 5434 3569 5503 susceperat
3614 5430 3719 5504 qui
3750 5430 3909 5489 debi-

2190 5520 2345 5578 libus
2404 5525 2460 5576 et
2521 5517 2774 5574 infirmis
2843 5517 3020 5576 robur
3062 5534 3184 5577 suae
3223 5517 3582 5579 fortitudinis
3655 5520 3906 5578 adminic

2189 5611 2363 5670 strat?
2419 5608 2508 5666 Ad
2569 5607 2677 5665 hoc
2739 5605 2898 5666 enim
2954 5607 3058 5667 Dei
3112 5607 3300 5669 virtus
3346 5609 3649 5690 “exinanita
3700 5613 3786 5668 est
3841 5615 3906 5667 ut
