4064 6208
152 340 256 403 883
773 337 835 399 S.
874 334 1096 397 PETRI
1134 329 1457 395 DAMIANI
1494 328 1652 390 OPP.
1697 329 1889 390 PARS
1928 330 2074 394 SEU
2110 333 2363 399 TOMUS
2404 337 2482 397 II.
2523 369 2590 383 -
2630 335 3050 399 SERMONES.
3553 340 3663 402 884

153 467 388 528 inﬁrma
415 468 610 525 nostra
637 465 910 523 ﬁrmaret.
943 461 1027 518 Ad
1060 460 1168 519 hoc
1198 458 1298 517 Dei
1325 453 1651 515 sublimitas
1687 454 1860 513 incli-
1890 457 2102 530 Aquod
2175 460 2315 519 foris
2379 466 2464 520 est
2532 460 2801 521 defendat
2860 458 3035 519 molle
3098 461 3251 535 quod
3328 463 3490 523 intus
3556 473 3666 527 est.

154 563 287 615 nata
310 561 394 615 est
422 562 485 613 ut
510 555 758 629 dejectos
783 552 1045 625 erigeret.
1077 550 1164 607 Ad
1192 550 1302 608 hoc
1330 547 1443 605 vita
1467 546 1863 619 moridignata

155 651 240 708 est
270 654 336 706 ut
362 647 565 706 mortis
593 642 904 718 imperium
933 642 1255 707 destruens,
1287 639 1355 696 ad
1399 639 1577 696 vitam
1609 642 1867 696 mortuos

159 745 466 796 revocaret.
523 733 686 804 Quod
742 733 1022 790 nimirum
1077 730 1252 787 etiam
1332 729 1395 786 in
1464 727 1588 800 ipso
1642 726 1868 800 generis

159 825 404 884 humani
473 821 793 882 declaratur
862 817 1120 877 exordio.
1155 815 1445 889 Scriptum
1497 824 1583 874 est
1629 814 1786 873 enim
1852 832 1864 870 :

163 938 188 965 α
218 913 363 983 Quia
392 912 634 971 immisit
661 910 941 969 Dominus
969 921 1230 980 soporem
1261 905 1319 963 in
1349 904 1567 976 Adam;
1613 920 1867 978 cumque

158 1002 556 1071 obdormisset,
591 1000 723 1059 tulit
776 1014 953 1057 unam
1002 996 1074 1055 de
1125 995 1295 1054 costis
1346 994 1492 1066 ejus,
1519 1002 1575 1052 et
1626 995 1866 1068 replevit

157 1111 390 1156 carnem
417 1108 517 1167 pro
545 1109 629 1162 ea,
672 1098 727 1150 et
762 1088 1136 1150 readificavit
1164 1094 1399 1156 costam,
1434 1103 1610 1160 quam
1656 1087 1868 1145 tulerat

160 1185 446 1244 Dominus
521 1182 592 1239 de
656 1182 841 1239 Adam
915 1179 979 1237 in
1056 1177 1361 1237 mulierem
1435 1177 1610 1245 (Gen.
1666 1179 1770 1246 II).
1840 1197 1865 1227 ››

164 1270 353 1344 Super
386 1285 502 1344 quo
528 1284 663 1327 cum
694 1266 1025 1341 loqueretur
1056 1263 1383 1337 Apostolus,
1418 1261 1616 1321 dicens
1647 1281 1660 1320 :
1696 1286 1721 1312 α
1754 1262 1869 1321 Re-

161 1359 386 1434 linquet
426 1359 596 1417 homo
627 1365 842 1429 patrem
875 1362 930 1413 et
968 1358 1210 1411 matrem
1242 1367 1429 1420 suam,
1462 1358 1517 1408 et
1552 1351 1872 1409 adhaerebit

161 1450 336 1509 uxori
385 1464 529 1518 sua,
587 1454 645 1506 et
702 1452 875 1504 erunt
925 1443 1040 1502 duo
1096 1443 1161 1500 in
1217 1456 1389 1499 carne
1444 1456 1669 1511 una;»
1718 1452 1869 1514 pra-

163 1545 250 1598 sto
310 1536 622 1610 subjunxit
667 1551 680 1590 :
725 1555 753 1588 α
802 1532 1235 1593 Sacramentum
1282 1531 1391 1588 hoc
1437 1544 1713 1602 magnum
1765 1535 1867 1586 est.

162 1628 285 1703 Ego
314 1630 509 1685 autem
536 1625 663 1683 dico
689 1624 751 1682 in
775 1621 999 1681 Christo
1025 1628 1078 1678 et
1107 1621 1169 1678 in
1202 1619 1454 1677 Ecclesia
1480 1620 1695 1690 (Ephes.
1728 1618 1807 1689 v).
1842 1637 1870 1670 »

167 1717 237 1775 Et
289 1730 422 1774 vere
479 1728 706 1787 magna
755 1711 985 1770 virtutis
1036 1709 1345 1778 indicium,
1405 1707 1686 1765 miranda
1740 1720 1873 1779 pro-

2022 548 2370 624 Redemptor
2426 560 2635 622 noster,
2688 567 2825 611 cum
2885 551 3059 625 hujus
3113 551 3322 611 mundi
3392 570 3667 629 campum

1950 647 2313 710 pugnaturus
2342 641 2686 715 ingreditur,
2715 656 2849 700 cum
2874 641 2945 699 ad
2979 639 3351 701 debellandas
3383 645 3534 703 aeris
3563 646 3672 707 hu-

1948 724 2047 797 jus
2090 726 2381 800 nequitias
2422 728 2580 787 fortis
2618 729 2911 803 praliator
2946 734 3226 799 armatur,
3256 730 3396 804 quia
3445 748 3667 793 novum

1954 812 2194 871 debebat
2255 816 2540 876 instruere
2594 811 2905 890 pralium,
2954 832 3173 876 novum
3227 818 3421 878 induit
3476 837 3669 895 genus

1952 918 2268 974 armorum,
2295 906 2561 965 videlicet
2593 915 2654 966 ut
2685 907 2841 981 quod
2865 907 3167 966 infirmum
3188 915 3273 967 est
3306 925 3666 984 superpone-

1954 999 2057 1062 ret,
2093 1001 2148 1052 et
2181 996 2330 1068 quod
2375 996 2676 1055 robustum
2717 1002 2801 1055 est
2839 998 3174 1066 occultaret,
3208 998 3444 1057 loricam
3480 999 3665 1074 siqui-

1952 1081 2084 1139 dem
2133 1083 2440 1142 imbecilla
2480 1086 2671 1143 carnis
2706 1085 2897 1144 induit
2933 1092 2989 1144 et
3025 1085 3480 1159 insuperabilem
3519 1089 3668 1149 divi-

1955 1171 2153 1230 nitatis
2199 1173 2598 1233 fortitudinem
2644 1176 2970 1235 occultavit.
3016 1175 3112 1236 Sic
3156 1177 3238 1235 sic
3290 1194 3392 1251 per
3432 1195 3667 1238 carnem

1957 1260 2225 1320 diabolus
2254 1278 2287 1319 a
2315 1264 2568 1322 secundo
2599 1265 2835 1323 homine
2872 1264 3126 1339 perdidit
3150 1266 3253 1340 qui
3295 1283 3397 1341 per
3432 1283 3669 1327 carnem

1956 1351 2179 1409 dudum
2232 1352 2486 1425 primum
2524 1354 2821 1413 hominem
2851 1354 3162 1429 superavit,
3199 1354 3517 1431 eademque
3555 1356 3668 1415 sibi

1962 1456 2118 1498 nunc
2160 1441 2347 1500 ruina
2384 1442 2532 1500 facta
2570 1448 2656 1502 est
2690 1459 2863 1502 causa
2903 1458 3036 1518 qua
3075 1445 3335 1504 victoria
3373 1446 3559 1506 fuerat
3597 1445 3672 1504 de

1958 1529 2147 1604 primo
2177 1536 2409 1603 parente
2438 1531 2695 1590 materia.

2032 1621 2152 1680 Hoc
2191 1638 2292 1696 per
2328 1624 2623 1699 allegoria
2661 1626 3004 1701 mysterium
3046 1642 3138 1686 res
3179 1627 3283 1687 illa
3316 1631 3671 1703 pramonuit

1961 1712 2114 1786 quod
2158 1712 2339 1772 David
2372 1730 2404 1771 a
2444 1715 2586 1774 facie
2616 1717 2770 1790 regis
2809 1715 2951 1776 Saul
3001 1718 3235 1799 fugiens
3268 1719 3329 1777 in
3364 1719 3675 1794 prasentia

166 1803 469 1863 funditatis
518 1810 602 1861 est
658 1806 1102 1859 sacramentum.
1166 1798 1271 1857 Per
1324 1796 1511 1855 Adam
1585 1795 1873 1870 siquidem
1898 1800 2141 1878 BAchis
2186 1802 2338 1876 regis
2384 1803 2530 1862 Geth
2586 1820 2647 1863 se
2692 1805 2884 1864 furere
2941 1795 3262 1866 simulavit.
3316 1808 3467 1867 Dicit
3513 1808 3693 1868 enim.

167 1892 449 1961 Christus,
481 1906 579 1964 per
609 1890 789 1948 Evam
820 1888 1155 1962 designatur
1178 1886 1447 1945 Ecclesia.
1481 1884 1628 1954 Quid
1660 1889 1743 1942 est
1774 1900 1878 1942 au-

170 1989 283 2041 tem
331 1980 483 2055 quod
538 1978 702 2053 prius
752 1977 939 2037 Adam
984 1976 1270 2036 Dominus
1324 1973 1631 2048 soporavit,
1667 1972 1875 2031 deinde

166 2075 382 2129 costam
435 2084 508 2127 ex
566 2068 691 2142 ejus
757 2066 959 2136 latere,
1013 2065 1168 2123 unde
1214 2064 1425 2122 mulier
1479 2063 1875 2130 formaretur,

169 2157 394 2226 eduxit,
433 2155 547 2214 nisi
575 2155 713 2230 quia
740 2154 904 2228 prius
926 2153 1273 2226 Redemptor
1294 2152 1356 2209 in
1392 2157 1575 2209 morte
1604 2149 1880 2209 dormivit

168 2244 364 2319 sicque
391 2246 461 2304 de
489 2244 664 2302 latere
704 2243 833 2316 ejus
878 2243 939 2299 in
978 2240 1251 2315 Ecclesia
1290 2244 1715 2298 sacramentum
1754 2254 1881 2296 san-

167 2337 299 2410 guis
335 2343 389 2394 et
426 2349 575 2408 aqua
605 2331 931 2405 proﬂuxit?
960 2329 1262 2390 Translata
1286 2335 1371 2387 est
1393 2329 1513 2387 Eva
1548 2328 1619 2386 de
1653 2327 1763 2385 viri
1796 2327 1881 2385 la-

170 2432 286 2484 tere
316 2423 686 2488 dormientis;
717 2417 862 2476 359
893 2420 1078 2480 exivit
1101 2419 1351 2479 Ecclesia
1375 2419 1445 2477 de
1466 2418 1644 2477 latere
1676 2415 1879 2474 Salva-

172 2514 310 2574 to'ris
332 2515 391 2573 in
418 2528 585 2572 cruce
611 2511 934 2587 pendentis.

246 2602 357 2662 Sed
384 2601 526 2676 quid
560 2607 645 2659 est
689 2598 840 2674 quod
875 2598 1242 2672 omnipotens
1273 2596 1545 2655 Conditor
1580 2611 1715 2654 cum
1752 2609 1881 2652 mu-

172 2692 375 2752 lierem
424 2693 495 2750 de
537 2691 684 2758 viro,
724 2688 779 2747 id
830 2694 934 2758 est,
967 2686 1229 2759 fragilem
1280 2701 1486 2744 sexum
1538 2686 1610 2744 de
1658 2682 1882 2743 fortiori

176 2795 490 2855 propagare
527 2777 872 2850 disponeret,
928 2790 1045 2832 non
1085 2774 1198 2832 viri
1244 2790 1497 2844 carnem,
1528 2774 1627 2832 sed
1673 2788 1736 2831 os
1781 2788 1884 2846 po-

177 2867 296 2926 tius
358 2865 431 2923 ad
482 2862 802 2933 faciendam
851 2862 1130 2919 feminam
1178 2860 1289 2918 sibi
1346 2861 1532 2919 voluit
1586 2860 1883 2918 materiam

174 2954 507 3015 exhibere?
537 2952 727 3012 Potuit
772 2953 929 3011 enim
972 2951 1124 3010 Deus
1169 2952 1396 3010 homini
1441 2967 1670 3010 carnem
1702 2952 1887 3009 detra-

178 3047 337 3119 here,
364 3045 521 3105 unde
552 3044 768 3103 femina
807 3043 1176 3115 formaretur,
1217 3051 1271 3100 et
1313 3044 1417 3100 hoc
1450 3048 1601 3101 certe
1638 3058 1883 3116 congru-

177 3139 372 3198 entius
419 3136 730 3196 videretur.
767 3134 990 3195 Sciebat
1020 3135 1179 3193 enim
1225 3149 1401 3192 sexus
1450 3132 1699 3191 debilior
1744 3132 1882 3207 quid

178 3227 458 3288 nimirum
486 3227 860 3299 consequenti
869 3240 936 3283 us
953 3224 1025 3283 de
1048 3226 1239 3283 carnis
1261 3224 1597 3284 inﬁrmitate
1623 3240 1796 3299 quam
1812 3240 1886 3281 ex

177 3319 323 3379 ossis
356 3318 687 3395 procederet
725 3316 1083 3387 fortitudine,
1115 3323 1171 3375 et
1208 3323 1272 3375 ut
1309 3318 1492 3391 magis
1529 3322 1759 3391 stupeas
1798 3316 1888 3372 di-

178 3409 300 3469 vini
336 3409 526 3483 operis
566 3413 1014 3477 sacramentum,
1057 3422 1170 3466 non
1216 3422 1317 3480 pro
1354 3421 1481 3465 esse
1513 3421 1575 3464 os
1614 3405 1887 3474 reddidit,

178 3499 277 3558 sed
306 3511 479 3557 carne
526 3494 715 3569 potius
747 3494 901 3569 quod
957 3495 1020 3553 in
1062 3494 1176 3552 viri
1224 3490 1459 3569 corpore
1510 3494 1743 3551 vacabat
1776 3493 1885 3551 im-

176 3578 401 3661 plevit?
429 3583 596 3645 Unde
625 3583 919 3657 Scriptura
957 3599 1092 3642 cum
1134 3581 1284 3640 dixit
1317 3606 1329 3640 :
1361 3603 1387 3634 ‹‹
1417 3580 1576 3639 Tulit
1610 3597 1790 3639 unam
1821 3581 1891 3638 de

177 3675 347 3735 costis
394 3675 553 3749 ejus;
612 3694 640 3726 »
694 3688 831 3732 mox
883 3672 1149 3731 addidit:
1189 3698 1214 3721 ‹‹
1252 3671 1319 3729 Et
1367 3671 1607 3746 replevit
1652 3686 1890 3729 carnem

179 3760 282 3841 pro
320 3782 386 3824 ea
421 3767 568 3840 (Gen.
607 3767 762 3832 II)."»
804 3765 1027 3824 Poterat
1064 3778 1272 3837 nempe
1302 3762 1370 3821 ad
1413 3762 1716 3822 mulierem
1750 3761 1894 3835 plas-

179 3854 453 3914 mandam
492 3869 724 3915 carnem
763 3854 890 3912 viro
928 3852 1271 3917 detrahere.
1324 3858 1545 3927 poterat
1582 3868 1709 3913 osse
1749 3852 1894 3911 ossis

182 3944 556 4020 dispendium
599 3945 660 4003 in
715 3943 980 4002 mutilato
1034 3956 1269 4015 corpore
1320 3949 1659 4014 restaurare,
1695 3941 1791 4000 sed
1831 3957 1896 4000 os

183 4035 318 4093 tulit
362 4040 417 4093 et
465 4049 694 4094 carnem
728 4030 994 4101 reddidit,
1025 4030 1221 4107 sicque
1267 4030 1529 4103 fragilem
1572 4031 1643 4090 de
1684 4032 1897 4091 virtute

185 4125 475 4186 formavit.

260 4212 477 4271 Debilis
529 4212 722 4284 itaque
780 4210 965 4268 factus
1017 4215 1101 4268 est
1164 4208 1370 4275 Adam,
1403 4214 1466 4265 ut
1518 4209 1681 4267 fortis
1739 4210 1902 4267 fieret

190 4302 330 4361 Eva.
369 4299 707 4357 Infirmatus
744 4303 828 4354 est
869 4296 1157 4364 Christus,
1204 4302 1267 4353 ut
1306 4296 1670 4354 roboraretur
1704 4296 1897 4354 Eccle-

187 4393 293 4450 sia.
343 4387 515 4447 Illius
563 4385 722 4445 enim
772 4383 1082 4442 inﬁrmitas
1130 4391 1321 4441 nostra
1373 4390 1457 4440 est
1518 4383 1809 4453 fortitudo,
1846 4390 1902 4441 et

188 4479 260 4538 ad
316 4480 423 4537 hoc
478 4475 575 4534 ille
631 4480 886 4534 nostram
938 4473 1175 4549 pertulit
1225 4473 1648 4539 infirmitatem,
1712 4479 1776 4531 ut
1829 4472 1897 4529 ad

192 4582 357 4627 suam
402 4580 507 4624 nos
555 4570 829 4623 statueret
872 4562 1290 4622 fortitudinem.
1333 4586 1352 4614 ιι
1387 4561 1545 4631 Quod
1596 4561 1900 4620 infirmum

192 4666 272 4716 est
306 4654 866 4730 Dei,aitApostolus,
889 4654 1094 4712 fortius
1117 4660 1199 4710 est
1227 4652 1566 4710 hominibus
1591 4655 1635 4719 (Ι
1653 4654 1771 4710 Cor.
1805 4663 1895 4721 1).»

194 4748 264 4806 Et
313 4745 498 4807 alibi:
556 4764 584 4798 «
642 4743 788 4802 Nam
843 4743 948 4801 etsi
1001 4742 1319 4801 cruciﬁxus
1372 4747 1456 4799 est
1508 4742 1773 4800 Christus
1827 4757 1901 4799 ex

194 4835 548 4903 infirmitate,
577 4835 673 4892 sed
720 4833 864 4894 vivit
914 4850 987 4891 ex
1036 4832 1246 4892 virtute
1291 4832 1414 4891 Dei.
1447 4832 1588 4890 Nam
1642 4832 1748 4891 etsi
1800 4847 1903 4891 nos

196 4926 416 4985 inﬁrmi
439 4936 645 4985 sumus
676 4923 733 4980 in
774 4922 892 4991 illo,
922 4922 1021 4981 sed
1049 4922 1304 4980 vivimus
1332 4937 1463 4981 cum
1494 4938 1559 4980 eo
1588 4938 1662 4980 ex
1694 4922 1903 4980 virtute

196 5017 298 5076 Dei
345 5021 423 5086 (II
465 5018 584 5074 Cor.
618 5019 771 5081 xm).
810 5035 837 5066 »
869 5014 1183 5072 Enimvero
1231 5011 1430 5071 saeculi
1486 5012 1661 5087 hujus
1711 5012 1901 5069 homi.

199 5125 318 5179 nes,
371 5107 474 5180 qui
525 5105 807 5166 bellorum
858 5104 1126 5163 ambiunt
1168 5104 1378 5163 virtute
1427 5104 1757 5174 clarescere,
1799 5103 1903 5178 qui

199 5214 300 5273 per
342 5214 440 5256 ora
497 5196 656 5271 vulgi
710 5210 844 5254 suas
888 5198 1085 5269 Optant
1130 5193 1397 5252 victorias
1442 5195 1738 5268 celebrari,
1771 5210 1902 5253 cum

198 5285 513 5358 ingressuri
544 5291 683 5345 sunt
718 5283 990 5360 praelium
1024 5283 1081 5341 in
1125 5298 1359 5359 corpore
1398 5299 1519 5351 suo,
1551 5285 1704 5359 quod
1734 5283 1903 5342 infir~

203 5391 367 5435 mum
398 5381 484 5433 est
517 5381 572 5433 et
601 5373 779 5433 molle
818 5372 1157 5446 subjiciunt,
1189 5372 1339 5446 quod
1381 5372 1591 5433 durum
1621 5380 1707 5431 est
1734 5380 1906 5448 atque

198 5464 267 5522 ad
296 5462 713 5538 penetrandum
746 5461 975 5521 difficile
1002 5466 1417 5536 superponunt.
1447 5461 1665 5520 Loricis
1690 5461 1907 5536 quippe

197 5569 260 5614 se
302 5550 502 5611 ferreis
548 5550 820 5623 induunt,
870 5565 1124 5622 carnem,
1157 5566 1289 5625 qua
1332 5549 1499 5609 facile
1544 5550 1690 5609 cedit
1740 5549 1900 5621 ictui,

196 5642 485 5705 custodire
544 5641 923 5714 contendunt,
985 5647 1048 5702 ut
1113 5640 1259 5703 illud
1336 5642 1551 5702 durum
1621 5658 1685 5700 ac
1761 5641 1905 5701 forte

1967 1888 2281 1961 Scriptura,
2314 1891 2452 1964 quia
2489 1913 2516 1945 «
2547 1892 2882 1952 deﬂuebant
2927 1894 3129 1955 saliva
3164 1896 3290 1971 ejus
3329 1896 3391 1955 in
3430 1896 3674 1955 barbam

1968 1982 2017 2045 (Ι
2051 1983 2178 2048 Reg.
2215 1982 2368 2046 XXI).
2402 2000 2430 2033 »
2477 1978 2627 2039 Sane
2670 1983 2809 2056 quia
2846 1981 3023 2041 barba
3061 1983 3174 2043 viri
3215 1990 3299 2043 est
3340 1984 3669 2059 proprium,

1965 2067 2108 2142 quid
2135 2074 2220 2126 est
2251 2084 2352 2142 per
2390 2069 2703 2143 mysticum
2741 2069 3124 2141 intellectum,
3156 2072 3268 2130 nisi
3310 2072 3543 2132 virtutis
3575 2071 3673 2129 in-

1966 2155 2234 2214 dicium?
2262 2156 2411 2227 Quid
2441 2173 2577 2231 ergo
2604 2174 2704 2232 per
2732 2160 2961 2231 salivas,
3001 2176 3134 2234 qua
3165 2161 3443 2221 nimirum
3474 2160 3674 2220 ﬂuida

1969 2250 2104 2301 sunt
2131 2252 2184 2302 et
2217 2244 2416 2317 fluxa,
2449 2246 2559 2304 nisi
2608 2247 2796 2305 carnis
2838 2247 3192 2308 infirmitas?
3223 2249 3374 2321 Quid
3408 2267 3538 2310 vero
3572 2267 3676 2325 per

1967 2331 2225 2401 barbam,
2275 2334 2385 2392 nisi
2435 2333 2759 2393 divinitatis
2803 2335 3070 2395 innuitur
3126 2337 3444 2397 fortitudo?
3484 2338 3679 2398 Barba

1968 2436 2102 2495 ergo
2142 2422 2341 2481 salivis
2387 2422 2776 2482 deﬂuentibus
2820 2425 3095 2499 operitur,
3128 2426 3267 2500 quia
3312 2427 3503 2501 fragili
3547 2443 3677 2486 car-

1970 2510 2061 2568 nis
2110 2510 2397 2569 velamine
2435 2510 2758 2570 divinitatis
2801 2513 2983 2573 virtus
3018 2515 3302 2575 induitur.
3357 2514 3469 2575 Sed
3520 2515 3675 2590 quod

1969 2598 2152 2657 David
2201 2599 2647 2673 dispensationis
2703 2601 2905 2673 agebat
2960 2601 3266 2673 industria,
3328 2605 3433 2663 hoc
3488 2620 3524 2661 a
3580 2619 3679 2661 ne-

1970 2687 2289 2747 scientibus
2324 2690 2634 2762 putabatur
2666 2689 2912 2749 insania.
2951 2691 3111 2750 Unde
3140 2692 3317 2751 Achis
3342 2692 3523 2750 servis
3551 2693 3678 2750 suis

1970 2778 2052 2835 ait
2101 2797 2113 2835 :
2162 2800 2187 2830 «
2220 2777 2460 2837 Vidistis
2490 2778 2788 2837 hominem
2819 2780 3115 2853 insanum,
3168 2778 3313 2837 360
3344 2797 3521 2857 quare
3572 2781 3679 2839 ad-
3733 2840 3746 2850 _

1970 2867 2221 2926 duxistis
2250 2883 2385 2927 eum
2412 2867 2483 2925 ad
2514 2869 2650 2926 me?
2679 2868 2772 2925 An
2803 2868 3018 2927 desunt
3056 2869 3223 2929 nobis
3264 2871 3488 2943 furiosi,
3516 2870 3679 2945 quod

1971 2956 2374 3016 introduxistis
2406 2956 2583 3015 istum
2614 2964 2675 3015 ut
2703 2957 2922 3017 fureret
2957 2973 3047 3016 me
3070 2959 3400 3033 prasente?
3438 2983 3458 3012 ι
3490 2960 3677 3032 (Ibid.)

1973 3045 2177 3104 Nonne
2214 3046 2386 3104 etiam
2416 3060 2554 3103 vero
2592 3044 2796 3118 David,
2828 3045 3195 3120 Redemptori
3237 3056 3454 3120 nostro,
3485 3047 3683 3106 simile

1973 3133 2115 3205 quid
2154 3132 2377 3203 accidit,
2415 3139 2476 3190 ut
2509 3132 2759 3193 insanus
2791 3134 2864 3191 ab
2903 3135 3335 3197 insanientibus
3379 3145 3683 3212 putaretur

1970 3229 2026 3281 et
2064 3223 2340 3282 miracula
2378 3238 2480 3297 per
2516 3224 2808 3284 daemones
2853 3241 3025 3299 agere
3056 3242 3088 3283 τι
3122 3226 3494 3287 damoniacis
3526 3227 3685 3286 dioe-

1972 3320 2129 3370 retur
2154 3314 2180 3368 ‘2
2232 3311 2383 3369 Hinc
2436 3317 2538 3379 est,
2599 3313 2751 3387 quod
2812 3312 3040 3373 Marcus
3092 3316 3447 3389 evangelista
3493 3315 3683 3375 dicit:

1977 3427 1998 3452 ι
2034 3402 2101 3460 Et
2138 3417 2272 3460 cum
2302 3401 2583 3461 vidissent
2610 3402 2724 3473 sui,
2753 3404 3027 3463 exierunt
3070 3411 3262 3463 tenere
3305 3420 3461 3463 eum.
3517 3403 3686 3462 Dice-

1973 3491 2111 3548 bant
2158 3492 2316 3548 enim
2347 3511 2359 3549 :
2392 3491 2677 3561 Quoniam
2729 3494 2785 3551 in
2827 3493 3081 3552 furorem
3123 3509 3323 3552 versus
3363 3500 3449 3551 est
3490 3495 3683 3567 (Marc.

1976 3582 2071 3643 III).
2108 3603 2128 3631 ι
2164 3579 2388 3649 Quibus
2425 3582 2620 3640 verbis
2650 3583 2916 3657 protinus
2949 3582 3172 3641 addidit
3206 3602 3219 3641 :
3273 3604 3295 3633 ι
3329 3580 3397 3638 Et
3442 3578 3686 3647 Scriba,

1972 3672 2075 3746 qui
2114 3671 2185 3730 ab
2224 3670 2649 3746 Hierosolymis
2700 3672 3136 3741 descenderant,
3173 3671 3440 3730 dicebant
3477 3694 3489 3727 :
3527 3667 3687 3740 Quo-

1976 3760 2131 3817 niam
2165 3758 2484 3819 Beelzebub
2511 3760 2703 3832 habet,
2734 3766 2789 3817 et
2819 3761 2959 3835 quia
2990 3760 3048 3817 in
3083 3760 3341 3834 principe
3370 3757 3690 3816 damonio-

1979 3866 2111 3909 rum
2139 3849 2294 3923 ejicit
2328 3849 2619 3908 damonia
2655 3850 2854 3920 (Ibid.)
2885 3873 2905 3901 ιν
2950 3849 3124 3908 Porro
3152 3857 3372 3919 autem,
3402 3847 3537 3922 quia
3589 3861 3685 3904 sa-

1980 3941 2116 3999 liva
2146 3942 2480 4014 frequenter
2522 3956 2598 3999 ex
2632 3940 2947 4000 infantium
2985 3956 3084 4000 ore
3114 3940 3454 4010 decurrunt,
3488 3952 3687 3997 nonne

1982 4032 2143 4089 velut
2190 4031 2481 4089 infantilia
2538 4030 2888 4091 videbantur
2941 4032 3159 4105 verba,
3211 4047 3344 4091 cum
3403 4030 3619 4090 diceret
3671 4051 3689 4087 :

1983 4142 2010 4173 «
2044 4120 2167 4178 Nisi
2212 4119 2700 4179 manducaveritis
2739 4136 2974 4179 carnem
3003 4121 3140 4180 Filii
3177 4118 3436 4180 hominis
3463 4122 3519 4176 et
3538 4116 3693 4176 bibe-

1982 4211 2109 4268 ritis
2149 4210 2275 4284 ejus
2297 4210 2661 4283 sanguinem,
2698 4226 2813 4269 non
2850 4210 3134 4270 habebitis
3162 4210 3341 4269 vitam
3387 4209 3448 4268 in
3482 4206 3693 4267 vobis?

1982 4298 2147 4367 Quod
2198 4298 2499 4357 audientes
2541 4297 2835 4372 discipuli,
2883 4298 3196 4357 dicebant:
3240 4297 3435 4357 Durus
3471 4301 3557 4354 est
3595 4293 3693 4351 hic

1986 4403 2193 4459 sermo,
2221 4394 2273 4446 et
2303 4388 2434 4463 quis
2465 4393 2646 4463 potest
2672 4404 2808 4448 eum
2833 4386 3082 4448 audire?
3108 4414 3133 4436 ι»
3170 4391 3346 4453 ιμΐοαη.
3370 4385 3477 4450 vr.)
3494 4384 3564 4443 Et
3589 4382 3698 4442 sic-

1986 4481 2051 4534 ut
2082 4475 2437 4549 evangelista
2474 4475 2667 4543 referl,
2715 4496 2742 4529 «
2770 4476 2891 4550 jam
2936 4491 3053 4537 non
3100 4489 3234 4533 cum
3282 4472 3385 4531 illo
3422 4468 3695 4529 ambula-

1925 4535 2142 4620 Dbant.
2180 4535 2378 4622 »USed
2428 4563 2555 4622 ista
2611 4535 2809 4622 saliva
2866 4535 3102 4621 barbam
3168 4559 3351 4619 David
3409 4556 3695 4631 tegebant,

1987 4652 2122 4726 quia
2172 4652 2283 4711 sub
2336 4651 2427 4710 his
2474 4652 2842 4711 infantilibus
2880 4652 3073 4711 verbis
3118 4650 3301 4709 virtus
3355 4646 3560 4706 divina
3610 4646 3696 4704 la-

1991 4741 2160 4799 tebat.

2059 4831 2266 4889 Factus
2322 4838 2406 4889 est
2463 4830 2998 4904 ergoRedemptor
3051 4835 3243 4887 noster
3288 4826 3582 4893 infirmus,
3632 4829 3700 4881 ut

1993 4935 2094 4978 nos
2138 4921 2311 4979 fortes
2356 4918 2629 4990 efficeret;
2665 4919 2825 4978 visus
2868 4924 2953 4977 est
3004 4916 3238 4986 stultus,
3274 4920 3338 4973 ut
3380 4913 3449 4972 ad
3497 4926 3698 4971 veram

1990 5027 2096 5071 nos
2132 5012 2492 5086 ,sapientiam
2549 5017 2854 5069 revocaret.
2919 5008 3079 5067 Unde
3133 5007 3274 5065 dicit
3327 5002 3690 5079 Apostolus:

1996 5124 2017 5154 ι
2050 5100 2194 5170 Quia
2223 5101 2373 5175 quod
2416 5103 2660 5159 stultum
2685 5107 2768 5157 cst
2799 5098 2920 5167 Dei,
2962 5096 3285 5171 sapientius
3316 5098 3404 5152 est
3442 5089 3696 5151 immini-

1989 5195 2119 5254 bus.
2157 5218 2178 5244 ι
2215 5193 2285 5252 Et
2314 5194 2486 5266 paulo
2514 5193 2781 5267 superius
2811 5211 2822 5249 :
2881 5216 2900 5241 α
2931 5190 3080 5261 Quia
3110 5204 3226 5248 non
3255 5186 3491 5260 agnovit
3522 5197 3696 5242 mun-

1990 5282 2099 5341 dus
2118 5296 2220 5357 per
2257 5282 2597 5355 sapientiam
2623 5280 2827 5348 Deum,
2858 5278 3074 5353 placuit
3104 5275 3220 5335 Deo
3260 5288 3361 5347 per
3386 5270 3702 5331 stultitiam

1990 5370 2416 5445 praedicationis
2474 5370 2663 5428 salvos
2720 5369 2902 5428 facere
2959 5366 3257 5435 credentes
3312 5364 3364 5430 (Ι
3389 5362 3511 5419 Cor.
3571 5363 3637 5428 ι).
3669 5379 3698 5405 ι

1994 5460 2106 5519 Nec
2133 5460 2444 5533 indignum
2474 5475 2646 5533 super
2681 5458 2925 5517 Domino
2965 5454 3263 5515 Salvatore
3300 5459 3496 5511 nostro
3527 5448 3703 5507 inﬁr-

1992 5548 2270 5616 mitatem,
2314 5550 2401 5608 vel
2443 5549 2745 5608 stultitiam
2790 5547 2927 5618 dici,
2967 5561 3104 5605 cum
3149 5544 3322 5603 etiam
3364 5556 3466 5616 per
3510 5539 3702 5612 lepro-

1990 5655 2143 5711 sum,
2186 5646 2305 5700 tum
2346 5640 2519 5700 etiam
2556 5654 2657 5712 per
2692 5639 3019 5710 serpentem
3070 5648 3189 5692 non
3236 5629 3584 5704 dedignatus
3625 5625 3702 5685 sit
