4064 6208
317 389 428 450 885
1831 388 2078 450 SERMO
2118 389 2318 451 LXVI.
3726 384 3833 448 886

319 511 559 588 mystice
585 508 842 585 figurari.
879 509 1045 568 Unde
1089 517 1173 570 est
1205 511 1380 586 quod,
1426 511 1721 588 Scriptum
1755 517 2017 579 testante,
2042 513 2417 588 Arecolligit.
2448 514 2518 573 Et
2546 514 2854 574 colubrum
2883 511 3064 571 cauda
3100 518 3270 586 tenet,
3305 512 3444 588 quia
3465 525 3621 581 eum,
3651 525 3828 586 quem

316 602 468 662 dixit
505 601 659 660 Deus
697 598 920 674 Moysi:
954 621 983 653 «
1008 600 1168 659 Mitte
1210 616 1449 660 manum
1493 601 1554 659 in
1592 601 1791 660 sinum
1841 605 2032 660 tuum.
2127 599 2424 658 mortalem
2481 604 2615 658 ante
2653 601 3010 674 despexerat,
3059 598 3501 672 Redemptorem
3545 612 3719 656 suum
3765 597 3830 655 in

318 690 432 761 Qui
475 704 608 748 cum
640 686 889 746 misisset
917 688 979 745 in
1008 687 1227 758 sinum,
1261 689 1501 762 protulit
1533 689 1818 762 leprosam
1855 688 2036 745 instar
2124 688 2330 747 ultima
2354 691 2472 765 jam
2507 697 2663 764 parte
2702 691 2975 749 Ecclesiae
3001 690 3326 750 conﬁtetur.
3374 689 3483 749 Sed
3531 704 3665 748 mox
3707 704 3832 747 ser-

317 779 494 838 nivis.
543 777 812 847 Retrahe,
863 776 963 847 ait,
1018 790 1257 834 manum
1306 777 1366 834 in
1419 777 1618 834 sinum
1674 783 1859 834 tuum.
1915 774 2032 832 Re-

321 867 517 934 traxit,
569 870 626 924 et
665 865 903 940 protulit
943 865 1174 936 iterum,
1215 871 1270 922 et
1317 871 1437 923 erat
1475 864 1685 922 similis
1711 864 1870 921 carni
1907 864 2036 921 reli-

320 974 455 1033 qua;
494 958 687 1029 (Emod.
729 958 832 1027 IV).
870 982 890 1006 η
937 956 1084 1026 Quid
1121 957 1227 1014 hoc
1267 957 1386 1015 loco
1420 972 1520 1030 per
1567 972 1803 1014 manum
1849 955 2032 1029 Moysi

323 1047 660 1118 designatur
696 1043 805 1101 nisi
829 1042 1014 1101 Filius
1041 1040 1190 1100 Dei?
1223 1042 1386 1100 Unde
1411 1043 1625 1100 dicitur
1653 1043 1712 1100 in
1747 1041 1980 1101 Psalmo
2014 1068 2027 1100 :

334 1161 356 1188 ι
385 1135 510 1192 Fiat
557 1149 770 1191 manus
816 1140 911 1190 tua
950 1137 1012 1189 ut
1045 1130 1226 1189 salvet
1266 1146 1356 1188 me
1393 1134 1560 1198 (Psal.
1613 1134 1840 1200 CXVIII).
1879 1152 1899 1180 ιι
1948 1131 2032 1189 Ac

327 1229 376 1286 si
406 1227 619 1284 diceret
643 1243 657 1280 :
681 1222 806 1280 Fiat
837 1222 954 1291 ille,
992 1236 1094 1295 per
1129 1236 1304 1294 quem
1351 1221 1495 1278 facta
1525 1227 1659 1279 sunt
1692 1219 1909 1291 omnia,
1944 1225 2028 1290 ut,

322 1319 465 1378 dum
518 1316 617 1373 ille
666 1320 912 1383 creatur,
962 1327 995 1368 a
1037 1317 1230 1368 reatus
1267 1311 1360 1368 sui
1413 1302 1672 1383 Contegio
1731 1309 2026 1367 liberetur.

2123 793 2264 850 pens
2297 780 2354 836 in
2392 780 2612 852 virgam
2644 780 2810 847 redit,
2843 779 2982 852 quia
3009 779 3200 837 statim
3236 786 3299 837 ut
3337 778 3614 837 Judaicus
3643 793 3830 852 popu-

2123 863 2215 923 lus
2243 866 2304 923 in
2325 866 2761 941 Redemptorem
2783 873 3044 924 nostrum
3071 866 3392 938 crediderit,
3408 865 3560 923 idem
3580 865 3830 924 Redem-

2123 963 2247 1029 pter
2259 959 2325 1016 ad
2348 959 2635 1032 judicium
2653 959 2709 1016 in
2736 962 3008 1032 potestate
3031 973 3152 1015 suae
3171 955 3491 1014 divinitatis
3511 955 3830 1029 apparebit,

2121 1052 2184 1104 ut
2218 1045 2269 1103 ei
2289 1046 2411 1120 jam
2443 1062 2675 1120 serpens
2707 1047 2867 1119 virga
2899 1046 2992 1116 sit,
3015 1046 3152 1122 quia
3174 1045 3222 1102 is
3252 1045 3353 1118 qui
3385 1044 3448 1103 in
3481 1052 3630 1101 terra
3658 1044 3830 1102 homo

2119 1135 2419 1209 despectus
2451 1142 2552 1208 est,
2584 1136 2654 1196 de
2690 1136 2834 1194 cmlo
2871 1136 3128 1206 veniens,
3161 1149 3335 1207 super
3383 1132 3619 1206 angelos
3668 1134 3828 1191 vide-

2119 1223 2276 1283 bitur
2304 1224 2472 1283 Deus.

2192 1313 2353 1372 Sicut
2400 1329 2535 1387 ergo
2588 1313 2890 1383 Dominus,
2942 1318 2995 1369 et
3042 1313 3168 1371 sine
3217 1311 3373 1384 lepra
3427 1309 3724 1384 leprosus,
3777 1316 3832 1367 et

321 1407 464 1465 Haec
506 1418 714 1461 manus
758 1402 820 1459 in
866 1400 1002 1458 sinu
1049 1398 1231 1457 Patris
1281 1404 1384 1468 est,
1435 1399 1584 1456 sicut
1618 1397 1871 1457 Joannes
1919 1397 2028 1455 Ba-
2117 1401 2242 1459 sine
2287 1417 2512 1459 veneno
2556 1417 2790 1475 serpens
2830 1417 2933 1474 per
2973 1399 3307 1475 mysterium
3349 1399 3597 1469 dicitur;
3633 1400 3709 1456 ita
3737 1396 3830 1455 ni-

317 1495 490 1570 ptista
513 1493 686 1552 dicit:
722 1517 742 1542 ι
767 1489 972 1557 Filius,
1003 1487 1102 1561 qui
1135 1495 1218 1546 est
1255 1489 1317 1546 in
1348 1488 1481 1546 sinu
1513 1486 1714 1556 Patris,
1743 1487 1864 1560 ipse
1892 1502 2028 1544 nar-
2116 1487 2455 1559 hilominus,
2505 1495 2560 1547 et
2618 1490 2743 1546 sine
2796 1489 3055 1547 fatuitate
3107 1486 3337 1556 stultus,
3379 1492 3435 1544 et
3479 1486 3601 1544 sine
3643 1484 3830 1543 imbe-

317 1583 467 1643 ravit
505 1585 681 1652 (Joan.
728 1585 867 1648 11).»
921 1576 1032 1636 Sed
1066 1593 1275 1636 manus
1320 1578 1441 1635 haec
1468 1592 1602 1636 cum
1630 1577 1700 1633 de
1733 1575 1867 1635 sinu
1896 1591 2027 1650 pro-
2113 1575 2348 1635 cillitate
2405 1578 2738 1651 perhibetur
2789 1577 3079 1636 inﬁrmus.
3122 1576 3234 1646 Qui
3288 1575 3571 1633 nimirum
3623 1574 3705 1632 sic
3770 1589 3832 1631 se

316 1673 433 1731 lata
480 1677 583 1741 est,
622 1671 730 1728 hoc
768 1674 868 1737 est,
908 1682 1042 1726 cum
1081 1683 1182 1740 per
1221 1666 1564 1740 mysterium
1608 1665 2027 1722 incarnationis
2114 1672 2327 1723 nostra)
2387 1666 2707 1724 inﬁrmitati
2765 1665 3059 1739 componit
3109 1672 3279 1740 atque
3327 1669 3718 1737 contemperat
3765 1669 3828 1721 ut

314 1763 607 1837 apparuit,
676 1765 1029 1834 peccatorem
1090 1773 1247 1828 eum,
1323 1764 1378 1812 et
1444 1765 1714 1831 tanquam
1793 1755 2027 1813 sceleris
2113 1759 2324 1812 etcum
2352 1753 2764 1813 dimicantibus
2792 1759 2983 1824 certet,
3018 1759 3230 1812 etcum
3264 1752 3617 1827 patientibus
3647 1751 3824 1812 simul

314 1853 475 1926 lepra
512 1850 834 1926 perfusum,
879 1847 930 1904 is
971 1846 1127 1905 unde
1167 1851 1516 1919 processerat
1563 1842 1814 1933 populus
1868 1844 2090 1933 aesti-B
2115 1844 2396 1933 supplicia
2426 1845 2642 1904 toleret.

315 1940 516 1998 mavit.
561 1938 723 1997 Unde
768 1936 905 1995 dicit
953 1934 1166 1994 Isaias:
1201 1957 1223 1986 α
1257 1933 1327 1991 Et
1372 1949 1477 1991 nos
1514 1932 1850 2007 putavimus
1891 1947 2025 1991 eum
2061 1932 2078 1933 ί
2189 1932 2340 2003 Quid
2379 1951 2514 2008 ergo
2562 1935 2778 1993 mirum
2833 1937 2878 1994 si
2931 1936 3094 1993 beata
3131 1933 3429 2004 Columba,
3461 1933 3606 1991 dum
3643 1932 3826 1991 tribu-

313 2029 481 2103 quasi
529 2027 839 2102 leprosum,
880 2030 936 2082 et
972 2037 1316 2098 percussum
1347 2037 1381 2079 a
1412 2022 1528 2080 Deo
1559 2029 1613 2079 et
1641 2020 2020 2080 humiliatum
2118 2025 2349 2083 nalibus
2392 2025 2576 2083 rabidi
2623 2027 3003 2100 persecutoris
3049 2026 3360 2095 assisteret,
3401 2029 3456 2081 et
3497 2022 3661 2080 fortis
3708 2028 3829 2080 erat

314 2123 470 2189 (Isai.
504 2122 646 2187 LIII).
684 2141 710 2165 »
760 2115 868 2175 Sed
910 2130 1117 2173 manus
1161 2114 1285 2171 haec
1321 2128 1453 2172 cum
1497 2113 1556 2169 in
1592 2113 1789 2170 sinum
1830 2113 2020 2184 rediit,
2114 2115 2177 2172 in
2229 2115 2545 2189 suppliciis,
2602 2122 2655 2174 et
2714 2116 2941 2190 sapiens
2975 2117 3036 2175 in
3081 2116 3407 2189 responsis;
3442 2113 3510 2183 si,
3549 2113 3688 2171 dum
3728 2111 3829 2170 illa

313 2209 533 2282 lepram
606 2220 840 2280 prorsus
909 2201 1132 2271 amisit;
1206 2199 1344 2275 quia
1417 2199 1763 2274 Redemptor
1831 2207 2025 2259 noster
2119 2203 2507 2276 torquebatur,
2554 2218 2655 2277 per
2709 2219 2836 2262 eam
2886 2204 3040 2263 alius
3065 2204 3442 2278 loquebatur?
3490 2201 3596 2259 Illa
3649 2199 3821 2260 nimi-

312 2303 617 2374 postquam
663 2295 735 2353 ad
781 2293 1009 2351 Patrem
1041 2291 1255 2349 calcato
1288 2290 1492 2348 mortis
1529 2290 1774 2363 imperio
1832 2290 2019 2359 rediit,
2115 2307 2243 2350 rum
2297 2292 2553 2366 linguam
2615 2293 2899 2363 movebat,
2942 2295 3040 2352 sed
3088 2294 3241 2352 alius
3296 2292 3472 2350 verba
3525 2290 3826 2349 formabat.

305 2387 426 2461 jam
485 2385 547 2442 in
601 2384 714 2440 line
755 2380 955 2440 saeculi
1011 2395 1121 2437 non
1175 2385 1433 2452 peccator
1480 2379 1673 2449 homo,
1731 2378 1827 2436 sed
1890 2395 2023 2436 vere
2117 2409 2142 2430 ‹‹
2178 2383 2301 2441 Non
2333 2386 2510 2454 enim,
2545 2385 2757 2459 inquit,
2787 2401 2890 2443 vos
2915 2386 3049 2443 estis
3075 2385 3176 2460 qui
3203 2382 3532 2458 loquimini,
3564 2383 3662 2441 sed
3695 2381 3828 2456 Spi-

313 2475 466 2534 Deus
519 2479 572 2532 et
627 2473 799 2531 homo
849 2469 1070 2529 Judaais
1140 2470 1416 2528 omnibus
1480 2469 1794 2543 apparebit.
1865 2467 2022 2528 Scri-
2114 2473 2259 2530 ritus
2291 2473 2472 2532 Patris
2504 2475 2698 2540 vestri,
2732 2474 2833 2548 qui
2868 2473 3124 2549 loquitur
3154 2474 3215 2532 in
3246 2472 3408 2532 vobis
3439 2474 3658 2544 (Matth.
3695 2475 3824 2536 xl.»

312 2571 475 2636 ptum
526 2561 738 2636 quippe
788 2565 916 2618 est:
955 2583 978 2608 α
1007 2557 1154 2628 Quia
1192 2557 1241 2615 si
1300 2558 1474 2617 fuerit
1518 2573 1828 2616 numerum
1878 2557 2021 2616 ﬁlio-
2112 2560 2280 2618 Illius
2328 2569 2448 2618 erat
2501 2577 2788 2634 exponere
2831 2577 3040 2634 corpus
3081 2561 3151 2618 ad
3193 2575 3445 2635 pmnam,
3475 2559 3635 2617 alteri
3677 2573 3828 2617 com-

309 2667 441 2710 rum
470 2649 647 2708 Israel
687 2649 836 2707 sicut
877 2662 1053 2705 arena
1084 2645 1281 2716 maris,
1325 2646 1592 2720 reliquiae
1625 2646 1803 2704 salva:
1850 2651 2020 2704 erunt
2110 2648 2335 2721 petebat
2370 2649 2601 2708 virtutis
2636 2665 2702 2709 ac
2738 2649 3028 2723 patientiae
3059 2648 3388 2706 ministrare
3422 2647 3820 2706 constantiam.

307 2742 623 2808 (Rom.1x).
659 2761 683 2786 ι»
1500 2740 1509 2748 ³
2110 2737 2425 2795 Assistebat
2471 2739 2708 2812 quidem
2771 2738 3162 2797 tribunalibus
3215 2738 3400 2811 regis,
3452 2737 3824 2811 torquebatur

383 2827 489 2885 Per
514 2830 835 2900 serpentem
871 2839 1101 2898 quoque
1132 2823 1414 2896 ﬁguratus
1452 2829 1557 2895 est,
1587 2839 1719 2882 cum
1751 2825 1820 2882 ad
1852 2839 2017 2882 eum-
2111 2826 2381 2884 manibus
2417 2827 2672 2900 subjecta
2707 2826 3011 2896 carniﬁcis,
3045 2826 3143 2884 sed
3184 2826 3476 2884 deridebat
3509 2833 3825 2900 utrumque

305 2921 439 2978 dem
479 2918 712 2992 Moysen
749 2916 1036 2975 Dominus
1060 2915 1176 2973 ait:
1209 2937 1227 2965 α
1254 2914 1402 2984 Quid
1435 2921 1518 2973 est
1550 2915 1704 2989 quod
1755 2921 1911 2973 tenes
1956 2915 2017 2972 in
2108 2919 2162 2970 et
2205 2914 2500 2986 judicante
2556 2915 2864 2974 sublimior
2901 2920 2954 2970 et
2988 2913 3267 2987 puniente
3313 2914 3618 2972 robustior.
3663 2912 3823 2971 Unde

305 3023 486 3065 manu
543 3005 680 3064 tua?
737 3005 1055 3080 Respondit
1087 3027 1099 3060 :
1137 3002 1395 3077 Virgam.
1447 3002 1544 3061 Ait
1576 3023 1586 3060 :
1623 3003 1840 3076 Projice
1891 3018 2017 3060 eam
2107 3017 2357 3076 sponsus
2395 3005 2456 3061 in
2486 3004 2754 3074 Canticis,
2790 3003 2948 3062 velut
2975 3003 3044 3061 ad
3085 3018 3212 3061 eam
3253 3016 3579 3061 sermonem
3608 3002 3821 3076 specia-

306 3095 366 3153 in
418 3101 648 3154 terram.
705 3093 964 3167 Projecit,
1016 3099 1072 3150 et
1116 3108 1280 3150 versa
1327 3100 1409 3151 est
1450 3091 1506 3148 in
1560 3091 1884 3162 colubrum,
1940 3091 2018 3148 ita
2108 3093 2238 3151 liter
2265 3094 2482 3170 dirigit,
2513 3110 2644 3153 cum
2676 3096 2755 3154 ait
2788 3113 2800 3152 :
2840 3117 2860 3145 ι
2891 3094 3075 3164 Quam
3106 3093 3345 3167 pulchra
3385 3099 3469 3151 est
3505 3099 3559 3151 et
3593 3093 3817 3166 decora,

302 3193 370 3244 ut
406 3185 626 3258 fugeret
659 3183 901 3258 Moyses.
934 3183 1212 3255 Dixitque
1238 3182 1557 3240 Dominus:
1595 3181 1855 3238 Extende
1891 3197 2014 3238 ma-
2039 3230 2084 3290 Ο
2107 3183 2464 3252 charissima,
2529 3185 2591 3241 in
2641 3183 2886 3244 deliciis!
2942 3183 3171 3242 Statura
3225 3189 3322 3241 tua
3367 3183 3684 3242 assimilata
3734 3190 3819 3242 est

303 3290 447 3333 num
476 3281 656 3344 tuam,
687 3279 743 3330 et
766 3271 1134 3346 apprehende
1163 3271 1406 3329 caudam
1432 3271 1576 3342 ejus.
1619 3271 1913 3340 Extendit,
1961 3280 2016 3328 et
2040 3271 2083 3290 υ
2107 3273 2315 3346 palmas
2342 3274 2517 3344 (Cant.
2559 3273 2678 3345 VII).
2724 3297 2749 3320 »
2801 3272 2964 3329 Mens
3001 3272 3214 3345 quippe
3252 3277 3446 3330 sancta
3483 3272 3820 3330 charissima

301 3363 511 3434 tenuit,
562 3377 843 3435 versaque
895 3365 980 3420 est
1028 3360 1086 3418 in
1135 3360 1357 3434 virgam
1404 3361 1605 3428 (Exod.
1659 3366 1764 3428 IV).
1795 3384 1821 3411 υ
1864 3359 2013 3428 Quid
2105 3361 2162 3418 in
2199 3361 2423 3418 deliciis
2465 3360 2693 3428 dicitur,
2729 3360 2866 3433 quia
2903 3359 3044 3418 dum
3079 3360 3584 3432 persecutionibus
3624 3359 3815 3417 attrita

298 3469 401 3528 per
425 3453 683 3526 Moysen,
721 3449 836 3508 nisi
863 3449 1144 3508 Judaicus
1172 3446 1464 3522 populus?
1493 3448 1562 3505 Et
1591 3447 1728 3522 quid
1760 3463 1861 3520 per
1888 3447 2014 3503 vir-
2107 3449 2246 3508 foris
2273 3437 2572 3522 affligitur,
2615 3449 2726 3522 piis
2763 3456 3016 3507 aestuans
3044 3447 3347 3507 desideriis
3391 3447 3692 3507 suavitatis
3723 3447 3816 3505 in-

298 3557 455 3615 gam,
511 3541 626 3599 nisi
680 3545 927 3615 potestas
967 3536 1107 3594 361
1166 3538 1538 3596 Divinitatis?
1589 3538 1659 3596 Et
1715 3536 1851 3613 quid
1912 3551 2016 3609 per
2105 3538 2261 3597 timae
2316 3538 2625 3598 dulcedine
2690 3544 2994 3598 recreatur.
3058 3536 3238 3612 Cujus
3308 3532 3523 3598 statura
3605 3538 3817 3613 palmae

296 3635 648 3703 serpentem,
695 3628 807 3686 nisi
864 3627 1182 3686 mortalitas
1227 3626 1406 3685 nostri
1459 3625 1860 3699 Redemptoris
1915 3641 2014 3682 ex-
2102 3630 2312 3688 similis
2341 3630 2571 3698 dicitur,
2601 3629 2736 3703 quia
2764 3629 2912 3688 sicut
2953 3645 3068 3688 non
3121 3630 3397 3688 vitiorum
3449 3629 3814 3688 titillantium

297 3716 616 3792 primitur?
673 3717 821 3787 Quia
883 3716 1037 3774 enim
1093 3731 1194 3790 per
1254 3720 1579 3789 serpentem
1634 3730 1806 3780 mors,
1863 3718 2012 3771 recte
2103 3720 2357 3790 ﬂatibus,
2409 3720 2487 3778 ita
2542 3735 2648 3777 nec
2697 3719 3161 3792 persecutionum
3215 3716 3361 3774 362
3423 3719 3819 3791 quarumlibet

301 3808 617 3866 mortalitas
644 3808 705 3865 in
737 3814 1024 3881 serpente,
1066 3807 1158 3865 vel
1199 3812 1370 3878 certe,
1414 3821 1547 3864 cum
1579 3805 1856 3879 scriptum
1890 3803 2005 3862 sit:
2105 3807 2419 3866 terroribus
2471 3807 2802 3865 inclinatur.
2855 3807 3122 3880 Dumque
3171 3822 3298 3864 eam
3341 3806 3816 3881 persequentium

303 3919 323 3947 ι
370 3896 563 3955 Estote
617 3897 923 3971 prudentes
992 3897 1140 3954 sicut
1199 3900 1492 3968 serpentes
1538 3887 1763 3966 'lMatth.
1817 3897 1917 3963 xl;
1979 3917 2006 3943 ιι³
2105 3901 2291 3958 rabies
2315 3899 2472 3958 velut
2515 3899 2775 3972 impactis
2816 3899 3107 3957 minarum
3148 3898 3425 3956 arietibus
3472 3898 3681 3971 pulsat,
3717 3896 3816 3954 illa

294 3983 433 4056 (ἰυίᾶ
479 3983 604 4056 ipsa
642 3998 872 4041 summa
913 3983 1240 4057 ρῐίιάθῐιῐίειι
1289 3982 1346 4039 id
1395 3986 1500 4054 θεῖν
1548 3982 1652 4039 Ι)θὶ
1706 3981 2006 4054 sapientia.
2101 3989 2481 4047 fundamento
2521 3989 2754 4046 invicta:
2795 3987 2928 4045 fidei
2974 3993 3304 4045 constanter
3337 3986 3568 4056 innixa,
3615 4000 3815 4042 revera

295 4070 588 4129 ίηεθῐἪδΓῘ
630 4071 864 4144 dignata
908 4077 1012 4140 est.
1059 4077 1207 4129 recte
1253 4072 1378 4144 eius
1416 4068 1731 4128 mortalitas
1777 4069 1835 4125 in
1886 4083 2009 4125 θεῖ’·
2101 4085 2258 4138 stans
2291 4088 2346 4138 et
2375 4079 2812 4154 supereminens
2855 4076 3267 4153 insuperabilis
3304 4082 3648 4150 perseverat.
3700 4076 3812 4133 Ne-

293 4166 463 4233 pente
504 4159 803 4233 ﬁguratur-
852 4159 1018 4218 Unde
1072 4167 1126 4218 et
1164 4159 1224 4217 in
1272 4159 1589 4233 Evangelio
1633 4158 1704 4216 de
1744 4158 2008 4230 passione
2101 4185 2395 4243 quaquam
2427 4169 2540 4226 illis
2576 4169 2805 4240 similis,
2838 4169 3010 4244 cujus
3049 4183 3152 4241 per
3180 4168 3515 4241 prophetam
3547 4166 3618 4224 de
3641 4165 3810 4224 mali-

292 4267 400 4310 sua
445 4251 724 4326 loquitur,
765 4252 1001 4310 dicens:
1031 4273 1058 4305 «
1091 4251 1250 4311 Sicut
1295 4251 1521 4324 Moyses
1570 4249 1847 4307 exaltavit
1884 4264 1897 4305 ε

2207 4275 2230 4316 s
2266 4259 2564 4333 spiritibus
2609 4258 2821 4317 dicitur
2853 4279 2863 4316 :
2903 4284 2924 4309 «ι
2959 4257 3105 4328 Quia
3156 4257 3618 4317 humiliaverunt
3660 4262 3712 4314 te
3757 4262 3812 4314 et

292 4345 524 4415 pentem
553 4341 971 4413 indeserto,ita
999 4341 1240 4400 exaltari
1263 4346 1483 4414 oportet
1506 4337 2005 4398 Filiumhominis
2095 4349 2375 4407 dixerunt
2429 4350 2643 4407 anima;
2703 4354 2816 4406 ιυεε
2874 4371 2887 4405 ε
2941 4346 3275 4419 Incurvare,
3332 4353 3396 4406 ut
3451 4352 3812 4404 transeamus

287 4434 470 4500 (Joan.
503 4436 610 4499 III).
649 4456 673 4478 η

2207 4439 2244 4493 ἰ.
2305 4438 2418 4508 LI);
2482 4461 2500 4484 -
2563 4434 2660 4491 sed
2719 4433 2866 4492 illud
2923 4435 3114 4506 potius
3169 4449 3405 4492 servans
3461 4432 3617 4506 quod
3676 4431 3812 4490 liliis

359 4517 586 4592 Moyses
614 4535 752 4593 ergo
782 4519 1006 4592 virgam
1039 4519 1242 4590 tenuit,
1271 4518 1410 4593 quia
1445 4517 1722 4577 Judaicus
1751 4514 2003 4589 populus
2027 4582 2070 4593 _
2097 4521 2269 4580 Israel
2312 4521 2597 4580 Dominus
2652 4519 2731 4577 ait
2763 4544 2774 4578 ε
2826 4546 2850 4568 ‹‹
2887 4519 3007 4593 Ego
3058 4534 3210 4590 sum,
3263 4519 3473 4592 inquit,
3527 4518 3810 4576 Dominus

280 4617 418 4666 ante
446 4582 846 4681 Redemptoris
872 4582 1188 4667 adventum
1214 4582 1516 4665 i'n‘divina
1547 4582 1990 4679 potestate-con-
2027 4582 2076 4642 D
2098 4611 2268 4680 Deus,
2327 4611 2424 4682 qui
2466 4608 2651 4682 eripui
2699 4623 2798 4664 vos
2844 4607 2913 4664 de
2936 4582 3240 4680 Ergastulo
3281 4582 3704 4680 Egyp'tiorum,
3744 4611 3810 4664 ut

286 4698 431 4757 ﬁsus
459 4705 544 4755 est
577 4717 588 4755 :
622 4698 718 4756 sed
750 4697 974 4772 virgam
1018 4699 1078 4755 in
1121 4703 1330 4756 terram
1373 4697 1628 4771 projecit,
1671 4696 1809 4768 quia
1849 4693 2004 4751 idem
2096 4699 2438 4758 incederetis
2470 4698 2606 4755 recti
2633 4698 2833 4771 (Emod.
2867 4697 2969 4767 VI).
3013 4720 3034 4747 ι

282 4786 534 4860 populus
553 4803 655 4860 per
681 4787 1034 4860 patriarchas
1057 4802 1121 4844 ac
1145 4788 1450 4860 prophetas
1480 4785 1666 4844 Deum
1695 4785 2003 4842 incarnan-
2166 4790 2235 4847 Et
2261 4788 2534 4864 quoniam
2582 4787 2767 4861 palma
2796 4785 2936 4844 solet
2980 4799 3219 4843 manum
3251 4797 3456 4842 ornare
3489 4781 3808 4854 victricem,

280 4875 422 4932 dum
451 4891 574 4934 esse
603 4874 910 4934 nuntiavit.
941 4874 1112 4948 Virga
1146 4891 1280 4932 vero
1310 4875 1366 4932 in
1401 4875 1705 4933 colubrum
1737 4873 1999 4941 vertitur,

279 4965 426 5038 quia
463 4964 810 5038 Redemptor
857 4970 1047 5022 noster
1077 4965 1230 5023 Deus
1268 4963 1327 5021 in
1355 4979 1415 5021 se
1450 4978 1815 5036 permanens,
1844 4975 2002 5018 mor-

282 5053 411 5112 talis
450 5054 602 5111 inter
630 5053 899 5112 homines
936 5053 1120 5112 factus
1150 5058 1255 5110 est.
1288 5050 1396 5110 Sed
1439 5052 1660 5126 Moyses
1692 5051 2000 5111 colubrum

277 5142 642 5217 conspiciens
679 5143 980 5217 pertimuit
1011 5151 1066 5201 et
1109 5143 1277 5215 fugit,
1317 5141 1453 5216 quia
1491 5141 1772 5201 Judaicus
1812 5156 1998 5215 popu-

275 5231 372 5292 lus
419 5233 563 5292 dum
615 5232 1050 5306 Redemptorem
1111 5231 1353 5290 humani
1414 5231 1644 5304 generis
1694 5233 1999 5292 mortalem

280 5321 448 5391 vidit,
479 5322 621 5380 dum
645 5323 920 5393 crederet,
945 5322 1107 5396 quasi
1142 5321 1556 5379 formidolosus
1593 5324 1848 5395 expavit.
1888 5321 1996 5383 Cui

274 5411 517 5484 jubetur
557 5417 623 5471 ut
653 5411 959 5469 colubrum
994 5410 1174 5469 cauda
1202 5416 1411 5480 teneat,
1443 5410 1580 5483 quia
1615 5409 1867 5485 perfidus
1897 5411 1999 5471 ille

277 5500 550 5576 populus,
581 5499 682 5573 qui
712 5500 884 5558 modo
914 5499 1145 5557 credere
1176 5505 1417 5568 recusat,
1453 5499 1512 5556 in
1543 5506 1804 5558 extrema
1838 5506 1998 5575 parte

280 5591 574 5650 Dominici
611 5591 888 5665 corporis,
920 5589 976 5647 id
1003 5595 1107 5658 est,
1148 5589 1449 5662 posteriori
1475 5596 1748 5662 temperas
1781 5596 1996 5649 sanctas

278 5681 579 5752 Ecclesiae,
625 5682 891 5741 videlicet
936 5681 995 5739 in
1057 5682 1174 5740 line
1226 5682 1456 5754 mundi,
1511 5700 1633 5742 sese
1680 5684 1752 5743 ad
1815 5681 1988 5741 ﬁdem

2095 4884 2243 4937 recte
2297 4883 2494 4936 sancta
2551 4883 2606 4934 et
2660 4873 3072 4950 insuperabilis
3134 4872 3330 4931 anima
3407 4870 3619 4946 palmas
3686 4886 3810 4929 esse

2093 4965 2306 5024 similis
2350 4965 2708 5040 perhibetur,
2741 4963 2877 5038 quia
2925 4979 3025 5037 per
3057 4976 3290 5020 omnem
3333 4961 3425 5019 sui
3476 4959 3809 5018 certaminis

2092 5075 2332 5117 cursum
2366 5064 2606 5131 peractae
2643 5055 2899 5116 νὶοῑοΓίεΒ
2929 5053 3236 5130 praemium
3267 5052 3594 5111 meditatur.
3617 5051 3808 5126 Atque

2093 5146 2306 5204 idcirco
2358 5146 2722 5220 ﬂoccipendit
2772 5161 2944 5204 omne
2988 5145 3144 5219 quod
3199 5145 3260 5200 in
3315 5141 3536 5200 inﬁmis
3586 5140 3808 5212 tolerat,

2092 5235 2194 5309 qui
2224 5243 2406 5294 erecta
2440 5235 2600 5294 velut
2628 5236 2838 5310 palma,
2873 5234 2929 5291 id
2962 5235 3115 5307 quod
3143 5233 3201 5291 in
3226 5231 3558 5291 coelestibus
3585 5231 3806 5306 aspicit,

2092 5326 2337 5384 ﬁrmiter
2392 5332 2596 5400 sperat.
2644 5326 2772 5383 Huc
2817 5322 3055 5393 accedit,
3089 5322 3227 5398 quia
3268 5336 3398 5380 cum
3441 5320 3571 5379 cmli
3610 5321 3808 5381 Domi-

2091 5433 2234 5476 num
2267 5414 2528 5472 eamdem
2560 5413 2846 5488 passionis
2879 5415 3031 5473 viam
3063 5413 3414 5488 percurrisse
3454 5427 3806 5471 commemo-

2094 5515 2201 5576 rat,
2229 5510 2348 5581 jam
2390 5523 2467 5576 se,
2511 5522 2642 5580 qum
2687 5504 2884 5578 pulvis
2922 5513 2975 5564 et
3018 5506 3166 5564 cinis
3207 5511 3312 5576 est,
3354 5505 3446 5564 sui
3491 5503 3805 5564 Salvatoris

2094 5596 2311 5655 imitari
2339 5593 2576 5667 vestigia
2632 5596 3003 5653 vehementer
3029 5593 3300 5652 exsultat.
3336 5593 3500 5654 Unde
3531 5598 3587 5650 et
3614 5591 3800 5649 eidem

2091 5699 2316 5760 sponsae
2348 5697 2597 5758 sponsus
2629 5681 2710 5741 ait
2741 5701 2753 5742 :
2809 5705 2829 5734 ι
2865 5681 3062 5742 Comae
3094 5680 3296 5758 capitis
3328 5680 3412 5740 tui
3447 5684 3512 5738 ut
3542 5691 3801 5752 purpura
