4064 6208
298 387 408 451 887

917 386 974 446 S.
1018 386 1241 447 PETRI
1283 385 1602 446 DAMIANT
1638 384 1794 445 OPP.
1839 386 2032 447 PARS
2072 384 2217 447 SEU
2253 380 2505 444 TOMUS
2542 380 2617 441 II.
2660 413 2729 425 —
2769 379 3190 442 SERMONES.

3693 383 3810 443 888

301 517 453 593 regis
491 516 692 592 juncta
719 514 1016 575 canalibus
1075 515 1234 585 (Cant
1281 515 1403 587 vn).
1440 540 1468 564 ι»
1512 513 1674 574 Sicut
1705 531 1807 590 per
1845 513 2237 589 caputAluta.
2304 536 2329 564 α
2362 512 2519 571 Pone
2583 525 2675 570 me
2710 558 2726 582 ,
2781 511 2992 585 inquit,
3051 518 3115 569 ut
3189 478 3558 585 signaculum
3627 526 3811 588 super

301 604 690 680 intelligimus
725 610 1000 675 mentem,
1028 603 1107 661 ita
1146 618 1248 677 per
1292 618 1483 662 comas
1519 604 1720 677 capitis
1763 619 1881 662 non
1924 603 2015 661 in-

301 694 712 754 convenienter
785 690 1099 766 accipimus
1167 692 1559 766 cogitationes.
1642 692 1803 752 Sicut
1850 691 2009 749 enim

303 782 498 857 capilli
561 782 631 840 de
697 779 911 839 vertice
972 779 1284 855 prodeunt,
1338 781 1417 838 ita
1487 780 1861 854 cogitationes
1935 795 2011 838 ex

305 879 495 933 mente
538 871 877 945 procedunt.
918 871 1256 945 Purpureus
1297 887 1434 931 vero
1471 873 1646 944 color,
1690 873 1827 945 quia
1874 887 2007 930 san-

301 961 499 1037 guinis
531 961 704 1020 habet
730 961 996 1036 speciem,
1032 960 1175 1035 quid
1215 976 1317 1034 per
1351 962 1715 1036 mysterium,
1745 961 1860 1019 nisi
1893 960 2009 1018 Do-

301 1051 577 1110 minicam
620 1049 818 1109 innuit
853 1050 1215 1124 passionem?
1244 1049 1395 1120 Quid
1435 1066 1574 1108 vero
1611 1049 1861 1118 canales,
1893 1047 2009 1104 nisi

301 1144 629 1199 sanctorum
675 1138 1005 1214 significant
1042 1140 1299 1197 mentes?
1331 1138 1494 1197 Sicut
1536 1137 1694 1196 enim
1730 1137 1794 1195 in
1837 1152 2010 1194 cana-

300 1228 457 1288 libus
486 1228 906 1287 couchiliorum
942 1228 1179 1301 sanguis
1208 1227 1550 1297 effunditur,
1580 1233 1644 1284 ut
1678 1226 1742 1284 in
1788 1240 2010 1299 purpu-

299 1333 467 1378 reum
494 1317 743 1377 colorem
769 1317 903 1376 lana
928 1322 1185 1375 vertatur
1215 1341 1228 1375 :
1272 1318 1355 1376 sic
1386 1317 1448 1375 in
1480 1322 1811 1375 sanctorum
1845 1332 2005 1373 men-

297 1406 454 1467 tibus
495 1407 816 1466 Dominicze
861 1406 1142 1481 passionis
1185 1421 1356 1464 cruor
1395 1405 1766 1464 meditatione
1805 1402 2008 1463 recoli-

300 1501 430 1569 tur;
459 1502 515 1555 et
539 1497 619 1555 ita
639 1494 1064 1572 quodammodo
1087 1495 1181 1568 pia
1205 1493 1481 1569 quaelibet
1503 1495 1700 1553 anima
1727 1492 2012 1565 sanguine

299 1586 566 1660 tingitur,
615 1593 680 1645 ut
732 1584 932 1644 aeterni
981 1584 1125 1656 Regi
1175 1600 1492 1657 purpuram
1545 1582 1825 1643 imitetur.
1888 1582 2011 1641 Hoc

300 1676 583 1739 nimirum
654 1674 825 1735 modo
897 1674 1183 1733 efficimur
1259 1672 1543 1733 Salvatori
1618 1680 1811 1732 nostro
1869 1688 2011 1731 con-

302 1752 539 1835 i'ormes,
581 1769 646 1822 ut
695 1762 882 1822 simus
930 1761 1102 1821 etiam
1156 1763 1361 1821 merito
1406 1761 1773 1837 postmodum
1827 1761 2011 1821 cohae-

302 1850 486 1910 redes.

371 1946 546 2005 Coma
590 1961 725 2022 ergo
770 1944 973 2019 capitis
1025 1943 1207 2005 beatze
1260 1944 1531 2019 martyris
1576 1942 1896 2014 Columbae,
1942 1952 2007 2004 ut

297 2048 557 2111 purpura
586 2039 707 2093 erat
732 2034 883 2107 regis
924 2031 1126 2107 juncta
1161 2032 1485 2103 canalibus,
1522 2032 1658 2107 quia
1696 2032 2004 2091 constituta

298 2121 361 2181 in
389 2121 653 2197 passione
680 2119 899 2195 prOprii
926 2121 1202 2196 corporis,
1222 2121 1506 2180 recolebat
1531 2120 1768 2180 assidue
1791 2120 2008 2195 suppli-

297 2209 451 2269 cium
515 2206 940 2283 Redemptoris,
992 2226 1067 2269 ne
1137 2208 1403 2268 videlicet
1459 2210 1519 2268 in
1584 2225 1692 2269 sua
1742 2209 2009 2284 passione

299 2298 714 2370 succumberet,
764 2298 907 2357 dum
950 2303 1441 2357 remuneratorem
1482 2316 1659 2358 suum
1705 2315 1810 2372 per
1849 2314 2010 2356 eam-

298 2384 428 2445 dem
485 2386 641 2445 viam
691 2401 752 2444 se
794 2386 1152 2460 praecessisse
1203 2392 1490 2460 pensaret.
1550 2388 1747 2446 Passio
1797 2387 2010 2460 quippe

244 2506 251 2515 ~
299 2476 533 2536 Domini
582 2477 747 2553 quasi
787 2476 999 2536 vicaria
1037 2476 1308 2549 quaedam
1348 2477 1514 2536 nobis
1564 2492 1765 2536 mensa
1802 2491 2009 2550 propo-

302 2565 410 2623 sita
437 2572 543 2635 est,
572 2574 636 2626 ut
662 2567 881 2644 quique
907 2567 979 2626 ad
1005 2582 1133 2625 eam
1164 2567 1391 2625 invitati
1423 2566 1869 2637 discumbimus,
1904 2581 2009 2625 nos

302 2654 475 2713 etiam
524 2655 739 2715 similia
793 2672 1206 2730 praeparemus.
1256 2654 1343 2714 Ad
1386 2672 1557 2731 quam
1610 2672 1715 2715 nos
1766 2671 2011 2729 sponsus

304 2740 515 2801 invitat
557 2745 621 2803 in
668 2744 953 2803 Canticis:
997 2767 1025 2798 α
1054 2746 1365 2818 Comedite,
1399 2747 1610 2823 inquit,
1652 2748 1825 2805 amici
1875 2748 2008 2818 mei,

303 2828 359 2888 et
393 2831 592 2917 bibite,
635 2839 690 2890 et
736 2834 1131 2904 inebriamini,
1168 2837 1494 2894 charissimi
1540 2841 1721 2910 (Cant.
1756 2840 1835 2909 v).
1884 2861 1905 2888 ι
1942 2837 2012 2895 Et

301 2921 365 2979 in
429 2920 756 2980 Proverbiis
808 2920 1133 2983 Salomonis
1184 2943 1197 2982 :
1260 2950 1286 2974 ‹‹
1324 2922 1385 2982 Si
1445 2925 1704 2997 sederis,
1773 2927 2006 3002 inquit,

302 3021 532 3065 cenare
575 3007 645 3065 ad
683 3024 940 3089 mensam
994 3012 1262 3093 potentis,
1327 3013 1698 3073 considerans
1750 3014 2013 3090 intellige

304 3111 440 3170 quae
458 3105 830 3172 apponuntur
846 3099 970 3173 tibi,
999 3103 1055 3158 e't
1080 3102 1162 3161 sic
1183 3101 1345 3161 mitte
1363 3119 1602 3162 manum
1629 3110 1810 3175 tuam,
1824 3106 2013 3164 sciens

303 3186 584 3277 quoniam
612 3185 747 3248 talia
775 3194 995 3263 oportet
1023 3195 1077 3249 te
1107 3207 1429 3265 prmparare
1461 3196 1639 3261 (Prov.
1669 3183 1729 3263 1).
1773 3218 1793 3247 ιι

376 3274 655 3347 Quasnam
698 3285 785 3337 est
820 3280 922 3339 illa
960 3296 1158 3340 mensa
1185 3282 1456 3356 potentis,
1484 3284 1601 3341 nisi
1628 3284 1782 3343 unde
1821 3284 2011 3344 sumi-

307 3371 401 3426 tur
441 3382 652 3441 oorpus
703 3376 761 3429 et
812 3372 1051 3444 sanguis
1109 3372 1254 3446 ejus,
1316 3373 1418 3448 qui
1473 3389 1640 3433 suam
1688 3391 1790 3448 pro
1842 3375 2011 3434 nobis

300 3455 556 3515 animam
588 3456 824 3532 posuit?
861 3459 931 3518 Et
960 3459 1099 3534 quid
1127 3466 1211 3519 est
1235 3461 1306 3519 ad
1338 3476 1467 3519 eam
1498 3462 1716 3533 sedere,
1748 3460 1867 3519 nisi
1897 3463 2012 3520 hu-

303 3544 521 3604 militer
555 3561 622 3604 ac
668 3556 995 3609 reverenter
1033 3547 1343 3608 accedere?
1377 3550 1483 3609 Ubi
1533 3566 1667 3625 quae
1705 3550 1873 3609 nobis
1909 3565 2012 3623 ap-

305 3642 605 3709 ponuntur
652 3637 1100 3712 considerantes,
1140 3638 1524 3716 intelligimus
1570 3640 1619 3698 si
1657 3639 1831 3714 digne
1872 3639 2014 3697 tanti

307 3725 568 3784 muneris
616 3726 861 3797 gratiam
918 3726 1259 3805 cogitamus.
1319 3730 1388 3789 Et
1443 3737 1585 3789 tunc
1634 3729 1713 3787 ita
1770 3744 2014 3788 manum

305 3812 594 3874 mittimus
625 3822 690 3875 ut
716 3817 969 3877 sciamus
996 3816 1129 3893 quia
1164 3819 1300 3878 talia
1331 3835 1436 3878 nos
1475 3817 1743 3893 expediat
1787 3833 2013 3892 praepa-

307 3917 452 3974 rare,
484 3919 618 3963 cum
647 3906 960 3980 prudenter
981 3906 1365 3982 intelligimus
1396 3909 1534 3983 quia
1572 3907 1722 3965 sicut
1752 3906 2017 3965 Christus

307 4007 413 4066 pro
454 3994 625 4073 nobis
670 3996 815 4054 mori
871 3996 1143 4070 dignatus
1193 4004 1295 4069 est,
1349 3997 1429 4055 ita
1479 4012 1582 4054 nos
1633 4013 1735 4070 pro
1790 3997 1914 4070 illo,
1968 3998 2017 4056 si

308 4080 479 4143 detur
546 4080 692 4139 3'63
772 4088 995 4146 occasio
1024 4132 1037 4159 ,
1122 4087 1400 4146 debemus
1472 4087 1697 4145 animas
1784 4103 2013 4161 ponere.

315 4193 344 4217 α
376 4169 528 4240 Quid
564 4171 744 4242 enim,
777 4173 857 4231 ait
905 4173 1228 4243 Psalmista,
1269 4174 1578 4233 retribuam
1631 4175 1880 4233 Domino
1917 4192 2019 4250 pro

311 4256 585 4318 omnibus
622 4276 756 4333 quae
796 4260 1063 4321 retribuit
1108 4263 1254 4321 mihi
1280 4263 1307 4321 ‘2
1338 4263 1584 4321 Calicem
1628 4264 1898 4322 salutaris
1934 4281 2023 4323 ac-

312 4345 525 4421 cipiam
580 4348 746 4420 (Psal.
791 4352 951 4424 CXV).
989 4372 1011 4403 »
1063 4349 1217 4410 Hinc
1261 4357 1344 4409 est
1376 4351 1546 4409 etiam
1600 4353 1752 4425 quod
1799 4353 2021 4414 dilectas

314 4451 436 4495 sum
468 4451 713 4509 sponsus
762 4438 823 4497 in
867 4437 1120 4497 Canticis
1171 4455 1306 4498 cum
1355 4441 1731 4514 praemisisset
1774 4462 1785 4500 :
1843 4442 2022 4501 «Sub

310 4524 515 4584 arbore
553 4528 704 4586 malo
743 4528 1016 4589 suscitavi
1055 4537 1131 4602 te,
1170 4552 1197 4583 »
1242 4538 1662 4605 consequenter
1701 4531 1974 4606 adjunxit
2007 4559 2020 4594 :

315 4637 343 4671 ‹‹
378 4614 531 4678 Pone
561 4634 651 4677 me
704 4624 769 4678 ut
798 4621 1163 4695 signaculum
1197 4639 1372 4697 super
1397 4639 1494 4682 cor
1520 4631 1708 4694 tuum,
1738 4634 1796 4683 ut
1826 4625 2016 4697 signa-

309 4704 510 4765 culum
558 4722 733 4781 super
768 4708 1072 4769 brachium
1127 4717 1289 4770 tuum
1341 4714 1523 4779 (Cant.
1576 4724 1721 4772 Vim.
1764 4738 1788 4761 »
1847 4716 1929 4772 Ac
1975 4714 2023 4772 si

310 4793 461 4853 dicat
500 4813 513 4852 :
570 4794 717 4864 Quia
753 4813 858 4870 ego
892 4805 944 4857 te
982 4798 1043 4858 in
1070 4794 1296 4858 tantum
1334 4800 1515 4859 dilexi
1559 4808 1621 4860 ut
1660 4817 1760 4872 per
1780 4809 2023 4860 mortem

311 4884 501 4945 crucis
539 4892 599 4965 te.
637 4895 926 4948 mortuam
969 4890 1305 4950 suscitarem
1329 4909 1344 4962 ;
1398 4898 1457 4949 tu
1504 4891 1679 4949 etiam
1730 4906 1823 4948 me
1857 4891 2024 4950 alter-

312 4980 507 5034 utrum
539 4974 803 5048 [alterum
853 4978 1095 5052 tantum]
1140 4978 1317 5051 dilige
1346 5023 1360 5050 ,
1401 4994 1609 5051 meque
1652 4979 1714 5035 in
1763 4980 1877 5037 tuis
1908 4995 2021 5037 non

314 5056 483 5123 modo
532 5064 997 5140 cogitationibus,
1041 5060 1135 5125 sed
1178 5072 1233 5125 et
1271 5065 1562 5140 Operibus,
1602 5066 1764 5125 velut
1808 5067 2019 5141 integri

310 5160 481 5229 atque
541 5155 773 5228 perfecti
817 5157 1031 5215 amoris
1088 5155 1456 5230 signaculum
1503 5170 1672 5227 pone.
1729 5155 1872 5214 Nam
1922 5172 2023 5231 per

313 5240 576 5302 arborem
628 5244 848 5303 malum
903 5243 1268 5303 Dominicam
1316 5259 1549 5304 crucem
1608 5243 1889 5303 debemus
1936 5260 2025 5303 ac-

311 5333 518 5406 cipere,
570 5335 660 5392 cui
711 5333 981 5393 videlicet
1033 5334 1227 5395 arbori
1287 5337 1478 5409 ipsum
1538 5334 1679 5393 alibi
1724 5334 2019 5394 Christum

313 5430 624 5495 comparat,
682 5423 884 5483 dicens
931 5447 943 5483 :
991 5424 1208 5486 «Sicut
1266 5427 1454 5485 malus
1510 5426 1662 5484 inter
1714 5425 1871 5499 ligna
1929 5425 2023 5483 sil-

311 5525 539 5581 varum,
572 5512 655 5570 sic
684 5512 926 5573 dilectus
958 5529 1118 5573 meus
1140 5516 1289 5574 inter
1323 5517 1473 5575 tilios
1504 5518 1681 5588 (Cant.
1712 5518 1770 5587 1).
1808 5541 1832 5564 ››

381 5598 571 5659 Arbor
602 5614 737 5675 ergo
762 5600 901 5660 mali
931 5617 1075 5661 crux
1124 5608 1209 5661 est
1244 5601 1476 5675 Christi,
1511 5619 1611 5678 per
1633 5619 1806 5679 quam
1846 5604 2023 5663 susci-

308 5692 424 5747 tata
453 5692 537 5748 est
563 5687 780 5761 anima,
816 5689 1015 5749 mortis
1044 5688 1261 5751 scilicet
1306 5694 1538 5750 internae
1567 5690 1822 5752 vinculis
1845 5691 2017 5752 abso-

2096 615 2194 658 cor
2246 606 2455 671 tuum,
2505 604 2570 658 ut
2620 598 2987 671 signaculum
3049 610 3224 672 super
3276 599 3575 659 brachium
3636 606 3805 659 tuum

2095 690 2268 762 (Cant.
2324 694 2464 757 vni).
2523 712 2549 736 ιο
2607 686 2757 756 Quid
2814 702 2918 762 per
2976 701 3075 745 cor
3105 731 3119 758 ,
3184 686 3297 745 nisi
3359 688 3736 763 cogitationes
3791 709 3806 747 :

2095 776 2236 853 quid
2286 791 2391 850 per
2445 775 2745 835 brachium
2780 823 2794 845 ,
2856 774 2969 832 nisi
3047 774 3236 848 operis
3295 774 3573 834 debemus
3625 776 3806 836 intel-

2095 863 2272 936 ligere
2335 862 2779 923 fortitudinem?
2835 862 3127 921 Christum
3191 876 3326 936 ergo
3394 869 3669 937 tanquam
3720 865 3809 923 si-

2093 954 2407 1028 gnaculum
2459 954 2520 1012 in
2560 954 2729 1012 corde
2776 960 2970 1012 nostro
3027 953 3306 1012 debemus
3351 952 3704 1028 imprimere,
3735 960 3810 1015 ut

2097 1044 2261 1104 nulla
2295 1047 2402 1103 hoc
2444 1046 2625 1103 valeat
2668 1044 2893 1104 hostilis
2937 1043 3184 1118 irruptio
3222 1044 3462 1103 violare.
3505 1045 3803 1105 Christum

2094 1135 2266 1193 etiam
2316 1135 2588 1209 Operibus
2643 1133 2856 1193 nostris
2894 1133 3173 1192 debemus
3216 1134 3561 1208 insculpere,
3588 1142 3655 1194 ut
3700 1150 3808 1210 per

2092 1238 2264 1282 omne
2304 1225 2457 1298 quod
2499 1223 2746 1295 agimus,
2784 1222 3063 1281 Crucitixi
3107 1223 3475 1296 praeceptoris
3518 1223 3808 1299 discipulo

2093 1315 2573 1373 demonstremus.
2630 1314 2753 1372 Hoc
2805 1312 3170 1387 signaculum
3226 1313 3496 1371 exteriori
3569 1328 3811 1388 quoque

2096 1407 2231 1464 vita:
2260 1420 2382 1463 suae
2408 1403 2703 1477 signanter
2728 1404 3076 1478 impressum
3102 1403 3413 1477 Apostolus
3440 1403 3805 1475 ostendebat,

2094 1510 2226 1553 cum
2256 1493 2503 1552 diceret:
2526 1514 2547 1543 ι
2570 1492 2690 1565 Ego
2712 1493 2974 1566 stigmata
2994 1492 3027 1552 J
3030 1507 3133 1552 esu
3158 1493 3218 1552 in
3239 1508 3474 1568 corpore
3496 1507 3626 1552 meo
3642 1499 3811 1567 porto

2093 1585 2235 1657 (Gal.
2282 1585 2381 1655 v1).
2418 1608 2444 1632 »ι
2496 1581 2567 1640 Et
2623 1581 2834 1640 iterum
2883 1601 2896 1641 :
2956 1606 2977 1632 ι
3018 1581 3256 1656 Semper
3303 1582 3803 1641 mortificationem

2092 1676 2123 1734 J
2129 1690 2229 1733 esu
2264 1676 2325 1734 in
2353 1690 2587 1748 corpore
2606 1680 2801 1735 nostro
2821 1676 3289 1734 circumferentes
3315 1676 3390 1743 (Π
3414 1676 3533 1732 Cor.
3559 1678 3664 1745 ιν).
3704 1695 3727 1725 ρ

2168 1762 2345 1821 Plane
2388 1764 2437 1822 si
2474 1781 2580 1824 nos
2622 1764 2880 1825 Salvator
2912 1769 3106 1823 noster
3148 1764 3258 1822 hoc
3285 1762 3610 1822 charactere
3646 1762 3807 1823 scul-

2021 1878 2067 1938 Β
2092 1858 2218 1929 ptos
2269 1870 2393 1914 esse
2444 1855 2762 1931 perpendit,
2795 1860 2849 1915 et
2892 1854 3014 1930 ipse
3057 1870 3164 1915 nos
3201 1861 3360 1928 grata
3407 1853 3532 1912 vice
3572 1853 3812 1912 sibimet

2092 1946 2457 2016 signaculum
2500 1946 2681 2021 ponit.
2715 1945 2876 2005 Sicut
2905 1945 3042 2005 duci
3083 1946 3310 2005 Jndzese
3356 1942 3668 2004 Zorobabel
3701 1956 3809 2017 per

2091 2038 2372 2109 Aggzeum
2406 2038 2742 2111 prophetam
2782 2034 3074 2111 pollicitus
3104 2040 3209 2106 est,
3253 2035 3455 2094 dicens
3493 2058 3507 2093 :
3539 2056 3567 2085 ι
3595 2032 3664 2092 In
3700 2032 3808 2090 illa

2092 2125 2185 2184 die
2241 2125 2551 2200 suscipiam
2608 2132 2680 2198 te,
2740 2122 3083 2194 Zorobabel,
3138 2125 3223 2182 fili
3285 2121 3580 2194 Salathiel,
3636 2134 3808 2180 serve

2094 2230 2280 2285 meus,
2316 2221 2370 2272 et
2404 2230 2614 2289 ponam
2665 2221 2717 2273 te
2770 2214 2918 2274 sicut
2962 2213 3330 2289 signaculum
3386 2212 3450 2270 in
3496 2216 3809 2285 conspectu

2093 2319 2222 2361 meo
2254 2304 2418 2373 (Agg.
2456 2304 2532 2375 Il).
2565 2325 2593 2354 η
2636 2300 2800 2374 Quod
2846 2302 2895 2361 si
2934 2318 3040 2361 nos
3067 2303 3212 2378 ejus,
3247 2299 3404 2376 quod
3452 2298 3623 2368 absit,
3652 2297 3808 2356 obli-

2094 2392 2391 2459 viscimur,
2433 2406 2666 2450 necesse
2695 2398 2779 2451 est
2815 2398 2881 2450 ut
2907 2400 2961 2450 et
3001 2391 3110 2464 ipsi
3157 2391 3232 2448 ab
3276 2405 3342 2449 eo
3385 2394 3812 2463 consequenter

2094 2482 2376 2540 oblivioni
2420 2481 2759 2539 tradamur:
2794 2480 2954 2541 Sicut
2984 2480 3055 2538 de
3090 2478 3273 2554 impio
3303 2494 3438 2553 rege
3467 2477 3750 2537 Dominus
3789 2496 3805 2534 :

2102 2593 2123 2622 ι
2158 2569 2217 2629 Si
2274 2569 2469 2641 fuerit,
2525 2569 2761 2643 inquit,
2816 2568 3123 2628 Jeehonias
3171 2570 3429 2627 annulus
3487 2568 3686 2625 dexter
3740 2565 3811 2624 in

2096 2674 2276 2717 manu
2328 2673 2475 2729 mea,
2530 2656 2665 2728 inde
2718 2656 2966 2715 evellam
3010 2670 3147 2716 eum
3194 2659 3326 2727 (Jer.
3382 2658 3557 2726 XXII).
3609 2676 3631 2705 ι
3683 2653 3811 2712 Hoc

2098 2747 2267 2822 plane
2325 2746 2690 2821 signaculum
2753 2746 2914 2805 beata
2980 2745 3193 2805 Christi
3255 2761 3463 2819 sponsa
3524 2741 3807 2803 Columba

2098 2836 2257 2894 intus
2298 2842 2354 2892 et
2429 2834 2792 2894 extrinsecus
2862 2835 2974 2893 sibi
3036 2833 3329 2908 signanter
3394 2833 3808 2907 impresserat,

2096 2940 2229 2983 cum
2290 2940 2406 2982 non
2456 2940 2582 2983 eam
2636 2924 2854 2998 regales
2908 2923 3145 2982 thalami
3195 2922 3268 2980 ad
3314 2921 3597 2980 lenocinia
3640 2920 3809 2979 ﬂuxa

2096 3015 2403 3085 resolvere,
2437 3028 2551 3071 non
2593 3004 2830 3071 honoris
2873 3012 3113 3070 ambitio
3152 3024 3479 3085 provocare,
3524 3024 3642 3068 non
3692 3007 3808 3065 mi-

2100 3117 2309 3160 narum
2338 3100 2730 3159 intonantium
2760 3102 2922 3158 furor
2948 3096 3259 3169 innectere,
3291 3113 3406 3156 non
3440 3112 3567 3155 eam
3596 3103 3750 3154 certe
3775 3111 3809 3152 a

2099 3190 2191 3249 sui
2216 3205 2423 3248 cursus
2440 3190 2659 3264 impetu
2687 3189 3008 3263 quamlibet
3027 3188 3173 3247 dura
3192 3193 3247 3246 et
3272 3185 3563 3261 exquisita
3589 3188 3812 3259 poterat

2102 3286 2519 3339 tormentorum
2554 3294 2766 3352 genera
2810 3277 3117 3337 retardare.
3159 3275 3281 3336 Hoc
3319 3273 3622 3350 signaculo
3666 3286 3813 3347 pras-

2092 3370 2385 3429 munitum
2412 3368 2586 3442 Regis
2616 3370 2819 3427 aeterni
2853 3370 3172 3427 sacrarium
3208 3364 3374 3427 nulla
3421 3366 3606 3439 potuit
3649 3365 3807 3422 acies

2092 3460 2319 3519 hostilis
2373 3459 2737 3533 irrumpere,
2794 3457 2959 3517 nulla
3023 3456 3293 3519 fraudum
3370 3454 3808 3531 subrepentium

2093 3550 2403 3609 valuerunt
2433 3548 2738 3607 molimina
2785 3548 3022 3619 violare,

2169 3637 2364 3696 Armis
2400 3636 2578 3710 igitur
2605 3638 2863 3697 accineta
2892 3638 3176 3698 virtutum
3214 3635 3464 3712 gloriosa
3501 3641 3720 3707 martyr
3756 3639 3815 3691 et

2097 3729 2279 3801 virgo,
2319 3742 2418 3801 per
2464 3727 2725 3798 ferrum,
2756 3743 2858 3802 per
2910 3727 3094 3802 ignes,
3138 3742 3239 3800 per
3283 3726 3539 3783 immane
3587 3721 3815 3797 suppli-

2096 3816 2254 3875 cium
2286 3815 2612 3891 properavit
2650 3816 2722 3873 ad
2765 3830 2941 3889 regna
2973 3816 3273 3874 caelorum.
3309 3813 3419 3873 Ubi
3460 3826 3619 3870 nunc
3666 3812 3818 3870 inter

2098 3905 2393 3980 virginum
2421 3904 2625 3963 choros
2655 3904 2942 3962 canticum
2977 3916 3198 3962 novum
3231 3898 3581 3961 modulando
3606 3896 3815 3972 conju-

2097 3993 2262 4068 bilat,
2319 3999 2374 4051 et
2428 3992 2685 4052 victoriae
2734 3993 2984 4067 palmam
3041 3990 3222 4050 beatis
3274 3988 3547 4048 manibus
3607 3990 3816 4061 portat.

2099 4082 2211 4142 Ubi
2244 4081 2415 4141 castis
2458 4082 2653 4155 sponsi
2700 4082 2810 4152 sui,
2845 4096 3021 4159 quem
3057 4080 3358 4149 dilexerat,
3405 4075 3564 4136 ulnis
3599 4076 3819 4134 astrin-

2101 4176 2277 4248 gitur,
2320 4172 2465 4232 stola
2510 4172 2731 4231 decoris
2766 4172 3053 4243 induitur,
3084 4185 3293 4230 corona
3331 4165 3534 4242 glorias
3574 4165 3822 4224 feliciter

2101 4265 2434 4323 adornatur.
2480 4261 2648 4321 Nunc
2695 4263 2887 4338 itaque
2936 4261 3101 4321 velut
3155 4256 3318 4318 sidus
3366 4269 3613 4316 aureum
3665 4253 3823 4312 inter

2104 4355 2318 4426 ignitos
2360 4368 2629 4426 supernae
2678 4350 3045 4412 Hierusalem
3098 4349 3317 4426 lapides
3364 4349 3592 4416 emicat,
3640 4350 3701 4402 et
3757 4342 3822 4401 in

2106 4442 2266 4500 illius
2311 4441 2610 4500 obtutibus
2657 4456 2881 4516 semper
2932 4441 3138 4499 festiva
3193 4441 3475 4507 coruscat,
3525 4433 3630 4507 qui
3682 4431 3825 4490 vita:

2110 4532 2237 4590 fons
2270 4578 2284 4603 ,
2345 4538 2401 4589 et
2452 4530 2600 4591 lucis
2669 4532 2832 4605 origo
2884 4536 3122 4590 cunctos
3199 4528 3437 4587 sibimet
3491 4523 3828 4583 assistentes

2040 4592 2477 4681 D364'radiis
2534 4592 2823 4682 inoccidui
2899 4618 3222 4697 splendoris
3278 4618 3530 4677 illustrat
3580 4661 3596 4686 ,
3651 4612 3826 4672 Iesus

2107 4710 2364 4771 Christus
2395 4712 2677 4771 Dominus
2711 4716 2921 4783 noster,
2957 4712 3058 4786 qui
3090 4724 3227 4770 cum
3250 4707 3365 4767 Deo
3394 4704 3562 4765 Patre
3603 4708 3659 4761 et
3686 4701 3822 4775 Spi-

2106 4802 2223 4860 ritu
2266 4807 2462 4859 sancto
2510 4800 2652 4859 vivit
2700 4809 2756 4859 et
2810 4807 3010 4873 regnat
3061 4801 3121 4857 in
3173 4795 3387 4857 saecula
3441 4792 3820 4854 saeculorum.

2105 4890 2312 4946 Amen.

2276 5148 2692 5213 SERMONES
2776 5148 3454 5212 EXTRAVAGANTES
3540 5145 3643 5206 DE

2770 5250 3093 5312 SANCTIS
3110 5302 3119 5312 .

2104 5388 2330 5452 Sermo
2363 5389 2406 5450 Ι.
2447 5388 2521 5451 In
2557 5385 2784 5450 Natali
2812 5395 3205 5449 sanctarum
3235 5384 3607 5463 virginum.

2106 5485 2335 5550 Sermo
2371 5486 2443 5547 II.
2481 5487 2560 5548 De
2580 5486 2845 5547 eisdem.

2103 5588 2327 5652 Sermo
2359 5590 2409 5651 Ι.
2441 5589 2526 5651 De
2560 5590 2965 5655 dedicatione
2993 5589 3291 5655 ecclesiae.

2104 5684 2335 5750 Sermo
2362 5685 2443 5751 II.
2487 5684 2570 5749 De
2591 5687 2842 5751 eadem.
