4064 6208
285 369 398 437 889

287 499 518 566 Sermo
547 499 658 564 III.
695 499 780 564 De
834 501 1083 564 eadem.

289 597 520 662 Sermo
549 596 644 662 IV.
680 598 766 659 De
800 600 1058 662 eadem.

876 728 1125 811 SERMO
1179 751 1407 814 LXVII.

809 850 869 898 IN
904 851 1116 898 NATALI
1146 853 1464 901 VIHGINUM.

365 947 526 1005 Inter
569 951 773 1005 cuncta
804 952 1134 1004 sanctorum
1175 954 1351 1020 gesta,
1397 950 1600 1007 fratres
1645 949 1998 1020 charissimi,

291 1037 443 1095 nihil
463 1043 549 1093 est
576 1035 729 1108 quod
755 1033 889 1108 plus
911 1050 1085 1108 quam
1111 1051 1407 1096 sacrarum
1436 1038 1671 1097 victoria
1699 1038 2001 1112 virginum

289 1126 387 1200 pia
435 1124 624 1195 corda,
681 1124 774 1182 vel
830 1123 903 1181 ad
961 1140 1218 1183 amorem
1295 1127 1620 1186 Conditoris
1667 1127 1998 1199 accendere,

289 1215 386 1273 vel
442 1214 513 1272 ad
564 1215 788 1272 fortiter
843 1215 1131 1287 agendum
1187 1215 1372 1274 valeat
1433 1217 1676 1276 uberius
1727 1219 1998 1277 excitare.

288 1303 434 1373 Quis
465 1302 643 1371 enim,
672 1301 869 1360 audito
907 1303 1145 1361 nomine
1174 1303 1442 1376 virginis,
1473 1321 1591 1364 non
1629 1308 1895 1379 protinus
1940 1307 1996 1364 in

290 1394 636 1451 memoriam
699 1399 923 1450 revocet
970 1393 1246 1450 humana
1302 1393 1502 1452 salutis
1551 1395 1885 1462 exordium,
1937 1411 2002 1455 ac

291 1479 653 1552 singularem
704 1478 874 1537 illum
915 1495 1030 1537 non
1085 1480 1292 1539 recolat
1341 1481 1699 1542 intemerata
1745 1483 2001 1556 Virginis

291 1579 544 1645 partum.
602 1569 731 1628 Huc
784 1569 1000 1628 accedit
1035 1572 1176 1645 quia
1218 1587 1350 1631 cum
1409 1573 1626 1646 fragilis
1672 1589 1849 1632 sexus
1880 1589 1998 1631 cer-

292 1658 531 1717 taminis
587 1658 677 1716 sui
734 1657 1033 1717 victoriam
1089 1660 1408 1719 obtinuisse
1461 1663 1844 1735 cognoscitur,
1904 1677 2002 1721 au-

285 1746 505 1805 dientis
539 1745 774 1804 animus
816 1747 886 1804 ad
919 1748 1173 1804 certandi
1213 1747 1468 1807 laborem
1508 1748 1739 1808 avidius
1771 1749 2000 1808 inﬂam-

287 1841 501 1894 matur.

361 1923 484 1982 Hoc
531 1922 731 1996 itaque
769 1921 938 1981 modo
979 1923 1276 1996 virgineus
1315 1924 1508 1984 adhuc
1534 1925 1829 1998 germinat
1860 1941 1995 2000 par-

290 2018 383 2070 tus
416 2059 430 2083 ,
486 2013 676 2070 adhuc
729 2011 1033 2087 virginalis
1093 2012 1192 2070 illa
1270 2014 1593 2072 fecunditas
1668 2014 1996 2073 calestium

284 2111 547 2176 segetum
587 2104 812 2161 fructus
832 2103 1179 2173 accumulat,
1211 2119 1344 2162 cum
1391 2105 1660 2163 mulieris
1687 2105 1997 2163 infirmitas

288 2207 407 2250 non
442 2191 611 2250 modo
639 2207 848 2250 sexum
879 2198 1128 2266 superat,
1162 2193 1262 2250 sed
1302 2199 1360 2250 et
1396 2193 1596 2252 mundi
1631 2193 1807 2266 hujus
1834 2193 1995 2266 prin-

284 2280 474 2354 cipem
493 2280 871 2354 insuperabili
901 2282 1112 2339 mentis
1160 2281 1630 2355 magnanimitate
1657 2283 1994 2356 triumphat.

285 2371 378 2429 Ad
429 2371 538 2428 hoc
585 2386 838 2446 namque
886 2371 990 2430 Dei
1038 2372 1226 2432 Filius
1277 2373 1573 2430 vernantis
1621 2373 1818 2432 vulva
1862 2373 2000 2431 ﬂore

285 2471 596 2534 conceptus
646 2470 771 2531 est,
823 2468 884 2519 ut
941 2462 1287 2520 fermentum
1365 2469 1533 2521 vetus
1598 2461 1655 2518 in
1727 2477 1997 2534 azymum

286 2559 554 2620 verteret,
605 2560 658 2610 et
688 2568 788 2626 per
826 2569 1079 2622 carnem,
1123 2569 1255 2626 qua
1304 2553 1451 2612 victa
1489 2555 1694 2624 fuerat,
1739 2555 1998 2614 humano

283 2640 486 2713 generi
519 2641 817 2699 victoriam
856 2650 1162 2715 repararet.
1205 2642 1470 2700 Loricam
1519 2643 1731 2718 quippe
1780 2643 1893 2700 sibi
1927 2642 1997 2700 de

287 2737 479 2790 nostra
528 2732 834 2804 fragilitate
880 2733 1246 2804 composuit,
1293 2733 1354 2790 in
1397 2747 1512 2807 qua
1568 2731 1870 2791 exsultans
1933 2738 1997 2791 ut

284 2820 470 2892 gigas,
500 2825 556 2876 et
581 2828 782 2892 potens
811 2836 875 2877 ac
913 2819 1075 2877 fortis
1105 2820 1164 2878 in
1195 2819 1420 2892 pralio,
1450 2826 1754 2892 potestates
1801 2835 1997 2878 aereas

283 2908 619 2966 debellavit.
666 2908 759 2968 Sic
801 2909 997 2982 itaque
1038 2909 1110 2966 de
1163 2908 1503 2968 infirmitate
1546 2909 1884 2974 constantia,
1925 2909 1997 2968 de

286 2999 621 3071 captivitate
667 2998 926 3066 victoria,
957 2999 1028 3057 de
1057 2999 1228 3058 ruina
1257 3005 1344 3058 est
1374 3001 1632 3059 ascensio
1672 3003 1994 3072 procurata.

282 3086 437 3145 Hinc
472 3087 758 3162 siquidem
801 3089 1015 3147 factum
1071 3096 1156 3147 est
1200 3096 1264 3147 ut
1314 3091 1593 3166 antiquus
1643 3089 1845 3160 hostis,
1895 3090 1999 3163 qui

1807 377 2053 439 SERMO
2094 377 2326 440 LXVII.

2016 502 2424 567 Aattenditur.
2468 503 2612 562 Nam
2663 519 2795 563 cum
2838 503 3252 577 pramisisset:
3288 525 3310 556 ι
3346 504 3469 564 Non
3511 505 3582 564 ad
3630 523 3795 568 men-

3697 381 3804 446 890

2088 605 2284 648 suram
2315 589 2411 648 dat
2451 592 2605 650 Deus
2643 593 2956 666 Spiritumg
2992 613 3019 645 »
3049 591 3314 666 protinus
3352 593 3550 652 intulit
3582 615 3594 654 ε
3632 616 3660 648 α
3691 597 3795 656 Pa—

2090 687 2173 737 ter
2223 678 2412 753 diligit
2463 680 2700 752 Filium,
2755 689 2810 739 et
2859 681 3057 740 omnia
3105 680 3261 738 dedit
3321 680 3381 739 in
3438 698 3614 742 manu
3670 686 3796 759 ejus

2089 773 2268 836 (Joan.
2311 772 2372 838 I).
2403 788 2430 819 »
2468 767 2629 827 Unde
2657 776 2712 828 et
2735 769 2875 828 alibi
2905 769 3043 827 dicit
3071 793 3084 826 :
3127 792 3149 818 σι
3178 767 3294 828 Nos
3319 770 3391 828 de
3430 771 3791 844 plenitudine

2087 858 2212 930 ejus
2261 858 2608 931 accepimus.
2666 880 2692 912 »
2747 857 3065 917 Concordat
3112 874 3248 931 ergo
3309 873 3442 918 cum
3493 860 3793 922 Psalmista

2085 949 2360 1020 Joannes,
2402 949 2542 1022 quia
2581 949 2719 1007 huic
2757 950 2859 1008 iste
2907 964 3242 1008 mensuram
3284 949 3449 1020 tollit,
3481 966 3657 1024 quem
3695 951 3794 1010 ille

2086 1047 2329 1098 unctum
2356 1056 2477 1114 pra
2507 1040 2872 1100 consortibus
2899 1041 3120 1098 asserit.

2157 1128 2320 1197 Quod
2370 1137 2566 1187 autem
2619 1129 2926 1202 Apostolus
2976 1145 3309 1188 mensuram
3359 1128 3539 1204 ponit,
3578 1129 3686 1188 hoc
3723 1129 3793 1189 de

2085 1216 2415 1291 quibusque
2456 1216 2727 1277 ﬁdelibus
2772 1217 2894 1276 vult
2931 1217 3199 1291 intelligi.
3240 1219 3420 1277 Juxta
3463 1232 3794 1275 mensuram

2087 1320 2338 1378 namque
2358 1305 2594 1378 spiritus
2611 1307 2982 1380 inestcuique
3000 1321 3332 1364 mensuram
3346 1305 3601 1375 virtutis,
3617 1313 3793 1377 atque

2084 1396 2443 1463 constantia,
2496 1403 2560 1454 ut
2601 1396 2692 1454 vel
2741 1396 2899 1454 vitiis
2929 1394 3342 1454 attentantibus
3376 1395 3437 1452 in
3477 1410 3612 1468 pace
3649 1394 3794 1453 resi-

2084 1491 2212 1554 stat,
2276 1484 2367 1541 vel
2426 1484 2486 1541 in
2543 1485 2857 1543 certamine
2910 1485 3258 1542 constitutus
3320 1483 3796 1557 insuperabiliter

2084 1583 2370 1634 tormenta
2418 1582 2729 1648 percurrat.
2776 1573 3020 1633 Samson
3075 1573 3292 1648 quippe
3337 1573 3519 1631 donec
3576 1578 3794 1646 septem

2083 1665 2272 1722 crines
2311 1665 2534 1733 habuit,
2575 1663 2990 1738 insuperabilis
3026 1663 3135 1722 fuit
3182 1665 3380 1734 (ludio.
3421 1665 3567 1732 XVI),
3600 1668 3655 1720 et
3690 1661 3796 1735 qui

2083 1756 2432 1831 septiformis
2465 1757 2633 1815 habet
2669 1755 2872 1829 gratia
2902 1754 3206 1829 Spiritum,
3233 1753 3516 1813 invictum
3555 1767 3616 1811 se
3645 1767 3796 1826 pra-

2012 1859 2058 1918 B
2081 1845 2176 1904 bet
2204 1845 2511 1918 ingruente
2544 1844 2940 1920 quorumlibet
2973 1848 3303 1917 tempestate
3326 1841 3636 1901 bellorum.

2155 1936 2308 1994 Hinc
2328 1944 2434 2007 est,
2458 1938 2612 2010 quod
2639 1937 2765 1994 hac
2801 1933 3184 1994 sacratissima
3232 1933 3416 2006 virgo,
3451 1932 3622 2005 cujus
3668 1929 3794 2003 glo-

2084 2025 2299 2084 riosum
2337 2025 2644 2084 recolimus
2685 2024 2962 2082 hodierna
2997 2022 3359 2081 solemnitate
3403 2020 3789 2093 triumphum,

2080 2113 2308 2171 facilius
2357 2113 2542 2186 potuit
2571 2112 2739 2180 mori,
2768 2126 2941 2186 quam
2972 2111 3045 2168 ab
3075 2126 3162 2179 eo,
3193 2109 3346 2183 quod
3379 2107 3556 2167 semel
3589 2122 3792 2166 conce-

2083 2209 2258 2276 perat,
2295 2211 2489 2260 sancto
2535 2204 2784 2276 potuerit
2817 2201 3106 2275 proposito
3142 2199 3418 2258 revocari.
3461 2199 3596 2258 Erat
3633 2197 3795 2257 enim

2083 2293 2362 2366 templum
2405 2291 2525 2360 Dei,
2558 2292 2693 2350 aula
2733 2291 2883 2364 regis
2930 2288 3150 2359 aterni,
3181 2288 3576 2347 sanctuarium
3609 2286 3792 2361 Spiri-

2081 2389 2173 2441 tus
2209 2383 2413 2442 sancti.
2455 2382 2634 2441 Virile
2672 2383 2884 2456 quippe
2923 2381 3098 2440 robur
3147 2380 3397 2438 enitebat
3437 2379 3500 2437 in
3541 2379 3794 2438 femineo

2079 2478 2324 2546 pectore,
2355 2472 2510 2546 quod
2546 2487 2659 2530 non
2691 2469 3082 2543 blandiloquis
3106 2467 3584 2542 persuasionibus
3614 2468 3796 2538 ﬂecti,

2081 2577 2194 2620 non
2229 2562 2520 2620 minarum
2548 2561 2850 2635 asperitate
2885 2558 3106 2629 terreri,
3147 2573 3262 2617 non
3299 2557 3554 2633 denique
3591 2571 3797 2632 pana-

2081 2667 2211 2710 rum
2262 2651 2654 2724 quarumlibet
2709 2651 2896 2724 potuit,
2956 2648 3266 2722 generibus
3324 2648 3604 2720 superari.
3661 2647 3794 2704 Erat

2080 2739 2236 2797 enim
2285 2739 2520 2806 nobilis,
2551 2746 2606 2796 et
2654 2738 3000 2797 inﬂexibilis
3036 2737 3292 2806 animus,
3328 2735 3457 2794 ideo
3496 2735 3651 2793 vinci
3687 2748 3792 2792 ne-

2080 2828 2254 2899 scius,
2304 2829 2441 2901 quia
2486 2834 2540 2886 et
2588 2827 2719 2885 fidei
2781 2826 3052 2899 flagrabat
3106 2825 3309 2883 ardore
3358 2839 3695 2895 succensus,
3738 2829 3793 2881 et

2080 2915 2211 2974 ideo
2259 2923 2530 2990 tanquam
2575 2915 2637 2972 in
2677 2915 2889 2974 excelsi
2935 2913 3148 2972 montis
3185 2918 3309 2971 erat
3335 2912 3546 2970 vertice
3576 2908 3792 2968 consti-

2080 3010 2261 3063 tutus.
2311 3004 2559 3063 Subesse
2602 3002 2714 3062 sibi
2752 3003 3047 3076 judicabat
3087 3000 3347 3072 judicem
3405 3001 3467 3058 in
3518 2997 3791 3058 cathedra

2083 3093 2424 3167 pestilentia
2454 3091 2884 3165 prasidentem,
2918 3090 3185 3148 horrebat
3213 3087 3518 3158 blandum,
3543 3087 3794 3147 subsan-

281 3175 398 3234 sibi
439 3176 773 3250 provenisse
816 3176 1117 3235 victoriam
1166 3193 1268 3251 per
1313 3178 1496 3237 unius
1536 3178 1772 3236 femina
1809 3184 2254 3276 vecor-Cnabat
2289 3184 2524 3251 iratum,
2565 3183 2824 3256 tantique
2859 3180 3010 3254 apud
3049 3195 3174 3237 eam
3215 3185 3357 3249 erat,
3391 3179 3440 3237 si
3481 3176 3704 3248 minax,
3729 3192 3797 3234 ac

275 3263 438 3321 diam
491 3263 913 3338 applaudebat;
965 3279 1068 3338 per
1131 3265 1345 3324 multas
1399 3282 1460 3324 se
1521 3267 1643 3342 jam
1699 3266 1993 3325 devictum

273 3361 452 3428 atque
492 3355 800 3414 confusum
853 3355 1097 3413 feminas
1119 3357 1439 3417 erubescat.
1475 3358 1654 3417 Juxta
1701 3358 1994 3431 propheta

273 3445 491 3518 quippe
543 3461 744 3504 vocem
800 3465 812 3504 :
871 3469 892 3498 σ
930 3445 1300 3520 Computruit
1330 3447 1540 3519 jugum
1607 3463 1642 3504 a
1692 3447 1837 3505 facie
1881 3447 1992 3506 olei

273 3537 423 3607 (Isai.
479 3536 562 3606 Χ).
632 3557 659 3588 ιο
717 3535 864 3606 Quia
920 3552 1080 3608 mox,
1138 3543 1202 3595 ut
1268 3538 1453 3610 gratia
1505 3537 1687 3596 sancti
1745 3537 1996 3612 Spiritus

277 3623 571 3684 mentibus
622 3624 896 3684 humanis
937 3625 1192 3692 inﬂuxit,
1246 3627 1419 3686 homo
1460 3627 1724 3699 protinus
1760 3635 1816 3686 et
1853 3628 1994 3701 jugo

273 3715 538 3790 pristina
618 3715 916 3774 servitutis
970 3715 1290 3775 absolvitur
1355 3722 1410 3774 et
1475 3731 1644 3775 nova
1714 3717 1995 3776 libertatis

279 3803 449 3862 titulo
523 3803 840 3863 decoratur.
921 3804 1086 3864 Unde
1164 3811 1248 3863 est
1343 3804 1494 3864 illud
1563 3805 1624 3862 in
1694 3805 1989 3864 Canticis:

284 3917 312 3940 α
342 3892 547 3952 Oleum
600 3895 851 3954 effusum
908 3909 1118 3954 nomen
1164 3901 1329 3954 tuum
1371 3897 1541 3969 (Cant.
1575 3898 1690 3968 1).»
1746 3898 1994 3955 Chrisma

280 3979 499 4050 Grace,
563 3981 761 4040 Latine
826 3983 1040 4042 dicitur
1091 3988 1292 4041 unctio.
1346 3986 1396 4042 A
1463 3983 1774 4042 chrismate
1860 3997 1995 4056 ergo

281 4070 554 4141 Christus,
629 4079 682 4128 et
759 4086 793 4128 a
863 4071 1090 4131 Christo
1169 4071 1376 4130 dicitur
1454 4075 1820 4130 Christianus.
1886 4072 1995 4129 Per

279 4158 474 4218 oleum
534 4168 724 4220 autem
786 4158 931 4216 365
983 4161 1235 4236 Spiritus
1307 4167 1536 4222 sanctus
1615 4161 1757 4222 solet
1822 4161 1994 4220 intel-

277 4247 398 4322 ligi,
430 4250 580 4308 sicut
637 4267 739 4324 per
774 4251 1135 4310 Psalmistam
1184 4252 1466 4312 Salvatori
1513 4259 1705 4313 nostro
1733 4253 1946 4312 dicitur
1977 4271 1989 4310 :

278 4358 300 4387 ι
357 4336 538 4394 Unxit
564 4343 618 4396 te
647 4339 804 4397 Deus
838 4339 990 4399 Deus
1021 4345 1178 4411 tuus,
1209 4341 1334 4400 oleo
1365 4343 1580 4401 latitia
1608 4358 1727 4416 pra
1759 4357 1992 4400 consor-

274 4426 430 4486 tibus
483 4429 596 4486 tuis
635 4431 968 4502 (Psal.XLV).
1007 4456 1026 4482 ι
1081 4431 1286 4491 Oleum
1331 4449 1466 4505 ergo
1501 4434 1754 4491 effusum
1785 4441 1870 4490 est
1899 4448 1994 4491 no-

269 4529 402 4574 men
445 4514 684 4589 Christi,
718 4519 856 4592 quia
899 4519 961 4577 in
1009 4527 1088 4578 tot
1131 4521 1380 4595 Spiritus
1425 4521 1608 4580 sancti
1648 4521 1831 4594 gratia
1871 4537 1996 4594 pro-

269 4612 533 4678 pagatur,
581 4613 720 4680 quot
765 4614 904 4666 sunt
935 4608 1037 4682 qui
1078 4609 1293 4668 Christi
1324 4609 1673 4668 vocabulum
1717 4609 1996 4668 veraciter

273 4695 616 4755 sortiuntur.

349 4781 459 4841 Sed
521 4798 754 4843 movere
810 4792 994 4860 potest
1042 4801 1147 4844 cur
1189 4787 1442 4845 Joannes
1495 4786 1748 4860 Baptista
1798 4785 1996 4860 perhi-

281 4869 430 4941 beat,
474 4872 614 4944 quia
659 4894 688 4926 α
731 4888 847 4932 non
893 4874 963 4932 ad
1021 4889 1355 4932 mensuram
1393 4874 1490 4932 dat
1527 4873 1681 4933 Deus
1723 4873 1992 4947 spiritum

284 4962 459 5029 (Joan.
490 4963 652 5035 XIII);
693 4981 723 5015 »
762 4978 894 5022 cum
943 4963 1160 5023 Paulus
1206 4963 1525 5022 econtrario
1570 4963 1756 5022 dicat:
1797 4988 1823 5013 «
1850 4961 1994 5021 Uni-

281 5049 495 5124 cuique
542 5056 801 5110 nostrum
851 5052 983 5112 data
1031 5061 1116 5112 est
1155 5053 1338 5128 gratia
1385 5053 1704 5113 secundum
1754 5068 1992 5112 mensu-

282 5152 402 5195 ram
449 5139 780 5200 donationis
821 5142 1031 5202 Christi
1061 5145 1283 5216 (Ephes.
1322 5147 1426 5213 IV).
1459 5168 1484 5191 ιο
1521 5142 1822 5212 Quomodo
1858 5158 1994 5216 ergo

279 5242 397 5286 non
440 5229 508 5286 ad
561 5245 915 5302 mensuram,
966 5240 1022 5290 et
1059 5232 1348 5306 quomodo
1401 5231 1719 5290 secundum
1763 5247 1995 5290 mensu-

277 5317 448 5376 ram?
490 5321 716 5386 (Coloss.
756 5328 840 5392 II.)
883 5323 992 5382 Sed
1033 5323 1188 5396 quod
1229 5323 1479 5380 Joannes
1517 5321 1720 5380 asserit
1769 5336 1885 5379 non
1919 5319 1989 5377 ad

278 5421 616 5468 mensuram
667 5413 938 5486 spiritum
1000 5412 1144 5484 dari,
1203 5412 1273 5471 de
1339 5412 1722 5484 Redemptore
1797 5418 1990 5480 nostro

277 5497 483 5569 procul
513 5497 690 5559 dubio
715 5501 881 5560 debet
915 5501 1159 5576 intelligi
1185 5520 1198 5571 ;
1239 5501 1298 5559 in
1329 5517 1444 5575 quo
1476 5499 1743 5558 videlicet
1772 5499 1990 5556 habitat

275 5585 471 5644 omnis
514 5586 817 5660 plenitudo
854 5589 1177 5649 divinitatis
1224 5589 1612 5663 corporaliter.
1665 5586 1826 5657 Quod
1883 5601 1988 5659 pa-

276 5682 467 5738 tenter
515 5679 861 5752 agnoscitur,
917 5680 966 5740 si
1019 5681 1141 5755 ipsa
1193 5684 1386 5741 textus
1439 5677 1759 5753 evangelici
1810 5677 1986 5737 series

2080 3273 2358 3332 terribilis
2408 3273 2716 3341 frenderet,
2758 3270 2806 3328 si
2859 3279 3011 3328 certe
3065 3269 3259 3343 plagas
3304 3285 3371 3328 ac
3401 3267 3647 3327 vulnera
3685 3282 3792 3325 ex-

2079 3362 2314 3437 quisita
2363 3360 2520 3420 necis
2569 3360 2874 3433 inﬂigeret,
2909 3357 3110 3431 quanti
3151 3357 3201 3415 si
3237 3369 3624 3427 gemmarum,
3669 3351 3793 3411 sive

2080 3450 2439 3509 vibrantium
2493 3446 2859 3506 metallorum
2906 3445 3132 3520 pondus
3179 3445 3424 3503 offerret.
3479 3442 3633 3502 Hinc
3683 3448 3788 3511 est,

2078 3539 2233 3614 quod
2279 3554 2525 3612 sponsus
2572 3537 2652 3595 ait
2694 3536 2756 3594 in
2804 3533 3103 3594 Canticis:
3155 3554 3182 3586 ‹‹
3229 3531 3440 3606 Surge,
3481 3529 3700 3604 aquilo,
3739 3535 3795 3588 et

2080 3628 2233 3696 veni,
2271 3633 2486 3697 auster,
2516 3626 2691 3699 perﬂa
2724 3625 2957 3683 hortum
2994 3638 3212 3693 meum,
3239 3628 3296 3680 et
3323 3621 3507 3680 ﬂuant
3536 3625 3792 3677 aromata

2078 3717 2238 3776 illius
2263 3719 2442 3786 (Cant.
2481 3723 2588 3784 IV).
2627 3738 2647 3767 ι
2681 3714 2830 3785 Quid
2865 3729 2965 3786 per
2989 3712 3344 3786 aquilonem,
3376 3708 3481 3782 qui
3513 3708 3794 3767 nimirum

2080 3813 2290 3864 ventus
2347 3811 2433 3862 est
2479 3803 2748 3876 frigidus,
2807 3802 2919 3860 nisi
2985 3798 3400 3875 persecutionis
3467 3794 3796 3870 asperitas?

2079 3897 2227 3968 Quid
2273 3912 2372 3970 per
2427 3895 2607 3954 austri
2663 3901 2937 3968 teporem,
2987 3894 3103 3952 nisi
3164 3892 3315 3951 male
3366 3888 3789 3949 blandientium

2079 3985 2340 4044 remissio
2389 3985 2771 4056 designatur?
2818 3981 2929 4042 Sed
2970 3986 3119 4041 inter
3166 3981 3474 4054 utriusque
3526 3995 3790 4053 persecu-

2081 4075 2253 4134 tionis
2293 4089 2523 4148 genera,
2563 4073 2716 4131 inter
2758 4077 3005 4146 utraque
3042 4071 3286 4144 maligni
3342 4070 3584 4143 spiritus
3618 4085 3796 4141 argu-

2081 4171 2292 4230 menta,
2336 4160 2701 4220 ecclesiastici
2757 4161 2907 4220 horti
2958 4162 3139 4220 ﬂuere
3170 4160 3451 4235 jubentur
3500 4165 3794 4229 aromata;

2077 4252 2215 4325 quia
2245 4250 2408 4309 fortis
2434 4249 2668 4307 animus
2695 4248 2848 4308 inter
2884 4251 3008 4308 hac
3034 4249 3350 4308 certamina
3372 4248 3792 4322 deprehensus,

2075 4341 2259 4415 aperit
2287 4338 2575 4414 quidquid
2609 4339 2852 4408 virium,
2878 4337 3160 4412 quidquid
3193 4336 3350 4408 fidei,
3379 4339 3665 4412 quidquid
3697 4339 3796 4396 in-

2078 4430 2247 4489 victa
2287 4429 2648 4488 fortitudinis
2697 4436 2938 4486 eatenus
2986 4427 3318 4498 occultavit,
3353 4435 3411 4487 et
3460 4429 3614 4488 velut
3651 4424 3794 4482 366

2079 4525 2334 4577 aromata
2360 4518 2516 4576 foras
2554 4517 2874 4590 proﬂuunt,
2903 4514 2974 4572 ad
3015 4515 3332 4574 humanam
3368 4516 3635 4575 notitiam
3673 4515 3794 4573 vir-

2087 4614 2237 4666 tutes
2263 4605 2568 4679 prodeunt,
2597 4619 2664 4662 ac
2691 4603 2801 4676 pia
2827 4601 3120 4676 opinionis
3144 4603 3346 4662 odores
3380 4603 3546 4677 longe
3571 4603 3798 4678 lateque

2083 4695 2439 4754 diffundunt.

2154 4782 2294 4840 Hac
2340 4782 2538 4854 itaque
2582 4778 2933 4838 venerabilis
2983 4777 3145 4851 virgo
3184 4777 3380 4837 emisit
3437 4783 3693 4838 aromata
3732 4779 3794 4838 in

2081 4889 2282 4947 campo
2314 4867 2672 4940 certaminis,
2703 4884 2838 4942 qua
2881 4868 3044 4943 prius
3084 4867 3144 4926 in
3180 4868 3274 4928 sui
3304 4869 3494 4930 cordis
3523 4869 3796 4944 tegeban-

2081 4971 2176 5022 tur
2250 4961 2495 5032 arcanis,
2562 4958 2755 5018 attrita
2837 4957 3013 5033 pralo
3071 4957 3510 5032 persecutionis,
3557 4957 3800 5032 aspersit

2079 5055 2315 5113 odorem
2362 5051 2653 5111 aromatis.
2689 5049 2990 5123 Pugnabat
3032 5048 3191 5107 enim
3232 5047 3296 5107 in
3329 5064 3395 5108 ea
3425 5047 3607 5107 David
3642 5047 3799 5107 velut

2078 5146 2143 5204 in
2184 5159 2314 5202 arce
2369 5141 2505 5202 Sion
2550 5149 2747 5202 contra
2794 5141 2998 5200 faciem
3053 5139 3355 5211 Damasci;
3385 5140 3474 5198 vel
3511 5139 3701 5214 potius
3737 5146 3803 5198 ut

2078 5232 2139 5290 in
2208 5247 2355 5291 sexu
2426 5230 2616 5303 fragili
2676 5230 2800 5304 ipse
2845 5228 3149 5304 parvulus,
3197 5243 3264 5287 ac
3312 5228 3613 5303 despectus
3674 5243 3796 5288 uno

2077 5327 2271 5380 contra
2301 5333 2578 5390 magnum
2598 5316 2826 5377 Goliath
2853 5317 3042 5390 lapide
3067 5315 3381 5377 dimicabat
3408 5321 3452 5390 (Ι
3467 5322 3601 5387 Reg.
3625 5317 3795 5388 XVII),

2075 5409 2146 5466 de
2175 5422 2289 5483 quo
2317 5407 2490 5464 etiam
2521 5406 2582 5462 in
2619 5405 2766 5463 libro
2797 5405 3022 5479 Regum
3057 5405 3214 5465 velut
3244 5405 3302 5463 in
3341 5421 3569 5480 magna
3610 5405 3796 5466 laudis

2077 5496 2367 5570 praconio
2420 5495 2683 5553 dicitur:
2732 5514 2759 5546 «
2799 5493 2983 5553 David
3028 5494 3234 5553 sedens
3280 5493 3340 5552 in
3392 5496 3660 5556 cathedra
3711 5511 3794 5554 sa-

2073 5585 2473 5660 pientissimus
2519 5584 2786 5660 princeps
2835 5585 2983 5643 inter
3040 5592 3154 5645 tres
3204 5588 3294 5658 (II
3343 5590 3473 5658 Reg.
3529 5591 3732 5658 XXlII).
3773 5609 3793 5638 ι

2071 5675 2200 5750 Ipse
2224 5673 2390 5751 quasi
2423 5673 2768 5734 tenerrimus
2789 5673 2938 5748 ligni
2967 5674 3344 5750 vermiculus,
3369 5677 3470 5751 qui
3497 5675 3797 5749 octingen-
