4064 6208
341 335 442 399 89f

958 333 1016 395 S.
1061 279 1283 394 PETRI
1322 332 1644 394 DAMIANI
1681 331 1839 392 OPP.
1886 330 2082 392 PARS
2111 330 2269 391 ‘SEU
2307 329 2560 391 TOMUS
2598 329 2676 390 II.
2716 360 2786 375 -
2826 327 3247 390 SERMONES.

3751 329 3873 388 .892

349 471 435 526 tos
477 465 764 524 interfecit
822 465 1037 537 impetu
1093 478 1232 522 uno.
1285 462 1436 533 Quid
1493 468 1598 530 est,
1658 462 1812 537 quod
1857 462 2062 534 David,
2089 463 2349 527 Af‘luunt
2381 462 2603 535 impetu
2642 460 2713 519 de
2747 459 2966 518 Libano
3003 461 3176 533 (Cant.
3211 458 3306 530 tv).
3346 481 3365 509 ι
3408 457 3559 515 Hinc
3601 463 3657 516 et
3704 457 3869 516 Psal-

351 561 465 615 tam
487 571 677 626 nova,
710 561 823 612 tam
856 552 1132 612 inaudita
1177 553 1464 626 praconio
1521 552 1708 612 laudis
1735 551 2068 613 attollitur?

346 644 489 716 Quis
529 649 614 704 est
651 644 760 701 iste
808 648 920 700 tam
970 643 1232 712 humilis,
1265 649 1500 716 tamque
1542 639 1860 701 sublimis?
1904 640 2068 710 Quis,

348 735 614 808 inquam,
667 737 752 788 est
795 731 901 789 iste
939 731 1119 789 David
1165 731 1242 789 ita
1284 730 1494 790 debilis
1527 740 1698 805 atque
1746 729 2070 804 despectus,

347 830 410 883 ut
442 820 747 882 vermiculi
802 821 1046 896 speciem
1091 821 1292 896 gerat?
1314 822 1398 880 Ita
1430 821 1589 880 fortis
1629 836 1694 878 ac
1724 820 1970 890 validus,
2008 825 2073 878 ut

351 931 467 974 uno
499 915 721 988 impetu
753 913 1110 987 octingentos
1144 914 1406 972 homines
1436 910 1785 970 interﬁciat?
1813 910 1880 968 In
1909 911 2071 983 palea

350 1021 563 1078 nempe
593 1005 801 1064 littera
832 1005 1061 1064 videtur
1091 1021 1212 1063 esse
1249 1003 1559 1063 ridiculum
1586 1051 1599 1074 ,
1631 1003 1679 1060 si
1710 1017 1823 1059 nou
1858 1001 1917 1059 in
1949 1017 2072 1060 me-

353 1098 518 1158 dulla
547 1099 795 1173 spiritus
824 1097 995 1156 lateat
1022 1102 1466 1155 sacramentum.

443 1190 584 1261 Quis
623 1205 756 1264 ergo
795 1187 1153 1248 vermiculus
1197 1188 1320 1258 iste,
1355 1187 1468 1244 nisi
1517 1185 1612 1244 ille
1641 1184 1740 1257 qui
1771 1198 1874 1256 per
1905 1197 2076 1240 eum-

372 1279 504 1338 dem
544 1279 727 1338 David
760 1277 914 1337 canit
945 1277 1006 1335 in
1049 1275 1278 1334 Psalmo
1312 1299 1323 1333 :
1361 1298 1381 1325 ι
1415 1275 1532 1348 Ego
1561 1279 1753 1332 autem
1783 1287 1912 1330 sum
1945 1286 2076 1328 ver-

353 1369 502 1438 mis,
532 1374 729 1426 etnon
787 1367 960 1425 homo
1005 1369 1174 1436 (Psal.
1212 1370 1368 1435 XXI).
1399 1390 1424 1413 »
1462 1363 1622 1423 Sicut
1655 1361 1811 1419 enim
1861 1362 2076 1418 vermis

371 1474 448 1516 ex
488 1457 607 1515 sola
645 1455 788 1530 ligni
830 1456 1067 1514 materia
1107 1456 1386 1528 gignitur,
1417 1454 1496 1511 ita
1533 1451 1826 1510 Christum
1859 1448 2078 1522 absque

374 1544 531 1602 virili
570 1543 789 1602 semine
827 1543 898 1600 de
937 1542 1056 1601 solo
1101 1542 1374 1614 virginali
1415 1548 1578 1600 utero
1616 1539 1879 1612 genitum
1936 1539 2078 1595 fides

371 1632 651 1692 catholica
697 1633 1020 1690 confitetur.
1066 1631 1175 1692 Sed
1227 1631 1494 1706 quamvis
1535 1629 1746 1689 vermis
1793 1628 1864 1687 sit
1917 1633 2079 1686 tener

370 1727 429 1779 et
457 1719 664 1778 debilis
696 1763 711 1791 ,
743 1719 886 1794 ligni
916 1735 1052 1778 vero
1079 1721 1294 1779 duritia
1338 1720 1496 1779 fortis
1522 1735 1587 1778 ac
1617 1717 1828 1785 solida;
1865 1717 2077 1774 vermis

2156 556 2368 612 mista:
2430 579 2455 602 «
2505 551 2795 612 Fluminis
2832 551 3082 624 impetus
3124 549 3375 608 latilicat
3419 550 3712 608 civitatem
3763 549 3871 608 Dei

2156 647 2321 714 (Psal.
2355 649 2518 706 XLV).
2556 669 2580 692 »ι

2230 732 2380 791 Huic
2423 748 2558 806 ergo
2596 732 2716 805 regi
2749 739 2863 791 tam
2900 732 3130 802 humili,
3183 737 3416 805 tamque
3447 730 3709 802 sublimi,
3747 736 3872 789 tam

2157 821 2411 892 infirmo,
2466 822 2562 879 sed
2617 822 2694 879 ita
2749 821 3059 880 fortissimo
3105 821 3316 892 gratias
3373 821 3714 890 referamus,
3766 822 3874 892 qui

2159 910 2368 969 idcirco
2413 910 2534 968 fieri
2583 910 2855 982 dignatus
2899 918 2984 968 est
3033 911 3247 968 vermis
3295 909 3355 967 in
3405 909 3582 984 ligno,
3641 915 3703 968 ut
3762 925 3875 968 nos

2158 999 2527 1058 constitueret
2577 999 2731 1058 cives
2772 999 2830 1055 in
2879 999 3043 1057 calo.
3091 998 3224 1056 Ideo
3275 1005 3569 1056 vetustum
3621 997 3871 1056 humani

2161 1091 2386 1164 generis
2424 1090 2726 1150 inimicum
2758 1090 2815 1147 in
2857 1107 2917 1148 se
2958 1089 3217 1162 permisit
3250 1090 3569 1162 insurgere,
3608 1095 3671 1147 ut
3697 1105 3772 1147 ex
3801 1103 3872 1146 eo

2162 1183 2526 1257 postmodum
2560 1198 2677 1241 non
2718 1183 2887 1241 modo
2931 1199 3030 1256 per
3075 1183 3247 1253 viros,
3287 1183 3383 1240 sed
3442 1183 3614 1240 etiam
3653 1197 3753 1254 per
3787 1182 3869 1238 fe-

2163 1275 2351 1334 minas
2385 1275 2785 1350 triumpharet,
2815 1275 2846 1334 J
2853 1291 2986 1333 esus
3025 1272 3286 1332 Christus
3315 1273 3604 1332 Dominus
3631 1277 3830 1329 noster

2163 1364 2264 1438 qui
2297 1380 2431 1422 cum
2462 1365 2578 1423 Deo
2610 1363 2773 1422 Patre
2802 1370 2856 1421 et
2912 1363 3127 1437 Spiritu
3169 1369 3364 1420 sancto
3395 1361 3540 1419 vivit
3570 1366 3624 1418 et
3673 1367 3873 1434 regnat

2163 1455 2223 1512 in
2254 1454 2465 1514 sacula
2493 1454 2865 1514 saculorum.
2902 1455 3112 1511 Amen.

2748 1543 2996 1604 SERMO
3029 1541 3285 1600 LXVIII.

2641 1649 2697 1694 II.
2731 1647 2792 1692 IN
2820 1647 3036 1692 NATALI
3066 1645 3380 1693 VIHGINUM.

2236 1721 2441 1792 Hodie,
2496 1723 2696 1781 fratres
2750 1721 3098 1792 charissimi,
3155 1721 3434 1794 virginale
3485 1720 3650 1778 nobis
3695 1719 3872 1776 decus

374 1817 569 1869 tamen
607 1808 834 1882 lignum
863 1810 1033 1868 vertit
1071 1810 1131 1867 in
1162 1810 1394 1880 cariem,
1448 1818 1501 1866 et
1537 1821 1913 1867 cavernosum
1946 1805 2074 1863 red-
2099 1825 2143 1884 Β
2164 1809 2380 1883 illuxit,
2413 1811 2565 1885 quod
2593 1818 2806 1870 nostra
2839 1810 3130 1869 memoria
3163 1810 3378 1868 divina
3420 1808 3653 1867 virtutis
3683 1808 3872 1866 victo-

371 1899 476 1971 dit,
513 1905 570 1958 et
619 1914 846 1957 cavum.
891 1897 974 1956 Ita
1027 1898 1372 1970 Redemptor
1411 1906 1602 1956 noster
1645 1912 1817 1955 verus
1878 1895 2076 1968 utique

374 2003 552 2046 manu
603 1986 765 2044 fortis
817 1993 988 2060 atque
1038 1986 1484 2054 desiderabilis,
1543 1987 1644 2060 qui
1702 1985 2071 2058 semetipsum

369 2073 717 2145 exinanivit,
746 2074 848 2148 qui
886 2090 995 2132 non
1027 2075 1248 2133 habens
1286 2075 1533 2148 speciem
1570 2091 1755 2149 neque
1785 2073 2071 2144 decorem,

371 2162 666 2222 invalidus
702 2178 768 2220 ac
803 2163 1102 2236 despectus
1145 2164 1410 2237 apparuit
1459 2189 1470 2222 :
1517 2165 1844 2222 humanum
1887 2178 2074 2234 genus

369 2252 522 2312 unde
551 2258 710 2311 ortus
748 2258 850 2321 est,
883 2253 1162 2326 paulatim
1192 2269 1225 2311 a
1262 2269 1367 2312 suo
1412 2252 1598 2327 rigore
1647 2253 1912 2323 mollivit,
1949 2268 2072 2311 ma-

363 2357 664 2417 gnumque
692 2341 924 2400 sibimet
952 2342 1009 2399 in
1043 2343 1238 2401 electis
1271 2343 1391 2402 suis
1421 2344 1792 2403 habitationis
1823 2344 2074 2417 spatium

365 2428 711 2504 procuravit.
745 2428 855 2487 Hic
885 2429 1078 2503 itaque
1103 2430 1286 2488 David
1319 2429 1479 2488 sedet
1516 2431 1578 2488 in
1609 2431 1899 2500 cathedra,
1935 2431 2073 2506 quia

362 2519 423 2577 in
465 2529 719 2592 paterna
760 2519 1070 2592 majestatis
1101 2517 1286 2591 gloria
1325 2520 1696 2590 constitutus,
1736 2519 1934 2578 omnia
1969 2519 2070 2593 ju-

363 2608 534 2676 dicat,
575 2607 672 2667 cui
712 2607 876 2666 Pater
911 2608 990 2666 ait
1032 2627 1043 2665 :
1086 2636 1106 2657 α
1142 2607 1288 2667 Sede
1336 2625 1369 2665 a
1413 2609 1636 2667 dextris
1683 2609 1900 2668 meis.»
1967 2610 2070 2668 Sa-

363 2696 759 2770 pientissimus
789 2701 893 2766 est,
922 2696 1060 2768 quia
1083 2696 1205 2770 ipsa
1237 2697 1422 2755 Patris
1451 2697 1742 2771 Sapientia
1768 2704 1870 2757 est.

436 2787 548 2847 Sed
603 2786 894 2859 quomodo
935 2786 1117 2844 David
1165 2788 1380 2846 dicitur
1421 2790 1682 2862 princeps
1734 2789 1884 2847 inter
1934 2795 2068 2856 tres,

359 2894 496 2938 cum
520 2877 621 2935 ille
656 2891 769 2934 non
812 2876 962 2934 inter
987 2875 1134 2934 alios
1167 2877 1485 2949 quemlibet
1525 2878 1932 2952 principatum,
1969 2879 2068 2937 sed

355 2979 528 3037 super
555 2977 757 3021 omnes
783 2962 970 3036 potius
997 2964 1205 3035 regalis
1231 2966 1437 3038 sceptri
1466 2974 1682 3024 teneret
1707 2967 2015 3040 imperium
2041 2965 2070 3025 ?

360 3058 408 3128 (Ι
425 3057 572 3112 Psal.
590 3057 731 3124 CIX.)
757 3053 912 3112 Laus
937 3055 1097 3112 enim
1118 3056 1225 3113 ista
1246 3055 1549 3129 depreciat,
1565 3071 1683 3114 non
1703 3055 1949 3126 exaltat;
1974 3056 2069 3113 de-

356 3144 574 3219 primit,
609 3159 726 3202 non
757 3143 1000 3247 attollit;
1035 3159 1168 3202 cum
1195 3144 1294 3202 ille
1323 3160 1438 3247 norp
1471 3153 1582 3247 tam
1613 3145 1796 3247 tribus
1811 3145 2060 3247 intereso
2085 3187 2128 3247 ρ

356 3240 460 3305 set,
491 3248 668 3308 quam
699 3232 972 3291 omnibus
1009 3243 1349 3307 superesset.
1388 3232 1497 3292 Sed
1531 3249 1667 3293 cum
1703 3235 1776 3292 ab
1807 3233 1908 3292 illo
1947 3233 2059 3292 Da-

357 3321 455 3380 vid
509 3321 774 3380 videatur
811 3323 1093 3380 sententia
1131 3323 1238 3380 ista
1272 3322 1572 3393 dissidere,
1618 3330 1701 3382 est
1734 3324 1828 3382 cui
1883 3322 2066 3381 valeat

355 3411 650 3484 aptissime
699 3411 1026 3470 convenire.
1083 3412 1295 3471 Beatus
1371 3413 1555 3483 enim,
1611 3428 1678 3471 ac
1751 3411 2064 3486 singularis

351 3501 449 3560 ille
482 3503 676 3573 homo,
707 3503 808 3576 qui
847 3503 1084 3578 mystice
1126 3503 1315 3562 dictus
1354 3511 1438 3562 est
1479 3504 1713 3576 vermis,
1756 3520 1895 3562 mox
1940 3510 2062 3563 uta

355 3587 542 3648 Verbo
571 3589 633 3648 in
682 3591 898 3650 unitate
938 3605 1195 3664 persona
1235 3592 1570 3665 suscipitur,
1604 3593 1664 3649 in
1695 3601 1888 3651 sancta
1927 3592 2058 3651 Tri-

354 3681 529 3738 nitate
559 3697 675 3740 non
703 3681 1070 3754 inaqualiter
1099 3682 1476 3756 principatur.
1518 3682 1787 3756 Princeps
1817 3689 1899 3740 est
1927 3697 2062 3756 ergo

351 3769 502 3828 inter
547 3777 681 3843 tres,
721 3772 854 3846 quia
903 3772 1106 3832 unitus
1142 3780 1227 3831 est
1269 3773 1473 3844 Verbo,
1507 3789 1640 3846 qua
1690 3789 1807 3830 una
1861 3779 1945 3830 est
1993 3773 2054 3829 in

350 3868 546 3919 sancta
574 3860 854 3919 Trinitate
892 3876 1154 3934 persona.
1219 3861 1327 3919 Hic
1356 3861 1714 3934 octingentos
1768 3861 2060 3919 interfecit

346 3950 567 4023 impetu
598 3965 735 4008 uno.
771 3949 1110 4009 Octonarius
1136 3966 1422 4009 numerus
1453 3950 1524 4008 ad
1553 3949 2055 4021 resurrectionem,

343 4039 710 4098 centenarius
771 4040 1017 4112 pertinet
1071 4041 1142 4099 ad
1196 4040 1623 4114 perfectionem.
1684 4039 1863 4098 David
1921 4056 2055 4112 ergo

346 4144 464 4186 uno
532 4127 746 4201 impetu
804 4128 1163 4201 octingentos
1226 4127 1530 4196 interfecit,
1591 4127 1729 4202 quia
1799 4127 2058 4205 Salvator

348 4225 537 4274 noster
580 4231 782 4274 omnes
826 4217 928 4288 qui
981 4217 1073 4274 vel
1121 4219 1529 4290 perfectionem
1579 4216 1711 4274 fidei
1755 4224 2053 4289 appetunt,

349 4304 438 4360 vel
474 4303 908 4362 resurrectionis
946 4303 1189 4377 gloriam
1235 4303 1671 4378 concupiscunt,
1718 4304 1911 4375 gladio
1961 4305 2052 4364 sui

344 4391 585 4464 spiritus
635 4390 939 4462 interfecit,
1001 4393 1143 4452 dum
1196 4407 1293 4450 eos
1365 4409 1465 4465 per
1518 4391 1934 4450 incarnationis
1991 4408 2056 4451 ac

345 4481 531 4540 crucis
573 4496 697 4540 sua
733 4482 1080 4554 mysterium
1119 4481 1190 4540 ab
1220 4497 1415 4541 amore
1454 4482 1659 4540 mundi
1688 4483 1868 4555 hujus
1901 4498 2051 4541 mor-

347 4575 473 4629 tuos
509 4570 794 4642 reddidit;
822 4578 876 4628 et
914 4568 1059 4627 367
1094 4573 1198 4631 hoc
1227 4587 1346 4630 uno
1385 4577 1650 4646 operatus
1687 4580 1773 4630 est
1809 4573 2049 4646 impetu,

2159 1901 2300 1958 riam
2336 1903 2654 1960 renovavit.
2689 1903 2862 1960 Porro
2896 1909 3114 1975 quanto
3141 1899 3399 1973 fragilior
3425 1915 3619 1968 sexus,
3651 1904 3870 1970 quanto

2157 1988 2450 2048 infirmius
2495 1991 2794 2050 vasculum
2845 1989 2995 2062 quod
3037 1996 3284 2063 reportat
3332 2004 3407 2046 ex
3454 1989 3612 2045 hoste
3657 1987 3871 2043 trium-

2157 2080 2358 2152 phum,
2399 2087 2555 2140 tanto
2600 2082 2804 2155 majori
2845 2080 3110 2138 diabolus
3159 2079 3463 2154 opprobrio
3508 2075 3868 2136 confusionis

2157 2168 2439 2240 induitur,
2471 2176 2625 2228 tanto
2653 2169 2975 2227 mirabilior
3014 2169 3166 2226 Deus
3196 2168 3257 2226 in
3297 2169 3417 2227 suis
3448 2164 3658 2223 sanctis
3686 2178 3867 2237 agno-

2156 2257 2355 2325 scitur,
2409 2265 2562 2316 tanto
2605 2257 2779 2315 etiam
2816 2273 2917 2315 rex
2965 2262 3285 2331 martyrum
3333 2253 3597 2312 Christus
3643 2252 3702 2309 in
3743 2265 3871 2324 pro-

2158 2347 2592 2418 pugnatricibus
2649 2346 2773 2405 suis
2817 2345 3136 2420 jucundius
3190 2344 3523 2403 delectatur.
3579 2342 3732 2400 Hinc
3784 2347 3869 2397 est

2155 2438 2347 2508 etiam,
2398 2437 2550 2512 quod
2597 2437 2860 2496 Salvator
2896 2441 3088 2495 noster
3128 2435 3186 2492 in
3237 2435 3417 2508 hujus
3464 2433 3665 2492 mundi
3712 2448 3871 2490 cam-

2153 2544 2294 2602 pum
2347 2534 2651 2602 potestates
2691 2544 2886 2586 aereas
2936 2525 3326 2584 debellaturus
3379 2525 3710 2591 adveniens,
3747 2537 3864 2579 non

2153 2618 2327 2690 elegit
2365 2618 2621 2675 rhetores
2656 2624 2711 2674 et
2751 2616 3141 2689 philosophos,
3181 2614 3276 2673 sed
3322 2613 3612 2686 simplices
3662 2627 3728 2669 ac
3777 2609 3868 2667 lit-

2157 2706 2349 2764 teralis
2398 2704 2706 2763 industria
2760 2721 2993 2779 prorsus
3051 2704 3316 2778 ignaros;
3377 2709 3440 2760 ut
3493 2702 3551 2758 in
3615 2706 3863 2772 utroque

2154 2810 2299 2852 sexu
2350 2810 2551 2852 verum
2607 2793 2700 2865 sit,
2745 2793 2895 2866 quod
2945 2791 3252 2866 Apostolus
3299 2791 3379 2847 ait
3428 2815 3441 2848 :
3494 2815 3519 2839 α
3555 2788 3700 2859 Quia
3745 2802 3861 2845 non

2153 2881 2322 2941 multi
2370 2882 2657 2955 sapientes
2708 2881 3027 2941 secundum
3076 2896 3328 2950 carnem,
3377 2893 3494 2937 non
3546 2877 3716 2934 multi
3771 2891 3868 2949 po-

2155 2979 2357 3042 tentes,
2391 2987 2506 3030 non
2540 2971 2710 3030 mulli
2746 2971 2982 3042 nobiles,
3017 2971 3115 3030 sed
3155 2986 3286 3044 qua
3315 2969 3488 3027 stulta
3518 2973 3657 3026 sunt
3685 2966 3862 3038 hujus

2151 3061 2381 3132 mundi,
2413 3061 2586 3135 elegit
2626 3061 2778 3120 Deus
2808 3067 2871 3120 ut
2909 3060 3224 3119 confundat
3255 3059 3420 3118 fortia
3456 3083 3468 3115 :
3501 3064 3556 3115 et
3585 3055 3865 3130 ignobilia

2152 3151 2355 3210 mundi
2412 3157 2468 3209 et
2511 3150 2966 3225 contemptibilia
3018 3150 3189 3222 elegit
3243 3149 3410 3217 Deus,
3461 3153 3517 3204 et
3561 3162 3693 3220 qua
3743 3159 3856 3203 non

2152 3247 2307 3310 sunt,
2364 3248 2426 3299 ut
2478 3257 2543 3299 ea
2593 3257 2726 3316 qua
2773 3248 2908 3299 sunt
2946 3238 3286 3308 destrueret,
3324 3243 3389 3295 ut
3430 3251 3542 3294 non
3586 3233 3862 3306 glorietur

2151 3330 2342 3388 omnis
2397 3346 2527 3388 caro
2581 3329 2643 3388 in
2682 3337 2990 3404 conspectu
3029 3330 3155 3403 ejus
3194 3331 3261 3399 (Π
3295 3329 3413 3384 Cor.
3462 3329 3517 3396 ι).
3555 3346 3581 3375 ι)
3623 3322 3860 3381 Talibus

2151 3419 2310 3477 enim
2347 3419 2710 3492 omnipotens
2751 3419 2904 3477 Deus
2937 3418 3264 3478 uberiorem
3306 3431 3457 3488 sape
3500 3411 3861 3487 praedicatio-

2153 3509 2244 3566 nis
2273 3509 2516 3581 gratiam
2553 3508 2775 3580 tribuit,
2808 3516 2980 3583 atque
3009 3524 3110 3582 per
3149 3521 3244 3566 eos
3285 3512 3515 3564 versuta
3546 3501 3860 3561 mundana

2151 3598 2450 3671 sapientia
2479 3605 2823 3669 argumenta
2855 3597 3167 3656 convincit.
3207 3595 3354 3654 Hinc
3381 3599 3468 3651 est
3503 3593 3655 3666 quod
3685 3606 3859 3664 spon-

2151 3702 2252 3745 sus
2278 3686 2348 3743 ad
2379 3701 2648 3760 sponsam
2689 3686 2827 3745 dicit
2871 3687 2931 3744 in
2968 3685 3219 3744 Canticis
3251 3702 3262 3741 :
3303 3707 3323 3735 α
3360 3681 3683 3741 Umbilicus
3723 3687 3860 3738 tuus

2148 3783 2333 3834 crater
2381 3775 2689 3846 tornatilis,
2751 3791 3047 3849 nunquam
3093 3773 3362 3847 indigens
3411 3769 3634 3845 poculis
3675 3770 3858 3837 (Cant.

2151 3870 2277 3931 vn).
2315 3887 2335 3910 ι
2396 3862 2715 3921 Umbilicus
2769 3871 2961 3921 autem
3018 3860 3383 3935 fragilissima
3433 3873 3563 3932 pars
3606 3856 3862 3928 corporis

2147 3958 2252 4008 est.
2293 3949 2443 4020 Quid
2483 3965 2618 4022 ergo
2655 3967 2754 4023 per
2793 3950 3060 4009 Ecclesia
3103 3949 3436 4020 designatur
3497 3945 3861 4013 umbilicum,

2151 4040 2262 4098 nisi
2301 4046 2482 4098 catus
2527 4039 2892 4098 infirmorum
2941 4045 3114 4114 atque
3158 4035 3487 4097 debilium?
3531 4035 3677 4106 Quid
3723 4052 3864 4095 vero

2149 4145 2248 4202 per
2286 4135 2584 4200 craterem,
2636 4128 2747 4186 nisi
2784 4128 3226 4202 pradicatorum
3268 4124 3653 4199 intelligimus
3697 4124 3861 4182 ordi-

2148 4234 2282 4277 nem
2311 4237 2322 4276 :
2355 4219 2454 4291 qui
2485 4217 2764 4276 nimirum
2798 4218 3092 4276 mentibus
3116 4216 3448 4274 auditorum
3474 4214 3721 4272 calestis
3751 4213 3859 4271 do-

2145 4309 2349 4366 ctrina
2380 4307 2518 4364 vina
2547 4306 2871 4379 prOpinant,
2910 4322 3121 4379 easque
3149 4304 3371 4379 poculis
3400 4311 3612 4360 sancta
3646 4301 3856 4376 pradi-

2144 4395 2387 4454 cationis
2419 4393 2713 4454 inebriant
2737 4394 2764 4451 ἲ

2217 4484 2539 4545 Umbilicus
2581 4499 2715 4556 ergo
2755 4482 3024 4542 Ecclesia
3062 4483 3265 4540 crateri
3304 4482 3508 4540 merito
3567 4494 3856 4552 compara-

2143 4584 2280 4645 tur,
2347 4573 2488 4648 quia
2545 4573 2886 4647 plerumque
2958 4571 3166 4630 debilis
3239 4578 3293 4628 et
3373 4571 3643 4628 infirmus
3710 4565 3856 4623 368

343 4656 534 4728 idest,
577 4675 697 4718 uno
745 4660 1322 4719 suaincarnationis
1352 4661 1626 4720 adventu.
1664 4661 1853 4720 Semel
1894 4661 2051 4719 enim
2140 4662 2382 4736 quilibet
2440 4678 2538 4719 vas
2597 4662 2875 4720 doctrina
2938 4661 3184 4718 caelestis
3243 4659 3508 4718 efﬁcitur.
3568 4657 3680 4728 Qui
3743 4673 3851 4714 non

342 4765 442 4825 pro
472 4750 716 4822 peccatis
745 4751 959 4809 nostris
988 4760 1250 4811 mortuus
1301 4759 1406 4823 est,
1430 4753 1552 4827 jam
1587 4754 1738 4811 ultra
1767 4769 1882 4811 non
1929 4771 2050 4811 mo-
2141 4751 2358 4823 indiget
2407 4749 2650 4824 poculis,
2710 4749 2847 4824 quia
2897 4747 3145 4807 caleslis
3197 4746 3414 4820 eloquii
3469 4762 3582 4804 non
3641 4745 3856 4803 desinit

341 4840 489 4900 ritur
529 4845 698 4912 (Rom.
735 4849 835 4911 v1).
873 4843 963 4900 An
1005 4858 1121 4902 non
1156 4843 1282 4917 ejus
1317 4844 1604 4902 adventus
1640 4844 1770 4916 jure
1818 4851 2052 4902 vocatur
2138 4839 2398 4912 irriguus
2434 4854 2556 4896 esse
2609 4837 2858 4895 fluentis.
2908 4837 3069 4895 Unde
3111 4836 3257 4894 bene
3294 4841 3474 4894 crater
3515 4833 3610 4892 hic
3658 4838 3854 4891 torna-

339 4931 613 5004 impetus,
642 4932 715 4990 de
749 4948 863 5006 quo
898 4933 1167 4992 Salomon
1194 4935 1274 4991 ait
1311 4957 1322 4990 :
1358 4955 1384 4986 α
1426 4933 1568 4991 Ecce
1603 4933 1711 4991 iste
1744 4933 1957 4992 saliens
1989 4934 2046 4992 in
2142 4928 2259 4986 tilis
2297 4927 2528 4996 dicitur,
2574 4933 2734 4984 torno
2774 4925 3060 5000 siquidem
3100 4924 3231 4999 quis
3278 4922 3502 4981 facilius
3553 4930 3852 4994 operatur.

342 5021 660 5093 montibus,
699 5022 1029 5081 transiliens
1065 5022 1244 5080 colles
1282 5025 1456 5093 (Cant.
1512 5027 1596 5094 Il).
1639 5045 1660 5074 ι
1709 5022 1778 5080 Et
1814 5023 2045 5082 David:
2141 5016 2485 5090 Expeditius
2545 5018 2699 5074 enim
2758 5031 2908 5089 sape
2959 5023 3132 5088 atque
3197 5013 3481 5071 inoffense
3539 5011 3597 5067 in
3656 5017 3854 5068 sancta

344 5134 370 5157 «
401 5109 752 5183 Exsultavit,
801 5113 1016 5188 inquit,
1065 5119 1127 5171 ut
1171 5113 1332 5187 gigas
1377 5113 1450 5170 ad
1496 5113 1841 5171 currendam
1899 5113 2049 5170 viam
2140 5107 2549 5181 praedicatione
2592 5107 2947 5177 discurrunt,
2997 5105 3096 5180 qui
3138 5100 3563 5178 pradicationis
3606 5099 3849 5173 gratiam

341 5202 508 5268 (Psal.
551 5201 742 5272 XVIII).
777 5226 804 5249 ιι
835 5200 944 5270 Qui
980 5202 1137 5259 enim
1179 5201 1362 5260 currit
1400 5200 1599 5275 procul
1637 5201 1814 5260 dubio
1867 5202 2048 5274 impe-
2138 5211 2252 5254 non
2311 5211 2415 5254 suo
2478 5196 2716 5264 studio,
2773 5193 2870 5252 sed
2923 5191 3210 5250 divinitus
3262 5197 3624 5263 acceperunt.
3687 5188 3852 5245 Hanc

343 5297 466 5345 tum
495 5289 647 5348 facit.
683 5290 827 5348 Nam
857 5297 912 5347 et
940 5289 1194 5350 Verbum
1229 5291 1332 5350 Dei
1363 5298 1636 5366 tauquam
1679 5291 1840 5349 rivus
1869 5307 2048 5365 aqua-

341 5388 470 5432 rum
516 5377 837 5437 viventium
878 5393 1013 5436 cum
1047 5378 1266 5452 impetu
1307 5379 1501 5449 venit,
1534 5387 1587 5436 et
1637 5379 1784 5436 sicut
1829 5386 2049 5436 torrens

340 5470 551 5522 cuncta
602 5463 1000 5525 doctrinarum
1051 5467 1381 5525 ardentium
1431 5466 1871 5540 inquinamenta
1917 5467 2050 5526 sub-

343 5550 532 5608 vertit.
599 5549 759 5610 Unde
809 5561 863 5611 et
911 5555 970 5612 in
1035 5554 1284 5613 Canticis
1347 5555 1703 5613 canticorum
1757 5555 1971 5614 dicitur
2030 5575 2042 5613 :

349 5665 373 5688 «
405 5639 556 5698 Fons
595 5639 914 5713 hortorum,
957 5651 1164 5715 puteus
1198 5659 1485 5718 aquarum
1524 5643 1873 5716 viventium,
1913 5661 2044 5719 qua

2135 5284 2836 5358 pradicationis‘gratiam
2866 5283 3011 5340 viris
3048 5279 3434 5354 simplicibus,
3467 5278 3592 5336 sive
3633 5277 3850 5335 sanctis

2138 5372 2483 5430 mulieribus
2521 5372 2888 5431 tribuendam
2930 5371 3026 5428 illa
3069 5369 3310 5428 Samson
3355 5366 3592 5426 victoria
3637 5367 3850 5439 figura-

2137 5462 2262 5532 vit,
2324 5479 2439 5537 qua
2501 5461 2767 5521 videlicet
2823 5459 3222 5519 mandibulam
3283 5458 3431 5516 asini
3507 5455 3852 5515 fervefactus

2131 5555 2436 5628 arripiens,
2473 5553 2634 5611 mille
2680 5549 3166 5609 Philisthinorum
3199 5548 3351 5607 viros
3395 5545 3600 5606 occidit
3645 5547 3846 5615 (ludio.

2136 5651 2264 5714 XV).
2299 5643 2449 5716 Quid
2488 5644 2643 5702 enim
2693 5658 2792 5716 per
2825 5640 3219 5700 mandibulam
3256 5638 3428 5708 asini,
3461 5635 3613 5712 quod
3649 5635 3846 5711 utique
