4064 6208
99 303 212 363 893

1588 298 1838 361 SERMO
1876 297 2136 358 LXVIII.

3511 303 3616 364 894

102 429 361 504 simplex
399 431 482 486 est
522 425 762 494 animal,
792 425 901 484 nisi
940 426 1204 500 imperita
1237 427 1595 501 simplicium
1629 428 1886 488 homi-A
1916 425 2070 485 Deus
2100 427 2158 483 in
2193 423 2350 493 viris,
2395 423 2719 485 mirabilius
2751 432 2939 485 tamen
2978 434 3033 486 et
3068 429 3378 501 gloriosius
3415 429 3625 489 trium-

105 535 254 577 num
285 534 385 576 ora
410 512 764 589 signantur?
793 513 1033 573 Samson
1074 514 1288 588 itaque,
1315 531 1426 574 non
1460 531 1592 575 cum
1622 516 1819 586 armis,

106 623 228 665 non
263 621 396 664 cum
427 603 672 662 diversis
701 601 946 660 telorum
975 603 1308 676 generibus,
1341 605 1438 662 sed
1475 621 1613 663 cum
1654 620 1822 662 man-

105 693 318 753 dibula
365 691 514 750 asini
563 689 723 748 mille
773 689 928 747 viros
983 690 1227 759 occidit;
1280 693 1417 766 quia
1476 691 1824 765 Redemptor

106 788 326 852 noster,
390 795 564 854 quem
616 778 716 837 ille
765 778 1045 851 signabat,
1104 795 1237 838 cum
1291 780 1573 854 imperitis
1624 788 1677 838 et
1735 796 1828 839 ru-

107 871 286 931 dibus
316 871 629 944 perfectum
664 868 993 926 inﬁdelium
1031 884 1342 927 numerum
1376 885 1409 926 a
1452 869 1568 926 vita
1618 869 1827 927 veteris

108 960 332 1018 erroris
361 958 666 1016 exstinxit.

183 1049 338 1118 Quid
395 1056 589 1107 autem
636 1047 851 1106 mirum
898 1047 947 1105 si
1002 1055 1225 1106 sanctos
1267 1048 1671 1124 praedicatores
1728 1065 1829 1123 per

109 1139 265 1198 asini
304 1136 604 1195 maxillam
653 1152 880 1194 sacrum
925 1135 1185 1210 designet
1225 1137 1546 1212 eloquium,
1590 1152 1727 1196 cum
1774 1144 1830 1194 et

109 1226 309 1300 ipsum
361 1223 787 1298 praedicationis
845 1225 1086 1283 verbum
1139 1241 1238 1298 per
1287 1225 1566 1286 hordeum
1637 1241 1828 1300 quan-

110 1317 306 1389 doque
345 1313 670 1383 denuntiet,
717 1313 868 1385 quod
901 1319 986 1370 est
1023 1314 1222 1386 utique
1271 1314 1555 1386 pabulum
1589 1314 1826 1385 jumen-

110 1410 328 1462 torum.
360 1401 521 1472 Quod
563 1410 712 1458 certe
746 1415 859 1457 non
901 1401 1070 1459 modo
1109 1416 1208 1472 per
1252 1402 1616 1474 evangelicos
1652 1402 1828 1476 quin-

110 1508 227 1567 que
271 1508 444 1566 panes
479 1490 836 1563 agnoscitur,
883 1487 980 1547 sed
1027 1505 1127 1562 per
1176 1490 1281 1548 hoc
1325 1491 1496 1549 etiam
1548 1492 1704 1565 quod
1769 1491 1827 1548 in

112 1584 266 1642 libro
292 1583 568 1641 Judicum
599 1582 902 1656 reperitur.
932 1581 1077 1638 Nam
1108 1596 1243 1638 cum
1275 1580 1504 1640 Gedeon
1534 1582 1828 1642 ausculta-

115 1670 292 1728 tiouis
321 1669 503 1742 gratia
535 1668 606 1725 ad
651 1677 832 1726 castra
867 1668 1118 1739 Madian,
1153 1668 1398 1728 Domino
1441 1670 1826 1743 przecipiente,

1915 515 2051 587 phat
2106 514 2164 570 in
2222 511 2474 571 feminis.
2532 513 2684 572 Huic
2737 529 2902 585 porro
2970 515 3193 574 militias
3254 516 3455 575 Judith
3510 523 3631 576 erat

1913 602 2177 677 ascripta,
2211 618 2344 676 quae
2370 601 2508 660 dum
2547 602 2850 662 deauratos
2879 609 3052 678 atque
3091 611 3407 677 gemmatos
3447 606 3631 664 Holo-

1912 692 2093 750 fernis
2149 691 2428 749 thalamos
2472 691 2712 765 respuit,
2745 693 2973 752 ebrium
3021 693 3308 752 luxuriosi
3352 693 3630 767 principis

1912 789 2082 855 caput
2117 780 2345 855 proprio
2399 781 2580 855 ipsius
2613 783 2864 856 pugione
2904 783 3189 842 truncavit
3226 785 3442 854 (Judith
3473 789 3628 853 XIII).

1913 870 2107 945 Hujus
2132 871 2360 929 militias,
2382 887 2616 929 consors
2644 879 2761 928 erat
2805 872 3026 942 Esther,
3061 887 3193 945 quas
3229 872 3368 930 dum
3411 872 3630 930 feroces

1915 962 2151 1019 Assueri
2194 962 2344 1035 regis
2389 961 2619 1019 animos
2654 961 2972 1020 artiﬁcibus
3022 960 3290 1019 delinivit
3333 957 3650 1036 alloquiis,‘

1914 1056 1969 1108 et
2002 1049 2428 1108 Mardocbaeum
2459 1049 2531 1106 ab
2571 1048 2932 1107 imminentis
2970 1049 3250 1108 sententia
3283 1049 3482 1106 mortis
3512 1048 3628 1107 eri-

1915 1140 2040 1212 puit
2065 1147 2119 1198 et
2149 1139 2204 1196 in
2237 1146 2407 1214 caput
2443 1141 2650 1210 Aman,
2687 1139 2785 1214 qui
2821 1141 2975 1198 necis
3008 1140 3184 1214 hujus
3222 1145 3421 1214 auctor
3445 1137 3628 1196 exsti-

1917 1234 2076 1296 terat,
2135 1230 2329 1301 dignar
2355 1229 2744 1288 damnationis
2782 1237 3121 1303 argumenta
3160 1229 3386 1288 retorsit
3412 1230 3632 1299 (Esther

1915 1320 2062 1386 VIII).
2099 1317 2260 1375 Hanc
2295 1318 2582 1390 gaudebat
2612 1318 2869 1392 bajulare
2904 1319 3172 1377 militiam
3211 1319 3454 1389 Debora,
3495 1333 3632 1394 quae

1914 1406 2054 1464 dum
2084 1405 2458 1464 Israeliticam
2493 1406 2716 1478 plebem
2757 1405 3102 1479 propheticis
3133 1408 3483 1480 gubernaret
3510 1422 3631 1465 ora-

1914 1494 2081 1561 culis,
2116 1495 2175 1551 in
2205 1493 2472 1567 praelium
2507 1497 2742 1568 quoque
2772 1493 2935 1552 velut
2962 1492 3226 1564 quaedam
3254 1494 3356 1551 Dei
3400 1493 3632 1552 Bellona

1915 1584 2290 1658 congrediens
2327 1586 2624 1660 copiosum
2657 1584 2826 1642 .labin
2877 1583 3028 1656 regis
3069 1583 3390 1642 exercitum
3435 1582 3633 1657 perdi-

1915 1677 1995 1733 dit
2025 1680 2079 1733 et
2114 1673 2390 1748 populum
2423 1674 2523 1732 Dei
2563 1673 2893 1731 durissimae
2922 1673 3063 1747 jugo
3107 1673 3401 1731 servitutis
3437 1671 3634 1730 absol-

114 1759 413 1832 dirigitur,
464 1757 774 1850 Madiauita
811 1757 1101 1850 quispiam
1141 1757 1285 1850 alter
1324 1760 1396 1850 ad
1449 1759 1696 1850 alterum
1734 1759 1888 1850 vi-B
1917 1765 1999 1822 vit
2055 1767 2248 1837 (Judic.
2291 1770 2388 1835 IV).
2458 1763 2612 1821 Huic
2659 1762 2885 1821 militias
2945 1763 3219 1820 deserviit
3263 1761 3429 1822 Jahel
3484 1776 3635 1821 uxor

116 1851 270 1908 disse
296 1864 357 1907 se
387 1848 680 1906 somnium
707 1848 1004 1921 proﬁtetur
1031 1847 1392 1921 [conﬁtetur].
1429 1871 1454 1901 ‹‹
1484 1847 1823 1920 Videbatur,

115 1941 333 2017 inquit,
388 1940 530 1997 mihi
583 1939 750 2014 quasi
797 1938 1217 1998 subcincricius
1271 1941 1432 2013 panis
1481 1957 1554 1999 ex
1613 1941 1828 2000 hordeo

116 2031 296 2100 volvi,
328 2037 384 2087 et
425 2029 481 2086 in
524 2035 705 2086 castra
743 2028 970 2087 Madian
1013 2028 1359 2087 descendere
1399 2032 1597 2100 (Judic.
1642 2034 1764 2098 VII).
1797 2051 1824 2083 »

117 2117 384 2192 Cumque
433 2118 784 2190 pervenisset
828 2115 897 2174 ad
939 2117 1397 2186 tabernaculum,
1444 2119 1726 2190 percussit
1765 2119 1828 2175 il-

116 2204 240 2273 lud,
279 2211 453 2277 atque
501 2203 801 2275 subvertit,
856 2211 910 2262 et
964 2209 1129 2262 terra;
1177 2204 1436 2261 funditus
1481 2205 1822 2277 coaequavit.

115 2293 430 2367 Respondit
459 2294 686 2352 auditor
724 2311 736 2344 :
775 2315 800 2346 ‹‹
832 2293 954 2352 Νοη
989 2301 1074 2352 est
1109 2295 1216 2351 hoc
1250 2293 1430 2365 aliud,
1454 2293 1567 2352 nisi
1598 2295 1828 2368 gladius

115 2383 404 2443 Gedeonis
431 2383 539 2440 ﬁlii
575 2383 706 2442 Joas
739 2382 1054 2442 Israelitze:
1097 2383 1328 2440 tradidit
1355 2382 1512 2440 enim
1544 2382 1826 2443 Dominus

113 2473 173 2530 in
228 2488 404 2531 manu
452 2471 576 2542 ejus
623 2471 873 2540 Madian,
926 2481 981 2531 et
1019 2473 1214 2531 omnia
1252 2478 1434 2531 castra
1469 2475 1611 2547 ejus.
1658 2498 1678 2525 ι
1721 2474 1828 2532 Per

115 2561 369 2630 Gedeon,
427 2559 527 2634 qui
585 2575 698 2617 non
741 2563 1021 2626 circuitus,
1064 2561 1161 2619 sed
1214 2565 1533 2618 circumiens
1579 2566 1638 2618 in
1675 2570 1824 2620 utero

114 2649 348 2718 dicitur,
403 2648 500 2706 ille
555 2649 755 2708 merito
811 2650 1167 2723 designatur,
1216 2651 1316 2726 qui
1362 2651 1502 2710 dum
1548 2652 1821 2725 virginali

114 2739 477 2798 clauderetur
509 2733 581 2796 ‘in
651 2738 783 2796 alvo
832 2745 1006 2796 totam
1064 2741 1271 2798 mundi
1333 2740 1662 2799 machinam
1721 2758 1826 2801 suo

114 2828 506 2886 circumdabat
559 2844 624 2885 ac
674 2827 1010 2902 disponebat
1071 2828 1333 2902 imperio.
1417 2831 1522 2889 Per
1595 2831 1823 2890 Madian

114 2924 331 2987 autem,
381 2917 485 2989 qui
533 2919 600 2973 de
645 2918 862 2987 judicio
916 2918 1340 2991 interpretatur,
1400 2920 1649 2995 populus
1697 2921 1828 2979 inﬁ-

116 3006 261 3064 delis
305 3008 602 3080 accipitur,
633 3008 705 3066 de
742 3023 858 3084 quo
897 3008 1181 3067 Dominus
1210 3009 1288 3067 ait
1320 3032 1332 3066 :
1364 3032 1386 3060 ι
1421 3009 1531 3080 Qui
1563 3026 1676 3069 non
1704 3028 1826 3071 cre-

117 3097 220 3165 dit,
243 3097 365 3170 jam
385 3097 677 3171 judicatus
702 3105 788 3157 est
809 3102 984 3167 (Joan.
1016 3105 1122 3168 III).
1158 3121 1185 3152 »

190 3185 366 3244 Porro
397 3195 590 3245 autem
623 3203 806 3260 usque
843 3188 914 3246 ad
951 3187 1262 3249 Salvatoris
1300 3191 1640 3262 adventum,
1675 3208 1830 3250 more

119 3275 315 3333 hordei
359 3276 467 3335 sub
510 3277 690 3351 paleis
747 3278 1087 3349 litterarum,
1142 3289 1196 3339 et
1251 3283 1389 3357 legis
1441 3291 1722 3358 praecepta
1777 3293 1832 3343 et

119 3367 528 3439 prophetarum
577 3369 915 3441 tegebantur
959 3371 1221 3443 oracula;
1254 3376 1348 3433 sed
1395 3382 1692 3450 postquam
1737 3375 1832 3432 ille

118 3455 383 3525 veniens,
413 3472 589 3529 panes
620 3457 966 3518 hordeaceos
995 3461 1181 3535 fregit,
1205 3463 1478 3538 deditque
1506 3464 1830 3537 discipulis,

118 3551 182 3600 ut
204 3543 387 3601 turbis
414 3554 766 3618 apponerent
789 3567 799 3603 :
825 3547 996 3621 cujus
1019 3550 1190 3606 etiam
1211 3551 1399 3624 operis
1419 3551 1702 3625 expositio
1724 3558 1828 3621 est,

117 3631 270 3704 quod
319 3632 672 3706 evangelista
711 3633 848 3693 dicit
877 3660 888 3692 :
927 3658 952 3689 «
980 3636 1265 3707 Quoniam
1294 3639 1520 3712 aperuit
1552 3640 1668 3698 illis
1695 3657 1831 3699 sen-

119 3736 274 3790 sum,
303 3727 369 3779 ut
414 3721 804 3796 intelligerent
847 3723 1170 3796 Scripturas
1214 3729 1359 3800 (Luc.
1410 3731 1611 3799 XXIV);
1655 3753 1674 3780 ιι
1708 3728 1828 3802 jam

120 3825 190 3866 ex
237 3810 474 3882 hordeo,
515 3814 664 3889 quod
696 3809 882 3873 brutis
923 3815 1226 3873 videbatur
1275 3816 1632 3876 animalibus
1689 3834 1829 3876 con~

118 3915 348 3972 gruere,
389 3918 599 3976 panem
640 3904 823 3962 facere
860 3903 1134 3977 dignatus
1165 3912 1250 3964 est
1286 3905 1636 3966 animarum.
1673 3907 1834 3968 Sicut

121 3990 278 4048 enim
339 3992 620 4052 hordeum
669 3995 822 4052 inter
872 3994 1083 4053 molam
1136 4001 1442 4070 utramque
1496 3997 1830 4069 conteritur,

122 4087 185 4138 ut
239 4096 272 4137 a
328 4082 528 4141 farinze
585 4086 872 4160 farragine
935 4085 1276 4145 cantabrum
1343 4093 1698 4158 secernatur;
1754 4089 1832 4145 ita

117 4168 280 4226 velut
327 4169 478 4228 inter
523 4171 686 4244 duos,
721 4174 862 4247 legis
907 4173 1124 4233 scilicet
1149 4181 1204 4232 et
1249 4175 1571 4248 Evangelii,
1614 4175 1833 4250 lapides

118 4263 330 4316 sanctae
398 4259 670 4318 Ecclesize
735 4261 993 4319 doctrina
1050 4263 1442 4336 commolitur,
1508 4271 1569 4322 ut
1630 4263 1833 4322 litterae

116 4347 506 4419 superiiciesa
535 4349 803 4407 medullis
852 4350 1090 4423 spiritus
1125 4350 1503 4410 discernatur.
1539 4351 1647 4411 Sed
1684 4360 1744 4410 ut
1771 4353 1830 4410 in

121 4435 210 4492 his
254 4437 449 4495 verbis
503 4453 610 4496 non
661 4439 882 4498 diutius
916 4440 1314 4510 immoremur,
1354 4441 1476 4499 hmo
1507 4440 1704 4498 hordei
1748 4441 1824 4498 fa-

118 4523 264 4592 rina,
308 4527 454 4583 sacri
511 4526 870 4599 baptismatis
907 4543 1060 4602 aqua
1105 4544 1409 4603 conspersa
1459 4530 1721 4591 conﬂata.
1780 4535 1831 4586 et

117 4616 298 4672 sancti
334 4615 582 4688 Spiritus
619 4617 752 4689 igne
792 4624 1068 4690 percocta,
1097 4617 1161 4676 ﬁt
1197 4617 1381 4691 panis,
1426 4619 1527 4692 qui
1567 4617 1834 4676 videlicet

115 4706 351 4764 Madian
412 4713 591 4764 castra
634 4707 936 4778 subvertit,
980 4709 1118 4781 quia
1157 4705 1303 4763 369
1349 4715 1583 4766 cunctas
1625 4707 1832 4765 infide-

116 4798 265 4855 lium
312 4797 609 4858 machinas
658 4801 921 4859 destruit.
956 4800 1065 4858 Hic
1107 4802 1290 4874 panis,
1321 4801 1494 4874 juxta
1524 4801 1640 4859 veri
1676 4799 1835 4860 illius

117 4885 449 4959 interpretis
491 4888 903 4963 conjecturam,
937 4888 1224 4946 Gedeonis
1252 4897 1336 4945 est
1374 4887 1640 4961 gladius;
1673 4889 1832 4963 quia,

114 4974 270 5032 sicut
301 4975 625 5048 jApostolus
669 4978 786 5035 ait:
827 5001 848 5029 ι
887 4975 1128 5036 Gladius
1166 4975 1414 5050 Spiritus
1443 4982 1523 5034 est
1576 4976 1835 5036 Verbum

116 5065 219 5124 Dei
249 5067 470 5138 (Ephes.
504 5073 603 5140 v1).
648 5090 668 5119 ι

190 5155 317 5214 Hoc
369 5156 548 5214 sancti
597 5157 845 5231 Spiritus
893 5157 1085 5232 gladio
1130 5171 1234 5215 rex
1272 5157 1636 5217 exercituum
1676 5157 1838 5216 Chri-

115 5252 244 5302 stus
290 5259 427 5302 suos
476 5252 660 5303 armat
701 5245 934 5315 milites,
981 5247 1091 5305 hoc
1135 5246 1304 5302 etiam
1351 5261 1487 5304 suas
1533 5247 1834 5320 praecingit

117 5352 181 5391 ac
227 5335 458 5394 roborat
497 5335 843 5394 bellatrices.
893 5336 981 5393 Ex
1041 5343 1289 5407 utroque
1341 5335 1627 5410 siquidem
1687 5352 1833 5395 sexu

117 5424 346 5482 militias
402 5440 529 5483 sua:
593 5440 807 5483 cuneos
874 5423 1130 5492 instruit,
1183 5424 1448 5497 aciesque
1523 5425 1832 5496 componit,

116 5513 254 5588 quia
284 5513 441 5571 viros
471 5528 538 5570 ac
561 5512 807 5572 feminas
833 5513 901 5570 ad
939 5512 1292 5586 procinctum
1331 5512 1477 5571 beati
1507 5511 1837 5570 certaminis

117 5600 518 5660 indifferenter
573 5601 841 5661 admittit.
894 5602 962 5660 Et
1018 5616 1354 5677 quanquam
1414 5600 1699 5659 mirabilis
1761 5600 1834 5659 sit

1914 1852 2126 1922 Haber,
2181 1867 2313 1910 cum
2371 1850 2624 1911 Sisaram
2698 1851 3008 1924 fugientem
3090 1850 3241 1908 intra
3295 1850 3632 1909 tabernacu-

1918 1942 2040 1999 lum
2112 1939 2346 2014 quidem
2406 1939 2612 1997 blande
2676 1939 2946 2013 suscepit,
3000 1939 3097 1997 sed
3157 1937 3460 1997 cerebrum
3506 1938 3633 2010 ejus

1912 2030 2076 2087 clavo
2129 2028 2477 2087 tabernaculi
2537 2043 2636 2101 per
2686 2035 2910 2103 tempus
2968 2033 3284 2103 utrumque
3343 2027 3636 2086 transfixit

1915 2120 2126 2186 (Ibid).

1985 2207 2178 2281 Hujus
2240 2214 2391 2266 certe
2447 2207 2671 2265 militiae
2723 2208 3005 2282 particeps
3057 2205 3163 2264 fuit
3221 2204 3469 2279 insignis
3530 2204 3632 2263 illa

1913 2295 2206 2365 bellatrix,
2237 2296 2454 2355 scilicet
2502 2296 2664 2354 beata
2716 2295 2979 2354 Felicitas
3003 2341 3018 2364 ,
3053 2310 3184 2370 quae
3225 2294 3368 2352 dum
3416 2300 3632 2368 septem

1913 2383 2023 2441 sibi
2065 2382 2216 2442 ﬁlios
2258 2385 2319 2442 in
2351 2399 2532 2458 agone
2564 2383 2864 2458 praemisit,
2897 2383 3059 2442 salvo
3087 2382 3197 2439 sibi
3233 2388 3288 2440 et
3317 2381 3408 2441 sui
3444 2388 3626 2440 certa-

1915 2473 2090 2531 minis
2121 2474 2379 2545 prtemio,
2414 2472 2770 2546 septemplici
2799 2475 2858 2530 in
2887 2472 3082 2531 sobole
3110 2471 3387 2544 martyrio
3414 2470 3627 2528 trium-

1914 2561 2132 2633 phavit.
2178 2561 2342 2620 Hanc
2393 2577 2623 2635 quoque
2669 2560 2938 2618 militiam
2979 2566 3212 2618 strenue
3259 2558 3537 2631 bajulavit
3579 2564 3635 2616 et

1914 2651 2038 2710 haec
2080 2652 2239 2723 virgo
2279 2652 2619 2719 clarissima,
2667 2651 2839 2724 cujus
2885 2648 3056 2708 hodie
3112 2650 3306 2707 votiva
3353 2648 3633 2707 festivitas

1913 2738 2142 2797 colitur.
2210 2738 2351 2809 Qum
2413 2739 2677 2796 videlicet
2741 2737 2990 2810 duplicis
3056 2751 3269 2810 pugnae
3333 2736 3633 2794 victoriam

1914 2828 2279 2896 tenuit,dum
2310 2835 2365 2885 ct
2396 2827 2690 2885 titillantia
2727 2829 2916 2884 carnis
2956 2825 3249 2883 incentiva
3289 2824 3636 2898 perdomuit,

1913 2924 1968 2977 et
2017 2917 2174 2976 illata
2219 2918 2326 2976 sibi
2382 2917 2648 2976 horriﬁca
2699 2931 3003 2990 pmnarum
3044 2920 3330 2974 tormenta
3373 2915 3633 2975 calcavit.

1914 3008 1959 3066 Ο
1991 3006 2225 3082 quantis
2269 3005 2376 3064 ista
2416 3005 2810 3064 cumulabitur
2862 3003 3122 3077 praamiis
3160 3002 3217 3060 in
3263 3001 3638 3063 retributione

1847 3097 2226 3195 Cjustorum!
2273 3102 2510 3171 quanta,
2551 3093 3145 3195 judice-Inteﬁhristo,
3195 3091 3472 3195 ditabitur
3509 3092 3636 3166 glo—

1917 3188 2019 3256 ria,
2063 3203 2192 3261 quae
2233 3192 2389 3244 tanto
2435 3185 2622 3242 crucis
2673 3182 2886 3242 Christi
2937 3183 3044 3241 fuit
3092 3181 3340 3255 pondere
3384 3198 3633 3256 praegra-

1915 3281 2042 3331 vata
2072 3278 2081 3331 !
2116 3273 2259 3330 Nam
2286 3273 2454 3347 juxta
2502 3270 2772 3328 Veritatis
2798 3285 3020 3341 vocem,
3060 3293 3081 3321 ι
3117 3284 3339 3341 semen,
3374 3271 3525 3344 quod
3572 3270 3634 3327 in

1915 3371 2127 3423 terram
2156 3362 2379 3431 cecidit,
2403 3359 2559 3418 aliud
2590 3359 2970 3432 trigesimum,
2995 3358 3156 3416 aliud
3180 3359 3630 3430 sexagesimum,

1913 3448 2080 3511 aliud
2104 3451 2482 3509 centesimum
2515 3447 2704 3507 attulit
2728 3447 2981 3506 fructum
3013 3449 3231 3518 (Matth.
3266 3449 3412 3519 XIII).
3447 3469 3468 3497 ι

1987 3542 2129 3600 Cum
2185 3554 2340 3613 ergo,
2395 3539 2544 3596 sicut
2601 3536 2920 3594 authentici
2986 3535 3246 3594 doctores
3307 3542 3631 3608 exponunt,

1918 3631 2238 3704 virginitati
2299 3631 2520 3688 fructus
2565 3627 2869 3702 rentuplus
2910 3627 3208 3696 debeatur,
3243 3626 3475 3700 quantis
3513 3626 3638 3684 haec

1916 3722 2079 3780 beata
2147 3719 2311 3793 virgo
2372 3717 2834 3776 accumulabitur
2893 3715 3090 3787 donis,
3135 3731 3311 3788 quam
3387 3714 3636 3787 insignis

1915 3809 2116 3885 gratiae
2153 3807 2514 3867 decorabitur
2548 3805 2773 3875 infulis,
2813 3817 2948 3878 quas
3003 3810 3311 3878 postquam
3367 3809 3637 3860 centenos

1918 3900 2142 3959 fructus
2188 3898 2257 3956 de
2301 3895 2630 3971 virginitate
2672 3899 3004 3966 Inessuerat,
3041 3893 3212 3950 etiam
3256 3891 3516 3966 martyrii
3540 3905 3636 3948 co-

1919 4005 2120 4048 ronam
2162 4004 2292 4046 eum
2345 3992 2497 4044 tanta
2534 3984 2717 4058 gloria
2755 3981 3120 4056 reportabat?
3151 3981 3298 4040 Nam
3327 3995 3462 4038 cum
3489 3985 3637 4038 esset

1917 4080 1976 4137 in
2024 4080 2337 4136 certamine
2379 4076 2711 4146 constituta,
2762 4072 2938 4130 lorica
2995 4070 3127 4128 ﬁdei
3187 4067 3532 4144 praemunita
3581 4073 3636 4125 et

1917 4168 2095 4227 armis
2128 4167 2362 4224 invictae
2400 4162 2692 4239 patientia;
2723 4177 2790 4219 ac
2823 4161 3074 4235 geminae
3111 4156 3409 4216 charitatis
3437 4156 3635 4242 accin-

1917 4266 2024 4325 cta,
2055 4254 2388 4330 duplicibus
2424 4253 2786 4311 diversorum
2844 4249 3098 4307 hostium
3146 4247 3480 4320 agminibus
3505 4245 3634 4304 cin-

1917 4347 2177 4420 gebatur.
2246 4342 2412 4400 Intus
2471 4345 2670 4399 contra
2730 4337 3031 4396 seditiosos
3098 4335 3391 4409 pugnabat
3457 4333 3634 4404 cives,

1920 4433 2062 4492 foris
2113 4431 2390 4489 adversus
2455 4431 2888 4502 persecutorum
2940 4439 3003 4482 ac
3058 4422 3193 4480 ﬁdei
3245 4422 3634 4480 resistentium

1919 4524 2071 4582 acies
2119 4520 2448 4580 dimicabat.
2484 4517 2592 4575 Pro
2636 4513 2865 4573 duobus
2908 4514 3110 4572 castris
3140 4513 3326 4571 stabat
3354 4528 3471 4572 una
3513 4513 3633 4571 bel-

1921 4610 2116 4668 latrix.
2181 4608 2334 4666 Hinc
2390 4603 2683 4680 pudicitiaa
2732 4601 3086 4671 clausulam;
3148 4599 3309 4658 illinc
3356 4601 3636 4673 impresso

1923 4697 2128 4772 Sponsi
2166 4695 2256 4754 sui
2300 4695 2646 4764 charactere,
2686 4690 2820 4748 ﬁdei
2859 4688 3230 4764 signaculum
3269 4687 3627 4746 defendebat.

1925 4787 2020 4848 Sic
2069 4785 2232 4844 docta
2279 4797 2487 4840 manus
2542 4779 2612 4838 ad
2659 4777 2949 4853 przelium,
3003 4775 3350 4836 circumacto
3404 4776 3634 4834 virtutis

1922 4879 2185 4952 undique
2212 4875 2432 4950 clypeo,
2461 4872 2630 4932 modo
2651 4871 2749 4929 lita
2777 4884 2998 4928 veneno
3021 4868 3131 4926 tela
3158 4867 3435 4938 luxuria,
3464 4868 3635 4926 modo

1921 4969 2264 5028 imminente
2311 4963 2553 5040 perﬁdia
2591 4960 2920 5038 jaculorum
2969 4959 3366 5034 ingruentium
3399 4957 3633 5033 grandi-

1923 5075 2055 5118 nem
2089 5056 2457 5132 propellebat.

2002 5147 2146 5204 3'70
2177 5145 2410 5206 Dicebat
2450 5160 2586 5218 ergo
2634 5142 2976 5216 agonotheta
3016 5139 3117 5198 Dei
3152 5156 3165 5195 :
3205 5162 3226 5191 ι
3258 5139 3435 5213 Nigra
3474 5153 3629 5210 sum,

1921 5242 2014 5300 sed
2073 5241 2340 5308 formosa,
2405 5235 2542 5294 tiliae
2614 5231 3002 5300 Hierusalem,
3061 5231 3212 5289 sicut
3267 5226 3634 5288 tabernacula

1921 5330 2123 5400 Cedar,
2153 5329 2301 5386 sicut
2351 5326 2518 5400 pellis
2573 5321 2899 5384 Salomonis
2948 5323 3125 5394 (Cant.
3168 5322 3224 5392 ι).
3268 5341 3294 5371 »
3327 5318 3506 5377 Cedar
3541 5317 3630 5376 in-

1922 5423 2265 5492 terpretatur
2291 5415 2552 5471 tenebrw:
2586 5413 2629 5471 ii
2662 5416 2796 5470 sunt
2827 5409 3088 5468 inﬁdeles
3128 5408 3316 5466 lucem
3348 5406 3480 5464 fidei
3514 5421 3632 5464 non

1922 5509 2214 5568 habentes.
2250 5529 2270 5556 ι
2299 5505 2474 5578 Nigra
2512 5519 2663 5574 sum,
2698 5528 2722 5553 υ
2772 5501 2984 5578 inquit,
3018 5504 3245 5575 propter
3283 5498 3633 5572 persecutio-

1921 5599 2014 5659 nis
2049 5604 2277 5670 aestum,
2308 5602 2536 5672 pr0pter
2571 5596 2829 5667 adversa,
2863 5609 2997 5668 quae
3033 5592 3218 5669 patior
3245 5608 3277 5650 a
3306 5590 3444 5650 ﬁliis
3474 5598 3632 5650 teuc-
