4064 6208
432 289 538 351 895

1049 291 1106 352 S.
1151 291 1373 352 PETRI
1410 291 1735 352 DAMIANI
1772 291 1930 352 OPP.
1972 290 2163 355 PARS
2205 289 2348 350 SEU
2385 289 2638 353 TOMUS
2678 292 2754 352 II.
2799 325 2868 338 —
2907 292 3326 355 SERMONES.

3841 290 3947 351 896

423 415 678 476 brarum.
715 413 825 474 Sed
880 414 1226 473 intrinsecus
1263 414 1514 474 formosa
1553 431 1707 486 sum,
1743 415 1887 490 quia
1947 437 1968 466 ι
1997 418 2368 478 eon-Atotus
2399 413 2794 474 desiderabilis
2823 419 3004 485 (Cant.
3047 421 3129 486 v).
3163 439 3185 469 ι
3223 415 3474 475 Dilectus
3522 415 3814 474 candidus
3860 423 3943 473 est

425 505 648 580 cupivit
703 520 807 562 rex
846 503 1092 576 speciem
1132 519 1342 573 meam,
1383 513 1437 561 et
1474 506 1666 563 omnis
1701 505 1885 578 gloria
1917 521 2044 562 mea
2073 503 2145 562 ab

425 595 607 654 intus.
640 618 662 644 ι
705 593 977 652 Formosa
1006 607 1159 660 sum,
1191 593 1455 666 inquam,
1496 593 1642 652 sicut
1675 594 1865 667 pellis,
1901 595 2007 652 hoc
2036 601 2140 658 est,

432 681 578 742 sicut
617 681 1056 740 tabernaculum
1089 681 1435 740 Salomonis.
1476 681 1636 740 Sicut
1673 683 1826 740 enim
1874 683 2141 741 taberna-

433 770 634 829 culum
685 785 761 827 ex
814 777 1177 830 mortuorum
1223 771 1288 828 fit
1337 770 1588 844 pellibus
1636 771 2004 842 animalium,
2063 771 2141 828 ita

434 859 716 920 duntaxat
740 857 830 916 illi
860 865 996 917 sunt
1019 858 1412 918 habitaculum
1441 859 1564 931 Dei,
1598 860 1697 932 qui
1731 861 1963 918 Christo
1990 875 2147 922 com-

429 946 682 1016 mortui,
754 946 914 1005 vitiis
986 962 1216 1022 quoque
1280 948 1584 1020 carnisque
1660 948 2146 1022 concupiscentiis

431 1043 569 1096 sunt
614 1036 907 1098 exstincti.
947 1037 1064 1096 Nec
1110 1037 1269 1096 enim
1307 1039 1588 1112 potuisset
1620 1039 1746 1097 haec
1789 1040 1951 1112 virgo
1997 1039 2143 1097 mori

428 1141 536 1202 pro
576 1126 845 1199 Domino,
902 1127 1014 1188 nisi
1058 1134 1283 1186 mortua
1329 1127 1530 1186 fuisset
1583 1129 1854 1201 primitus
1899 1129 2142 1188 mundo.

335 1253 342 1261 -
435 1239 462 1270 α
493 1216 700 1286 Nolite,
732 1217 942 1292 inquit,
977 1233 1070 1276 me
1093 1217 1474 1290 considerare,
1503 1219 1657 1292 quod
1688 1219 1846 1277 fusca
1875 1219 1982 1276 sim
2007 1217 2146 1293 quia

434 1304 785 1364 decoloravit
811 1321 902 1364 me
927 1305 1010 1364 sol
1045 1308 1224 1375 (Cant.
1256 1311 1318 1375 1).
1354 1331 1380 1354 ι»

505 1393 550 1452 Ο
573 1394 713 1453 ﬁliae
741 1393 1126 1462 Hierusalem,
1157 1394 1218 1452 id
1246 1401 1349 1464 est,
1385 1410 1418 1452 o
1449 1394 1644 1453 fideles
1670 1395 1910 1467 animas,
1950 1395 2012 1453 in
2041 1394 2144 1453 illa

435 1487 552 1543 tam
591 1482 810 1541 ccelesti
851 1483 1030 1557 gloria
1062 1499 1162 1556 per
1191 1483 1543 1542 desiderium
1579 1485 1928 1555 constituta,
1971 1485 2150 1543 nolite

433 1586 528 1631 me
557 1571 938 1643 considerare,
967 1572 1121 1648 quod
1157 1573 1314 1630 fusca
1336 1573 1468 1644 sim,
1502 1572 1561 1630 id
1586 1580 1691 1644 est,
1727 1573 1909 1632 nolite
1941 1574 2148 1648 despe-

435 1675 585 1730 rare,
625 1658 714 1716 vel
754 1659 930 1719 nimis
971 1676 1370 1734 expavescere,
1419 1662 1572 1735 quod
1615 1678 1705 1719 me
1752 1662 2150 1722 tribulationes

2226 503 2574 577 virginitate,
2624 504 2988 564 rubicundus
3035 505 3098 564 in
3153 504 3438 578 passione.
3493 525 3520 556 ‹‹
3555 503 3726 561 Lavit
3778 505 3937 562 enim

2229 607 2333 649 nos
2379 608 2413 649 a
2450 593 2691 666 peccatis
2727 593 2937 651 nostris
2982 594 3044 651 in
3091 593 3378 666 sanguine
3421 608 3530 650 suo
3576 595 3774 665 (Apoc.
3810 602 3874 653 1).
3919 616 3943 646 ι

2229 680 2406 740 Totus
2450 688 2644 740 autem
2677 681 3076 740 desiderabilis
3107 689 3210 752 est,
3243 682 3387 754 quia
3421 681 3837 740 desiderabilis
3865 689 3949 739 est

2233 769 2293 827 in
2325 770 2606 842 singulari
2643 770 2963 842 nativitate,
2995 769 3052 828 in
3094 771 3325 828 vivifica
3360 777 3561 839 morte,
3598 771 3654 828 in
3696 770 3947 844 gloriosa

2231 860 2668 928 resurrectione,
2728 859 2789 916 in
2845 859 3178 934 triumphali
3229 859 3581 917 ascensione.
3639 859 3946 917 Desidera—

2228 950 2363 1008 bilis
2417 956 2521 1020 est,
2581 949 2721 1007 dum
2777 949 3054 1023 loquitur,
3109 949 3250 1006 dum
3308 948 3592 1005 mirabilia
3649 956 3942 1022 operatur.

2229 1039 2297 1096 Et
2335 1055 2368 1097 ο
2409 1054 2579 1112 quam
2630 1039 2974 1112 praeclarum
3025 1055 3089 1096 ac
3143 1038 3312 1096 dulce
3364 1039 3777 1095 commercium
3843 1037 3942 1095 ubi

2228 1133 2430 1188 mutua
2482 1128 2734 1187 invicem
2794 1127 3202 1201 prmdicatione
3252 1126 3524 1184 laudatur
3577 1127 3838 1199 Sponsus
3881 1135 3934 1183 et

2228 1233 2456 1292 sponsa,
2516 1214 2747 1274 Creator
2827 1223 2879 1274 et
2947 1215 3241 1274 creatura!
3300 1214 3393 1272 Sic
3446 1214 3723 1288 impletur
3783 1215 3936 1287 quod

2229 1322 2329 1380 per
2375 1304 2737 1364 Psalmistam
2787 1304 2999 1363 dicitur
3051 1329 3062 1362 :
3125 1302 3517 1361 «Jucundum
3577 1303 3652 1360 sit
3716 1303 3772 1359 ci
3829 1303 3938 1360 elo-

2230 1395 2435 1471 quium
2489 1409 2688 1453 meum
2725 1440 2739 1463 ,
2797 1410 2902 1465 ego
2967 1407 3101 1451 vero
3169 1392 3490 1450 delectabor
3542 1392 3602 1449 in
3692 1392 3937 1450 Domino

2229 1489 2399 1556 (Psal.
2433 1487 2573 1552 CIII).
2606 1509 2630 1531 ι»

2304 1572 2372 1630 Et
2400 1587 2601 1630 revera
2635 1572 2754 1629 haec
2795 1577 2879 1630 est
2913 1571 3012 1628 illa
3043 1571 3284 1630 humani
3315 1570 3543 1642 generis
3574 1586 3726 1644 pars,
3762 1570 3938 1642 virgi-

2233 1664 2383 1722 nalis
2420 1663 2638 1721 scilicet
2670 1665 2904 1734 chorus,
2945 1663 3005 1720 in
3050 1679 3162 1737 qua
3214 1662 3366 1721 Deus
3406 1663 3774 1736 omnipotens
3817 1675 3946 1732 pro-

433 1747 791 1842 opprimunt,
842 1748 995 1842 quod
1052 1749 1478 1842 persecutiones
1530 1750 1813 1816 adiciunt,
1875 1751 2028 1825 quod
2087 1752 2471 1842 ianensius
2501 1768 2566 1810 ac
2595 1751 2900 1824 specialius
2927 1752 3262 1810 delectatur.
3297 1751 3442 1808 Nam
3485 1757 3605 1808 esto
3647 1757 3713 1807 ut
3742 1764 3942 1807 omnes

435 1837 547 1896 hoc
627 1836 973 1910 tempestatis
1051 1837 1549 1914 procellarumque
1617 1841 1922 1912 naufragio
1989 1842 2150 1900 intu-

432 1931 753 1986 mescentes
801 1941 892 1986 me
938 1925 1150 1984 ﬂuctus
1189 1925 1446 1996 illidunt,
1491 1927 1631 2001 quia
1676 1927 2028 1986 decoloravit
2064 1945 2158 1986 me

437 2015 548 2088 sol,
601 2015 879 2090 quoniam
925 2029 1100 2089 super
1145 2030 1238 2072 me
1285 2017 1701 2089 persecutionis
1743 2023 1920 2076 {estus
1958 2018 2156 2075 incan-

437 2105 593 2175 duit,
620 2106 1002 2178 dccoremque
1035 2120 1177 2163 meae
1223 2107 1548 2164 venustatis
1589 2123 1653 2164 ac
1696 2107 2158 2181 pulchritudinis

442 2193 760 2252 oﬂ'uscavit.
786 2195 870 2252 Ac
895 2194 943 2251 si
959 2194 1109 2254 dicat
1140 2214 1151 2252 :
1188 2194 1375 2253 Nolite
1404 2201 1518 2254 tam
1553 2211 1638 2268 ea,
1675 2195 1893 2270 quibus
1923 2196 2148 2254 extrin-

441 2299 605 2344 secus
645 2283 892 2359 aﬂ'ligor,
927 2285 1239 2353 attendere,
1273 2301 1451 2360 quam
1481 2295 1819 2346 vernantem
1852 2287 2149 2346 interioris

442 2373 760 2433 venustatis
785 2375 1029 2448 speciem
1058 2374 1322 2449 cogitare.
1353 2375 1491 2434 Tale
1523 2383 1609 2433 est
1634 2382 1692 2434 et
1723 2376 1880 2448 quod
1912 2379 2152 2450 Aposto-

444 2462 536 2526 lus
579 2464 718 2522 dicit
751 2482 763 2522 :
802 2486 829 2513 α
862 2462 1049 2522 Nolite
1093 2463 1337 2522 deiicere
1373 2465 1432 2521 in
1492 2464 1966 2524 tribulationibus
2007 2465 2151 2523 meis

444 2568 548 2628 pro
591 2552 778 2623 vobis,
827 2566 964 2626 quae
1005 2557 1098 2608 est
1136 2550 1321 2622 gloria
1356 2558 1543 2610 vestra
1593 2556 1812 2624 (Ephes.
1867 2557 1984 2624 In);
2040 2568 2152 2611 non

446 2642 605 2702 enim
661 2641 964 2712 condigna:
1011 2646 1149 2699 sunt
1195 2640 1490 2714 passiones
1541 2642 1715 2714 hujus
1759 2643 2033 2715 temporis
2083 2641 2154 2700 ad

446 2730 709 2788 futuram
750 2728 1012 2800 gloriam,
1073 2743 1204 2801 qua
1251 2728 1602 2786 revelabitur
1650 2729 1710 2786 in
1766 2729 1930 2787 nobis
1979 2735 2152 2797 (Rom.

446 2825 594 2882 VIII).
629 2839 652 2869 ι
682 2816 846 2888 Hanc
871 2822 1064 2874 autem
1094 2815 1426 2874 interiorem
1458 2817 1961 2890 pulchritudinem
1995 2824 2160 2876 exte-

2236 1861 2270 1902 a
2300 1842 2546 1902 Domino
2572 1842 2840 1916 discipuli
2865 1842 3204 1915 diligantur,
3228 1841 3378 1899 sicut
3401 1857 3435 1898 a
3460 1841 3624 1899 Patre
3656 1838 3942 1906 diligitur,

2237 1932 2361 2004 ipso
2408 1930 2765 2005 perhibente,
2822 1930 2946 1986 ait:
2991 1953 3010 1980 ει
3047 1928 3208 1988 Sicut
3252 1928 3459 1986 dilexit
3505 1944 3593 1985 mc
3645 1927 3832 1993 Pater,
3894 1933 3946 1981 et

2239 2036 2342 2093 ego
2371 2020 2551 2080 dilexi
2595 2035 2695 2077 vos
2729 2022 2904 2088 (Joan.
2940 2023 3068 2086 xv).
3108 2041 3128 2069 ι
3164 2017 3298 2074 Esto
3335 2016 3484 2088 quod
3524 2016 3726 2073 Petrus
3755 2013 3941 2070 claves

2239 2109 2517 2181 acceperit
2556 2108 2717 2180 regni
2748 2108 3048 2165 caelorum.
3085 2105 3224 2162 Esto
3254 2105 3404 2178 quod
3446 2106 3501 2161 in
3549 2103 3712 2162 cretis
3739 2118 3805 2160 ac
3835 2109 3944 2158 ter-

2233 2195 2311 2252 ris
2386 2193 2602 2268 ligandi
2657 2193 3039 2265 solvendique
3106 2193 3341 2250 sortitus
3412 2193 3485 2249 sit
3554 2190 3935 2264 principatum

2231 2289 2450 2358 (Matth.
2496 2287 2642 2356 XVI),
2685 2292 3084 2342 verumtamen
3123 2284 3395 2348 Joannes,
3449 2282 3727 2355 quoniam
3787 2280 3942 2351 virgo

2233 2383 2336 2447 est,
2375 2377 2496 2448 ipse
2533 2380 2618 2432 est
2653 2373 2978 2446 discipulus
3013 2388 3188 2447 quem
3239 2372 3511 2446 diligebat
3553 2372 3725 2430 Jesus
3769 2373 3940 2436 (Joan.

2239 2470 2387 2531 x111).
2420 2462 2572 2520 Hinc
2597 2469 2679 2519 est
2709 2468 2762 2519 et
2803 2461 2956 2533 quod
2987 2461 3048 2518 in
3089 2459 3435 2534 Apocalypsi
3475 2459 3731 2518 Joannes
3771 2455 3939 2514 dicit:

2242 2578 2262 2606 ι
2300 2552 2447 2623 Quia
2477 2567 2646 2610 nemo
2693 2557 2908 2623 poterat
2943 2551 3132 2608 dicere
3173 2550 3490 2615 canticum,
3522 2548 3635 2605 nisi
3675 2547 3776 2605 illa
3815 2560 3942 2603 cen-

2241 2649 2363 2701 tum
2411 2641 2792 2717 quadraginta
2827 2650 3078 2715 quatuor
3126 2642 3329 2712 millia,
3361 2643 3463 2714 qui
3511 2642 3690 2712 empti
3722 2645 3859 2696 sunt
3885 2637 3950 2693 de

2241 2738 2429 2798 terra;
2465 2729 2525 2788 hi
2560 2737 2695 2789 sunt
2721 2730 2980 2804 quicum
3005 2729 3352 2789 mulieribus
3379 2746 3492 2788 non
3520 2735 3658 2787 sunt
3691 2727 3954 2798 coinqui-

2244 2817 2386 2886 nati,
2421 2817 2674 2891 virgines
2707 2819 2863 2876 enim
2895 2825 3051 2890 sunt,
3086 2819 3146 2876 hi
3179 2824 3507 2892 sequuntur
3537 2819 3778 2889 Agnum
3806 2829 3951 2888 quo-

433 2904 776 2977 ‘rioremque
844 2901 1205 2975 nigredinem
1265 2902 1520 2961 breviter
1573 2903 1856 2962 Jeremias
1899 2921 2160 2981 compre-
2232 2909 2472 2980 cunque
2521 2907 2653 2965 ierit
2697 2909 2890 2980 (Apoc.
2937 2909 3087 2978 XIV).
3127 2931 3152 2957 »ι
3210 2907 3321 2966 Sed
3368 2909 3524 2966 hunc
3584 2906 3846 2978 Agnum,
3892 2912 3948 2961 ut

451 2991 674 3063 hendit,
721 2991 917 3050 dicens
963 3015 975 3050 :
1026 3012 1053 3044 «
1095 2990 1475 3050 Candidiores
1525 2991 1782 3052 Nazaraai
1830 2992 1956 3066 ejus
2004 2995 2156 3070 nive,

450 3081 751 3144 nitidiores
792 3079 954 3152 lacte,
1000 3079 1444 3140 rubicundiores
1495 3082 1668 3141 ebore
1716 3082 1975 3157 antiquo,
2034 3099 2160 3156 sap-

452 3169 620 3244 pbiro
672 3142 1032 3244 pulchriores
1083 3173 1302 3241 (Thren.
1361 3176 1464 3240 1V).
1496 3195 1516 3223 ι
1568 3171 1714 3230 Ecce
1766 3142 2159 3244 pulchritudo,
2189 3142 2234 3204 θ

452 3260 549 3319 sed
588 3259 726 3322 audi
768 3257 1160 3332 nigredinem;
1195 3275 1332 3318 nam
1373 3259 1528 3318 illico
1574 3261 1883 3336 sequitur:
1929 3285 1950 3314 ι
1985 3261 2160 3320 Deni-

449 3354 610 3422 grata
646 3352 734 3406 est
772 3363 946 3422 super
981 3349 1261 3407 carbones
1306 3349 1480 3408 facies
1524 3365 1750 3422 eorum,
1779 3359 1834 3410 et
1878 3367 1994 3411 non
2027 3359 2164 3410 sunt

449 3437 666 3511 cogniti
717 3438 779 3496 in
841 3436 1067 3512 plateis.
1127 3437 1386 3498 Adhaesit
1445 3441 1593 3498 cutis
1650 3455 1849 3498 eorum
1908 3440 2161 3513 ossibus,

448 3529 618 3598 aruit,
649 3533 705 3588 et
732 3529 878 3587 facta
909 3535 993 3587 est
1035 3530 1201 3603 quasi
1231 3529 1460 3603 lignum
1491 3532 1702 3600 (Ibid).
1749 3555 1770 3583 ι
1808 3529 1918 3589 Sed
1959 3530 2166 3604 aspici-

452 3638 584 3682 mus
618 3622 965 3681 exteriorem
1011 3621 1398 3694 nigredinem,
1457 3621 1674 3696 aperiat
1723 3623 1845 3696 ipsa
1899 3623 2056 3680 unde
2092 3622 2165 3678 sit

449 3709 690 3770 interior
735 3710 1104 3784 pulchritudo
1147 3733 1160 3768 :
1215 3735 1242 3758 «
1277 3710 1480 3770 Indica
1530 3710 1700 3781 mibi,
1740 3710 1951 3783 inquit,
1988 3724 2163 3782 quem

450 3796 643 3871 diligit
662 3798 860 3862 anima
889 3814 1036 3870 mea,
1068 3799 1169 3858 ubi
1202 3815 1422 3874 pascas,
1453 3799 1555 3858 ubi
1581 3800 1788 3870 cubes,
1819 3800 1878 3858 in
1925 3798 2166 3857 meridie

457 3890 635 3956 (Cant.
682 3891 746 3958 1).
774 3912 801 3936 »ι
852 3888 934 3946 Ac
973 3887 1022 3946 si
1070 3886 1221 3946 dicat
1267 3907 1280 3945 :
1331 3888 1375 3947 Ο
1424 3887 1643 3962 Sponse
1678 3889 1949 3958 caelestis,
1993 3903 2167 3960 quem

452 3977 650 4036 anima
684 3991 812 4034 mea
854 3975 1315 4036 inenarrabiliter
1361 3977 1572 4051 diligit,
1613 3976 1673 4034 in
1721 3992 1836 4051 quo
1876 3993 1978 4050 per
2023 3977 2170 4036 desi-

457 4066 686 4126 derium
718 4066 935 4140 jugiter
956 4066 1289 4139 requiescit,
1335 4081 1510 4140 quem
1558 4066 1717 4126 ulnis
1759 4066 1982 4126 intimae
2028 4067 2168 4125 dile-

455 4153 665 4213 ctionis
704 4153 1093 4226 amplectitur,
1129 4153 1186 4210 in
1224 4168 1343 4226 quo
1384 4154 1515 4212 totis
1558 4154 1877 4214 visceribus
1926 4154 2166 4212 delecta-

459 4251 571 4313 tur,
616 4243 708 4300 dic
755 4242 902 4302 mihi
950 4242 1052 4300 ubi
1101 4259 1321 4317 pascas,
1382 4245 1490 4302 hoc
1536 4251 1641 4314 est,
1707 4253 1767 4305 tu
1818 4246 1918 4320 qui
1973 4254 2165 4319 pastor

459 4333 647 4392 bonus
699 4345 780 4402 es,
830 4329 928 4388 ubi
965 4345 1102 4389 oves
1145 4337 1271 4390 tuas
1319 4348 1550 4406 pascere
1588 4333 1782 4404 facias,
1829 4334 1952 4408 ipse
1990 4336 2163 4395 etiam

456 4419 560 4480 ubi
613 4418 810 4490 cubes,
851 4417 906 4475 id
951 4423 1059 4490 est,
1093 4418 1196 4478 ubi
1239 4419 1563 4494 requiescas
1600 4421 1659 4478 in
1706 4426 1852 4480 aestu
1895 4438 2162 4495 persecu-

2246 2993 2447 3052 multaa
2474 2996 2700 3053 valeant
2726 2995 3000 3069 virgines,
3031 3011 3151 3070 qua
3177 2995 3456 3069 graditur,
3489 2992 3678 3067 sequi,
3712 2993 3836 3066 ipse
3861 2990 3952 3048 dat

2246 3082 2306 3139 in
2355 3083 2637 3140 servanda
2688 3083 3021 3157 virginitate
3070 3084 3472 3155 constantiam,
3515 3081 3579 3139 in
3627 3078 3953 3154 superanda

2249 3173 2558 3229 tentatione
2606 3173 2926 3242 victoriam,
2979 3174 3040 3232 in
3095 3175 3323 3248 praemii
3365 3171 3748 3230 retributione
3794 3182 3954 3226 coro-

2246 3277 2403 3320 nam.
2457 3261 2585 3336 Ipse
2634 3262 2775 3322 dicit
2829 3284 2841 3323 :
2903 3290 2923 3318 u
2989 3266 3110 3340 Ego
3168 3283 3298 3325 sum
3352 3264 3545 3324 lilium
3597 3260 3954 3320 convallium

2247 3354 2422 3424 (Cant.
2453 3358 2532 3421 Il).
2573 3374 2598 3405 ι)
2636 3353 2856 3412 Lilium
2888 3353 3054 3426 plane
3096 3363 3325 3428 propter
3367 3354 3606 3412 niveum
3650 3350 3956 3408 candorem

2246 3441 2652 3500 mundissimae
2708 3442 3000 3500 castitatis.
3056 3442 3275 3502 Lilium
3325 3457 3440 3501 non
3484 3441 3794 3505 montium,
3855 3437 3956 3495 sed

2245 3532 2620 3602 convallium,
2658 3534 2793 3606 quia
2841 3534 2963 3607 pias
3000 3534 3160 3608 eligit
3200 3541 3419 3592 mentes
3463 3528 3804 3596 humilium,
3838 3541 3958 3583 non

2247 3620 2512 3694 SCOplllOS
2541 3621 2825 3680 inhabitat
2853 3623 3261 3698 superborum.
3454 3681 3464 3685 -

2318 3709 2491 3768 Hunc
2518 3713 2774 3784 Agnum,
2797 3711 3180 3778 dilectissimi,
3211 3725 3527 3785 sequamur
3549 3708 3607 3765 in
3634 3706 3750 3774 via,
3778 3718 3956 3776 quam

2251 3795 2310 3855 in
2347 3798 2450 3854 hac
2501 3798 2610 3856 vita
2642 3801 2860 3872 positus
2896 3801 3100 3869 tenuit,
3143 3807 3207 3858 ut
3245 3807 3298 3857 et
3340 3798 3502 3871 sequi
3537 3807 3861 3853 mereamur
3891 3791 3956 3847 in

2251 3884 2449 3959 gloria,
2487 3887 2555 3943 ad
2589 3901 2766 3962 quam
2808 3887 3030 3945 devicta
3075 3893 3255 3945 morte
3287 3883 3620 3944 conscendit
3675 3879 3959 3940 Conside-

2250 3989 2444 4032 remus
2475 3973 2779 4047 diligenter
2808 3975 2907 4034 ubi
2938 3975 3056 4033 sint
3081 3976 3210 4049 ejus
3246 3975 3524 4048 impressa
3556 3968 3815 4042 vestigia,
3850 3981 3957 4024 nec

2249 4065 2608 4124 declinemus
2640 4083 2674 4124 a
2709 4067 2910 4126 semita
2949 4065 3283 4139 gradientis,
3318 4065 3368 4122 si
3410 4061 3683 4121 volumus
3717 4071 3958 4115 consor-

2251 4161 2334 4212 tes
2367 4170 2490 4212 esse
2519 4155 2832 4228 regnantis.
2871 4155 3004 4213 Dux
3035 4152 3256 4212 itineris
3301 4151 3478 4210 nostri
3517 4148 3705 4206 crucis
3733 4143 3959 4203 exstitit

2245 4241 2496 4315 hajulus,
2521 4243 2652 4300 felle
2680 4242 2902 4302 cibatus
2928 4252 3032 4302 est.
3068 4243 3176 4312 Qui
3205 4257 3340 4314 ergo
3370 4239 3534 4296 ducis
3563 4236 3741 4309 hujus
3762 4231 3958 4290 vexil-

2245 4329 2368 4389 lum
2406 4332 2570 4406 sequi
2615 4331 2918 4402 desiderat,
2949 4331 3194 4390 carnalis
3235 4326 3560 4387 dulcedinis
3608 4323 3779 4381 mella
3815 4336 3956 4379 eon-

2248 4426 2478 4479 temnat.
2527 4442 2553 4473 «
2588 4421 2712 4479 Non
2752 4421 2930 4491 enim,
2956 4420 3127 4494 juxta
3163 4419 3327 4478 Pauli
3382 4429 3602 4483 vocem,
3645 4423 3960 4486 possumus

456 4508 631 4568 tionis
678 4514 735 4567 et
791 4507 1013 4566 fervore
1071 4510 1403 4569 temtationis
1462 4517 1710 4582 nostrae;
1766 4511 1870 4569 ubi
1926 4512 2160 4582 scilicet,
2181 4499 2342 4567 Dhic
2367 4509 2614 4582 gaudere
2639 4509 2708 4568 de
2738 4509 2968 4579 saeculo,
3002 4515 3058 4566 et
3076 4508 3195 4565 illic
3223 4520 3461 4580 regnare
3485 4518 3616 4562 cum
3648 4499 3895 4559 Christo.
3927 4521 3952 4546 ιν

456 4597 570 4656 nisi
627 4595 689 4655 in
738 4595 832 4653 his
878 4595 980 4669 qui
1032 4596 1247 4656 furenti
1310 4599 1563 4660 vesaniae
1617 4598 1817 4657 cedere
1875 4599 2161 4670 nesciunt,

453 4695 511 4746 et
555 4685 860 4746 crassantis
907 4685 1144 4751 malitiae
1189 4689 1493 4748 conatibus
1529 4687 1815 4747 enerviter
1866 4703 1979 4747 non
2029 4704 2161 4749 suc-

454 4777 764 4841 cumbunt.

529 4867 662 4930 Inde
711 4883 847 4942 ergo
894 4867 1201 4928 formosam
1265 4883 1326 4926 se
1362 4882 1571 4941 sponsa
1603 4867 1712 4926 ista
1749 4867 1991 4939 dicebat,
2029 4869 2165 4942 quia

456 4954 556 5015 ille
585 4956 647 5014 in
685 4955 810 5030 ipso
841 4955 1256 5030 persecutionis
1287 4954 1528 5015 articulo
1558 4955 1619 5014 in
1649 4971 1717 5013 ea
1754 4955 2166 5015 delectabiliter

458 5047 807 5123 quiescebat,
841 5045 947 5119 qui
993 5044 1296 5104 serenitate
1343 5043 1542 5102 vultus
1573 5044 1664 5102 sui
1701 5053 1910 5104 cuncta
1946 5046 2165 5104 clarifi-

456 5142 565 5195 cat.
612 5134 778 5194 Unde
813 5139 869 5191 et
908 5148 1154 5206 sponsus
1191 5133 1262 5191 ad
1301 5146 1429 5190 eam
1462 5150 1474 5188 :
1531 5152 1559 5186 «
1595 5132 1753 5203 Tota,
1785 5133 2001 5210 inquit,
2048 5134 2169 5208 pul-

456 5223 594 5282 chra
633 5238 717 5293 es,
763 5223 947 5281 amica
986 5237 1132 5294 mea,
1166 5230 1220 5278 et
1255 5220 1476 5279 macula
1515 5235 1630 5280 non
1668 5227 1752 5278 est
1797 5221 1859 5279 in
1905 5231 1955 5280 te
1989 5225 2162 5296 (Cant.

458 5313 560 5384 IV).
594 5334 620 5365 »
663 5312 805 5372 Tota
846 5311 1084 5384 pulchra
1123 5309 1475 5368 intrinsecus
1515 5315 1569 5365 et
1611 5309 1993 5380 extrinsecus,
2029 5310 2166 5369 foris

458 5399 517 5459 in
559 5401 905 5474 perfectione
951 5399 1086 5458 clari
1121 5399 1334 5472 operis,
1376 5397 1728 5458 intrinsecus
1775 5399 1834 5456 in
1880 5399 2166 5457 munditia

461 5488 787 5562 purissimae
834 5488 1216 5564 cogitationis.
1265 5487 1402 5544 371
1447 5489 1517 5546 Et
1567 5489 1666 5548 illa
1717 5490 1855 5565 quid
1913 5487 2168 5565 sponso?

460 5599 487 5634 (1
517 5576 766 5638 Dilectus
794 5592 980 5651 meus,
1015 5577 1230 5652 inquit,
1261 5575 1568 5648 candidus,
1603 5583 1658 5635 et
1700 5578 2080 5651 rubicundus,
2113 5587 2170 5638 et

2250 4599 2401 4658 Hinc
2441 4609 2541 4667 est,
2581 4599 2734 4673 quod
2780 4616 2879 4674 per
2919 4598 3255 4657 mandatum
3305 4595 3465 4669 legis,
3511 4607 3684 4651 omne
3734 4588 3956 4648 sacrifi-

2247 4688 2406 4748 cium
2437 4689 2555 4746 sale
2582 4689 2998 4762 conspergitur,
3036 4686 3144 4744 mel
3183 4691 3398 4755 autem,
3436 4682 3558 4739 sive
3604 4680 3956 4737 fermentum

2245 4777 2462 4837 adoleri
2506 4779 2568 4835 in
2605 4777 2883 4836 sacrilicio
2925 4776 3192 4835 funditus
3240 4771 3604 4849 prohibetur.
3648 4764 3818 4826 Unde
3843 4763 3962 4822 Do-

2249 4868 2442 4925 minus
2467 4866 2539 4925 ad
2567 4865 2802 4939 Moysen
2837 4868 2894 4924 in
2918 4866 3170 4927 Levitico
3204 4883 3216 4921 :
3249 4885 3278 4918 α
3305 4860 3529 4930 Omnis,
3559 4856 3775 4933 inquit,
3798 4853 3962 4914 obla-

2251 4957 2346 5024 tio,
2376 4971 2510 5028 quas
2550 4955 2790 5013 offertur
2821 4955 3087 5026 Domino,
3120 4952 3341 5026 absque
3383 4951 3666 5007 fermento
3702 4945 3826 5012 fiet,
3861 4956 3962 5000 nec

2249 5046 2565 5121 quidquam
2600 5045 2866 5104 fermeuti
2899 5061 2964 5102 ac
2995 5046 3183 5102 mellis
3228 5041 3550 5100 adolebitur
3581 5039 3643 5096 in
3672 5033 3964 5094 sacriﬁcio

2250 5135 2482 5193 Domini
2514 5138 2701 5208 (Leuit.
2751 5136 2825 5207 11),
2864 5155 2890 5186 1)
2939 5133 3218 5209 Quisquis
3259 5131 3420 5190 enim
3466 5127 3558 5187 vel
3603 5125 3874 5198 rapinam
3909 5121 3959 5178 in

2249 5241 2393 5298 opus
2410 5225 2633 5298 pietatis
2649 5226 2724 5282 im
2735 5224 3000 5298 pendere,
3023 5222 3111 5280 vel
3131 5237 3298 5279 vana:
3318 5217 3521 5293 gloriae
3545 5229 3720 5273 causa
3741 5212 3957 5304 bonum

2255 5315 2481 5373 videtur
2524 5314 2745 5388 aliquid
2789 5328 3078 5382 exercere,
3128 5311 3222 5369 hic
3266 5325 3381 5366 non
3418 5318 3682 5380 azymam
3724 5301 3959 5359 sinceri-

2254 5407 2383 5463 tatis
2426 5414 2478 5462 et
2532 5403 2807 5472 veritatis,
2841 5402 2938 5461 sed
2978 5404 3326 5460 fermentum
3376 5393 3616 5454 malitiae
3649 5396 3830 5465 atque
3865 5401 3960 5444 ne-

2251 5494 2453 5570 quitiae
2507 5496 2548 5563 {I
2603 5495 2720 5550 Cor.
2784 5493 2839 5562 v)
2895 5497 3134 5550 conatur
3193 5488 3417 5546 offerre.
3479 5481 3670 5570 Mellis
3711 5487 3959 5570 quoque

2252 5567 2596 5640 sacrificium
2658 5577 2939 5640 Dominus
2998 5593 3108 5636 non
3165 5573 3458 5650 approbat,
3513 5569 3649 5644 quia
3709 5567 3960 5626 luxuriae
