4064 6208
154 253 276 313 897

1695 246 1943 307 SERMO
1984 246 2185 306 LXIX.

3583 248 3693 309 898

163 379 542 451 voluptatem
569 391 918 450 omnemque
937 378 1186 436 carnalis
1211 378 1499 436 illecebrae
1523 375 1952 436 dulcedinemA
2048 373 2116 430 In
2170 376 2277 431 hac
2319 373 2651 445 congeritur
2683 374 2988 449 multiplex
3037 377 3281 437 varietas
3314 386 3691 438 sacramento-

164 468 435 526 damnat.
475 466 569 526 Sal
603 473 801 526 autem
828 468 1104 525 omnibus
1140 469 1472 540 praecipitur
1499 465 1894 526 oblationibus

164 557 462 624 adhiberi,
519 551 666 610 372
722 563 786 612 ut
841 555 1122 628 quidquid
1204 557 1452 615 Domino
1510 571 1680 628 super
1733 570 1893 611 aram

167 648 368 706 devoti
399 646 590 704 cordis
623 645 977 715 oll'errimus,
1012 647 1250 705 rationis
1283 662 1506 718 semper
1526 653 1697 719 atque
1733 643 1896 700 intel-

173 733 439 806 ligentiae
495 746 698 805 sapore
769 733 1003 789 condire
1075 732 1432 790 studeamus.
1493 733 1590 788 Ait
1667 731 1826 788 enim
1878 743 1890 782 ε

176 846 200 874 ι
234 821 535 895 Quidquid
566 820 850 878 obtuleris
882 821 1170 891 sacriﬁcii,
1207 823 1325 878 sale
1357 821 1610 891 condies,
1651 836 1756 878 nec
1791 836 1897 879 au-

173 916 332 973 feres
363 913 446 970 sal
472 912 705 970 ftederis
744 911 845 969 Dei
876 912 958 970 tui
989 912 1059 969 de
1092 912 1372 970 sacrilicio
1405 919 1519 970 tuo.
1551 937 1576 959 »

253 1003 325 1060 Et
366 1007 431 1060 ut
469 1001 626 1074 quod
670 1001 896 1058 dicebat
931 999 1108 1058 altius
1151 1001 1485 1064 inculcaret,
1521 1006 1575 1057 et
1614 1014 1688 1057 ne
1736 1013 1898 1056 mens

177 1097 379 1150 nostra
425 1089 685 1148 fortassis
729 1088 1045 1162 aliquando
1085 1088 1310 1147 insulsa
1360 1088 1664 1161 desiperet,
1711 1088 1902 1145 adhuc

179 1181 576 1254 ingeminans,
607 1178 746 1236 dicit
783 1198 794 1235 ε
857 1202 884 1229 α
915 1177 980 1235 In
1015 1179 1176 1236 omni
1219 1177 1508 1236 oblatione
1557 1184 1658 1234 tua
1699 1175 1902 1235 offeres

182 1271 270 1328 sal
306 1272 435 1342 (Col.
477 1270 578 1337 1v).
613 1289 642 1321 »
686 1268 806 1326 Hoc
845 1269 1011 1341 plane
1048 1268 1200 1326 istud
1241 1275 1326 1326 est
1361 1267 1462 1336 sal,
1499 1268 1569 1325 de
1599 1281 1714 1342 quo
1745 1268 1899 1340 Apo-

185 1360 370 1418 stolus
395 1359 475 1417 ait
505 1379 517 1415 :
555 1384 579 1406 «
614 1359 678 1416 In
721 1358 1002 1432 sapientia
1030 1358 1326 1416 ambulate
1351 1359 1421 1417 ad
1453 1374 1575 1428 eos,
1615 1357 1718 1430 qui
1764 1356 1903 1414 foris

188 1459 346 1520 sunt,
396 1456 620 1521 tempus
666 1449 1031 1506 redimentes.
1086 1448 1287 1507 Sermo
1339 1455 1528 1504 vester
1574 1461 1799 1520 semper
1839 1445 1900 1502 iu

189 1537 374 1610 gratia
400 1536 518 1595 sale
550 1536 622 1594 sit
665 1535 950 1607 conditus,
983 1544 1047 1594 ut
1083 1536 1295 1602 sciatis,
1327 1535 1616 1609 quomodo
1653 1539 1906 1607 Oporteat

193 1641 297 1685 vos
355 1627 676 1701 unicuique
727 1626 1068 1699 respondere
1108 1627 1319 1693 (Ibid).
1358 1647 1384 1676 »
1433 1625 1512 1682 De
1554 1626 1659 1681 hoc
1701 1625 1818 1680 sale
1851 1627 1906 1680 et

1977 460 2132 530 rum,
2173 471 2228 519 et
2268 462 2596 534 contegitur
2646 463 2961 537 antiquitas
3009 465 3536 526 misericordiarum
3585 464 3691 526 Do-

1978 555 2125 612 mini
2169 553 2271 611 Dei
2306 555 2504 612 nostri.
2541 555 2610 612 Et
2663 562 2725 613 ut
2756 555 3006 617 breviter
3044 553 3189 611 3'73
3231 555 3689 628 intelligentiolaa

1978 650 2189 700 nostra}
2216 644 2585 715 propelemus
2611 641 2964 717 indaginem,
2993 644 3300 704 duodecim
3333 651 3689 703 sacramenta

1979 738 2113 790 sunt
2138 732 2196 788 in
2230 731 2502 801 Ecclesia,
2528 748 2660 804 quae
2683 734 2866 792 unius
2893 733 3024 794 ﬁdei
3042 734 3223 807 pietas
3247 733 3516 806 contegit,
3543 734 3695 794 circa

1979 835 2230 895 quorum
2267 820 2610 877 instantiam
2658 821 2970 881 reﬂectitur
3005 821 3348 880 Christianae
3389 821 3688 894 religionis

1980 910 2310 970 auctoritas.

2053 999 2317 1057 Primum
2354 1005 2442 1056 est
2485 999 2847 1073 baptismatis
2882 1011 3305 1062 sacramentum
3350 1003 3493 1072 (vide
3534 1003 3700 1060 Scho-

1985 1091 2064 1145 lia
2109 1090 2183 1144 ad
2231 1091 2428 1144 calcem
2471 1092 2772 1159 sermonis).
2815 1091 2939 1149 Hoc
2983 1091 3291 1165 pretiosius
3343 1099 3426 1150 est
3475 1091 3702 1150 cunctis

1982 1180 2207 1253 opibus,
2243 1188 2299 1237 et
2326 1181 2546 1252 omnia,
2576 1195 2709 1252 quas
2739 1179 3161 1252 desiderantur,
3194 1182 3335 1240 huic
3356 1198 3472 1241 non
3503 1181 3700 1240 valent

1984 1270 2319 1342 comparari.
2365 1268 2506 1338 Quis
2547 1268 2706 1327 enim
2745 1270 3091 1343 cogitatione
3152 1271 3360 1341 cordis,
3400 1271 3489 1329 vel
3529 1271 3699 1330 volu-

1984 1360 2205 1418 bilitate
2248 1361 2534 1419 sermonis
2583 1361 2844 1433 impleat,
2891 1367 3111 1434 quanta
3148 1362 3263 1420 sint
3305 1361 3366 1419 in
3411 1375 3700 1436 aquarum

1986 1447 2309 1506 substantia
2361 1454 2719 1508 sacramenta
2765 1447 3104 1523 completa?
3147 1448 3478 1522 Antequam
3520 1463 3697 1507 mun-

1987 1537 2099 1594 dus
2125 1535 2510 1609 parturiretur
2533 1543 2587 1594 et
2617 1551 2692 1595 ex
2722 1537 2959 1596 informi
2989 1538 3229 1595 materia
3251 1537 3699 1596 multiformium

1988 1621 2309 1695 specierum
2362 1622 2668 1681 diversitas
2718 1625 3000 1694 exsiliret,
3037 1623 3288 1698 Spiritus
3337 1624 3441 1683 Dei
3485 1623 3545 1681 in
3595 1639 3701 1682 au-

194 1716 479 1775 Dominus
506 1717 622 1774 ait:
665 1742 691 1765 «
727 1714 787 1774 Si
813 1715 895 1772 sal
921 1715 1271 1772 iufatuatum
1303 1713 1498 1781 fuerit,
1529 1713 1588 1770 in
1620 1728 1735 1786 quo
1765 1712 2131 1793 con-Bring
2189 1713 2425 1771 modum
2484 1715 2778 1772 ferebatur
2839 1730 3014 1788 super
3092 1731 3272 1790 aquas
3327 1716 3478 1783 (Gen.
3536 1715 3595 1787 1),
3643 1720 3700 1771 et

141 1859 149 1864 .
191 1807 429 1866 dietur?
467 1831 489 1858 ι
519 1809 736 1877 (Matth.
767 1807 850 1877 v.)
884 1806 1009 1864 Non
1037 1821 1172 1879 ergo
1203 1804 1286 1862 sal
1316 1805 1503 1862 simus
1529 1803 1902 1872 infatuatum,

194 1915 288 1969 ne,
317 1899 472 1972 quod
499 1898 670 1969 absit,
701 1912 836 1955 cum
879 1897 1051 1954 fatuis
1085 1896 1414 1969 virginibus
1443 1895 1761 1954 adveniens
1787 1911 1903 1952 coa-

197 1991 354 2048 lestis
398 1989 496 2047 ille
543 2003 648 2046 nos
704 1987 962 2061 Sponsus
1003 1987 1280 2057 inveniat,
1333 1995 1391 2045 et
1429 1987 1798 2060 pulsantibus
1841 2002 1907 2044 ac

197 2079 569 2152 gementibus
624 2077 901 2151 nuptialis
941 2078 1194 2135 conVivii
1227 2077 1465 2148 januam
1507 2077 1754 2146 claudat,
1806 2077 1905 2136 sed

197 2169 532 2243 hujusmodi
564 2170 647 2227 sal
677 2184 801 2225 esse
839 2184 940 2242 per
967 2167 1224 2224 divinam
1259 2167 1500 2240 gratiam
1543 2167 1902 2239 studeamus,

194 2258 344 2332 quod
378 2272 482 2315 nos
511 2272 634 2315 esse
666 2258 811 2323 vult,
854 2256 956 2330 qui
992 2255 1292 2330 discipulis
1338 2256 1460 2312 suis
1505 2255 1646 2312 dicit
1686 2280 1697 2313 :
1735 2280 1756 2306 ι
1791 2256 1907 2314 Vos

194 2345 330 2401 estis
354 2346 438 2401 sal
476 2350 644 2401 terra;
667 2346 859 2412 (Ibid)
891 2365 902 2402 :
935 2369 956 2393 υ
994 2351 1287 2417 quatenus
1319 2343 1690 2402 tenebrarum
1736 2360 1906 2417 opera

198 2433 610 2506 relinquentes,
639 2440 694 2490 et
743 2449 899 2491 nunc
938 2433 1305 2490 elaboremus
1349 2438 1412 2490 ut
1453 2433 1559 2489 ﬁlii
1591 2432 1738 2491 lucis
1775 2448 1902 2490 am-

197 2523 422 2592 bulare,
460 2531 514 2580 et
559 2523 927 2596 postmodum
968 2523 1120 2580 inter
1151 2522 1435 2594 sapientes
1483 2522 1760 2595 virgines,
1810 2538 1906 2579 ac-

197 2613 385 2670 censis
426 2611 812 2693 lampadibus,
853 2610 1185 2669 advenienti
1224 2610 1418 2670 Judici
1457 2627 1783 2670 mereamur
1811 2627 1905 2670 oc-

195 2716 424 2759 currere
459 2746 472 2772 ,
505 2703 605 2774 qui
634 2717 769 2759 cum
797 2701 912 2759 Deo
939 2701 1102 2759 Patre
1133 2709 1187 2758 et
1217 2701 1435 2775 Spiritu
1461 2709 1654 2760 sancto
1689 2701 1832 2760 vivit
1855 2708 1910 2760 et

199 2795 400 2863 regnat
424 2805 525 2863 per
551 2790 747 2848 omnia
775 2791 990 2848 saecula
1015 2791 1388 2849 saeculorum.
1420 2792 1626 2849 Amen.

781 2902 804 2926 *
836 2897 1083 2957 SERMO
1124 2899 1325 2958 LXIX.

604 2982 644 3027 Ῑ.
677 2982 735 3027 IN
771 2983 1160 3028 DEDICATIONE
1191 2983 1500 3030 ECCLESI/E.

1987 1802 2342 1860 elementum
2426 1803 2534 1860 hoc
2610 1802 2839 1877 ﬁgurali
2915 1802 3325 1877 praemulcebat
3402 1801 3698 1877 obsequio.

1989 1891 2213 1951 Caelum
2240 1893 2431 1966 ipsum
2462 1911 2536 1952 ex
2573 1897 2744 1969 aquis
2782 1901 3143 1968 compactum
3177 1893 3562 1951 Hebraeorum
3590 1899 3704 1951 tra-

1987 1979 2073 2037 dit
2109 1984 2438 2053 auctoritas,
2471 1989 2525 2040 et
2575 1998 2677 2056 per
2719 1999 2901 2056 aquas
2955 1981 3300 2040 universalis
3344 1980 3446 2038 illa
3493 1995 3705 2054 purga-

1990 2068 2068 2126 tio
2107 2068 2450 2130 celebratur.
2496 2071 2847 2130 Patriarcbze
2885 2071 2956 2130 ad
2991 2085 3171 2144 aquas
3210 2071 3359 2128 ﬁunt
3395 2069 3613 2139 uxorii,
3651 2077 3708 2128 et

1987 2174 2090 2231 per
2124 2175 2303 2233 aquas
2341 2159 2602 2218 terribile
2630 2161 2974 2222 Iudaeorum
3002 2175 3272 2218 murmur
3294 2158 3706 2232 exstinguitur.

2060 2249 2265 2307 Omnis
2315 2249 2416 2306 illa
2461 2250 2639 2308 series
2689 2249 2909 2308 Veteris
2957 2248 3333 2307 Instrumenti
3373 2246 3709 2321 diligentius

1991 2335 2356 2410 introspecta,
2435 2338 2712 2411 majorem
2789 2346 3278 2396 sacramentorum
3341 2335 3710 2398 altitudinem

1990 2423 2049 2480 in
2077 2439 2368 2497 aquarum
2403 2425 2640 2482 materia
2668 2425 3054 2498 consignavit.
3082 2425 3346 2486 Salvator
3373 2425 3494 2499 ipse
3523 2424 3709 2498 legem

1989 2532 2255 2592 sequens,
2325 2516 2611 2574 itinerarii
2669 2517 2761 2575 sui
2838 2516 3189 2592 principium
3243 2517 3411 2592 aquis
3469 2513 3707 2585 indixit,

1990 2623 2124 2665 cum
2151 2608 2212 2664 in
2254 2607 2500 2666 ﬂumine
2533 2605 2806 2664 sublimis
2839 2605 2941 2664 illa
2972 2601 3215 2680 potest'as
3243 2606 3316 2663 ab
3358 2605 3459 2664 illo
3503 2619 3714 2680 magno

1993 2699 2230 2756 homine
2274 2698 2462 2756 voluit
2502 2697 2777 2771 baptizari
2821 2700 3046 2765 (Matth.
3089 2702 3196 2765 111).
3230 2696 3494 2754 Primum
3531 2696 3712 2754 mira-

1991 2787 2190 2846 culum
2233 2801 2305 2843 ex
2349 2785 2519 2862 aquis
2571 2787 2703 2844 fecit
2760 2787 2934 2857 (Joan.
2976 2786 3058 2854 ll).
3110 2783 3490 2843 Samaritana:
3540 2784 3714 2856 juxta

1989 2882 2235 2950 puteum
2277 2891 2562 2950 aquarum
2623 2877 2840 2934 fontem
2899 2891 3069 2951 aquae
3113 2874 3372 2936 salientis
3423 2876 3482 2932 in
3535 2874 3713 2934 vitam

1993 2973 2271 3024 aeternam
2354 2965 2700 3039 repromittit
2765 2967 2946 3035 (Joan.
3004 2968 3108 3032 1v).
3169 2963 3431 3039 Denique
3490 2963 3593 3036 qui
3643 2962 3718 3020 ab

278 3058 405 3116 Post
454 3073 705 3128 crucem,
755 3064 884 3132 post
927 3058 1239 3131 virginem,
1287 3065 1410 3130 post
1463 3056 1718 3129 angelos,
1764 3055 1965 3152 quidC
1993 3057 2162 3132 aquis
2213 3064 2458 3129 coeperat
2496 3056 2689 3114 ﬁnivit
2726 3057 2786 3116 in
2829 3055 3015 3130 aquis.
3070 3054 3388 3116 Vulnerato
3426 3054 3585 3116 enim
3626 3053 3713 3114 la-

197 3157 281 3208 est
321 3149 514 3222 majus
558 3151 617 3206 in
673 3151 858 3220 terris,
892 3149 1036 3224 quid
1077 3149 1134 3206 in
1184 3149 1346 3207 ccelis
1386 3146 1752 3208 sublimius?
1799 3145 1964 3206 Illa“
1995 3155 2109 3205 tere
2148 3145 2450 3217 Cruciﬁxi,
2488 3146 2745 3204 manavit
2783 3161 2934 3220 aqua
2965 3148 3138 3216 (Joan.
3184 3146 3334 3215 XIX),
3367 3159 3499 3220 quae
3529 3151 3711 3202 terra-

198 3239 402 3313 utique
448 3255 622 3311 quam
661 3239 974 3312 acceptavit
1011 3238 1368 3307 Altissimus,
1409 3253 1541 3311 quae
1578 3237 1907 3296 vulneravit

198 3343 295 3385 cor
325 3327 532 3400 Sponsi
563 3328 672 3395 sui,
711 3328 804 3386 cui
840 3327 1099 3402 Sponsus
1136 3327 1287 3384 idem
1325 3327 1382 3384 in
1423 3326 1672 3384 Canticis
1716 3325 1898 3383 dicit:

1990 3253 2120 3295 rum
2151 3237 2352 3295 orbem
2394 3237 2729 3310 purgatorio
2764 3235 3058 3312 lavamine
3102 3234 3452 3294 candidavit.
3485 3234 3574 3294 Ad
3608 3249 3717 3292 ex-

1989 3332 2240 3383 tremum
2305 3323 2591 3382 iuclusiva
2652 3323 2935 3381 sententia
3015 3324 3257 3384 chorum
3330 3321 3711 3395 apostolicum

205 3440 225 3463 ι
262 3414 589 3473 Vulnerasti
627 3431 723 3474 cor
773 3431 992 3484 meum,
1023 3430 1186 3474 soror
1227 3430 1353 3472 mea
1396 3431 1625 3486 sponsa,
1678 3415 1737 3471 in
1789 3429 1906 3471 uno
1990 3413 2260 3471 imbuens
2302 3437 2314 3470 :
2364 3435 2391 3462 ι
2427 3411 2666 3480 Euntes,
2706 3410 2919 3482 inquit,
2955 3410 3233 3483 baptizate
3277 3426 3481 3470 omnes
3517 3414 3718 3483 gentes

198 3505 356 3562 crine
395 3504 527 3564 colli
584 3507 687 3570 tui,
730 3513 785 3562 et
835 3505 894 3562 in
935 3521 1052 3563 uno
1098 3505 1399 3563 oculorum
1458 3511 1690 3562 tuorum
1736 3505 1909 3576 (Cant.

199 3597 299 3664 IV).
335 3615 362 3646 »
406 3592 591 3663 Quam
633 3595 886 3668 speciosa
925 3611 1133 3667 sponsa
1170 3596 1298 3665 ista,
1333 3609 1466 3668 qua:
1493 3593 1550 3650 in
1584 3609 1702 3650 uno
1734 3592 1912 3665 capil-

204 3680 324 3739 lulo
385 3689 440 3740 et
493 3682 733 3741 ocelluli
801 3684 1216 3742 scintillatione
1295 3682 1561 3741 vulnerat
1633 3682 1910 3740 cmlorum

206 3769 438 3841 Regem,
474 3770 817 3843 angelorum
849 3771 1182 3841 Dominum,
1215 3771 1427 3830 Filium
1464 3771 1567 3829 Dei
1607 3769 1806 3827 Patris.
1833 3768 1914 3826 De

201 3859 301 3917 illa
353 3859 523 3917 nobis
575 3869 659 3917 est
701 3875 910 3930 sermo,
961 3859 1096 3918 licet
1147 3876 1264 3919 non
1315 3860 1388 3918 sit
1437 3874 1625 3918 sermo
1681 3859 1740 3916 in
1800 3859 1914 3916 lin-

204 3963 316 4020 gua
357 3954 566 4006 nostra.
609 3949 748 4006 Haec
802 3956 886 4006 est
925 3949 1044 4018 illa,
1086 3965 1221 4021 quae
1262 3949 1442 4022 posita
1484 3954 1566 4006 est
1611 3947 1669 4004 in
1711 3963 1912 4019 super-

207 4037 360 4093 biam
391 4037 758 4105 saeculorum,
793 4041 961 4112 cujus
986 4039 1167 4111 gloria
1195 4055 1227 4095 a
1257 4037 1403 4095 mari
1428 4053 1610 4110 usque
1631 4039 1699 4095 ad
1735 4053 1913 4105 mare,

1994 3505 2056 3561 in
2099 3503 2336 3561 nomine
2384 3502 2591 3572 Patris,
2621 3507 2677 3558 et
2721 3501 2877 3571 Filii,
2915 3508 2969 3558 et
3011 3499 3261 3582 Spiritus
3295 3500 3479 3560 sancti
3510 3503 3710 3568 (Marc.

1997 3597 2143 3660 XVI).
2178 3617 2203 3642 ι»
2237 3591 2441 3650 Nonne
2463 3590 2644 3662 igitur
2669 3589 2893 3664 liquido
2917 3588 3143 3663 colligis
3163 3590 3300 3664 quia
3330 3589 3476 3662 legis
3496 3589 3716 3649 utrius-

1995 3697 2109 3753 que
2182 3679 2513 3738 sublimitas
2580 3679 2701 3736 vim
2793 3693 2992 3737 rerum
3077 3679 3582 3740 sacramentalium
3652 3679 3715 3742 in

1997 3771 2176 3844 hujus
2211 3769 2484 3827 elementi
2521 3768 2744 3842 liquore
2773 3767 3036 3825 refudit?
3064 3767 3192 3826 Non
3234 3774 3286 3826 te
3317 3775 3544 3827 moveat
3569 3783 3718 3842 pauo

1997 3859 2137 3916 citas
2172 3847 2598 3929 exemplorum,
2633 3872 2767 3914 cum
2797 3855 3049 3930 plurima
3086 3871 3209 3930 prae
3239 3856 3513 3916 manibus
3541 3855 3718 3918 babe-

1998 3957 2222 4016 rentur,
2256 3947 2372 4005 nisi
2402 3947 2796 4020 prolixitatem
2821 3947 3090 4008 evitasset
3125 3945 3325 4004 oratio.

2071 4035 2404 4095 Secundum
2475 4042 2559 4094 est
2629 4041 3050 4094 sacramentum
3116 4035 3589 4096 conﬁrmationis.
3649 4036 3719 4094 In

206 4125 301 4183 cui
329 4141 488 4196 reges
515 4132 569 4182 et
601 4127 892 4200 principes
924 4126 1302 4194 famulantur,
1336 4141 1512 4199 quam
1539 4124 1916 4183 circumvolat
2001 4125 2338 4198 baptismate
2394 4123 2644 4196 Spiritus
2691 4125 2864 4182 datur
2913 4123 2986 4182 ad
3037 4123 3290 4195 veniam,
3344 4125 3440 4183 hic
3483 4126 3556 4183 ad
3608 4139 3720 4197 pu-

208 4213 526 4272 ccelestium
557 4215 850 4287 legionum
878 4215 1212 4284 multitudo,
1238 4216 1298 4272 in
1326 4231 1438 4290 qua
1465 4214 1593 4271 fons
1617 4213 1916 4286 sapientiae
1998 4230 2170 4288 gnam
2201 4232 2215 4284 ;
2251 4214 2332 4272 ibi
2358 4213 2714 4273 mundamur
2739 4212 2811 4270 ab
2837 4212 3264 4286 iniquitatibus,
3287 4214 3383 4274 hic
3410 4215 3724 4278 virtutibus

210 4303 492 4374 repositus
539 4310 643 4372 est,
703 4305 960 4362 «hortus
1011 4303 1341 4372 conclusus,
1388 4305 1516 4360 fons
1575 4302 1910 4375 signatus.»
1998 4305 2446 4378 prazmunimur.
2497 4304 2701 4363 Nonne
2747 4306 2805 4362 in
2835 4303 3267 4378 superliminari
3295 4306 3482 4366 fronte
3516 4306 3724 4370 domus

210 4390 424 4448 Hortus
457 4392 553 4449 ubi
603 4392 754 4450 clara
807 4393 1020 4450 rosaria
1059 4392 1374 4465 pulchriori
1421 4392 1608 4450 colore
1655 4391 1971 4465 refulgu—_
2003 4403 2212 4452 nostras
2261 4393 2547 4451 terrestris
2600 4400 2928 4454 consecrata
2973 4409 3184 4454 manus
3231 4395 3376 4456 sacri
3429 4395 3723 4458 Christus-

211 4483 360 4546 rant,
426 4488 478 4534 et
537 4479 736 4536 felices
791 4479 972 4553 virga:
1035 4455 1244 4538 florum
1290 4484 1345 4535 et
1400 4479 1690 4535 fructuum
1733 4455 2074 4549 gloriantis
2110 4482 2394 4556 imprimit
2441 4481 2973 4542 unctionem?Nec
2995 4482 3248 4554 quilibet
3277 4483 3424 4542 tanti
3464 4455 3722 4556 mysterii

207 4564 615 4635 cumulantur;
675 4568 898 4637 hortus,
965 4583 1138 4641 quem
1199 4572 1502 4623 ventorum
1564 4579 1680 4621 non
1733 4563 1918 4633 tangit
2002 4571 2213 4642 legitur
2253 4575 2576 4639 exsecutor,
2609 4569 2704 4626 sed
2756 4567 2916 4626 solus
2963 4569 3286 4643 episcopus,
3335 4586 3510 4644 super
3559 4571 3726 4644 cujus

207 4652 528 4724 alternitas,
567 4655 669 4712 ubi
709 4655 990 4712 mollioris
1015 4672 1174 4713 aurae
1200 4655 1378 4726 gratia
1409 4656 1739 4727 frequenter
1765 4653 1918 4724 aspi-

209 4747 297 4798 rat
328 4750 382 4798 et
415 4757 666 4800 vernans
698 4745 1003 4801 amoenitas
1025 4745 1202 4801 allicit
1230 4746 1556 4809 intuentes;
1591 4740 1917 4810 conclusus,

209 4845 324 4887 non
376 4830 593 4889 murali
639 4834 925 4901 machina,
972 4849 1078 4889 nec
1125 4840 1596 4890 creuu-ntatorum
1639 4829 1916 4901 lapidum,

210 4917 503 4989 glutinosa
544 4920 862 4986 tenacitate,
904 4921 998 4977 sed
1042 4921 1298 4993 angelica
1341 4920 1586 4976 statione
1627 4917 1912 4985 vallatus;

213 5008 364 5077 lous,
411 5007 481 5064 de
531 5023 644 5081 quo
701 5009 887 5066 fontes
937 5009 1112 5068 Israel
1160 5009 1517 5077 derivantur,
1569 5009 1670 5080 qui
1725 5007 1922 5079 irrigat

213 5098 547 5156 universam
580 5100 942 5172 superﬁciem
986 5109 1172 5169 teme,
1205 5109 1260 5157 et
1291 5099 1602 5165 inebrians,
1629 5104 1683 5155 et
1714 5114 1921 5156 emun-

213 5186 400 5255 dans;
479 5188 744 5261 signatus
823 5188 1016 5261 sigillo
1079 5189 1278 5259 utique
1334 5189 1509 5246 totius
1573 5186 1919 5255 Trinitatis,

2001 4665 2169 4731 caput
2217 4658 2415 4728 fusum
2460 4665 2545 4714 est
2589 4656 2878 4716 unctionis
2924 4659 3143 4724 oleum.
3191 4665 3248 4717 et
3301 4659 3467 4732 cujus
3520 4659 3726 4722 ditioni

2004 4745 2369 4804 sacerdotalis
2419 4745 2689 4804 subditur
2757 4745 3088 4804 multitudo.
3143 4746 3422 4821 Baptismi
3477 4749 3723 4823 gnatum

2003 4837 2164 4895 omni
2197 4836 2442 4903 homini,
2471 4835 2560 4893 vel
2596 4835 2752 4893 omni
2791 4837 2961 4894 sexui
3003 4836 3582 4898 tradiditauctoritas
3611 4855 3724 4900 an-

2005 4927 2334 4998 tiquorum;
2401 4924 2855 4984 conﬁrmationis
2907 4931 3107 4982 autem
3150 4925 3376 4998 insigne
3413 4927 3533 4990 sola
3567 4943 3723 5001 pon-

2005 5014 2232 5072 tilicalis
2263 5030 2505 5087 persona
2535 5030 2658 5072 suae
2695 5013 2948 5072 vindicat
2978 5014 3268 5087 dignitati.
3290 5014 3431 5072 Inde
3459 5025 3543 5074 est
3575 5017 3726 5090 quod

2004 5102 2315 5159 decretales
2370 5101 2615 5174 paginae,
2665 5110 2718 5159 et
2777 5109 3114 5160 sanctorum
3176 5101 3410 5160 Patrum
3467 5103 3728 5160 instituta

2007 5189 2351 5258 decernunt,
2410 5205 2522 5246 non
2574 5205 2698 5247 esse
2751 5190 3133 5248 differendam
3191 5197 3316 5266 post
3375 5190 3730 5264 baptismum

213 5275 369 5348 quod
437 5275 536 5334 ille
608 5277 940 5350 inalignans
996 5276 1355 5334 effractarius
1415 5292 1531 5332 non
1597 5274 1724 5330 dico
1784 5289 1922 5331 con-
2009 5277 2353 5335 sacramenti
2380 5277 2556 5350 hujus
2595 5278 2997 5349 virtutem,ne
3037 5294 3142 5337 nos
3182 5279 3435 5337 inermes
3473 5279 3732 5337 inveniat

217 5363 488 5436 t'ringere,
529 5364 628 5422 sed
685 5380 792 5422 nec
848 5365 1184 5436 contingere
1231 5365 1456 5422 audeat.
1498 5365 1563 5422 In
1614 5363 1722 5420 hac
1771 5378 1924 5420 mor-
2013 5366 2418 5425 fraudulentus
2472 5366 2570 5425 ille
2621 5374 2934 5440 contortor,
2989 5383 3023 5425 a
3081 5383 3196 5441 quo
3240 5382 3413 5428 nemo
3462 5381 3730 5444 unquam

218 5459 317 5509 tua
367 5455 634 5526 germina
693 5455 1087 5526 regerminant
1140 5459 1197 5512 et
1248 5454 1496 5512 aridiora
1548 5452 1713 5525 signa
1767 5450 1930 5510 facile
2012 5453 2262 5514 nocendi
2301 5454 2572 5515 inducias
2615 5456 2878 5515 extorsit.
2908 5454 3166 5516 Delibnti
3213 5456 3389 5531 igitur
3426 5458 3736 5532 utriusque

217 5544 596 5604 revirescunt.
2008 5545 2168 5605 roris
2201 5549 2549 5619 unguento,
2580 5543 2682 5602 illo
2724 5544 2930 5614 sanati,
2970 5536 3270 5604 confortati
3315 5545 3450 5618 isto,
3483 5544 3742 5608 securius
