4108 6206
397 207 504 267 899

1017 207 1078 266 S.
1123 204 1343 265 PETRI
1384 202 1704 263 DAMIANI
1744 201 1902 263 OPP.
1946 199 2137 260 PARS
2183 197 2322 258 SEU
2368 198 2620 259 TOMUS
2659 199 2733 258 II.
2778 231 2842 240 -
2884 198 3294 258 SERMONES.

3808 199 3905 258 900

389 330 809 392 descendamus
859 330 931 389 ad
983 330 1281 404 singulare
1321 325 1662 389 certamen?
1712 327 1827 386 Nec
1864 341 1970 385 nos
2012 323 2366 386 de-Aillinc
2421 325 2657 393 ducum,
2710 323 3008 394 comitum,
3068 323 3513 382 castellanorum
3568 337 3687 380 non
3743 338 3901 398 sper-

391 430 640 482 terreant
674 437 835 480 arma
875 419 1076 492 Goliae,
1129 419 1220 478 vel
1265 417 1604 492 magnitudo
1647 423 1875 476 moveat
1926 421 2109 474 statu-

390 508 547 578 ralis,
585 509 720 583 quia
755 509 1057 568 nobiscum
1102 524 1350 582 magnus
1379 514 1465 566 est
1497 507 1784 567 Dominus
1820 507 1975 564 Deus
2003 521 2106 563 no-

395 602 530 668 ster,
557 604 612 655 et
630 613 838 671 magna
864 596 1050 656 virtus
1075 597 1201 670 ejus
1228 601 1394 668 (Psal.
1417 598 1640 667 CXLVI),
1667 595 2106 669 apprehendens

398 704 560 747 arma
599 695 654 746 et
705 693 956 757 scutum,
995 695 1060 746 ut
1107 695 1382 761 exsurgat
1430 688 1492 746 in
1538 687 1897 762 adjutorium
1938 686 2105 744 nobis

404 779 568 849 (Psal.
601 781 833 849 XXXIV).

378 925 384 930 -
463 888 731 948 Tertium
788 896 872 948 est
928 890 1125 949 unctio
1200 889 1590 949 inﬁrmorum.
1662 889 2104 948 Infirmantibus

405 975 554 1033 374
596 979 782 1050 nobis,
831 987 886 1038 et
931 995 1119 1053 usque
1167 981 1239 1038 ad
1292 987 1533 1040 mortem
1584 980 1812 1040 mortali
1846 987 2103 1054 peccato-

396 1084 530 1128 rum
588 1069 748 1128 febre
798 1070 1222 1144 languentibus,
1282 1069 1536 1146 Spiritus
1585 1071 1813 1145 pietatis
1867 1069 2104 1142 assistit,

395 1163 451 1215 et
489 1158 819 1218 recordatus
855 1165 938 1217 est
980 1159 1255 1233 quoniam
1299 1159 1494 1233 pulvis
1535 1174 1761 1218 sumus.
1817 1158 1915 1216 Ait
1950 1159 2108 1216 enim

395 1245 569 1306 divus
597 1246 842 1305 Jacobus
875 1270 886 1303 :
935 1271 956 1297 α
994 1247 1334 1306 Inﬁrmatur
1369 1247 1502 1322 quis
1543 1248 1605 1306 in
1635 1247 1836 1306 vobis?
1871 1247 2111 1306 Inducat

397 1335 756 1410 presbyteros
794 1337 1086 1410 Ecclesia,
1123 1345 1178 1396 et
1207 1346 1370 1397 orent
1419 1354 1594 1412 super
1631 1354 1790 1407 eum,
1825 1345 2110 1412 ungentes

400 1442 534 1485 eum
563 1427 690 1486 oleo
735 1428 794 1485 in
825 1429 1063 1486 nomine
1100 1428 1354 1499 Domini,
1396 1437 1451 1487 et
1481 1429 1664 1488 oratio
1699 1429 1832 1488 ﬁdei
1864 1428 2111 1487 salvabit

401 1515 723 1586 inﬁrmum,
752 1523 807 1573 et
842 1516 1141 1574 alleviabit
1177 1533 1311 1576 eum
1354 1517 1677 1587 Dominus;
1713 1524 1770 1576 et
1796 1518 1844 1576 si
1881 1517 1939 1576 in
1980 1533 2111 1592 pec-

398 1603 538 1662 catis
575 1610 679 1675 est,
717 1603 1081 1664 dimittentur
1118 1606 1172 1664 ei
1201 1610 1337 1674 (Jac.
1379 1610 1461 1676 V).
1513 1631 1532 1656 ι
1574 1605 1860 1665 Solemnis
1890 1607 2108 1678 unctio,

396 1691 588 1767 liquor
641 1661 953 1762 excellens,
1017 1709 1133 1767 quo
1187 1661 1740 1764 sanitas'redditur,
1805 1661 2426 1767 peccatuniBCliEfliSr1

403 1779 732 1850 dimittitur,
772 1778 1106 1838 immittitur
1145 1779 1314 1838 timor
1350 1780 1601 1838 Domini.
1633 1780 1880 1839 Videsne
1919 1781 2111 1854 quali-

406 1875 491 1926 ter
537 1867 902 1926 sacerdotalis
945 1883 1154 1926 manus
1193 1867 1546 1926 inﬁrmantis
1594 1883 1803 1941 corpus
1855 1868 2107 1938 alleviet,

401 1963 458 2015 et
512 1956 906 2016 illecebrosam
991 1973 1272 2016 sensuum
1359 1957 1676 2016 motionem
1729 1957 2112 2017 sacratissima

409 2046 635 2119 mitiget
656 2047 964 2106 unctione?
999 2045 1163 2104 Unde
1188 2053 1244 2104 et
1280 2048 1463 2105 sancti
1490 2047 1686 2106 Patres
1709 2048 1857 2106 hanc
1885 2049 2111 2106 unctio-

407 2151 542 2195 nem
570 2142 992 2195 sacramentum
1021 2151 1146 2194 esse
1169 2141 1510 2195 sanxerunt.

477 2253 760 2322 Quartum
809 2257 893 2310 est
948 2251 1296 2310 consecratio
1345 2252 1654 2325 pontificis.
1712 2251 1852 2310 Haec
1900 2260 2116 2327 quanto

407 2341 758 2411 sublimior,
819 2345 976 2398 tanto
1038 2339 1265 2413 dignior
1333 2340 1700 2414 approbatur.
1759 2341 1906 2400 Cum
1957 2342 2113 2399 enim

405 2432 702 2492 canonicis
753 2430 1144 2490 sanctionibus
1182 2429 1415 2505 eligitur
1454 2447 1715 2505 persona,
1762 2448 1894 2508 quae
1939 2437 2113 2490 tanta;

408 2519 704 2594 dignitatis
741 2517 955 2590 debeat,
990 2517 1186 2577 subire
1233 2518 1550 2591 fastigium,
1587 2519 1798 2578 clarior
1850 2520 2113 2594 pontifex

410 2624 544 2667 cum
626 2608 849 2666 czeteris
937 2609 1305 2681 pontificibus
1382 2615 1670 2669 evocatur.
1752 2611 2114 2683 Prmpamtur

411 2697 684 2765 Ecclesia,
716 2703 935 2770 patrem
982 2704 1318 2770 susceptura
1361 2697 1431 2755 de
1469 2698 1610 2756 ﬁlio.
1656 2698 1908 2770 Ungitur
1951 2699 2112 2758 illius

412 2791 583 2856 caput
627 2783 753 2841 oleo
798 2783 1014 2841 laetitias
1064 2800 1186 2858 prae
1234 2785 1597 2844 consortibus
1642 2786 1784 2857 suis,
1836 2787 1896 2843 in
1950 2787 2113 2846 illius

409 2872 678 2946 ﬁguram,
731 2873 833 2944 qui
888 2871 1138 2931 thalamo
1187 2873 1459 2948 virginali
1513 2876 1797 2949 spirituali
1857 2877 2113 2936 balsamo

406 2961 703 3036 profusius
739 2962 1037 3040 irroratus,
1069 2963 1266 3022 oleum
1300 2963 1721 3024 benedictionis
1757 2982 1932 3040 super
1964 2965 2113 3025 ﬁlios

409 3037 1084 3112 hominum-distillavit.
1124 3053 1440 3113 Liniuntur
1469 3063 1523 3114 et
1577 3071 1803 3127 manus,
1834 3037 1898 3114 ut
1938 3041 2172 3130 quid-C

409 3139 550 3213 quid
603 3141 1008 3200 benedixerint
1056 3141 1451 3214 benedicatur,
1491 3151 1545 3202 et
1586 3152 1878 3218 acceptum
1917 3144 1988 3202 sit
2037 3145 2115 3203 di-

412 3227 570 3286 vinae
610 3229 924 3302 majestatis
967 3231 1240 3303 aspectui.
1283 3230 1527 3292 Ponitur
1571 3239 1624 3290 et
1659 3233 1986 3305 evangelica
2023 3248 2114 3306 pa-

408 3317 546 3390 gina
597 3333 771 3392 super
816 3323 986 3392 caput
1032 3318 1217 3392 ipsius
1258 3320 1667 3392 recumbentis,
1719 3327 1784 3379 ut
1831 3327 1884 3378 et
1939 3321 2115 3380 verbo

409 3405 546 3463 vitae
585 3421 750 3465 suam
795 3406 1003 3464 sentiat
1046 3407 1326 3466 excedere
1358 3408 1661 3478 rationem,
1691 3416 1745 3466 et
1787 3409 1944 3468 oculi
1987 3408 2111 3481 ejus

409 3495 678 3553 deﬁciant
729 3495 789 3553 in
843 3495 1148 3569 eloquium
1211 3494 1464 3555 Domini.
1527 3497 1856 3570 Imponitur
1904 3498 2113 3556 cidaris

405 3587 578 3659 capiti
633 3593 961 3645 consecrato
996 3632 1012 3657 ,
1069 3594 1126 3646 et
1185 3603 1361 3646 aurea
1415 3585 1630 3644 lamina
1679 3587 1886 3645 frontis
1933 3587 2112 3661 gloria

404 3678 797 3752 praesignitur,
858 3678 918 3736 in
967 3693 1084 3752 qua
1135 3677 1464 3736 contexitur
1515 3691 1727 3735 nomen
1765 3677 2106 3735 divinitatis.

404 3764 680 3826 Traditur
707 3768 963 3826 annulus
990 3775 1340 3826 secretorum
1369 3767 1428 3824 in
1461 3782 1638 3826 manu
1680 3768 1826 3840 ejus,
1859 3775 1923 3826 ut
1962 3769 2113 3826 dicat

401 3869 538 3914 cum
572 3854 853 3928 Propheta
890 3875 903 3914 :
937 3881 961 3907 ιι
990 3855 1059 3913 In
1087 3856 1257 3914 corde
1283 3871 1408 3913 meo
1436 3855 1713 3913 abscondi
1737 3855 1965 3928 eloquia
1992 3862 2108 3928 tua,

401 3949 467 4001 ut
527 3958 646 4002 non
691 3959 920 4018 peccem
981 3943 1084 4002 tibi
1133 3947 1299 4016 (Psal.
1329 3951 1554 4015 CXVIII).
1585 3969 1612 3992 ιο
1669 3942 2010 4003 Calceantur
2056 3953 2112 4004 et

401 4031 573 4104 pedes
618 4031 682 4088 in
722 4032 1142 4104 prasparatione
1192 4032 1493 4107 Evangelii
1547 4031 1700 4106 pacis
1753 4035 1965 4105 (Ephes.
2010 4034 2108 4104 VI),

399 4127 466 4178 ut
513 4121 587 4178 sit
627 4121 700 4177 de
741 4120 957 4192 quibus
1007 4121 1218 4179 dicitur
1271 4145 1284 4179 :
1344 4146 1372 4170 α
1421 4121 1604 4190 Quam
1653 4121 1896 4194 speciosi
1940 4121 2112 4194 pedes

401 4208 922 4282 evangelizantium
952 4224 1150 4282 pacem
1190 4213 1339 4279 (Isai.
1400 4213 1514 4278 LII).
1562 4233 1584 4259 ι
1629 4208 1853 4280 Accipit
1899 4217 1956 4266 et
2009 4208 2110 4266 ba-

411 4295 612 4356 culum
652 4295 1012 4370 pastoralem,
1049 4303 1113 4355 ut
1141 4311 1215 4354 ex
1249 4295 1371 4370 ipsa
1400 4297 1581 4369 virgaa
1621 4294 1898 4369 qualitate
1927 4297 2113 4370 signe-

415 4391 509 4444 tur
542 4384 788 4459 qualiter
819 4392 1155 4444 mansuetos
1203 4383 1451 4458 colligat,
1485 4385 1755 4458 corripiat
1795 4385 2104 4460 inquietos.

411 4473 507 4534 Sic
558 4474 641 4533 sic
682 4473 926 4534 solemni
968 4473 1443 4534 vestimentorum
1498 4473 1915 4549 glorificatioue
1962 4491 2112 4549 prm-

406 4561 687 4638 fulgidus,
741 4568 795 4621 et
848 4563 922 4622 ad
985 4563 1164 4624 altare
1216 4563 1316 4622 Dei
1378 4563 1726 4624 familiarius
1772 4564 2001 4622 intrans
2058 4569 2114 4622 et

403 4651 626 4722 exiens,
673 4652 818 4710 iram
857 4652 1072 4725 judicis
1111 4651 1176 4710 in
1241 4651 1696 4712 misericordiam
1735 4654 1913 4726 patris
1958 4652 2112 4711 felici

400 4742 850 4800 commutatione
878 4741 1152 4802 devolvit.
1182 4741 1293 4800 Hic
1335 4742 1509 4800 habet
1542 4742 1806 4814 gladium
1853 4741 2110 4815 spiritus,

401 4829 554 4902 quod
584 4835 669 4887 est
703 4829 944 4889 verbum
983 4829 1087 4888 Dei
1116 4832 1332 4904 (Ephes.
1378 4831 1478 4900 VI).
1536 4827 1646 4887 Hic
1674 4836 1855 4902 potest
1894 4830 2114 4888 tradere

411 4917 642 4978 Satanae
667 4919 725 4977 in
756 4918 1055 4978 interitum
1079 4919 1270 4978 carnis
1296 4923 1346 4988 (Ι
1374 4920 1491 4976 Cor.
1531 4925 1613 4986 V).

476 5043 756 5114 Quintum
785 5050 871 5103 est
912 5045 1174 5104 inunctio
1207 5046 1376 5118 regis.
1430 5044 1715 5105 Sublimis
1747 5046 1854 5105 ista
1886 5045 2114 5104 delibu-

410 5132 513 5202 tio,
557 5133 697 5206 quia
753 5131 1064 5192 sublimem
1121 5132 1296 5192 eﬂicit
1343 5139 1699 5206 potestatem.
1757 5134 1898 5193 Cum
1953 5133 2112 5190 enim

414 5226 592 5279 tantae
630 5221 947 5299 nobilitatis
991 5221 1246 5297 sanguis,
1289 5222 1381 5280 vel
1421 5239 1650 5298 genere,
1699 5225 1789 5282 vel
1828 5222 2113 5281 electione

421 5317 787 5369 consecratur
831 5311 893 5368 in
943 5325 1157 5384 regem,
1202 5309 1406 5386 religio
1447 5327 1583 5372 cum
1634 5311 1932 5371 nobilitate
1977 5310 2116 5370 totis

2193 415 2385 474 nenda
2428 412 2723 472 nobilitas.
2765 412 3025 472 Procedit
3065 413 3290 470 medius
3339 412 3533 482 homo,
3581 427 3759 486 super
3813 414 3906 469 ho-

2191 504 2378 562 mines
2433 508 2777 576 regnaturus
2812 545 2827 572 ,
2885 500 3236 574 constipatus
3303 501 3536 574 agmine
3590 500 3902 573 personati.

2188 592 2436 651 Ducitur
2475 591 2728 665 denique
2775 589 2845 648 ad
2897 605 3055 648 aram
3113 589 3325 648 excelsi
3379 588 3686 663 Principis,
3740 589 3901 662 prin-

2186 683 2406 756 cipium
2483 681 2647 754 regni
2703 680 3013 740 sortiturus
3058 680 3130 737 ab
3188 679 3289 737 illo
3347 695 3445 752 per
3505 694 3680 754 quem
3740 694 3907 749 reges

2186 780 2428 844 regnant
2476 774 2652 844 (Prov.
2709 771 2848 841 VIII).
2900 768 3068 828 Prius
3117 775 3312 828 autem
3357 783 3531 842 quam
3585 767 3903 840 imperato~

2187 861 2290 919 riis
2345 859 2597 919 cultibus
2653 858 2972 928 vestiatur,
3029 857 3345 932 requiritur
3394 871 3566 928 super
3629 871 3698 914 eo
3761 855 3902 912 cieri

2186 951 2457 1010 voluntas
2485 956 2540 1007 et
2570 947 2790 1022 poliuli,
2832 954 2885 1006 et
2916 963 3093 1006 manu
3127 945 3356 1020 propria
3391 947 3546 1020 jurat
3576 944 3904 1002 libertatem

2192 1038 2602 1098 Ecclesiarum.
2658 1037 2748 1095 Ex
2799 1042 2938 1096 tunc
2987 1035 3228 1095 exuitur
3272 1033 3632 1092 vestimentis
3681 1032 3808 1090 suis
3850 1040 3904 1090 et

2191 1130 2316 1188 oleo
2355 1125 2824 1187 sanctificationis
2870 1124 3212 1198 aspergitur,
3253 1130 3318 1183 ut
3360 1122 3551 1197 twice
3591 1137 3720 1180 rore
3770 1137 3902 1196 per-

2194 1219 2377 1288 fusus,
2415 1215 2663 1276 caelestis
2715 1213 2999 1288 unguenti
3048 1211 3411 1287 plenitudine
3456 1212 3762 1285 glorietur.
3805 1209 3903 1268 In-

2193 1308 2390 1366 duitur
2444 1307 2694 1382 denique
2732 1319 3008 1378 purpura,
3049 1300 3194 1359 375
3233 1303 3385 1376 quod
3425 1309 3509 1360 est
3551 1301 3730 1375 regia:
3778 1316 3903 1358 ma-

2188 1395 2406 1468 jestatis
2436 1395 2682 1467 insigne,
2715 1400 2944 1465 gestans
2976 1393 3139 1466 regni
3183 1398 3468 1465 sceptrum
3513 1392 3574 1448 in
3631 1390 3907 1448 manibus

2192 1484 2260 1542 ad
2320 1483 2636 1555 regendum
2697 1482 2978 1555 populum
3037 1486 3300 1539 sanctum
3362 1480 3485 1539 Dei.
3545 1479 3792 1538 Ponitur
3852 1486 3909 1537 et

2193 1588 2401 1632 corona
2443 1585 2616 1629 aurea
2655 1586 2828 1643 super
2863 1576 3036 1643 caput
3073 1569 3198 1643 ejus
3243 1583 3512 1641 expressa
3551 1567 3724 1639 signo
3770 1582 3906 1624 san-

2485 1660 2665 1733 gloria
2727 1659 2962 1718 honoris
3021 1666 3075 1716 et
3125 1674 3230 1731 ope
3289 1657 3650 1717 fortitudinis
3707 1658 3909 1724 (Eccli.

2196 1757 2357 1822 XLV).
2402 1751 2709 1809 Prasfertur
2738 1757 2794 1808 et
2839 1749 3068 1823 gladius
3099 1749 3158 1806 in
3200 1747 3384 1808 oculis
3423 1749 3567 1822 ejus,
3599 1755 3666 1806 ut
3701 1763 3913 1822 cogno-

2195 1846 2310 1899 scat
2341 1841 2478 1914 quia
2513 1839 2726 1897 vindex
2760 1845 2845 1896 est
2878 1838 2982 1896 ira:
3010 1837 3132 1908 Dei,
3165 1838 3224 1894 in
3264 1837 3370 1896 hoc
3400 1838 3588 1911 ipsum
3621 1837 3911 1895 constitu-

2196 1938 2305 1988 tus.
2360 1927 2560 1986 Tantis
2597 1926 2773 2000 igitur
2810 1942 2875 1984 ac
2911 1925 3118 1984 talibus
3158 1926 3446 2001 mysteriis
3483 1925 3770 1993 initiatus,
3816 1939 3908 1982 re-

2195 2025 2453 2094 portatur
2485 2017 2554 2074 ad
2594 2015 2895 2090 palatium,
2935 2032 2967 2072 a
3011 2015 3102 2073 die
3149 2015 3246 2073 illa
3283 2028 3336 2074 et
3381 2016 3652 2088 deinceps
3691 2016 3910 2072 timen-

2195 2107 2306 2164 dus
2358 2105 2569 2178 pariter
2605 2111 2659 2162 et
2711 2101 3014 2160 amandus.
3066 2103 3230 2160 Felix
3279 2111 3494 2173 autem,
3543 2103 3590 2160 si
3645 2102 3910 2176 gladium

2200 2195 2360 2268 regni
2407 2209 2543 2253 cum
2584 2192 2776 2267 gladio
2809 2193 3018 2266 jungat
3058 2190 3377 2261 sacerdotii,
3430 2197 3495 2249 ut
3538 2191 3778 2264 gladius
3817 2206 3913 2248 sa-

2197 2286 2441 2346 cerdotis
2492 2285 2712 2357 mitiget
2752 2283 3010 2356 gladium
3049 2283 3218 2356 regis,
3258 2289 3311 2339 et
3338 2281 3566 2355 gladius
3601 2282 3758 2354 regis
3784 2281 3912 2354 gla-

2198 2376 2360 2434 dium
2425 2380 2594 2432 acuat
2656 2372 2983 2430 sacerdotis.
3039 2370 3139 2429 Isti
3196 2380 3331 2430 sunt
3380 2371 3496 2428 duo
3547 2369 3783 2444 gladii,
3841 2370 3913 2428 de

2198 2463 2411 2538 quibus
2441 2463 2500 2518 in
2524 2461 2753 2518 Domini
2785 2461 3050 2534 passione
3074 2457 3285 2533 legitur
3314 2477 3326 2516 :
3365 2482 3388 2506 α
3415 2459 3556 2515 Ecce
3581 2457 3766 2530 gladii
3792 2457 3911 2515 duo

2198 2553 2321 2621 hic;
2357 2559 2410 2607 et
2446 2547 2825 2622 respondetur
2853 2563 2886 2604 a
2915 2546 3162 2604 Domino
3197 2571 3208 2602 ε
3246 2545 3467 2605 Sufﬁcit
3496 2548 3648 2614 (Luc.
3683 2553 3847 2612 XXI).
3885 2572 3906 2594 -

2199 2641 2366 2700 Tunc
2399 2639 2556 2697 enim
2598 2653 2842 2710 regnum
2882 2636 3236 2709 provehitur,
3276 2634 3656 2693 sacerdotium
3696 2634 3908 2692 dilata-

2198 2738 2305 2800 tur,
2351 2731 2666 2787 honoratur
2699 2733 3032 2799 utrumque,
3073 2742 3204 2784 cum
3246 2741 3278 2784 a
3310 2726 3557 2784 Domino
3587 2731 3912 2799 praetexam

2196 2820 2349 2879 felici
2383 2817 2873 2878 confoederatioue
2898 2817 3245 2890 junguntur.

2270 2910 2511 2969 Sextum
2576 2915 2659 2966 est
2715 2914 3143 2965 sacramentum
3195 2905 3570 2964 dedicationis
3623 2905 3906 2963 ecclesiae.

2200 3000 2319 3058 Dici
2366 2999 2465 3056 vix
2505 3002 2689 3071 potest
2731 3003 2947 3072 quanta
2995 2997 3068 3053 sit
3110 2995 3168 3052 in
3213 2995 3319 3052 hoc
3367 2995 3486 3053 loco
3527 3003 3912 3052 sacramento-

2198 3105 2326 3149 rum
2378 3087 2622 3146 varietas
2672 3093 2726 3144 et
2785 3085 3218 3144 institutionum
3266 3085 3584 3143 alternatio.
3641 3085 3908 3143 Primum

2197 3179 2352 3238 enim
2412 3175 2652 3235 ecclesia
2707 3175 2869 3233 intus
2934 3181 2989 3231 et
3046 3173 3261 3232 deforis
3310 3173 3650 3243 dealbatur,
3704 3189 3908 3231 cruces

2196 3268 2499 3328 duodecim
2542 3267 2602 3323 in
2645 3265 2923 3324 interiore
2965 3264 3212 3324 circuitu
3250 3264 3507 3323 ecclesiae
3553 3265 3906 3337 imprimun-

2198 3364 2311 3428 tur,
2367 3355 2516 3415 cerei
2569 3354 2802 3414 totidem
2847 3354 3263 3424 accenduntur,
3321 3355 3670 3414 emundatur
3718 3353 3903 3411 eccle-

2193 3449 2296 3518 sia,
2349 3445 2608 3521 pontifex
2663 3445 2963 3503 ecclesiam
3011 3445 3270 3504 exterius
3320 3446 3524 3503 circuit
3571 3459 3699 3502 cum
3748 3456 3903 3514 aqua

2191 3535 2508 3604 benedicta,
2562 3540 2617 3592 et
2673 3533 2733 3591 in
2789 3532 3226 3605 superliminari
3292 3541 3470 3607 porta:
3523 3532 3685 3589 tertio
3735 3531 3904 3603 virga

2191 3627 2462 3700 pastorali
2490 3626 2839 3698 percutiens,
2873 3625 3012 3682 dicit
3047 3644 3058 3682 :
3103 3647 3124 3676 ι
3163 3623 3418 3682 Attollite
3449 3629 3634 3696 portas
3661 3627 3901 3688 vestras,

2193 3723 2248 3773 et
2301 3712 2612 3772 elevamini
2643 3756 2658 3780 ,
2723 3721 2904 3786 portae
2956 3711 3277 3780 aaternales,
3337 3717 3393 3768 et
3460 3709 3719 3768 introibit
3771 3707 3900 3764 Rex

2192 3801 2420 3876 glorias;
2447 3822 2470 3852 »
2505 3799 2620 3856 illis
2653 3800 2885 3858 deintus
2903 3799 3415 3874 respondentibus:
3454 3823 3479 3845 «
3513 3797 3653 3866 Quis
3679 3804 3760 3854 est
3794 3796 3903 3853 iste

2193 3891 2319 3950 Rex
2341 3889 2579 3964 gloriaa?
2597 3914 2622 3938 ιτ
2647 3893 2811 3960 (Psal.
2837 3892 3029 3962 XXIII.)
3050 3889 3214 3947 Tunc
3233 3888 3515 3947 benedicit
3529 3902 3735 3960 aquam
3759 3885 3902 3952 sale,

2194 3980 2406 4050 cinere,
2440 3977 2576 4035 vino
2604 3977 2967 4052 hyssopoque
2999 3993 3382 4052 conspersam,
3424 3975 3790 4048 alphabetum
3827 3989 3905 4032 ex

2194 4074 2519 4124 transverso
2577 4065 2977 4140 quadrangula
3036 4067 3254 4124 ratione
3317 4063 3669 4130 conscribit,
3725 4062 3907 4120 altare

2195 4158 2401 4228 septies
2436 4170 2507 4211 ex
2558 4155 2758 4213 eadem
2812 4171 2964 4228 aqua
3001 4156 3297 4228 respergit,
3334 4169 3536 4213 cruces
3568 4153 3903 4216 chrismate,

2194 4244 2370 4300 altare
2402 4258 2535 4300 vero
2570 4243 2814 4301 mistura
2852 4243 3203 4311 chrismatis,
3247 4244 3474 4318 oleique
3506 4241 3798 4317 perungit,
3831 4240 3907 4297 ad

2194 4339 2439 4406 quatuor
2490 4332 2686 4389 altaris
2748 4346 2963 4391 cornua
3020 4331 3327 4392 incensum
3399 4331 3671 4402 incendit,
3724 4330 3910 4387 altare

2128 4398 2406 4481 Dtersum
2473 4420 2642 4478 novis
2701 4420 3093 4479 velaminibus
3157 4421 3360 4495 operit,
3414 4420 3642 4496 aliaque
3700 4418 3906 4486 multa,

2195 4527 2328 4586 quae
2368 4509 2654 4568 sermonis
2698 4509 2949 4567 brevitas
2994 4526 3104 4568 non
3143 4509 3422 4583 permittit
3460 4509 3732 4567 inserere.
3776 4505 3909 4564 Post

2196 4601 2320 4658 haec
2357 4597 2517 4657 omni
2552 4598 3037 4658 vestimentorum
3070 4600 3252 4674 gloria
3290 4600 3623 4659 cumulatus
3650 4598 3911 4673 ingredi—

2197 4696 2289 4746 tur
2337 4684 2408 4743 ad
2464 4685 2662 4756 altare,
2729 4687 3081 4747 sacrificium
3135 4689 3427 4762 singulare
3484 4688 3908 4752 celebraturus,

2196 4783 2250 4833 et
2289 4774 2370 4832 sic
2407 4773 2847 4832 sanctificationi
2892 4777 3065 4835 finem
3113 4777 3510 4850 impositurus.
3545 4775 3688 4846 Quis
3728 4775 3911 4848 hujus

2196 4863 2388 4938 abyssi
2441 4863 2746 4934 caliginem
2808 4866 3090 4924 sermonis
3138 4865 3394 4925 claritate
3444 4867 3620 4941 possit
3679 4866 3912 4924 illumi-

2200 4955 2371 5012 nare?
2412 4954 2822 5026 Attigissemus
2879 4963 3066 5014 tamen
3117 4957 3731 5030 quantulumcunque,
3793 4953 3910 5011 nisi

2199 5045 2409 5103 nostris
2469 5043 2830 5114 temporibus
2886 5045 3148 5116 quidam,
3210 5045 3309 5120 qui
3365 5046 3700 5105 Carnotensi
3761 5058 3913 5116 prae-

2199 5133 2345 5192 sedit
2411 5130 2706 5201 ecclesias,
2764 5132 3137 5193 vivacissimo
3189 5136 3400 5194 mentis
3451 5135 3584 5208 igne
3658 5133 3916 5192 lucidius

2202 5221 2399 5282 omnia
2463 5219 2831 5279 declarasset.
2897 5221 2985 5279 Ad
3047 5222 3215 5281 illum
3273 5223 3452 5296 igitur
3505 5222 3913 5297 plenissimum

2207 5314 2421 5369 fontem
2459 5309 2757 5368 sitientem
2783 5309 3090 5381 mittimus,
3122 5310 3223 5368 ubi
3251 5311 3650 5385 plenissimam
3686 5309 3916 5369 hauriat

439 5396 602 5470 regni
655 5399 878 5458 viribus
931 5405 1298 5460 convocatur.
1358 5401 1523 5461 Astat
1575 5401 1712 5460 hinc
1764 5401 2079 5476 primatum
2108 5442 2126 5470 ,
2210 5398 2530 5458 veritatem.
2587 5395 2918 5458 Notandum
2966 5405 3154 5458 tamen
3208 5399 3346 5473 quia
3391 5399 3774 5473 praecedentia
3820 5412 3917 5456 sa-

437 5487 1015 5560 metropolitanorum
1054 5493 1110 5546 et
1141 5490 1536 5564 episcoporum
1580 5489 1828 5564 gloriosa
1853 5489 2127 5560 societas,
2225 5491 2515 5546 cramenta
2565 5483 2694 5543 sine
2756 5485 2974 5545 visibili
3030 5488 3305 5547 unctione
3364 5503 3478 5546 non
3525 5488 3723 5559 ﬁunt,
3779 5500 3918 5547 cum
