4108 6206
235 198 349 261 υοῐ

1761 198 2009 259 SERMO
2048 198 2251 260 LXIX.

3648 207 3755 270 902

222 323 655 399 subsequentia
710 321 856 382 nihil
906 321 1239 397 hujusmodi
1281 324 1484 385 merito
1532 324 1826 395 continere
1876 324 2367 401 Ic-Aspiritibus,
2420 328 2480 387 in
2530 329 2763 389 divitias
2813 331 3016 406 gloria
3062 334 3524 411 contemplativis
3573 338 3761 398 oculis

221 434 339 492 gan
351 427 467 476 tur.

303 508 629 582 Septimum
676 511 762 565 est
807 515 1234 566 sacramentum
1271 509 1669 568 confessionis.
1710 510 1948 568 Confes-

226 598 416 658 sionis
458 597 678 655 bonum
727 602 1034 669 quantum,
1076 595 1162 653 vel
1214 597 1384 670 quale
1429 598 1522 665 sit,
1554 613 1671 656 non
1719 606 1803 656 est
1857 614 1953 657 no-

229 696 368 747 stra
426 685 720 746 tenuitatis
766 684 1041 744 laudibus
1092 685 1468 757 efferendum,
1500 703 1636 747 cum
1681 688 1952 761 praeclara

246 774 489 834 Patrum
515 773 751 849 ingenia
778 773 985 831 multis
1007 789 1134 832 eam
1164 775 1537 849 insignierint
1568 776 1947 837 documentis.

245 865 387 925 Hac
412 873 500 923 est
523 864 614 922 via
636 863 967 922 communis
994 864 1065 922 ad
1088 864 1293 935 Deum,
1309 866 1436 923 fons
1452 873 1567 924 tam
1583 867 1756 939 justis
1774 882 1951 941 quam

242 953 642 1029 peccatoribus
700 960 925 1026 patens,
980 952 1083 1026 qui
1154 951 1474 1011 criminum
1536 956 1952 1014 abundantiam

242 1042 654 1104 abundantiori
674 1042 901 1117 liquore
913 1041 1174 1117 detergit.
1199 1043 1452 1102 Primam
1472 1045 1657 1103 reddit
1680 1045 1958 1105 innocen-

246 1132 345 1191 tia
393 1132 619 1200 stolam,
651 1136 708 1187 et
752 1129 1065 1204 fugitivum
1116 1130 1309 1190 ﬁlium
1350 1132 1411 1191 in
1450 1139 1714 1207 paternos
1741 1133 1961 1194 reducit

244 1218 557 1294 amplexus
610 1221 765 1287 (Luc.
816 1223 943 1288 XV).
983 1218 1072 1277 Ex
1122 1220 1230 1277 hoc
1276 1220 1432 1278 fonte
1479 1220 1674 1280 felices
1716 1220 1959 1295 apostoli

246 1309 522 1382 lacryma
569 1307 997 1381 proﬂuxerunt;
1055 1306 1118 1366 in
1176 1309 1283 1366 hoc
1332 1309 1660 1382 peccatricis
1724 1308 1959 1367 femina

245 1395 537 1455 damonia
570 1402 707 1454 sunt
732 1395 1031 1454 submersa
1062 1399 1214 1465 (Luc.
1245 1403 1379 1468 VII);
1403 1414 1504 1470 per
1529 1398 1687 1456 hunc
1708 1397 1955 1468 adulter,

247 1491 305 1543 et
370 1482 656 1543 homicida
712 1482 895 1541 David
947 1487 1025 1552 (II
1072 1487 1204 1554 Reg.
1253 1490 1340 1553 XI)
1396 1484 1601 1558 spiritu
1653 1484 1958 1559 principali

250 1574 462 1648 legitur
489 1572 866 1632 conﬁrmatus
891 1576 1063 1641 (Psat.
1095 1578 1192 1645 L);
1233 1573 1293 1631 in
1336 1573 1441 1631 hoc
1480 1574 1621 1631 felix
1648 1572 1746 1632 ille
1788 1573 1958 1633 volu-

2035 419 2364 492 rapiuntur,
2396 428 2450 477 et
2502 420 2561 479 in
2605 436 2778 482 carne
2817 426 3007 483 carnis
3054 424 3218 483 obliti
3273 431 3538 487 naturam
3582 442 3748 486 suam

2033 505 2322 566 indefessa
2354 508 2724 570 meditatione
2763 512 3021 585 fatigant.

2107 594 2489 656 Undecimum
2511 606 2594 656 est
2621 600 3170 659 sanctimonialium.
3188 600 3318 659 Ista
3339 618 3541 662 sexum
3559 609 3616 662 et
3642 620 3760 663 sa-

2034 684 2235 743 culum
2247 702 2395 746 ausu
2419 687 2694 747 validiore
2716 689 3030 761 vincentes,
3061 689 3425 764 spectabilem
3448 692 3749 752 victoriam

2034 773 2107 831 ab
2166 776 2347 835 hostis
2396 779 2621 851 antiqui
2684 779 2904 838 feritate
2956 785 3262 854 reportant.
3318 780 3581 841 Gloriosa
3634 798 3744 854 res,

2036 863 2137 923 ubi
2194 872 2386 924 tenera
2439 868 2700 926 membra
2754 867 3000 942 longiori
3045 869 3327 944 martyrio
3377 870 3752 945 confringun-

2037 956 2152 1021 tur,
2183 957 2240 1009 et
2266 951 2427 1011 illius
2448 961 2731 1013 enervant
2752 955 3152 1015 fortitudinem
3180 958 3283 1031 qui
3305 958 3748 1017 similitudinem

2043 1038 2330 1097 Altissinii
2382 1040 2732 1114 concupivit.
2760 1043 2848 1100 Ad
2897 1042 3075 1118 hujus
3112 1043 3500 1117 spectaculum
3542 1061 3752 1119 pugna

2043 1125 2154 1184 cito
2187 1127 2547 1188 convertitur
2584 1128 2685 1188 ille
2734 1130 3060 1191 misericors
3097 1131 3365 1205 intuitus,
3402 1139 3454 1190 et
3512 1133 3608 1190 tali
3652 1147 3754 1207 po-

2045 1215 2339 1276 tissimum
2372 1218 2610 1278 victoria
2638 1218 2971 1280 delectatur.

2114 1306 2531 1366 Duodecimum
2588 1314 2673 1367 est
2729 1308 3061 1383 nuptiarum
3127 1316 3569 1368 sacramentum.
3631 1308 3754 1369 Hoc

2044 1410 2321 1467 magnum
2350 1403 2453 1463 est,
2481 1396 2559 1453 ait
2589 1396 2896 1470 Apostolus
2924 1399 3144 1470 (Ephes.
3172 1401 3260 1467 V);
3290 1404 3345 1456 et
3376 1397 3660 1457 Dominus
3686 1400 3749 1457 in

2043 1483 2359 1558 Evangelia
2395 1503 2406 1543 :
2448 1507 2474 1534 «ι
2510 1484 2748 1558 Propter
2776 1485 2885 1543 hoc
2928 1484 3217 1560 relinquet
3252 1487 3425 1545 homo
3455 1493 3673 1559 patrem
3697 1496 3753 1545 et

2043 1578 2305 1643 matrem,
2347 1578 2401 1630 et
2448 1573 2767 1632 adliarebit
2808 1573 2980 1632 uxori
3034 1589 3177 1646 sua,
3218 1583 3273 1633 et
3320 1583 3491 1633 erunt
3526 1575 3642 1634 duo
3688 1574 3748 1632 in

246 1672 397 1722 tatus
432 1668 518 1721 est
553 1661 717 1732 latro,
745 1658 892 1717 376
930 1662 1030 1734 qui
1071 1662 1233 1721 brevi
1268 1671 1436 1737 ponte
1471 1663 1659 1721 crucis
1705 1664 1774 1721 de
1812 1664 2211 1742 pati-Bearue
2257 1675 2373 1719 una
2422 1661 2610 1731 (Marc.
2660 1662 2737 1734 Χ).
2787 1685 2815 1712 υ
2869 1658 3020 1730 Quid
3091 1662 3250 1720 enim
3309 1662 3491 1737 magis
3561 1677 3750 1722 unum

241 1750 381 1811 bulo
405 1751 476 1809 ad
501 1751 853 1825 regnum,de
882 1750 1165 1824 supplicio
1190 1751 1251 1808 in
1280 1751 1605 1825 paradisum
1635 1751 1948 1811 translatus

238 1848 327 1900 est
380 1844 523 1913 (Luc.
572 1841 761 1913 XXIII),
812 1847 1247 1899 consummatus
1312 1841 1372 1897 in
1446 1840 1631 1911 brevi,
1690 1840 1948 1914 explevit

238 1940 493 2006 tempora
524 1930 704 1990 multa
735 1932 887 2003 (Sap.
919 1930 1015 2002 Iv).

305 2022 370 2081 In
420 2024 528 2080 bac
569 2023 781 2081 virtute
818 2020 1067 2093 caligant
1099 2019 1251 2078 oculi
1291 2020 1698 2093 plurimorum,
1728 2022 1829 2095 qui
1862 2021 1953 2079 vel

236 2110 580 2170 discretione
628 2109 888 2184 privati,
948 2110 1036 2166 vel
1096 2109 1483 2167 assentatione
1536 2109 1798 2180 seducti,
1856 2116 1957 2169 aut

240 2199 509 2257 nesciunt
561 2199 699 2275 quid
758 2199 1091 2272 injungant,
1149 2198 1260 2265 vel,
1309 2197 1358 2255 si
1406 2198 1618 2267 sciunt,
1675 2198 1953 2270 privatam

237 2288 480 2362 gratiam
528 2288 846 2360 prafernnt
882 2285 1134 2344 veritati.
1167 2284 1384 2343 Verum
1430 2301 1547 2343 non
1596 2287 1955 2360 suscepimus

245 2376 337 2434 hic
387 2376 608 2448 aperire
655 2374 795 2448 quid
870 2374 1194 2432 sentiamus
1254 2389 1329 2430 ex
1390 2388 1477 2444 ea,
1532 2374 1633 2432 sed
1698 2374 1955 2432 sermoni

243 2463 473 2538 proprio
520 2464 925 2537 pr0prietatem
973 2461 1138 2520 illius
1177 2477 1559 2521 reservamus.
1593 2462 1715 2521 Hoc
1761 2470 1954 2523 tamen

247 2551 439 2609 lectori
482 2551 785 2611 taediosum
838 2566 953 2609 non
999 2551 1074 2610 sit
1118 2550 1468 2624 intelligere,
1499 2553 1640 2626 quia
1676 2554 1959 2612 confitens

242 2639 454 2713 pastori
492 2655 617 2711 suo,
679 2639 986 2713 puritatem
1042 2640 1251 2711 cordis,
1304 2640 1603 2698 veritatem
1643 2641 1777 2712 oris,
1834 2657 1958 2701 ma-

240 2729 587 2788 cerationem
636 2730 830 2788 carnis
896 2729 1098 2788 debeat
1156 2728 1452 2788 exhibere.
1510 2729 1617 2788 Ille
1676 2746 1809 2789 vero
1859 2730 1953 2790 cui

234 2819 566 2902 conﬁtetur,
626 2821 1025 2895 panitentiam
1086 2819 1347 2891 dignam,
1400 2820 1718 2879 orationem
1768 2821 1953 2881 conti-

235 2924 440 2980 nuam,
474 2910 923 2970 taciturnitatem
963 2919 1295 2983 perpetuam
1327 2908 1624 2969 conﬁtenti
1652 2925 1758 2970 suo
1793 2915 1959 2970 curet

231 3000 658 3059 administrare.

307 3090 584 3151 Octavum
600 3095 685 3149 est
706 3090 1118 3149 canonicorum
1136 3090 1295 3162 (120).
1315 3089 1413 3148 Isti
1429 3090 1639 3149 suntin
1670 3088 1952 3151 Ecclesia.

235 3181 379 3239 solio
406 3179 732 3252 sublimati,
764 3180 866 3253 qui
905 3179 967 3237 in
996 3177 1305 3252 episcopali
1343 3177 1474 3236 sede
1507 3185 1662 3236 veste
1696 3175 1947 3235 candida

234 3269 608 3343 refulgentes,
668 3267 1059 3327 innocentiam
1126 3267 1390 3327 cordium
1449 3266 1638 3326 colore
1695 3265 1945 3324 vestium

239 3359 664 3432 repromittunt.
704 3357 751 3416 Ii
772 3357 842 3415 de
871 3358 1193 3428 communi,
1222 3365 1279 3415 et
1306 3362 1368 3416 in
1399 3372 1709 3416 commune
1736 3357 1945 3415 viven-

235 3454 337 3517 tes,
403 3446 494 3505 vel
552 3446 743 3505 vivere
787 3446 1062 3505 debentes
1104 3453 1410 3520 perpetua,
1456 3446 1504 3504 si
1562 3445 1945 3519 peccaverint,

235 3542 371 3593 sunt
424 3534 763 3607 poenitentia
817 3534 1168 3608 castigandi;
1225 3533 1456 3592 habitus
1520 3534 1676 3593 enim
1740 3548 1945 3592 eorum

235 3638 349 3681 non
412 3623 789 3696 pcrnitentia,
837 3621 933 3680 sed
983 3622 1330 3681 innocentia
1392 3638 1514 3680 esse
1573 3627 1947 3680 monstratur.

237 3711 483 3770 Videant
536 3712 645 3785 ipsi
698 3711 871 3770 amici
929 3710 1138 3785 Sponsi
1194 3711 1333 3785 quid
1393 3712 1770 3784 respondeant
1818 3717 1949 3770 ante

233 3803 439 3862 faciem
468 3801 698 3877 Sponsi,
730 3802 831 3877 qui
862 3801 1082 3876 judicat
1115 3801 1311 3859 orbem
1361 3807 1527 3858 terra
1552 3800 1610 3857 in
1645 3800 1944 3874 aquitate,

228 3906 365 3951 cum
395 3892 466 3950 de
492 3908 701 3964 sponsa
739 3890 975 3965 caperit
1020 3890 1253 3963 exigere
1302 3889 1605 3947 rationem.
1657 3887 1944 3947 Nolumus

228 3979 435 4038 invehi
463 3996 636 4052 super
661 3979 814 4049 illos,
846 3979 944 4037 sed
977 3979 1084 4037 hoc
1114 3978 1303 4036 solum
1330 3982 1587 4044 caveant,
1623 3992 1696 4033 ne
1737 3975 1808 4033 de
1841 3991 1941 4048 pa-

229 4067 508 4127 trimonio
555 4067 835 4125 Gruciﬁxi
888 4066 1228 4125 lautioribus
1292 4064 1479 4138 epulis
1526 4062 1943 4134 infundantur,

233 4155 322 4213 vel
381 4156 737 4214 vestimentis
779 4163 1060 4214 ornentur
1100 4152 1488 4223 nitidioribus,
1534 4167 1607 4210 ne
1643 4151 1884 4210 audiant
1912 4165 1947 4209 a

230 4246 548 4321 propheta:
589 4268 609 4297 ι
667 4245 793 4304 Νοιι
837 4242 1333 4320 compatiebantur
1370 4257 1544 4315 super
1591 4242 1943 4302 contritione

229 4334 440 4408 Josepb
472 4338 675 4403 {.lmos.
709 4337 804 4407 VI).
839 4360 862 4386 ιι

304 4425 534 4485 Nonum
559 4436 645 4486 est
668 4427 1107 4486 monachorum.
1149 4425 1221 4484 Hi
1258 4430 1398 4484 sunt
1425 4423 1526 4500 qui
1555 4439 1587 4480 a
1623 4422 1939 4481 forensium

227 4530 535 4574 causarum
589 4515 939 4575 tumultibus
981 4515 1228 4589 elongati
1277 4512 1698 4572 ludiﬁcatorius
1745 4511 1946 4568 incan-

2035 1763 2212 1822 quam
2261 1748 2368 1819 illi,
2418 1750 2636 1825 quibus
2677 1757 2762 1810 est
2802 1767 2920 1810 una
2967 1766 3116 1822 caro,
3166 1767 3285 1811 una
3324 1766 3542 1824 mensa,
3590 1766 3751 1811 unus

2033 1842 2210 1907 torus,
2248 1836 2557 1897 bareditas
2583 1854 2703 1897 una
2723 1837 2752 1897 ?
2784 1860 2811 1893 «
2845 1838 3196 1899 Honorabile
3224 1839 3582 1914 conjugium,
3608 1839 3750 1899 dicit

2045 1922 2153 1982 Vas
2191 1924 2513 1999 electionis,
2543 1932 2702 1986 torus
2731 1927 3138 1986 immaculatus
3171 1929 3350 2000 (Hebr.
3386 1929 3527 2001 Xlll).
3558 1952 3580 1975 ο
3629 1927 3752 1986 Hoc

2037 2013 2422 2073 destruuntur
2453 2014 2777 2074 incestuosa
2807 2014 3092 2090 coniugia,
3125 2023 3180 2075 et
3216 2016 3606 2090 legitimorum
3625 2016 3750 2075 ha-

2040 2102 2242 2162 redum
2267 2102 2443 2175 digna
2476 2104 2777 2177 progenies
2805 2113 3170 2179 propagatur.
3201 2103 3341 2163 Hac
3369 2111 3505 2163 sunt
3541 2104 3753 2165 duode-

2036 2193 2149 2252 cim
2187 2201 2564 2266 sacramenta,
2598 2191 2746 2250 377
2776 2208 2905 2267 qua
2935 2194 3063 2266 (nisi
3096 2195 3277 2269 fallor)
3297 2195 3414 2254 illa
3445 2195 3747 2254 duodecim

2039 2301 2237 2344 cruces
2270 2285 2620 2359 signiﬁcant,
2648 2301 2793 2361 quas
2819 2287 2877 2344 in
2909 2285 3154 2345 circuitu
3191 2285 3448 2345 ecclesia
3484 2286 3751 2345 videmus

2040 2376 2368 2450 impressas.
2422 2375 2532 2435 Sed
2574 2377 2695 2451 jam
2733 2376 3111 2437 dimittendus
3156 2383 3241 2436 est
3280 2378 3480 2451 stylus,
3512 2376 3651 2451 quia
3693 2383 3752 2435 et

2041 2464 2265 2540 ingenii
2310 2473 2636 2540 paupertas,
2697 2471 2752 2523 et
2797 2465 3105 2523 inﬁrmitas
3140 2466 3348 2536 carnis,
3401 2479 3535 2539 qua
3583 2463 3753 2523 solito

2040 2554 2249 2614 durius
2293 2553 2623 2624 inundavit,
2654 2559 2853 2612 vetant
2896 2571 2988 2613 me
3016 2552 3236 2628 aliquid
3263 2552 3495 2627 longius
3524 2552 3751 2628 scripti—

2040 2652 2182 2703 tare.
2235 2644 2297 2704 Si
2354 2644 2659 2703 convalere
2714 2652 2969 2717 potuero,
3021 2660 3306 2719 exsequar
3360 2644 3515 2720 quod
3580 2644 3747 2718 capi,

2038 2736 2110 2795 ad
2169 2735 2450 2794 honorem
2482 2734 2659 2812 illius
2707 2736 2807 2809 qui
2865 2742 2951 2794 est
3002 2735 3336 2796 benedictus
3396 2738 3457 2795 in
3512 2736 3746 2796 sacula.

2038 2828 2245 2885 Amen.

2723 3020 3061 3083 SGHOLIA.

2105 3110 2396 3165 Duodecim
2468 3116 2818 3165 sacramenta
2884 3115 3011 3165 sunt
3061 3114 3123 3166 in
3198 3112 3453 3167 Ecclesia.
3535 3113 3742 3168 Constat

2034 3186 2356 3237 sacramenti
2409 3196 2601 3237 vocem
2654 3184 2961 3247 ambiguam
3013 3196 3171 3244 esse,
3231 3189 3399 3251 atque
3443 3197 3510 3237 ex
3576 3186 3748 3249 prima

2034 3255 2384 3319 impositione
2446 3267 2555 3307 non
2619 3253 2933 3318 signiﬁcare
2992 3257 3198 3307 tantum
3255 3267 3471 3309 sacrum
3529 3257 3747 3320 signum

2042 3324 2429 3378 sanctiﬁcantls
2456 3325 2657 3389 gratias,
2687 3329 2745 3377 ut
2777 3337 2810 3376 a
2842 3324 3113 3390 theologis
3134 3326 3539 3379 accommodata
3560 3330 3643 3379 est
3676 3324 3744 3379 ad

2038 3396 2400 3460 signiﬁcanda
2421 3397 2642 3461 propria
2674 3400 3031 3456 sacramenta,
3069 3398 3372 3461 prasertim
3404 3408 3557 3450 nova
3584 3396 3741 3461 legis,

2039 3480 2161 3533 qua
2201 3468 2403 3519 tantum
2434 3472 2558 3518 sunt
2603 3469 2836 3531 septem;
2875 3467 2972 3519 sed
3006 3480 3076 3522 ex
3125 3480 3186 3521 se
3220 3467 3381 3520 latius
3416 3467 3639 3520 extendi
3673 3468 3742 3519 ad

2042 3537 2461 3602 signiﬁcandum
2506 3537 2783 3603 quodlibet
2816 3538 3054 3590 abditum
3073 3538 3410 3603 mysterium,
3442 3537 3743 3602 prasertlm

2038 3609 2195 3669 illud,
2227 3610 2391 3674 quod,
2427 3621 2549 3661 cum
2582 3609 2863 3672 spirituale
2893 3611 2979 3671 sit,
3016 3610 3116 3662 sub
3161 3610 3432 3662 velamine
3460 3610 3739 3673 signorm

2038 3680 2356 3734 sensibilius
2388 3681 2532 3732 latet.
2568 3680 2627 3731 lit
2659 3680 2763 3733 hoc
2797 3692 2930 3745 ergo
2967 3692 3134 3734 sensu
3156 3681 3259 3733 hoc
3282 3681 3403 3733 loco
3424 3683 3639 3744 sumpta
3658 3685 3744 3733 est

2038 3765 2143 3804 vox
2178 3750 2286 3812 illa,
2317 3747 2695 3810 Sacramenta,
2731 3755 2789 3804 ut
2817 3756 3045 3813 constat,
3076 3756 3191 3804 tum
3223 3764 3294 3805 ex
3328 3753 3458 3803 tanti
3496 3752 3738 3804 Doctoris

2037 3823 2342 3876 eruditione
2367 3826 2422 3876 et
2454 3821 2577 3882 ﬁde,
2602 3824 2692 3888 qui
2717 3835 2823 3875 non
2858 3823 3135 3887 ignorabat
3157 3825 3362 3887 septem
3388 3826 3593 3874 tantum
3612 3833 3735 3874 esse

2035 3907 2192 3947 novae
2236 3893 2372 3958 legis
2426 3894 2645 3958 propria
2693 3898 3057 3954 sacramenta;
3104 3898 3218 3947 tum
3256 3894 3380 3958 quia
3414 3894 3574 3958 paulo
3612 3897 3737 3945 ante

2038 3968 2250 4019 dixerat
2283 3986 2296 4015 :
2332 3987 2356 4010 α
2388 3966 2445 4016 in
2487 3965 2726 4019 Ecclesia
2769 3967 3006 4030 contegi.
3023 3966 3376 4030 multiplicem
3419 3966 3738 4017 varietatem

2040 4039 2522 4089 sacramentorum.
2553 4056 2571 4079 ι
2620 4036 2729 4095 Quo
2775 4035 2945 4089 verbo
2994 4038 3264 4102 signiﬁcat
3312 4047 3373 4088 se
3423 4047 3534 4088 non
3587 4037 3735 4102 loqui

2041 4112 2245 4160 tantum
2300 4109 2368 4160 de
2421 4108 2643 4172 proprio
2707 4112 3173 4161 sacramentorum
3229 4117 3452 4172 genere,
3502 4107 3602 4159 sed
3670 4108 3740 4159 de

2041 4180 2185 4232 omni
2240 4179 2499 4231 varietate
2552 4183 2952 4243 mysteriorum,
3008 4180 3099 4233 vel
3148 4179 3590 4232 caeremoniarum
3652 4178 3739 4231 vi-

2042 4249 2277 4304 sibilium
2310 4290 2323 4313 ,
2390 4249 2585 4316 quibus
2643 4250 2882 4304 Ecclesia
2932 4257 3172 4306 ornatur.
3238 4250 3386 4311 Quod
3442 4253 3623 4303 autem
3681 4250 3739 4302 in

2051 4323 2155 4377 hac
2218 4324 2626 4375 enumeratione
2703 4323 3016 4375 ionnullam
3089 4323 3244 4376 affert
3303 4322 3688 4375 obscuritatem
3723 4362 3739 4378 .

1972 4396 2025 4455 D
2056 4396 2230 4449 solum
2283 4398 2383 4456 est,
2439 4405 2598 4458 quam
2646 4395 2905 4445 rationem
2958 4396 3014 4445 in
3064 4407 3125 4446 re
3174 4396 3471 4446 servaverit
3523 4392 3735 4444 Damia-

2028 4479 2151 4525 nus,
2197 4469 2253 4518 et
2292 4466 2598 4528 praserlim
2624 4476 2724 4516 cur
2764 4476 2833 4515 ex
2887 4472 3094 4528 septem
3138 4464 3376 4528 propriis
3420 4473 3737 4515 sacramen-

2029 4540 2099 4592 tis
2150 4547 2249 4589 sex
2302 4536 2722 4594 enumeraverit,
2766 4535 2969 4585 omisso
3012 4533 3295 4598 principali
3338 4544 3544 4592 eorum.
3593 4533 3734 4596 quoi

229 4606 474 4664 lationes
511 4605 844 4665 damonum
899 4607 1177 4679 patienter
1218 4604 1480 4663 eludunt.
1522 4602 1585 4660 1n
1628 4600 1944 4675 Scripturis
2030 4614 2115 4663 est
2173 4608 2584 4679 sacrosanctum
2626 4604 2967 4679 eucharistia
3016 4604 3373 4679 mysterium:
3418 4615 3529 4656 cur.
3568 4605 3734 4679 etiam

225 4692 482 4764 assidui,
532 4694 588 4751 in
642 4694 970 4753 obedientia
1023 4693 1319 4767 pracipui,
1387 4690 1591 4750 fervidi
1637 4689 1937 4754 charitate,

221 4782 410 4841 beata
475 4784 638 4842 urbis
699 4784 912 4859 gaudia
980 4802 1012 4841 e
1089 4782 1378 4841 vestibulo
1450 4780 1940 4853 contemplantur.

221 4868 707 4945 Circumspiciant
769 4880 956 4929 tamen
1024 4870 1379 4943 semetipsos,
1440 4886 1510 4928 ne
1570 4869 1632 4927 in
1695 4867 1943 4943 amplio-

222 4957 305 5016 ris
353 4973 603 5031 corona,
642 4958 733 5017 vel
786 4959 1025 5019 laxioris
1072 4958 1442 5017 calceamenti
1494 4957 1714 5016 vilitate
1762 4958 1943 5017 conii-

2030 4692 2101 4733 ex
2162 4677 2476 4740 impropriis
2530 4680 2586 4727 et
2646 4675 2752 4728 late
2808 4674 2964 4726 dictis
3019 4676 3372 4727 sacramentis
3408 4712 3423 4735 ,
3476 4686 3571 4727 sex
3633 4674 3735 4726 alta

2033 4749 2460 4809 enumeraverit,
2518 4758 2640 4800 cum
2692 4747 2855 4798 etiam
2907 4746 3114 4798 ratione
3166 4746 3281 4810 pari
3337 4748 3576 4810 poluerit
3624 4746 3732 4797 alia

2034 4817 2316 4886 complura
2367 4829 2674 4877 numerare,
2728 4820 2787 4870 ut
2839 4828 3095 4870 vasorum
3145 4827 3425 4869 sacrorum
3469 4820 3523 4869 et
3577 4817 3736 4870 vesti-

2036 4894 2347 4945 mentorum
2399 4890 2831 4943 benedictionem
2864 4929 2877 4951 ,
2935 4893 3026 4941 aut
3089 4888 3551 4941 consecrationem
3575 4926 3588 4948 ,
3649 4899 3734 4940 sa-

2030 4962 2444 5018 cramentalium
2507 4963 2747 5014 omnium
2802 4961 3212 5023 institutionem,
3279 4964 3334 5011 et
3402 4958 3737 5012 benedictio-

217 5046 380 5119 dant,
432 5063 566 5106 cum
618 5048 791 5106 homo
846 5048 1036 5106 videat
1093 5048 1151 5105 in
1189 5046 1352 5109 facie.
1391 5045 1547 5104 Deus
1607 5053 1804 5105 autem
1882 5046 1941 5105 in

2052 5050 2171 5095 tem,
2226 5038 2287 5086 ut
2333 5046 2488 5119 aqua
2528 5032 2786 5119 lustralis,
2820 5033 2975 5119 panis
3027 5031 3315 5119 benedicti,
3338 5035 3401 5119 ‘et
3445 5041 3734 5119 ceramex

218 5136 413 5194 corde.

292 5222 597 5285 Decimum
637 5235 722 5285 est
767 5225 1162 5297 eremitarum,
1197 5225 1300 5301 qui
1332 5240 1433 5299 per
1470 5240 1746 5284 cavernas
1772 5241 1943 5286 mon-

222 5311 374 5371 tium
417 5319 475 5371 et
512 5313 766 5374 vallium
806 5329 1057 5374 concava
1097 5313 1402 5384 latitantes,
1431 5312 1706 5385 angelicis
1747 5315 1942 5374 sociati

2026 5120 2131 5172 qua
2171 5117 2344 5171 agnus
2389 5106 2480 5157 Dei
2514 5104 2822 5164 conﬁcitur;
2882 5105 3011 5155 item
3059 5104 3370 5164 exorciamt,
3414 5106 3467 5154 et
3506 5101 3731 5161 similia;

2023 5181 2080 5232 et
2095 5192 2163 5232 ex
2193 5178 2319 5237 illis,
2367 5188 2488 5242 qua
2516 5179 2779 5242 numerat,
2802 5173 2972 5227 multa
2994 5185 3105 5227 non
3138 5173 3432 5227 videantur
3460 5173 3731 5232 distincta,

2025 5254 2089 5304 ut
2114 5253 2241 5303 sunt
2276 5240 2413 5300 varii
2444 5240 2825 5309 religiosorum
2850 5248 3035 5298 status.

2112 5319 2406 5376 Dicendum
2469 5330 2604 5372 vero
2655 5322 2738 5373 est
2795 5319 2849 5369 in
2911 5318 3099 5384 primis
3157 5321 3401 5371 sanctum
3459 5315 3734 5372 doctorem

281 5498 424 5563 (120)
456 5500 664 5565 Legant
693 5500 808 5554 hac
835 5499 1043 5555 inertes
1076 5500 1326 5555 canonici
1358 5500 1452 5569 qui
1477 5500 1612 5555 nihil
1644 5501 1791 5558 aliud
1816 5514 1978 5572 quam
2010 5507 2194 5560 cutem
2221 5504 2432 5560 curant.
