4108 6206
389 206 496 267 903

1009 206 1068 265 S.
1115 204 1334 264 PETRI
1376 203 1696 263 DAMIANI
1736 203 1891 263 ()PP.
1939 201 2127 262 PARS
2170 201 2310 261 SEU
2351 203 2602 264 TOMUS
2643 203 2717 261 II.
2760 234 2824 246 -—
2869 201 3282 263 SEBMONES.

3784 204 3900 266 904

387 344 493 384 non
522 332 744 387 omnino
792 331 1204 396 praetermisisse
1246 329 1588 382 eucharistias
1637 333 2035 382 sacramentum
2070 330 2146 388 εΑ
2179 333 2338 393 atque
2393 329 2526 383 adeo
2579 329 2870 393 religiosos
2917 339 3108 382 omnes
3157 327 3465 382 ciericalem
3513 332 3709 384 statum
3769 343 3897 393 pro-

389 416 515 456 nam
557 409 715 457 sexto
752 404 870 456 loco
935 403 1220 455 declarans
1276 405 1674 452 sacramentum
1731 401 2087 452 Dedicationis

383 475 650 534 Ecclesiae,
677 475 854 526 subdit
879 474 995 526 haec
1017 475 1182 525 verba
1211 494 1222 521 :
1269 493 1288 516 ι
1317 471 1435 524 Post
1466 471 1581 523 haec
1609 473 1755 523 omni
1793 473 2086 523 vestimen-

379 549 559 597 torum
611 546 784 610 gioria
835 543 1138 595 cumulatus
1189 543 1494 606 ingreditur
1543 543 1611 594 ad
1669 541 1857 601 altare,
1917 544 2087 594 sacri-

385 616 567 669 ﬁcium
626 616 902 678 singulare
955 615 1348 672 celebraturus,
1412 617 1466 664 et
1523 614 1603 666 sic
1645 613 2088 666 sanctiﬁcationis

386 687 551 741 ﬁnem
585 685 953 750 impositurus.
981 706 998 729 ο
1030 687 1163 746 Ecce
1195 687 1295 738 sub
1333 687 1435 737 hoc
1471 689 1812 737 sacramento
1847 686 2080 750 comple-

387 762 546 811 ctitur
592 759 1037 821 augustissimum
1091 757 1430 810 eucharistiae
1496 757 1837 820 mysterium.
1902 757 1960 808 Et
2015 770 2085 810 ne

382 830 660 882 videretur
678 841 994 891 supremum
1019 833 1418 880 sacramentum
1441 827 1633 884 obiter,
1660 832 1712 879 et
1754 829 1911 890 quasi
1937 828 2085 880 aliud

384 913 556 966 agens
590 901 852 964 attigisse,
875 900 1154 963 subjungit
1177 914 1189 950 :
1217 921 1242 942 α
1268 899 1393 957 Quis
1411 899 1574 961 hujus
1592 899 1774 961 abyssi
1792 899 2084 962 caliginem

384 971 656 1025 sermonis
677 971 917 1027 claritate
940 973 1105 1034 possit
1131 969 1483 1022 illuminare?
1506 971 1883 1032 Attigissemus
1905 973 2084 1023 tamen

385 1041 949 1107 quantulumcunque,
984 1042 1088 1092 nisi
1124 1042 1325 1092 nostris
1359 1040 1694 1104 temporibus
1729 1041 1964 1106 quidam.
1997 1043 2087 1105 qui

386 1113 696 1166 carnotensi
745 1115 997 1176 praesidet
1031 1111 1295 1170 Ecclesiae,
1349 1113 1691 1164 vivacissimo
1728 1114 1924 1164 mentis
1959 1113 2086 1176 igne

380 1183 612 1236 lucidius
634 1185 814 1236 omnia
839 1184 1186 1235 declarasset.
1224 1184 1296 1234 Ad
1331 1183 1484 1234 illum
1519 1183 1682 1246 igitur
1710 1182 2085 1245 plenissimum

381 1255 600 1316 fontem,
655 1255 926 1306 sitientem
973 1255 1251 1314 mittimus,
1311 1253 1401 1306 ubi
1444 1252 1821 1314 plenissimam
1874 1253 2085 1305 hauriat

381 1325 683 1378 veritatem.
724 1345 743 1368 η
819 1326 979 1376 Hisce
1031 1331 1210 1377 autem
1285 1324 1471 1376 verbis
1537 1322 1795 1375 lectorem
1869 1324 2084 1376 videtur

2179 402 2396 453 ﬁtentes
2451 400 2892 462 comprehendit;
2939 400 3137 452 deinde
3190 401 3577 452 monachorum
3635 401 3689 452 in
3742 412 3901 452 com-

2179 476 2330 523 muni
2397 471 2740 529 viventium,
2810 476 2862 523 et
2930 472 3278 524 eremitarum
3366 472 3660 522 solitariam
3729 473 3902 523 vitam

2180 544 2481 605 agentium,
2524 546 2577 592 et
2613 543 2928 594 moniaiium
2975 542 3285 603 religiosam
3335 547 3502 593 etiam
3551 543 3719 593 vitam
3766 555 3893 603 pro-

2180 614 2466 675 ﬁtentium,
2501 626 2664 678 quam
2705 615 3101 677 professionem
3134 613 3448 676 religiosam
3509 614 3652 664 inter
3703 625 3899 666 sacra-

2178 691 2361 738 menta
2417 697 2538 748 quae
2595 689 2793 737 ornant
2825 684 3117 737 Ecciesiam
3162 697 3271 736 non
3312 686 3580 736 immerito
3632 697 3896 735 numera-

2176 760 2273 809 vit.
2331 761 2496 820 Atque
2554 757 2626 806 ita
2691 755 2987 819 probabilis
3039 756 3176 807 ratio
3239 755 3401 820 hujus
3459 756 3897 807 enumerationis

2176 833 2402 881 constat.
2460 829 2704 892 satisque
2743 827 2804 878 ﬁt
2860 826 3196 884 dubitationi,
3263 839 3364 878 cur
3427 826 3531 878 alia
3583 829 3833 878 omiserit
3879 847 3893 875 :

2177 905 2268 953 aut
2323 901 2468 952 enim
2509 900 2576 951 ad
2620 899 2735 952 haec
2788 898 2943 952 facile
2989 899 3175 951 reduci
3219 903 3468 962 possunt,
3503 904 3594 950 aut
3636 899 3702 950 ad
3742 911 3896 963 pre-

2178 973 2375 1025 dictam
2418 970 2675 1024 Ecclesiae
2724 971 3094 1026 auctoritatem
3139 982 3238 1034 per
3277 983 3338 1024 se
3385 982 3496 1023 non
3553 969 3891 1022 referuntur.

2799 1106 3047 1166 SEBMO
3099 1107 3271 1166 LXX.

2564 1228 2622 1272 Il.
2680 1227 2741 1272 IN
2787 1226 3134 1276 DEDICATION
3169 1225 3514 1274 EECCLESIE.

2237 1343 2265 1375 α
2293 1321 2536 1380 Immola
2576 1321 2691 1380 Deo
2745 1321 3097 1380 sacriﬁcium
3151 1321 3338 1384 laudis
3387 1327 3444 1380 et
3489 1321 3660 1380 redde
3705 1321 3888 1381 Altis-

379 1395 1105 1484 ἷεὲίέἒίαῗξεῖἒέἒὲνῘὲἒἮἮ
1123 1393 2084 1484 “1'39"?.‘i‘£“{‘1‘33§‘§§7§_89f§‘
2164 1410 2312 1469 simo
2355 1417 2486 1468 vota
2528 1418 2623 1470 tua
2664 1412 2830 1478 (Psal.
2874 1416 3063 1479 XLIX).
3101 1435 3120 1459 -
3172 1409 3307 1468 Tria
3356 1415 3495 1470 sunt
3541 1409 3890 1484 principalia

377 1469 518 1531 copi,
551 1469 820 1521 Adeodato
858 1469 1131 1531 scriptam.
1186 1468 1296 1518 Non
1335 1479 1468 1530 ergo
1503 1468 1680 1518 omisit
1712 1471 1934 1518 sanctus
1968 1479 2082 1519 car-

378 1538 574 1591 dinalis
604 1542 821 1590 omnino
846 1539 949 1590 hoc
981 1540 1223 1588 divinum
1247 1544 1664 1598 sacramentum,
1692 1539 1787 1590 sed
1817 1538 2080 1603 quidquid

378 1609 656 1662 Fulbertus
683 1609 748 1660 de
773 1610 863 1661 illo
915 1610 1148 1673 scripsit,
1176 1621 1272 1660 sua
1307 1609 1623 1660 interfuisse
1657 1609 1886 1660 videtur.
1914 1614 2076 1666 Adde.

2163 1505 2219 1557 et
2249 1499 2497 1572 perfecta
2529 1500 2806 1558 sacriﬁcia
2825 1547 2840 1571 ,
2880 1516 3018 1574 qum
3046 1499 3284 1560 reddere
3316 1505 3584 1559 tenemur
3615 1498 3886 1558 Domino.

2167 1589 2530 1648 Sacriﬁcium
2572 1591 2683 1664 pia:
2721 1591 3084 1650 contritionis
3112 1637 3126 1662 ,
3165 1590 3515 1650 sacriﬁcium
3549 1591 3727 1662 justze
3757 1606 3891 1666 ope-

381 1682 625 1754 potuisse
647 1683 807 1754 etiam
840 1683 1252 1746 praetermittere
1287 1683 1716 1754 numerationem
1737 1680 2138 1754 eucharistizeB
2165 1677 2422 1748 rationis,
2465 1679 2815 1738 sacriﬁcium
2862 1679 3050 1738 laudis
3090 1680 3182 1738 vel
3221 1679 3604 1754 juhiiationis.
3658 1680 3888 1739 Horum

383 1751 1510 1842 {El-{HE29°9f9ifﬁffﬁffﬂeﬂ‘f;ﬂ‘ﬂﬂ
1541 1752 2078 1842 ‘aP}“_‘{'_§§fB§[_de
2161 1767 2278 1826 duo
2306 1769 2367 1826 in
2397 1770 2667 1842 praesenti
2707 1774 2844 1828 sunt
2871 1751 3478 1839 necessariaptertium
3509 1769 3601 1828 hic
3641 1770 3888 1829 inchoa-

383 1825 756 1881 sacramentis,
781 1836 877 1874 seu
902 1823 1208 1874 visibilibus
1229 1824 1418 1886 signis,
1443 1836 1564 1887 quae
1585 1823 1652 1874 ad
1675 1825 2079 1878 venerationem

382 1898 434 1946 et
457 1894 719 1946 honorem
743 1896 902 1958 hujus
925 1893 1370 1945 excellentissimi
1387 1899 1712 1946 sacramenti
1736 1895 2077 1958 ordinantur,

381 1967 435 2018 et
468 1967 524 2016 in
549 1965 884 2018 dedicatione
910 1965 1160 2017 Ecclesiae
1188 1965 1506 2028 ﬁgurantur.
1536 1966 1717 2030 itaque
1751 1965 2078 2019 eucharistia

380 2047 489 2088 non
535 2035 708 2089 solum
758 2040 1176 2098 sacramentum,
1229 2036 1327 2088 sed
1381 2039 1544 2088 etiam
1603 2037 1842 2088 continet
1908 2039 1959 2087 in
2017 2051 2078 2090 se

378 2107 544 2161 ﬁnem
600 2114 1064 2168 sacramentorum
1121 2108 1393 2167 omnium;
1461 2121 1564 2160 nec
1625 2113 1711 2160 est
1757 2108 1933 2160 solum
2001 2111 2081 2162 si-

383 2191 568 2242 gnum,
609 2179 708 2231 sed
745 2180 905 2230 etiam
953 2191 1061 2239 res,
1112 2181 1178 2239 ad
1233 2191 1394 2244 quam
1435 2191 1592 2232 sacra
1643 2181 1798 2243 signa
1848 2180 2082 2232 referun-

377 2255 498 2312 tur;
555 2255 607 2302 et
661 2252 781 2302 ideo
831 2263 940 2301 non
987 2254 1308 2302 numeratur
1361 2251 1504 2302 inter
1559 2254 1912 2311 sacramenta,
1964 2264 2084 2316 qua:

376 2327 503 2373 sunt
558 2325 764 2374 tantum
831 2321 1169 2374 caeremoniae
1226 2321 1311 2373 vel
1380 2321 1536 2384 signa
1589 2335 1760 2374 sacra.
1816 2321 1965 2375 Unde
2028 2325 2083 2374 in

375 2405 536 2447 Serm.
595 2395 624 2445 II
681 2394 753 2444 De
819 2393 1010 2444 eadem
1068 2391 1306 2444 Ecclesia
1351 2390 1745 2453 Dedicatione,
1803 2395 1876 2446 ait
1940 2396 2085 2446 idem

377 2469 604 2518 auctor:
661 2491 682 2511 οι
718 2464 812 2516 Per
864 2465 1004 2526 hoc,
1061 2464 1206 2528 quod
1262 2465 1315 2520 in
1367 2465 1545 2515 sacris
1587 2465 1852 2517 altaribus
1901 2465 2078 2516 Domi-

374 2539 499 2589 nico
553 2537 769 2601 corpori
818 2541 1128 2588 sanctorum
1174 2535 1415 2600 reliquiae
1469 2537 1812 2601 capulantur,
1868 2539 2082 2589 unitum

380 2607 718 2672 Redemptori
757 2619 856 2658 suo
897 2610 1095 2658 sanctae
1129 2605 1381 2657 Ecclesiae
1415 2617 1616 2670 corpus
1668 2609 1991 2667 ostenditur,
2030 2612 2082 2660 et

382 2682 536 2742 quasi
559 2691 796 2744 sponsus
824 2691 948 2728 cum
971 2689 1172 2740 sponsa
1204 2679 1256 2727 in
1279 2682 1464 2728 sancto
1489 2678 1676 2729 altaris
1704 2679 1940 2731 thalamo
1965 2681 2078 2732 col-

377 2749 606 2803 locatur.
639 2768 664 2795 »
693 2751 873 2814 itaque
908 2751 961 2799 in
991 2749 1244 2811 praesenti
1264 2761 1517 2800 sermone
1549 2749 1643 2802 illa
1674 2755 1880 2803 tantum
1900 2764 2078 2804 sacra-

377 2825 570 2872 menta
600 2823 867 2880 numerat,
897 2819 1092 2883 quibus
1125 2832 1324 2880 sponsa
1355 2825 1580 2872 ornatur
1607 2841 1619 2870 :
1654 2827 1708 2873 et
1740 2822 1862 2874 ideo
1889 2823 2082 2876 merito

376 2894 551 2954 potuit
602 2893 742 2942 inter
790 2889 880 2941 illa
934 2902 1192 2952 sponsum
1245 2890 1421 2952 ipsum
1461 2903 1569 2942 non
1617 2904 1924 2950 numerare,
1985 2895 2083 2946 sed

381 2962 556 3014 solum
582 2961 863 3022 attingere,
888 2963 1143 3024 tanquam
1166 2960 1414 3013 ultimum
1440 2962 1901 3026 complementum
1922 2965 2084 3016 totius

2163 2217 2404 2291 justitize
2457 2219 2628 2284 (Psal.
2687 2223 2764 2285 L).
2795 2240 2820 2266 τι
2877 2216 2958 2275 De
3009 2217 3174 2276 tertio
3235 2237 3247 2275 :

2164 1864 2278 1928 tur,
2309 1866 2364 1916 et
2402 1859 2464 1916 in
2493 1860 2691 1917 futuro
2720 1859 3243 1918 consummabitur.
3295 1859 3377 1917 De
3405 1859 3590 1932 primo
3621 1860 3882 1918 dicitur:

2167 1969 2187 1997 «
2233 1943 2597 2005 Sacriﬁcium
2637 1947 2752 2006 Deo
2789 1947 3028 2020 spiritus
3067 1947 3488 2006 contribulatus
3517 1951 3690 2016 (Psal.
3733 1954 3815 2014 L).
3850 1971 3878 1997 ι

2170 2035 2251 2094 De
2321 2037 2572 2094 secundo
2638 2053 2651 2086 :
2725 2060 2751 2087 ι
2819 2035 3146 2095 Sacriﬁcate
3211 2036 3560 2095 sacrificium
3630 2037 3882 2110 jnstitias

2169 2131 2335 2200 (Psal.
2379 2129 2489 2198 IV);
2525 2153 2551 2176 η
2593 2133 2648 2186 et
2687 2127 2868 2186 alibi:
2916 2153 2940 2176 «
2970 2128 3135 2188 Tunc
3169 2128 3485 2201 acceptabis
3523 2129 3884 2187 sacriﬁcium

3311 2242 3336 2265 «ι
3371 2217 3577 2278 Beatus
3630 2217 3886 2292 populus

2169 2307 2268 2380 qui
2295 2306 2400 2364 scit
2427 2307 2832 2380 juhilationem
2867 2311 3039 2375 (Psal.
3077 2314 3400 2376 LXXXVIII).
3433 2333 3459 2356 ››
3485 2307 3628 2365 Item
3659 2332 3673 2365 ε
3712 2331 3735 2359 ι
3772 2308 3885 2368 Sa-

2169 2397 2455 2456 criﬁcium
2510 2397 2698 2457 laudis
2765 2400 3168 2458 honoriﬁcabit
3225 2417 3314 2458 me
3373 2403 3542 2469 (Psal.
3615 2407 3815 2468 XLIX).
3853 2424 3877 2451 ι

2171 2483 2434 2544 Primum
2482 2489 2834 2547 sacrificium
2874 2489 3059 2563 placat
3108 2491 3312 2560 Deum,
3354 2491 3678 2549 secundum
3725 2491 3885 2549 dele-

2169 2581 2302 2644 ctat,
2329 2575 2566 2634 tertium
2595 2577 2856 2636 honorat.
2897 2577 3024 2636 Non
3064 2586 3225 2638 curat
3263 2579 3413 2638 Deus
3460 2580 3532 2637 de
3569 2581 3661 2638 his
3699 2580 3878 2636 sacri-

2167 2662 2314 2722 ficiis
2347 2707 2361 2734 ,
2420 2663 2533 2722 nisi
2591 2665 2907 2724 medullata
2965 2665 3082 2723 sint
3133 2673 3190 2723 et
3244 2667 3520 2740 saginata.
3576 2666 3743 2724 Unde
3800 2667 3882 2725 ait

2165 2753 2681 2827 psalmographus:
2729 2781 2754 2804 κ
2790 2753 2950 2814 Sicut
2976 2755 3145 2828 adipe
3168 2763 3224 2814 et
3257 2755 3609 2830 pinguedine
3654 2756 3878 2830 replea-

2169 2848 2262 2900 tur
2289 2841 2488 2900 anima
2513 2858 2640 2900 mea
2670 2847 2840 2914 (Psal.
2873 2846 3040 2914 LXII).
3075 2867 3099 2895 η

2235 2932 2301 2990 Ιι]
2344 2933 2475 3006 lege
2512 2935 2703 2992 omnis
2741 2935 2914 3008 adeps
2949 2935 3147 2994 otferri
3189 2935 3450 3009 jubetur,
3499 2941 3555 2994 et
3601 2931 3881 2993 holocau-

377 3037 604 3106 ornatus
657 3033 901 3106 ejusdem
938 3022 1167 3106 sponsae.
1202 3031 1349 3106 [inde
1385 3038 1438 3086 et
1473 3035 1528 3086 ln
1561 3022 1751 3087 eodem
1778 3037 2078 3088 sermonet
2105 3027 2324 3106 (38mm
2384 3022 2599 3098 pingue
2655 3025 2939 3084 laUdalur-
2987 3026 3128 3084 Caro
3175 3026 3333 3084 ΘΠῘΠΙ
3382 3041 3593 3095 macra:
3643 3032 3700 3082 εἴ
3745 3024 3876 3082 Siue

378 3105 580 3188 ρριίωθ
640 3102 916 3188 cqncludjt
954 3104 1154 3188 “omnia
1204 3103 1294 3188 illa
1357 3108 1698 3188 sacramenta
1757 3105 1951 3188 referri
2008 3109 2074 3160 ad
2117 3102 2147 3106 'V
2165 3112 2547 3187 pinguedine,
2578 3128 2765 3186 neque
2806 3115 3038 3188 quando
3075 3114 3394 3173 comeditur
3427 3120 3660 3188 praestat
3702 3128 3872 3186 sapo-

375 3174 638 3228 honorem
672 3176 918 3236 corporis
954 3174 1176 3234 Domini,
1212 3177 1266 3226 et
1324 3178 1641 3228 memoriam
1674 3178 1865 3228 mortis
1904 3181 2024 3240 ejus
2061 3199 2073 3228 :

378 3268 397 3292 .
432 3247 658 3310 Dignum
683 3249 764 3297 est
788 3258 941 3309 ergo,
968 3247 1155 3310 inquit,
1184 3249 1242 3296 ut
1272 3246 1325 3296 in
1351 3246 1526 3308 altari,
1569 3259 1734 3312 super
1764 3248 1910 3311 quod
1948 3261 2075 3301 cor-

371 3330 475 3383 pus
503 3318 835 3372 Dominicum
861 3316 1062 3380 jugiter
1088 3317 1411 3376 immolatur.
1444 3330 1592 3372 mors
1625 3321 1748 3383 ejus
1789 3320 1953 3372 etiam
1980 3333 2076 3386 per

371 3401 555 3442 rerum
577 3387 928 3442 invisibilium
958 3387 1242 3450 aenigmata
1264 3390 1554 3441 nuntietur.
1584 3408 1602 3434 ι
1649 3391 1701 3441 Si
1736 3391 1859 3455 quis
1896 3398 2073 3443 autem

372 3463 521 3514 recte
563 3460 872 3512 consideret
922 3458 1093 3511 sancti
1143 3457 1433 3510 cardinalis
1479 3460 1648 3513 verba
1691 3462 1783 3514 illa
1821 3476 1836 3513 :
1892 3483 1916 3506 α
1946 3463 2077 3514 Duo-

371 3531 547 3584 decim
600 3533 935 3585 sacramenta
985 3533 1115 3582 sunt
1178 3531 1230 3580 in
1285 3529 1563 3590 Ecclesia.
1629 3532 1776 3584 circa
1847 3545 2077 3593 quorum

375 3603 685 3654 instantiam
768 3600 1063 3654 reﬂectitur
1117 3599 1424 3651 Christianae
1491 3600 1771 3665 religionis
1830 3605 2074 3656 auctori-

367 3675 540 3732 tas,»
587 3671 849 3734 intelliget
912 3673 1093 3736 ipsum
1146 3671 1323 3723 solum
1358 3670 1599 3724 voluisse
1657 3685 1948 3726 numerare
1984 3673 2080 3725 illa

368 3746 743 3806 sacramenta,
801 3743 855 3795 id
916 3746 1034 3801 est,
1090 3741 1478 3804 caeremonias,
1544 3746 1638 3795 aut
1704 3743 2078 3796 observantias

375 3815 775 3868 ecclesiasticas
806 3854 819 3876 ,
871 3814 1067 3878 quibus
1123 3811 1376 3865 Ecclesiae
1438 3813 1681 3866 membra
1736 3817 1826 3868 vel
1876 3819 2080 3868 consti-

375 3889 639 3946 tuuntur,
684 3885 770 3938 vel
822 3885 1177 3948 perﬁciuntur
1221 3887 1275 3936 et
1325 3890 1628 3948 ornantur,
1686 3891 1778 3938 aut
1827 3889 2082 3940 mundan-

372 3961 480 4020 tur,
523 3957 608 4010 vel
655 3958 710 4008 in
747 3957 997 4010 diversos
1035 3955 1242 4020 gradus
1285 3958 1340 4007 et
1391 3956 1610 4009 ordines
1657 3958 2076 4022 distinguuntur.

373 4029 484 4082 Hac
531 4041 667 4092 ergo
720 4031 926 4080 ratione
976 4028 1129 4092 ponit
1163 4026 1504 4091 Baptismum,
1549 4031 1805 4094 tanquam
1849 4031 2078 4094 primam

371 4100 626 4151 Ecclesiae
701 4098 1122 4162 professionem,
1191 4103 1244 4150 et
1308 4099 1465 4162 quasi
1524 4100 1668 4152 viam
1748 4114 1847 4164 per
1915 4114 2077 4166 quam

373 4171 623 4222 Ecclesiae
685 4169 928 4222 membra
992 4169 1409 4222 constituuntur.
1476 4169 1567 4221 Cui
1633 4171 1884 4236 adjungit
1943 4185 2073 4225 con-

372 4240 754 4301 ﬁrmationem,
807 4242 1060 4303 tanquam
1114 4239 1500 4302 perfectionem
1553 4243 1692 4304 ejus,
1751 4248 1804 4295 et
1863 4256 2078 4296 sacram
2123 4266 2126 4270 ·

371 4310 702 4372 unctionem,
761 4313 812 4361 ei
851 4307 1264 4366 confessionem,
1325 4311 1578 4372 tanquam
1636 4313 1939 4365 medicinas
1992 4315 2077 4366 his

373 4379 631 4434 membris
679 4381 1017 4433 necessarias
1059 4380 1127 4432 ad
1185 4379 1469 4432 sanitatem
1530 4382 1722 4436 animae
1775 4391 1830 4437 et
1877 4397 2073 4448 corpo-

372 4454 468 4511 ris,
533 4451 580 4505 si
647 4451 920 4515 expediat.
988 4450 1242 4516 Adjungit
1297 4451 1492 4504 deinde
1552 4453 1657 4506 duo
1715 4460 2073 4518 sacramenta,

372 4522 580 4576 ordinis
623 4529 680 4577 et
731 4523 1074 4581 matrimonii,
1119 4521 1316 4586 quibus
1361 4523 1468 4574 duo
1518 4526 1742 4579 ordines
1798 4527 2068 4579 membro-

375 4606 497 4646 rum
550 4595 800 4648 Ecclesiae
866 4594 1096 4660 (scilicet
1146 4593 1638 4647 ecciesiasticorum
1691 4602 1744 4649 et
1793 4600 2074 4664 laicorum)

378 4665 801 4728 distinguuntur.
889 4666 1033 4718 inter
1080 4664 1246 4716 laicos
1291 4668 1474 4716 autem
1525 4679 1623 4718 rex
1685 4672 1926 4731 tantum,
1982 4675 2075 4722 aut

374 4737 669 4799 imperator
747 4738 962 4790 videtur
1037 4735 1109 4788 ad
1195 4735 1489 4799 specialem
1573 4743 1947 4794 auctoritatem
2020 4747 2075 4796 et

374 4806 751 4860 defensionem
819 4807 1065 4862 Ecclesiae
1123 4808 1422 4870 pertinere,
1474 4811 1528 4858 et
1592 4810 1712 4863 ideo
1777 4815 1917 4863 inter
1980 4814 2072 4864 illa

376 4881 714 4932 sacramenta
773 4881 923 4942 ponit
975 4878 1121 4941 regis
1182 4877 1509 4928 unctionem.
1588 4880 1732 4932 lnter
1811 4883 2068 4936 eccles‘a-

377 4951 541 5002 sticas
585 4963 715 5002 vero
766 4961 1031 5013 personas
1094 4951 1207 5000 tres
1259 4947 1464 5010 gradus
1512 4949 1772 5014 distingui
1825 4961 2074 5017 possunt,

373 5021 581 5074 scilicet
626 5020 956 5084 pontiﬁcum,
1009 5021 1350 5080 clericorum,
1395 5023 1446 5069 et
1489 5020 1887 5085 religiosorum.
1923 5026 2081 5078 Addit

377 5104 509 5156 ergo
561 5095 956 5144 sacramentum
1011 5090 1175 5146 illud,
1235 5100 1341 5151 quo
1406 5092 1689 5150 pontiﬁces
1745 5105 2074 5147 consecran-

373 5166 480 5224 tur,
545 5161 648 5214 sub
701 5174 808 5226 quo
856 5165 1024 5214 totum
1075 5172 1292 5213 sacrum
1342 5160 1592 5213 ordinem
1647 5169 1700 5216 et
1753 5164 2080 5218 clericorum

377 5243 720 5286 communem
779 5237 973 5285 statum
1023 5229 1449 5296 comprehendit.
1503 5232 1702 5288 Deinde
1756 5249 1888 5289 vero
1943 5238 2074 5289 reit-

387 5305 661 5367 giosorum
701 5308 894 5363 statum
953 5316 1017 5356 ac
1081 5301 1494 5368 professionem,
1559 5311 1617 5357 ut
1671 5307 1904 5360 maxime
1960 5321 2078 5372 per-

387 5374 650 5427 tinentem
714 5375 782 5427 ad
833 5374 1085 5428 Ecclesiae
1139 5372 1511 5427 auctoritatem
1568 5387 1633 5430 ac
1699 5379 2084 5441 perfectionem

396 5448 699 5508 enumerat,
734 5448 788 5499 et
837 5447 894 5497 in
949 5449 1178 5510 quatuor
1225 5443 1446 5513 ordines
1479 5445 1760 5513 distinguit
1808 5465 1821 5499 :
1878 5450 2084 5510 scilicet

395 5518 780 5571 canonicorum
816 5553 833 5582 ,
901 5509 1002 5583 per
1063 5531 1202 5585 quos
1244 5509 1392 5577 379
1457 5509 1736 5584 regulares
1795 5509 2084 5577 annuens

2162 3219 2317 3274 rem,
2376 3219 2567 3279 neque
2623 3205 2854 3278 quando
2908 3211 3135 3265 assatur
3190 3205 3376 3264 reddit
3428 3205 3682 3264 odorem.
3734 3203 3876 3262 Haec

2161 3298 2354 3351 autem
2383 3292 2671 3366 pinguedo
2705 3309 2818 3352 non
2851 3288 3125 3366 corporis,
3158 3295 3257 3353 sed
3291 3295 3527 3368 spiritus
3555 3313 3568 3362 ;
3598 3309 3718 3353 non
3754 3309 3875 3352 car-

2162 3381 2295 3450 nis,
2349 3381 2448 3440 sed
2509 3383 2720 3440 mentis
2771 3382 3022 3457 intelligi
3075 3383 3260 3442 debet.
3322 3383 3615 3456 Pinguedo
3655 3383 3872 3442 animm

2169 3466 2407 3525 virtutes
2456 3475 2612 3526 sunt.
2647 3468 2755 3527 Hie
2797 3471 3052 3528 suaviter
3102 3470 3378 3542 redolent,
3417 3473 3508 3529 has
3537 3471 3601 3528 in
3641 3470 3743 3529 Dei
3776 3486 3868 3528 sa-

2162 3554 2382 3612 criﬁcio
2418 3555 2663 3614 Domino
2691 3557 2935 3629 placent,
2977 3565 3031 3616 et
3062 3561 3188 3617 sine
3235 3559 3326 3617 his
3375 3560 3606 3618 nullum
3647 3560 3870 3622 sacriﬁ—

2161 3643 2324 3701 cium
2357 3651 2441 3702 est
2463 3646 2829 3718 acceptabile.
2861 3645 2984 3705 Hoc
3010 3647 3178 3721 adipe
3213 3649 3458 3722 pingues
3487 3654 3647 3706 erant
3683 3647 3770 3706 illi
3799 3648 3872 3706 de

2167 3734 2384 3809 quibus
2429 3734 2640 3792 dicitur
2689 3755 2701 3792 :
2760 3759 2780 3786 ι
2829 3735 3325 3796 Manducaverunt
3368 3745 3426 3796 et
3485 3737 3870 3796 adoraverunt

2165 3836 2371 3880 omnes
2415 3822 2662 3896 pingues
2720 3830 2890 3883 terrm
2945 3828 3113 3898 (Psal.
3173 3829 3322 3899 XXI).
3368 3849 3388 3879 ι
3442 3826 3704 3900 Itemque
3754 3834 3869 3885 tres

2163 3911 2333 3984 pueri
2360 3911 2419 3969 in
2449 3912 2688 3971 Daniele
2722 3933 2733 3970 :
2772 3937 2794 3966 ι
2830 3913 2995 3973 Sicut
3029 3915 3088 3972 in
3131 3915 3462 3975 holocausta
3503 3917 3768 3984 arietum,
3810 3922 3869 3973 et

2166 4007 2483 4070 taurorum,
2526 4009 2582 4060 et
2625 4003 2774 4062 sicut
2804 4005 2864 4062 in
2914 4005 3172 4065 millibus
3209 4022 3493 4080 agnorum
3533 4004 3866 4080 pinguium,

2159 4091 2241 4149 sic
2292 4093 2390 4149 ﬁat
2439 4094 2788 4154 sacrificium
2844 4102 3108 4156 nostrum
3156 4099 3312 4169 (Dan.
3373 4101 3479 4168 III).
3521 4122 3541 4148 ι
3603 4096 3675 4156 Ut
3727 4113 3869 4172 ergo

2159 4179 2418 4250 placeant
2475 4182 2600 4240 haec
2655 4183 2932 4242 sacriﬁcia
2986 4191 3177 4242 nostra
3235 4186 3394 4255 Deo,
3457 4186 3691 4259 pinguia
3743 4185 3868 4243 sint

2159 4273 2213 4326 et
2244 4269 2582 4328 medullata.

2231 4354 2592 4419 Sacrificium
2629 4361 2740 4435 piae
2769 4362 3130 4420 contritionis
3151 4363 3333 4436 exigit
3359 4365 3633 4438 butyrum
3666 4363 3869 4422 itumi-

2161 4445 2354 4516 litatis,
2388 4465 2522 4525 qum
2561 4451 2622 4510 in
2683 4451 2869 4511 tribus
2920 4453 3210 4522 consistit;
3270 4455 3509 4524 scilicet,
3555 4459 3621 4512 ut
3669 4452 3865 4510 consi-

2157 4536 2314 4595 deret
2359 4540 2532 4599 homo
2581 4557 2756 4615 quam
2806 4542 3208 4615 imperfectum
3256 4544 3332 4602 sit
3366 4542 3524 4619 quod
3575 4544 3766 4615 habet,
3811 4547 3866 4600 et

2159 4625 2264 4683 hoc
2305 4636 2565 4702 respectu
2603 4631 3007 4704 superiorum;
3055 4632 3210 4690 unde
3246 4632 3393 4690 illud
3445 4657 3458 4691 :
3503 4657 3530 4684 α
3564 4633 3637 4692 Ut
3685 4631 3865 4691 sciam

2158 4713 2298 4787 quid
2335 4716 2484 4774 desit
2536 4719 2679 4776 mihi
2735 4722 2886 4786 (Psai
2923 4723 3207 4790 XXXVIII).
3247 4745 3268 4771 ι
3301 4721 3542 4791 Deinde,
3575 4729 3638 4779 ut
3671 4720 3866 4780 consi-

2157 4801 2313 4859 deret
2362 4805 2500 4878 quia
2538 4807 2619 4864 nil
2667 4807 2838 4865 habet
2883 4809 3223 4882 proprium;
3279 4810 3433 4868 unde
3495 4810 3807 4882 Apostolus
3851 4829 3865 4865 :

2161 4913 2186 4940 α
2220 4889 2370 4959 Quid
2438 4895 2615 4953 habes
2669 4897 2822 4969 quod
2875 4913 2992 4955 non
3063 4898 3380 4970 accepisti?
3429 4920 3449 4948 ι
3513 4901 3555 4968 (Ι
3602 4900 3705 4956 Cor
3760 4900 3871 4954 1v.)

2163 4977 2497 5040 Consideret
2527 4983 2722 5054 etiam,
2762 4985 2914 5057 quod
2950 4984 3036 5042 nil
3068 4985 3237 5044 habet
3265 4987 3326 5044 in
3372 4987 3478 5044 hac
3533 4985 3653 5042 vita
3705 4983 3864 5058 quod

2164 5070 2406 5142 perdere
2447 5088 2562 5131 non
2603 5074 2798 5149 possit,
2832 5075 3000 5148 juxta
3045 5076 3194 5134 illud
3235 5100 3248 5135 :
3307 5099 3335 5129 «
3367 5076 3653 5135 Memento
3711 5073 3872 5134 unde

2164 5161 2469 5236 excideris,
2492 5173 2547 5224 et
2578 5168 2767 5240 prima
2795 5183 2966 5242 opera
3000 5169 3087 5226 fac
3114 5172 3307 5242 (Apoc.
3336 5172 3410 5241 II).
3448 5194 3474 5218 ιο
3508 5168 3872 5228 Sacriﬁcium

2158 5248 2333 5322 justaa
2379 5256 2732 5326 Operationis
2769 5258 2953 5330 exigit
2983 5258 3181 5316 oleum
3235 5257 3616 5318 discretionis.
3651 5256 3882 5316 Sacriﬁ-

2164 5337 2322 5397 cium
2350 5339 2540 5400 laudis
2575 5343 2818 5418 requirit
2849 5343 3191 5405 babsamum
3219 5346 3560 5405 devotionis.

2242 5427 2470 5488 Habent
2526 5437 2724 5491 autem
2761 5434 2887 5492 hzec
2939 5434 3218 5493 sacriﬁcia
3273 5434 3528 5508 Opposita
3570 5433 3683 5492 sibi
3737 5433 3877 5491 vitia

2165 5519 2339 5590 quasi
2380 5534 2457 5578 ex
2506 5519 2682 5581 latere
2710 5522 3020 5584 venientia.
3057 5522 3352 5584 Sacriﬁcio
3371 5523 3734 5584 contritionis
3768 5537 3878 5596 op-
