4088 6210
216 281 330 341 905

1730 261 1980 323 SERMO
2020 260 2224 320 LXXI.

3625 253 3733 316 906

215 409 454 485 ponitur
511 404 867 465 absinthium
937 395 1385 473 indignationis;
1441 399 1585 459 380
1651 387 2163 450 sacrilicioAtum.
2205 383 2486 442 Vovimus
2529 381 2773 482 Domino
2827 379 3266 485 continentiam,
3313 377 3723 450 obedientiam,

209 469 386 572 jnstm
442 496 791 571 operationis
826 539 841 559 .
899 469 1123 550 acetum
1199 486 1582 554 confusionis;
1649 483 1929 542 sacrilicio
2013 476 2420 572 humilitatem,
2454 472 2814 572 patientiam,
2846 469 3212 528 saecularium
3259 485 3485 572 morum
3531 481 3721 570 muta-

217 559 432 654 iaudis,
466 559 757 643 venenum
787 581 1152 647 adulationis.
1188 581 1311 638 sive
1348 577 1736 636 detractionis.
1771 575 1926 634 Offe-
2012 566 2251 654 tionem.
2302 562 2589 654 Praedicta
2637 563 2748 654 tria
2799 570 3080 654 voverunt
3135 563 3474 654 specialiter_
3504 559 3721 654 $1196“.

221 649 427 734 ramus
441 674 638 746 igitur,
661 671 1040 737 dilectissimi,
1076 670 1318 728 Domino
1341 669 1495 742 piam
1523 667 1932 726 contritiouem
2012 661 2068 746 et
2121 653 2516 746 reddiderunt.
2562 649 2774 746 Aqgile
2811 650 2950 722 quid
2996 649 3231 746 d_ixvrit.
3281 663 3336 746 et
3379 652 3520 723 quid
3577 653 3729 746 fecej

223 764 285 822 in
335 762 726 822 amaritudine
778 761 1060 832 interiori,
1113 769 1168 820 et
1216 760 1556 834 pmnitentia
1614 758 1932 830 exteriori;

225 859 289 912 ut
342 874 365 903 ι
411 853 618 917 sobrie,
662 852 818 927 juste
861 867 928 909 ac
978 853 1070 924 pie
1123 851 1394 909 vivamus
1445 851 1506 908 in
1567 850 1673 908 hoc
1722 848 1935 908 smculo

227 945 362 1013 (Tit.
417 948 557 1012 11).»
616 940 818 1000 Sobrie
869 941 1053 1010 nobis,
1102 940 1259 1014 juste
1313 939 1599 1014 proximo,
1651 939 1743 1012 pie
1798 936 1933 995 Deo.

231 1033 437 1094 Sobrie
472 1034 531 1090 in
576 1030 824 1102 duobus,
876 1031 937 1090 in
986 1031 1238 1090 cavenda
1287 1029 1602 1104 voluptate,
1658 1036 1714 1087 et
1779 1028 1935 1087 curis

230 1119 411 1196 hujus
445 1120 621 1193 vitai;
666 1120 826 1193 juste
852 1120 912 1178 in
947 1119 1196 1188 duobus,
1240 1126 1304 1177 ut
1334 1119 1558 1176 nemini
1601 1134 1930 1184 noceamus,

231 1217 287 1269 et
325 1210 549 1270 cunctis
594 1211 864 1284 prodesse
898 1209 1255 1279 studeamus,
1298 1209 1469 1282 juxta
1514 1209 1664 1268 illud
1701 1233 1713 1267 :
1776 1233 1797 1261 ι
1833 1207 1940 1266 De-

232 1300 386 1358 clina
414 1317 448 1357 a
477 1298 648 1365 malo,
677 1308 732 1356 et
760 1299 846 1356 lac
878 1300 1094 1358 bonum
1126 1302 1292 1370 (Psal.
1323 1301 1480 1371 LVI);
1521 1321 1541 1349 ι
1574 1300 1667 1374 pie
1701 1299 1759 1357 in
1790 1297 1940 1356 duo-

232 1387 364 1457 bus,
404 1395 470 1446 ut
499 1385 718 1445 scilicet
761 1387 824 1444 in
865 1387 1134 1462 praesenti
1179 1389 1340 1446 vivat
1371 1390 1570 1462 justus
1600 1404 1674 1446 ex
1715 1387 1852 1456 ﬁde,
1883 1394 1938 1443 et

235 1477 297 1536 in
348 1478 546 1536 futuro
602 1485 878 1534 aeternam
930 1484 1222 1552 exspectet
1266 1477 1707 1536 beatitudinem.
1774 1475 1940 1535 Unde

232 1568 544 1643 Apostolus
590 1591 603 1625 :
657 1567 802 1624 nEx
858 1573 1016 1640 parte
1074 1569 1495 1641 cognoscimus,
1551 1573 1606 1624 et
1657 1581 1733 1624 ex
1780 1573 1940 1639 parte

237 1658 668 1733 prephetamus,
723 1673 858 1716 cum
914 1666 1108 1718 autem
1154 1658 1377 1717 venerit
1420 1657 1573 1731 quod
1619 1656 1939 1729 perfectum

2018 743 2092 804 rit
2131 742 2443 815 Apostolus
2483 763 2496 798 :
2553 765 2580 788 «ι
2631 738 2757 797 Non
2815 753 2968 806 sum,
3023 737 3235 813 inquit,
3281 739 3494 812 dignus
3537 743 3731 800 vocari

2018 829 2157 888 381
2212 830 2544 906 Apostolus,
2603 829 2739 903 quia
2804 836 3140 903 persecutus
3207 844 3338 888 sum
3415 831 3728 894 Ecclesium

2019 920 2122 979 Dei
2153 923 2198 985 ιι
2223 922 2342 977 Cor.
2374 919 2496 990 xv).
2537 940 2558 968 ι
2590 917 2731 976 Ecce
2756 915 2851 990 pia
2895 918 3162 977 contritio
3213 919 3285 977 de
3338 921 3730 983 recordatione

2019 1012 2254 1088 peccati.
2307 1010 2453 1069 Item
2505 1029 2518 1068 ε
2570 1032 2595 1058 α
2635 1007 2888 1080 Bonum,
2917 1009 3129 1084 inquit,
3167 1019 3453 1070 certamen
3499 1015 3732 1085 ccrtavi,

2022 1118 2258 1163 cursum
2305 1101 2730 1166 consummavi,
2780 1101 2952 1159 ﬁdem
2991 1102 3256 1172 servavi;
3287 1102 3359 1161 de
3397 1105 3620 1179 reliquo
3649 1123 3736 1165 re-

2023 1194 2205 1268 posita
2253 1198 2338 1249 est
2377 1189 2520 1248 mihi
2571 1205 2781 1249 corona
2823 1192 3085 1266 justitim,
3135 1207 3310 1264 quam
3350 1195 3548 1253 reddet
3590 1196 3734 1256 mihi

2024 1281 2305 1340 Dominus
2358 1279 2420 1337 in
2473 1279 2571 1336 illa
2625 1279 2719 1337 die
2763 1279 2954 1352 justus
3006 1281 3191 1354 judex
3245 1286 3320 1350 (II
3373 1287 3510 1341 Tim.
3552 1293 3655 1351 IV).
3703 1309 3730 1336 ιι

2023 1370 2167 1428 Ecce
2199 1369 2354 1442 justa
2393 1369 2646 1440 Operatio
2683 1369 2753 1425 de
2780 1369 2992 1427 tiducia
3025 1371 3147 1443 spei
3198 1371 3340 1429 Item
3373 1391 3386 1430 :
3423 1397 3449 1425 α
3485 1374 3735 1435 Benedi-

2023 1467 2148 1518 ctus
2179 1457 2354 1526 Deus,
2386 1464 2440 1513 et
2469 1455 2634 1513 Pater
2661 1455 2892 1514 Domini
2927 1458 3102 1515 nostri
3135 1457 3272 1518 Jesu
3311 1461 3544 1532 Christi,
3573 1463 3738 1522 Pater

2026 1543 2574 1614 misericordiarum,
2620 1551 2678 1601 et
2732 1543 2886 1602 Deus
2932 1547 3106 1604 totius
3154 1549 3578 1620 consolationis,
3634 1555 3737 1624 qui

2026 1635 2356 1696 consolatur
2399 1647 2504 1690 nos
2555 1632 2612 1690 in
2655 1634 2816 1691 omni
2857 1633 3224 1694 tribulatione
3265 1645 3456 1697 nostra
3506 1644 3585 1707 (II
3614 1645 3732 1702 Cor.

235 1721 758 1820 est,‘evacuahitur
809 1747 963 1822 quod
1019 1764 1094 1806 ex
1146 1755 1303 1822 parte
1353 1721 1452 1805 est.
1491 1750 1543 1812 (Ι
1570 1721 1690 1805 Cor.
1726 1749 1876 1814 XIII).
1914 1749 1967 1810 »ζ

2139 1751 2152 1775 .
2212 1725 2356 1782 Ecce
2409 1721 2535 1822 laus
2581 1721 2652 1780 de
2704 1723 3000 1782 beneﬁciis
3053 1724 3156 1782 Dei
3227 1728 3384 1786 vovit
3438 1728 3621 1788 David
3686 1737 3744 1788 et

234 1836 562 1897 Oﬂeramus
611 1837 848 1910 dignam
900 1836 1134 1896 laudem
1185 1837 1246 1895 in
1299 1836 1660 1896 confessione
1695 1835 1832 1907 oris,
1891 1841 1948 1893 et

233 1927 539 1986 devotione
577 1927 778 1986 cordis.
822 1927 922 1986 Pia
952 1927 1167 2001 quippe
1204 1928 1395 1986 cordis
1432 1926 1698 1984 contritio
1750 1923 1948 1983 nasci-

236 2027 336 2076 tur
385 2032 462 2074 ex
513 2015 903 2074 recordatione
958 2023 1339 2089 peccatorum,
1397 2023 1453 2074 et
1511 2015 1713 2073 timore
1765 2013 1950 2072 futuri

229 2103 438 2180 judicii
459 2123 475 2175 ;
510 2106 663 2176 justa
715 2105 988 2177 operatio,
1016 2119 1088 2163 ex
1129 2121 1339 2163 amore
1363 2105 1615 2174 virtutis,
1645 2111 1699 2162 et
1739 2102 1949 2161 fiducia

236 2193 382 2266 spei,
413 2192 542 2252 laus
576 2201 632 2251 ct
653 2193 926 2267 jubilatio
962 2209 1038 2251 ex
1078 2193 1288 2251 aﬁ‘ectu
1329 2192 1624 2250 charitatis
1664 2199 1719 2250 et
1760 2207 1951 2249 recor-

235 2281 472 2341 datione
498 2283 910 2341 beneficiorum
954 2282 1079 2341 Dei.

316 2371 465 2430 Sunt
519 2379 710 2430 autem
766 2379 881 2429 tres
945 2370 1367 2429 recordationes
1451 2369 1711 2442 peccati,
1767 2368 1953 2442 prima

245 2459 505 2519 adiciens
531 2468 584 2518 et
610 2460 918 2531 delectans,
949 2475 1082 2536 quae
1111 2458 1261 2518 mala
1290 2465 1412 2529 est;
1445 2459 1697 2516 secunda
1725 2472 1960 2530 exaspe-

245 2565 388 2609 rans
438 2557 493 2607 et
544 2549 875 2623 pungitans,
925 2565 1061 2624 quas
1113 2549 1276 2607 utilis
1322 2555 1438 2616 est;
1487 2549 1651 2605 tertia
1685 2546 1958 2620 gloriosa,

245 2655 385 2714 quae
442 2639 822 2712 perfectorum
877 2645 984 2697 est.
1041 2636 1315 2696 Aiﬁciens
1372 2642 1480 2705 est,
1537 2651 1651 2710 qua
1713 2633 1961 2692 aﬂicitur

246 2730 423 2794 homo
480 2727 798 2801 recogitans
849 2727 920 2785 ad
981 2726 1123 2786 ollas
1173 2726 1442 2784 carnium
1500 2723 1956 2798 .rEgyptiorum,

245 2831 425 2890 quam
462 2814 731 2873 deliciose
765 2822 820 2872 et
862 2813 1118 2873 suaviter
1170 2812 1385 2870 vixerit
1425 2813 1627 2884 (Εωοά.
1687 2817 1858 2880 XVI);
1906 2815 1962 2866 et

247 2921 429 2981 quam
455 2904 711 2964 arduum
750 2905 824 2963 sit
867 2907 993 2974 iter,
1026 2905 1180 2978 quod
1212 2920 1592 2978 aggressurus
1639 2911 1741 2962 est.
1779 2901 1959 2960 Reco-

249 2995 452 3070 gitatio
497 2995 809 3069 pungitans
853 3002 954 3065 est,
988 2995 1140 3069 quod
1197 2994 1591 3052 reminiscitur
1620 3007 1795 3067 quam
1837 3007 1963 3049 sor-

2031 1817 2278 1882 reddidit
2326 1833 2403 1872 ια
2451 1811 2616 1884 Vota,
2665 1814 2876 1888 inquit,
2918 1831 3042 1874 mea
3097 1815 3345 1877 Domino
3393 1819 3628 1878 reddam
3679 1821 3742 1880 in

2029 1913 2332 1981 conspectu
2370 1905 2564 1962 omnis
2605 1905 2803 1978 populi
2845 1906 2970 1980 ejus
3015 1909 3184 1974 (Psal.
3231 1915 3396 1978 CXV).
3454 1931 3482 1960 ιι
3531 1909 3740 1971 Votum

2033 1999 2194 2061 vovit
2221 1994 2398 2055 Jacob
2423 2001 2477 2052 et
2504 1992 2750 2052 reddidit
2781 2012 2795 2050 :
2833 2016 2860 2047 (ι
2891 1994 2954 2054 Si
2986 1996 3178 2064 fuerit,
3211 1995 3423 2070 inquit,
3457 1997 3738 2058 Dominus

2032 2102 2260 2148 mecum
2300 2091 2356 2142 et
2399 2083 2733 2142 custodierit
2765 2099 2856 2143 me
2894 2083 2955 2142 in
2996 2086 3108 2154 via,
3145 2102 3247 2159 per
3276 2103 3452 2159 quam
3483 2103 3588 2162 ego
3617 2103 3744 2148 am.

2034 2177 2194 2246 bulo,
2226 2183 2282 2233 et
2324 2174 2544 2232 dederit
2586 2175 2727 2232 mihi
2764 2190 2974 2248 panem
3002 2175 3072 2233 ad
3105 2177 3456 2235 vescendum
3486 2184 3541 2235 et
3569 2181 3743 2238 vesti-

2036 2273 2298 2325 mentum
2327 2264 2398 2320 ad
2437 2262 2819 2333 induendum,
2853 2279 3237 2339 reversusque
3276 2266 3440 2326 fuero
3478 2283 3746 2341 prospere

2035 2356 2104 2413 ad
2135 2353 2374 2411 domum
2402 2352 2578 2424 patris
2621 2352 2755 2422 mei,
2788 2353 2895 2410 erit
2941 2354 3086 2412 mihi
3129 2353 3412 2414 Dominus
3441 2356 3499 2414 in
3532 2356 3743 2428 Deum,

2037 2448 2092 2500 et
2115 2440 2256 2514 lapis
2278 2440 2406 2511 iste,
2427 2456 2602 2514 quem
2627 2441 2788 2498 erexi
2819 2441 2877 2498 in
2910 2441 3168 2510 titulum,
3193 2444 3495 2502 vocabitur
3522 2444 3740 2504 Domus

2037 2533 2164 2604 Dei,
2206 2538 2664 2604 cunctorumque
2707 2547 2841 2606 qum
2876 2531 3101 2590 dederis
3146 2534 3291 2591 mihi
3326 2533 3579 2594 decimas
3605 2536 3745 2594 oﬂ‘e-

2042 2639 2160 2682 ram
2216 2622 2318 2679 tibi
2358 2623 2512 2690 (Gen.
2563 2625 2803 2691 XXVIII).
2838 2647 2860 2671 -
2926 2622 3128 2696 Jephte
3170 2624 3494 2684 Galaadites
3544 2635 3746 2686 votum

2045 2707 2218 2777 vovit,
2253 2716 2308 2765 et
2356 2708 2599 2766 reddidit
2639 2733 2652 2766 :
2703 2735 2722 2760 ιι
2782 2708 3038 2778 Domine,
3094 2711 3306 2785 inquit,
3351 2714 3398 2771 si
3455 2715 3754 2774 tradideris

2043 2799 2194 2857 filios
2237 2799 2487 2856 Ammon
2538 2799 2598 2856 in
2648 2814 2858 2856 manus
2907 2815 3083 2870 meas,
3141 2801 3478 2875 quicunque
3528 2804 3757 2877 primus

2043 2904 2308 2962 egressus
2351 2889 2524 2946 fuerit
2553 2888 2624 2945 de
2672 2888 2894 2947 foribus
2940 2890 3146 2947 domus
3187 2907 3330 2949 mete
3372 2893 3634 2967 mihique
3660 2909 3757 2952 oc-

2043 2979 2286 3037 currerit
2316 2979 2620 3035 revertenti
2660 2994 2792 3036 cum
2825 2995 2956 3048 pace
2983 2995 3016 3036 a
3049 2979 3187 3037 liliis
3227 2982 3500 3051 Ammon,
3529 2998 3662 3040 eum
3694 2984 3751 3041 in

249 3069 386 3146 dide
430 3093 486 3142 et
522 3085 796 3159 ﬂagitiose
838 3088 1070 3156 vixerit,
1119 3101 1233 3144 non
1289 3091 1353 3144 ut
1390 3085 1459 3141 ad
1501 3081 1692 3156 priora
1746 3081 1960 3151 redeat,
1987 3069 2445 3161 Cllolot'_austum
2494 3071 2730 3128 oii'eram
2787 3069 3048 3128 Domino-
3105 3071 3512 3146 ΤΓίιηδὶνίῖίῖῑιθ
3552 3073 3757 3148 ιῘθΡῘιίθ

249 3174 352 3234 sed
393 3184 456 3232 ut
497 3157 672 3248 digne
712 3175 934 3246 deﬂeat,
982 3181 1032 3232 et
1082 3189 1277 3232 coram
1324 3190 1384 3232 se
1431 3189 1498 3230 ea
1545 3179 1775 3241 statuat,
1815 3171 1964 3228 unde
1997 3157 2312 3248 wédhmiPS
2353 3159 2624 3248 Ammon,
2676 3165 2737 3215 υῖ
2775 3167 3055 3232 pugna"et
3093 3168 3286 3218 contra
3325 3177 3420 3219 00$
3459 3178 3604 3234 (illos
3646 3171 3760 3222 "‘8-

251 3263 438 3322 David
488 3282 500 3322 :
547 3287 570 3314 ι
601 3263 901 3322 Peccatum
955 3278 1149 3321 meum
1206 3277 1397 3320 coram
1452 3277 1543 3318 me
1601 3267 1683 3317 est
1738 3276 1966 3332 semper

250 3353 421 3420 (Psal.
470 3363 530 3420 ll.
566 3374 587 3402 ι
641 3349 832 3409 Tertia
874 3349 1210 3420 recordatio,
1255 3364 1388 3422 quae
1438 3347 1650 3406 dicitur
1691 3347 1963 3420 gloriosa,

250 3448 339 3500 est
367 3440 600 3515 quando
631 3441 804 3500 homo
833 3441 1183 3500 remeditans
1213 3440 1345 3514 quis
1378 3440 1575 3507 fuerit,
1603 3449 1658 3496 et
1689 3455 1803 3512 qua
1833 3455 1966 3513 gra-

254 3530 334 3588 tia
381 3529 452 3588 de
487 3527 614 3588 lacu
667 3530 920 3587 miserim
953 3537 1008 3586 et
1049 3528 1120 3586 de
1170 3529 1292 3586 luto
1336 3527 1498 3586 faecis
1551 3527 1830 3585 liberatus
1873 3528 1965 3598 sit,

252 3618 466 3691 gratias
503 3617 641 3692 agit,
671 3617 903 3675 dicens:
947 3637 975 3669 α
1005 3616 1132 3676 Non
1174 3615 1360 3686 nobis,
1395 3617 1660 3687 Domine,
1707 3633 1817 3675 non
1861 3632 1967 3675 no-

253 3706 365 3777 bis,
408 3707 506 3765 sed
547 3706 769 3764 nomini
819 3713 920 3765 tuo
961 3705 1034 3764 da
1089 3706 1334 3779 gloriam
1381 3708 1551 3777 (Psal.
1602 3710 1786 3776 CXIII).
1824 3728 1850 3758 »
1900 3706 1971 3764 Et

254 3811 393 3854 cum
431 3794 706 3853 Israelitis
747 3795 817 3852 de
856 3793 1125 3868 Egyptia
1180 3795 1455 3853 servitute
1498 3794 1796 3865 liberatus,
1847 3811 1971 3868 gra-

257 3883 576 3943 tulabunde
626 3883 906 3952 decantat,
953 3883 1150 3941 dicens
1197 3903 1208 3940 :
1272 3904 1300 3936 α
1329 3885 1642 3942 Cantemus
1700 3884 1968 3954 Domino,

256 3971 506 4046 gloriose
553 3970 711 4029 enim
747 3971 1160 4030 honorilicatus
1203 3979 1308 4044 est,
1349 3988 1566 4047 equum
1607 3980 1664 4030 et
1708 3987 1970 4030 ascenso-

258 4076 385 4120 rem
422 4060 627 4133 dejecit
654 4061 711 4118 in
755 4077 912 4119 mare
948 4063 1141 4134 (Exod.
1193 4063 1329 4135 xv);
1363 4069 1418 4120 et
1458 4079 1592 4121 cum
1647 4063 1919 4120 Zacharia
1955 4086 1968 4120 :

265 4175 288 4204 ι
325 4150 671 4210 Benedictus
700 4150 984 4208 Dominus
1013 4151 1168 4209 Deus
1201 4151 1392 4221 Israel,
1431 4152 1572 4225 quia
1612 4151 1890 4221 visitavit,
1919 4159 1974 4209 et

262 4240 398 4299 fecit
430 4241 881 4314 redemptionem
914 4241 1096 4313 plebis
1123 4257 1246 4300 suae
1277 4246 1426 4310 (Luc.
1465 4249 1530 4310 1).
1571 4264 1597 4294 ››
1635 4241 1774 4300 HERC
1813 4249 1973 4313 sunt,

263 4344 400 4404 quas
429 4329 543 4387 Deo
571 4329 777 4388 oﬂ‘erre
801 4329 1102 4388 debemus.

339 4415 634 4475 Tenemur
677 4417 850 4474 etiam
902 4417 956 4474 ei
1013 4418 1287 4486 reddere,
1341 4433 1473 4492 quae
1528 4419 1771 4475 fecimus
1823 4424 1974 4487 vota,

259 4505 436 4580 juxta
460 4503 761 4578 Propheta:
801 4504 1259 4564 adhortationem
1293 4531 1304 4564 :
1344 4529 1364 4556 ι
1403 4505 1625 4579 Venite,
1660 4512 1714 4563 et
1762 4506 1979 4564 reddite

273 4591 518 4650 Domino
559 4592 675 4651 Deo
721 4599 924 4651 vestro.
968 4615 989 4643 π
1031 4593 1142 4663 Qui
1187 4609 1304 4651 non
1352 4591 1534 4650 reddit
1583 4593 1734 4668 quod
1785 4599 1976 4663 vovet,

264 4681 438 4753 quasi
493 4681 677 4740 Deum
729 4689 1015 4754 provocat,
1067 4692 1122 4739 et
1175 4682 1394 4741 irridet.
1453 4681 1836 4740 Reddendum
1894 4688 1978 4738 est

267 4775 470 4827 votum
506 4769 818 4842 integrum,
849 4777 904 4827 et
941 4772 1280 4844 perfectum,
1314 4771 1480 4847 quasi
1517 4770 1684 4828 aliter
1729 4787 1844 4828 non
1885 4785 1976 4828 sa-

267 4858 556 4917 tisfaceret
611 4861 746 4930 Deo,
801 4863 901 4934 qui
953 4868 1152 4920 votum
1207 4868 1468 4920 nostrum
1518 4869 1790 4934 tanquam
1843 4874 1976 4932 pro-

265 4947 465 5022 prium
491 4947 675 5022 exigit
711 4950 993 5009 debitum.
1021 4950 1186 5010 Unde
1219 4957 1274 5007 et
1313 4950 1371 5006 in
1410 4949 1535 5022 lege
1559 4950 1792 5015 dicitur,
1821 4947 1975 5020 quod

260 5039 498 5106 bovem,
529 5048 586 5097 et
612 5055 802 5110 ovem,
823 5056 964 5099 aure
995 5050 1047 5099 et
1075 5040 1255 5099 cauda
1278 5043 1616 5112 amputatis,
1646 5037 1976 5096 voluntarie

263 5129 476 5188 oﬂ'erre
527 5144 838 5203 possumus
892 5134 1087 5197 (Lavit.
1154 5143 1306 5197 XXII,
1342 5130 1453 5200 :3).
1508 5129 1721 5187 Votum
1780 5139 1973 5187 autem

262 5231 342 5274 ex
381 5217 472 5275 his
510 5220 655 5277 solvi
699 5235 816 5278 non
869 5230 1069 5293 potest,
1109 5220 1324 5295 quibus
1353 5219 1576 5294 aliquid
1603 5219 1975 5293 perfectionis

263 5304 451 5364 deest.
1515 5359 1517 5361 .

339 5397 635 5470 Recogitet
685 5398 865 5471 igitur
906 5398 1309 5472 unusquisque
1360 5405 1626 5456 nostrum
1667 5396 1810 5470 quid
1861 5397 1975 5455 Do-

266 5487 432 5547 mino
470 5487 713 5558 voverit,
749 5497 802 5546 et
840 5497 1059 5563 satagat
1097 5487 1244 5548 illud
1283 5489 1542 5547 reddere.
1579 5487 1972 5546 Abrenuntia-

266 5574 464 5634 vimus
502 5576 739 5646 saeculo,
775 5576 1038 5635 monachi
1080 5592 1288 5634 nomen
1323 5577 1685 5649 suscepimus
1714 5583 1770 5633 et
1802 5576 1971 5634 habi-

556 5693 812 5752 Punoc.
843 5691 1091 5752 CXLIV.

2045 3245 2193 3303 didit
2229 3246 2511 3304 Dominus
2546 3248 2604 3304 in
2650 3263 2858 3305 manus
2895 3248 3042 3321 ejus.
3081 3250 3410 3308 Revertenti
3453 3259 3647 3310 autem
3699 3253 3759 3310 in

2046 3334 2282 3405 Maspha
2327 3335 2566 3392 domum
2612 3350 2796 3402 suam,
2847 3336 3095 3393 occurrit
3140 3337 3441 3409 unigenita
3487 3337 3608 3396 lilia
3651 3353 3757 3396 sua

2047 3438 2180 3481 cum
2224 3423 2514 3495 tympanis
2562 3430 2617 3480 et
2670 3424 2898 3495 choris;
2944 3440 3060 3482 non
3109 3426 3265 3481 enim
3319 3425 3557 3484 habebat
3618 3425 3762 3484 alios

2047 3512 2275 3570 liberos.
2308 3511 2431 3582 Qua
2468 3512 2610 3581 visa,
2642 3511 2811 3570 scidit
2851 3513 3194 3571 vestimenta
3239 3529 3346 3572 sua
3389 3522 3443 3572 et
3479 3515 3598 3573 ait:
3633 3512 3766 3573 Heu

2049 3610 2178 3662 me!
2235 3601 2355 3661 lilia
2413 3617 2558 3671 mea,
2607 3601 2880 3674 deeepisti
2943 3618 3054 3671 me,
3111 3611 3165 3660 et
3221 3602 3343 3676 ipsa
3395 3604 3628 3677 decepta
3683 3619 3764 3662 es.

2054 3690 2270 3768 Aperui
2293 3690 2449 3746 enim
2483 3704 2547 3746 os
2593 3703 2788 3746 meum
2826 3690 2896 3747 ad
2932 3689 3270 3758 Dominum,
3298 3698 3353 3748 et
3389 3691 3547 3748 aliud
3581 3693 3764 3750 facere

2051 3800 2171 3844 non
2199 3789 2409 3854 potero.
2445 3778 2512 3836 Et
2549 3779 2678 3836 fecit
2700 3779 2768 3836 de
2807 3795 2893 3849 ea,
2927 3780 3074 3838 sicut
3103 3789 3335 3839 voverat
3365 3784 3565 3848 (Judic.
3597 3788 3704 3852 XI).
3740 3807 3762 3833 ι

2051 3874 2252 3948 Ipsum
2296 3867 2667 3941 unigenitum
2713 3868 2812 3926 Dei
2854 3868 3067 3926 Filium
3102 3870 3331 3942 jurasse
3387 3870 3537 3928 Patri
3565 3887 3630 3928 ac
3664 3887 3769 3930 vo-

2053 3962 2208 4020 visse
2255 3959 2486 4020 scimus,
2525 3963 2825 4015 attestante
2870 3956 3191 4029 Psalinista,
3221 3961 3322 4033 qui
3365 3961 3446 4017 ait
3489 3980 3500 4018 :
3549 3982 3576 4014 ι(
3610 3960 3771 4020 Sicut

2049 4047 2270 4126 juravit
2330 4046 2593 4109 Domino,
2656 4054 2856 4103 votum
2933 4050 3089 4104 vovit
3171 4047 3287 4106 Deo
3369 4049 3543 4107 Jacob
3597 4053 3768 4121 (Psal.

2054 4141 2308 4206 CXXXI);
2341 4155 2368 4186 »
2406 4133 2622 4191 scilicet
2655 4142 2716 4191 ut
2753 4145 3175 4194 sacramentum
3218 4138 3514 4210 religionis
3549 4137 3609 4194 in
3642 4155 3773 4210 pas-

2056 4230 2220 4286 sione
2247 4240 2368 4282 sum
2397 4223 2586 4280 carnis
2615 4239 2715 4296 pro
2745 4223 2930 4281 salute
2957 4226 3186 4297 generis
3219 4227 3460 4284 humani
3490 4227 3778 4300 expleret.

2057 4320 2361 4377 Faciamus
2403 4324 2458 4372 et
2493 4330 2596 4371 nos
2639 4314 2924 4385 similiter,
2955 4325 3010 4372 et
3051 4324 3178 4374 vota
3207 4333 3341 4390 quas
3375 4317 3642 4375 vovimus
3679 4318 3773 4374 in-

2062 4415 2217 4480 tegre
2249 4411 2664 4479 persolvamus.
2700 4402 2861 4472 Quod
2905 4405 3025 4477 ipse
3054 4413 3322 4476 praestare
3362 4406 3636 4478 dignetur
3671 4406 3774 4478 qui

2066 4513 2199 4554 cum
2239 4495 2402 4552 Patre
2439 4500 2495 4549 et
2527 4492 2742 4564 Spiritu
2784 4502 2978 4551 sancto
3017 4494 3162 4550 vivit
3189 4502 3243 4551 et
3270 4503 3469 4567 regnat
3493 4495 3649 4554 Deus
3676 4510 3778 4566 per

2066 4585 2260 4646 omnia
2285 4583 2496 4643 saecula
2531 4584 2906 4643 smculorum.
2938 4585 3148 4642 Amen.

2681 4725 2930 4786 SERMO
2958 4726 3158 4786 LXXI.

2443 4843 2524 4892 III.
2560 4843 2621 4890 IN
2655 4845 3042 4890 DEDICATIONE
3081 4843 3393 4892 ECCLESIzE.

2139 4974 2166 5002 α
2195 4949 2350 5008 Fecit
2381 4948 2536 5008 Deus
2586 4947 2704 5006 duo
2750 4965 2955 5020 magna
2981 4950 3313 5018 luminaria,
3344 4950 3633 5010 luminare
3656 4965 3774 5009 ma.

2056 5039 2172 5114 jus,
2203 5046 2270 5098 ut
2303 5047 2568 5112 praeesset
2593 5037 2728 5107 diei,
2759 5047 2812 5094 et
2846 5040 3128 5096 luminare
3161 5042 3378 5108 minus,
3410 5048 3472 5096 ut
3507 5046 3774 5111 praeesset

2062 5132 2212 5190 nocti
2245 5132 2398 5198 (Gen.
2442 5141 2501 5197 l).
2542 5150 2568 5180 »
2596 5129 2719 5186 Non
2767 5132 2982 5197 omnia,
3017 5132 3218 5188 fratres
3257 5131 3602 5201 charissimi,
3641 5146 3774 5205 qum

2059 5231 2196 5280 sunt
2245 5221 2301 5276 in
2347 5219 2582 5286 cithara,
2616 5231 2839 5281 sonant.
2871 5221 2964 5275 sed
3011 5222 3204 5276 omnia
3239 5221 3463 5291 juvant.
3513 5219 3606 5277 Sic
3652 5237 3768 5279 non

2058 5309 2254 5366 omnia
2302 5324 2435 5382 quae
2474 5317 2610 5363 sunt
2641 5323 2698 5362 In
2732 5308 2930 5363 divina
2966 5307 3260 5379 Scriptura
3288 5308 3641 5379 spiritualein
3676 5310 3765 5366 in-

2060 5399 2434 5473 telligentiain
2470 5408 2767 5471 generant,
2802 5399 2896 5455 sed
2937 5402 3135 5456 omnia
3167 5399 3395 5471 juvant.
3433 5399 3596 5457 Unde
3623 5401 3668 5458 si
3706 5401 3766 5458 in

2055 5489 2253 5563 aliquo
2290 5489 2430 5564 legis
2476 5488 2725 5563 capitulo
2758 5488 2842 5545 fas
2883 5497 2968 5545 est.
3013 5503 3246 5546 sensum
3292 5489 3527 5562 spiritus
3570 5489 3769 5564 aliqua

2057 5579 2270 5638 rimula
2300 5579 2535 5646 intueri,
2566 5593 2681 5636 non
2721 5578 2782 5636 in
2821 5577 3201 5650 inquisitione
3239 5578 3550 5638 dormitare
3587 5581 3762 5637 debes

3419 5696 3488 5753 ‘29
