4108 6206
329 278 436 348 907
946 267 1003 326 S.
1048 262 1268 325 PETRI
1306 257 1630 320 DAMIANI
1674 255 1833 317 OPP.
1879 242 2073 315 PARS
2113 251 2250 314 SEU
2292 250 2542 315 TOMUS
2580 252 2657 313 II.
2694 283 2764 295 —
2803 246 3219 313 SERMONES.
3732 246 3847 312 908

333 426 491 479 mus,
525 402 623 464 sed
667 398 1003 456 thesaurum
1038 388 1339 479 jacentem
1361 383 1425 441 in
1464 382 1652 479 littera
1690 380 1890 479 vigore
1925 379 2344 479 ala-Aradios
2367 386 2670 479 enumerat
2716 379 2875 439 filius
2919 378 3061 443 solis
3128 378 3347 438 Paulus
3401 378 3718 451 apostolus,
3779 378 3846 437 in

336 465 719 567 aii—sv'iugenii
771 475 1140 558 perscrutari.
1386 473 1532 567 satis
1541 471 1789 567 egregie
1828 469 1917 567 vir
1952 484 2044 567 sa-
2128 467 2383 567 Epistola
2402 468 2475 526 ad
2503 468 2848 538 Corinthios,
2878 466 2982 526 ubi
3007 466 3090 525 ait
3116 485 3129 524 :
3158 489 3182 521 ι
3215 465 3476 525 Charitas
3500 481 3617 523 non
3648 480 3847 524 amu-

334 554 502 665 piehs
544 554 932 640 adumbravit,
989 582 1126 665 cum
1181 562 1388 665 di‘x'it‘
1453 585 1480 613 α
1511 559 1639 619 Non
1683 557 2045 665 dormias‘iu
2130 557 2298 627 latur,
2332 572 2444 616 nou
2479 558 2595 632 agit
2621 572 2940 633 perperam,
2965 571 3081 614 non
3108 554 3374 613 inﬂatur!
3408 575 3436 607 υ
3463 557 3512 621 (ι
3538 556 3658 613 Cor.
3685 558 3843 625 xm.)

336 644 475 740 sinu
504 666 767 732 mulieris
804 660 994 732 (Eccli.
1031 656 1139 727 ιχ).
1172 678 1200 702 ιο
1240 651 1453 712 Mulier
1489 666 1698 740 nempe
1733 649 1880 740 sacri
1920 646 2045 740 elo-
2129 647 2173 707 Ο
2219 664 2394 721 quam
2437 648 2659 706 clarum
2708 647 3066 723 pauitantia
3115 644 3320 720 jubar!
3361 651 3591 703 noctem
3623 645 3842 719 peccati

491 762 741 821 litteram
779 744 1075 844 exprimit,
1105 758 1182 801 ex
1220 757 1337 816 qua
1374 737 2035 844 fidelis-eapositor-fru-
2126 745 2381 844 removet
2411 738 2565 813 quod
2592 736 2961 798 conscientia
2991 735 3262 795 nubilum
3290 734 3477 808 tergit.

336 824 492 917 ctum
531 844 732 923 gignit.
771 838 916 910 Qua
954 835 1164 923 littera,
1200 844 1335 923 cum
1370 829 1424 923 ei
1464 826 1762 887 catholica
1800 824 2039 885 rationis

331 913 632 1016 diligentia
675 930 1010 991 adhibetur.
1045 920 1232 981 virilis
1262 917 1591 1016 inligamus
1627 915 1819 975 robori
1858 913 2037 973 mari-

331 1004 522 1100 tam};
551 1040 687 1086 cum
718 1034 854 1079 vero
878 1030 1006 1074 eam
1036 1011 1289 1071 seducta
1313 1004 1460 1064 382
1489 1007 1701 1068 mentis
1732 1005 2035 1079 ingenium

331 1095 625 1195 depravat,
665 1107 833 1185 quasi
880 1102 1199 1163 castitatem
1238 1096 1475 1156 femina
1512 1095 1841 1153 adulterino
1882 1095 2041 1153 coitu

334 1184 532 1273 vidlat.
560 1184 736 1265 Recte
761 1211 895 1270 ergo
918 1192 1130 1253 dicitur
1160 1213 1173 1247 :
1210 1211 1238 1242 «
1268 1187 1351 1246 Ne
1378 1185 1633 1244 dormias
1661 1185 1720 1243 in
1751 1184 1887 1243 sinu
1918 1199 2042 1242 mu-

333 1297 530 1359 lieris:
569 1318 590 1345 -
624 1306 690 1350 ac
717 1288 765 1347 si
793 1289 987 1359 aperte
1012 1280 1299 1339 diceretur
1328 1295 1340 1334 :
1379 1275 1464 1333 Ne
1496 1274 1557 1332 in
1590 1278 1807 1332 secreto
1834 1272 2041 1330 littera

333 1403 510 1449 sensu
542 1393 784 1456 torpeas,
815 1374 915 1435 sed
938 1372 1213 1430 latentem
1240 1366 1456 1426 anima
1484 1362 1809 1438 profectum
1836 1360 2041 1432 pudica

331 1481 542 1537 excute
570 1463 894 1543 vigilantia.

406 1587 437 1622 α
468 1538 889 1629 Ερρὶῑξὶῑιειιιὶῑ,
930 1548 1085 1605 Deus
1122 1545 1241 1604 duo
1279 1557 1489 1613 magna
1534 1538 1848 1598 luminaria
1886 1538 2038 1608 (Gen.

332 1656 389 1728 ι).
427 1675 450 1705 ι
493 1625 713 1706 Verum
745 1625 983 1717 quidem
1018 1630 1299 1728 estquod
1323 1629 1491 1728 .Deus
1523 1628 1591 1728 in
1629 1625 1840 1725 mundi
1882 1639 2042 1683 crea-

2192 826 2380 885 Luna
2444 826 2640 897 hujus,
2692 824 2909 883 scilicet
2962 823 3352 897 poenitentia,
3409 830 3658 897 quatuor
3700 830 3844 882 sunt

2117 912 2265 971 radii
2299 936 2312 971 :
2343 912 2594 986 cognitio
2627 911 2862 986 peccati,
2900 911 3064 971 dolor
3100 927 3204 987 pro
3244 912 3511 984 peccatis,
3552 910 3839 970 confessio

2117 1003 2380 1078 peccati,
2438 1005 2662 1063 fructus
2721 1002 3126 1077 eleemosyna.
3187 1000 3360 1060 Prius
3426 998 3569 1057 383
3615 1007 3841 1073 oportet

2121 1107 2461 1165 cognoscere
2514 1100 2828 1166 peccatum,
2878 1091 2974 1150 sed
3019 1106 3133 1150 non
3174 1089 3426 1160 suﬂicit;
3460 1094 3678 1162 oportet
3726 1087 3837 1146 do-

2122 1182 2240 1242 lere
2270 1198 2372 1257 pro
2412 1192 2673 1257 peccato;
2713 1182 2975 1241 addenda
3008 1190 3094 1241 est
3131 1181 3306 1241 etiam
3341 1179 3649 1249 confessio,
3693 1177 3833 1252 quia

2124 1273 2337 1331 frustra
2364 1271 2518 1331 dolet
2542 1272 2645 1345 qui
2684 1286 2799 1329 non
2831 1270 3174 1340 conﬁtetur;
3216 1268 3307 1327 bis
3338 1282 3474 1327 vero
3506 1265 3836 1340 adjungen-

2121 1365 2233 1425 dus
2256 1370 2341 1423 est
2377 1364 2601 1423 fructus
2629 1362 3036 1438 eleemosyna,
3062 1362 3164 1436 qui
3191 1368 3278 1419 est
3318 1359 3567 1433 pretium
3596 1355 3831 1431 peccati.

2127 1455 2290 1515 Unde
2318 1455 2592 1530 propheta
2626 1454 2696 1513 de
2732 1455 2911 1529 impio
2940 1453 3080 1512 dicit
3107 1472 3120 1511 :
3164 1475 3192 1506 «
3232 1452 3361 1511 Non
3388 1449 3581 1509 credat
3623 1447 3840 1505 frustra

2123 1560 2319 1603 errore
2361 1543 2650 1616 deceptus,
2681 1544 2836 1619 quod
2888 1542 3085 1617 aliquo
3124 1541 3305 1615 pretio
3344 1536 3719 1598 redimendus
3765 1533 3843 1592 sit

2126 1637 2242 1705 (Job
2292 1639 2418 1706 XV).
2486 1658 2506 1684 ι
2560 1633 2818 1692 Pretium
2863 1643 3015 1691 certe
3055 1630 3268 1704 peccati
3317 1636 3400 1688 est
3444 1627 3837 1697 eleemosyna.

332 1714 490 1801 tione
532 1732 744 1794 calum
766 1714 1003 1786 clarum
1053 1720 1191 1781 solis
1227 1727 1284 1777 et
1321 1717 1477 1776 luna
1510 1714 1779 1774 distinxit
1814 1717 2039 1801 ornatu,
2065 1723 2242 1796 Βδεά
2270 1722 2374 1797 qui
2412 1738 2637 1798 semper
2674 1721 3099 1796 eleemosynam
3137 1725 3330 1790 erogat
3365 1724 3420 1775 ει
3448 1730 3675 1788 semper
3711 1725 3840 1786 pec.

333 1800 401 1891 ut
422 1827 672 1887 alterum
693 1817 830 1886 diei,
854 1815 1104 1873 alterum
1134 1807 1320 1868 noctis
1345 1804 1805 1891 vicissitudinem
1832 1800 2042 1875 guber-

334 1890 516 1975 naret.
566 1910 740 1969 Porro
795 1904 845 1962 si
894 1898 1139 1960 interius
1185 1900 1633 1970 perscrutemur,
1670 1890 2046 1948 inveniemus

332 2003 500 2064 nobis
534 1995 827 2071 allegoria
863 1986 1207 2064 respondere
1256 1990 1560 2043 secretum.
1596 1979 1851 2039 Ecclesia
1886 1977 2046 2037 enim

335 2093 541 2156 mundi
571 2091 820 2164 ﬁguram
845 2083 1014 2159 gerit,
1047 2078 1185 2153 quia
1222 2077 1371 2135 sicut
1409 2072 1666 2133 mundus
1698 2087 1771 2129 ex
1801 2076 2046 2143 quatuor

333 2157 648 2246 elementis
681 2157 961 2245 subsistit,
1000 2170 1081 2228 ita
1122 2165 1375 2226 Ecclesia
1412 2180 1486 2221 ex
1528 2159 1895 2236 quaternaria
1942 2157 2045 2216 do-

332 2275 518 2335 ctrina
544 2262 846 2341 Evangelii
865 2258 1150 2321 coalescit.
1175 2254 1359 2314 Habet
1378 2258 1574 2312 autem
1596 2249 1851 2309 Ecclesia
1872 2262 2046 2306 suum

335 2364 512 2430 diem,
546 2336 739 2418 habetv
758 2360 812 2413 et
863 2351 1066 2410 lunam
1112 2346 1172 2403 in
1220 2350 1403 2401 nocte.
1459 2340 1593 2399 Dies
1650 2336 1924 2397 Ecclesia
1961 2342 2046 2395 est

337 2461 568 2525 tempus
606 2444 797 2521 pacis;
832 2457 951 2501 nox
982 2435 1256 2496 Ecclesia
1292 2438 1377 2491 est
1421 2436 1728 2504 tempestas
1772 2442 2044 2501 persecu-

337 2517 531 2605 tionis.
562 2517 660 2599 Sol
694 2550 826 2594 vero
864 2531 926 2589 in
965 2526 1237 2587 Ecclesia
1274 2523 1391 2595 die,
1438 2527 1522 2579 est
1554 2518 1863 2593 sapientia;
1905 2517 2047 2575 luna

337 2642 533 2694 autem
557 2628 620 2687 in
647 2622 919 2684 Ecclesia
938 2625 1123 2688 nocte,
1156 2620 1242 2674 est
1275 2610 1565 2687 patientia.
1596 2608 1702 2667 His
1724 2605 2049 2667 luminibus

339 2723 494 2781 Deus
543 2714 858 2776 Ecclesiam
908 2722 1075 2766 suam
1119 2704 1331 2779 pinxit,
1371 2708 1659 2777 quatenus
1696 2705 1751 2757 et
1800 2699 1863 2756 in
1913 2711 2049 2770 pace

341 2827 461 2871 non
498 2807 572 2865 sit
603 2798 928 2875 improvida
967 2803 1022 2855 et
1055 2795 1113 2852 in
1156 2792 1310 2851 bello
1342 2807 1459 2849 non
1498 2788 1832 2847 inveniatur
1861 2785 2051 2844 mollis

341 2906 397 2959 et
428 2899 620 2955 fracta.
656 2891 762 2949 Per
788 2884 1128 2960 sapientiam
1162 2879 1417 2939 Ecclesia
1445 2894 1504 2936 se
1531 2876 1775 2952 protegit
1813 2877 1872 2933 in
1916 2889 2055 2949 pace

342 3005 377 3049 a
422 2979 809 3048 damonibus,
861 2990 964 3050 per
1000 2971 1339 3047 patientiam
1377 2984 1437 3027 se
1477 2975 1669 3026 tuetur
1715 2968 1780 3024 in
1829 2964 1981 3024 bello
2020 2982 2054 3023 a

344 3069 824 3154 persecutoribus.
881 3064 1010 3123 Non
1074 3061 1358 3121 claudicat
1426 3056 1676 3117 Ecclesia
1708 3100 1722 3128 ,
1796 3071 1913 3115 uou
1967 3061 2051 3114 est

342 3146 606 3232 inermis,
631 3163 971 3233 argumenta
997 3152 1200 3212 divina
1216 3150 1502 3225 sapienter
1530 3146 1740 3218 eludit,
1765 3152 2051 3205 tormenta

344 3254 656 3317 hominum
680 3245 929 3309 sustinet
958 3242 1260 3318 patienter.

413 3342 589 3402 Recta
625 3349 861 3412 prorsus
897 3329 1245 3405 comparatio
1280 3333 1364 3386 est
1395 3326 1535 3385 solis
1570 3324 1641 3383 ad
1691 3323 2051 3398 sapientiam,

341 3435 502 3494 luna
530 3427 601 3489 ad
628 3411 985 3503 patientiam,
1017 3417 1156 3493 quia
1177 3416 1326 3476 sicut
1355 3416 1440 3475 sol
1468 3414 1647 3483 luna,
1670 3413 1748 3472 ita
1772 3411 2053 3487 sapientia

341 3520 640 3602 prapollet
678 3511 990 3602 patientia.
1026 3507 1323 3602 Sapientia
1361 3507 1559 3602 itaque
1598 3503 1871 3602 soliquia
1910 3502 2056 3561 illu-

343 3593 564 3681 minat;
616 3604 888 3683 patientia
920 3601 1078 3672 luna,
1121 3598 1260 3675 quia
1297 3594 1596 3655 confortat.
1644 3594 1749 3652 His
1806 3593 2053 3667 geminis

340 3699 596 3763 brachiis
618 3681 892 3755 Ecclesia
932 3696 1170 3764 pugnat,
1213 3688 1392 3745 altero
1429 3692 1797 3758 prosternens
1829 3681 2051 3740 damo-

342 3807 468 3862 nes,
500 3788 678 3848 altero
705 3785 944 3843 vincens
980 3777 1262 3837 homines.
1306 3773 1462 3832 Fecit
1500 3772 1697 3847 itaque
1741 3769 1894 3829 Deus
1926 3770 2053 3829 hac

2127 1820 2215 1871 cat
2243 1813 2456 1871 frustra
2480 1811 2658 1871 credit
2691 1811 2846 1886 quod
2874 1811 3242 1882 eleemosyua
3265 1806 3319 1865 ei
3340 1804 3617 1880 proﬁciat.
3645 1801 3839 1859 Inter-

2126 1899 2469 1975 pretaudum
2525 1907 2610 1958 est
2656 1900 2835 1973 igitur
2888 1901 3267 1971 eleemosyna
3321 1891 3689 1953 vocabulum.
3742 1887 3836 1957 Et,

2128 1988 2429 2061 Hebraice,
2484 1993 2644 2054 Deus,
2700 2003 2886 2061 moys,
2945 1984 3279 2060 [Egyptiaca
3350 1982 3551 2054 lingua
3623 1976 3839 2037 dicitur

2130 2097 2297 2152 aqua,
2327 2079 2464 2139 inde
2502 2079 2883 2152 eleemosyna,
2918 2073 2976 2134 id
3011 2084 3114 2147 est,
3145 2092 3292 2146 aqua
3319 2076 3436 2130 Dei.
3480 2070 3523 2128 E
3554 2064 3840 2127 contrario

2130 2167 2327 2228 videre
2380 2182 2687 2241 possumus
2729 2164 2885 2240 quod
2926 2171 3220 2239 peccatum
3265 2169 3350 2220 est
3394 2157 3547 2232 ignis
3596 2153 3837 2213 diaboli.

2128 2255 2315 2330 Igitur
2363 2240 2559 2315 contra
2606 2257 2803 2330 ignem
2858 2253 3072 2312 diaboli
3132 2255 3457 2326 opponatur
3502 2260 3654 2319 aqua
3710 2240 3836 2299 Dei.

2130 2343 2441 2418 Perpende,
2495 2343 2840 2411 Christiane,
2884 2340 3225 2414 dignitatem
3267 2346 3443 2402 tuam,
3500 2340 3557 2391 et
3609 2330 3838 2389 redem-

2129 2431 2385 2506 ptionem
2414 2431 2604 2505 culpa
2624 2438 2761 2490 tua.
2790 2430 2919 2491 Noli
2946 2427 3202 2488 belluina
3232 2432 3423 2485 mente
3447 2429 3838 2483 contemnere.

2128 2505 2285 2579 Deus
2316 2518 2743 2593 eleemosynam
2775 2518 2908 2577 fecit
2938 2516 3063 2587 tibi,
3092 2528 3300 2588 corpus
3337 2508 3633 2585 proprium
3666 2505 3838 2564 morti

2131 2609 2429 2681 tradendo,
2473 2613 2533 2667 tu
2579 2607 3004 2682 eleemosynam
3047 2605 3132 2663 fac
3168 2602 3276 2672 illi,
3315 2597 3635 2659 buccellam
3674 2594 3844 2669 panis

2132 2696 2476 2772 porrigeudo
2536 2698 2796 2770 pauperi.
2858 2695 2995 2753 Esto
3044 2692 3206 2767 prius
3264 2691 3327 2749 in
3389 2696 3444 2747 te
3490 2684 3841 2781 misericorg,

2132 2788 2339 2849 deinde
2366 2788 2425 2845 in
2454 2786 2786 2862 proximum
2812 2784 3135 2844 clementia
3164 2781 3359 2841 rivum
3383 2775 3636 2846 elfuude,
3666 2780 3729 2833 ut
3760 2775 3845 2830 sic

2134 2877 2345 2952 pariter
2371 2892 2507 2935 cum
2531 2874 2795 2950 proximo
2835 2873 2907 2931 ad
2952 2873 3169 2931 fontem
3207 2864 3617 2927 misericordia
3648 2863 3847 2920 valeas

2134 2948 2457 3043 pervenire,
2509 2948 2648 3024 J'esu
2700 2964 2997 3022 Christum
3053 2960 3367 3020 Dominum
3411 2961 3697 3020 nostrum,
3739 2948 3843 3022 qui

2136 3041 2269 3115 cum
2301 3054 2465 3113 Patre
2492 3061 2548 3111 et
2578 3053 2795 3127 Spiritu
2824 3058 3017 3110 sancto
3057 3050 3201 3108 vivit
3237 3054 3295 3106 et
3333 3050 3532 3118 regnat
3560 3041 3719 3100 Deus
3743 3056 3849 3113 per

2136 3144 2332 3204 omnia
2361 3139 2572 3201 saeula
2600 3141 2969 3200 saculorum.
3001 3141 3215 3197 Amen.

2732 3244 2981 3307 SERMO
3001 3242 3236 3302 LXXIII.

2521 3332 2601 3379 IV.
2640 3330 2699 3378 IN
2728 3328 3113 3377 DEDICATIONE
3145 3324 3456 3374 ECCLESIE.

2207 3411 2373 3483 (121).
2422 3455 2434 3468 .
2474 3453 2487 3469 .
2528 3455 2539 3468 .
2580 3455 2592 3468 .
2630 3456 2642 3468 .
2680 3452 2694 3466 .
2725 3424 2857 3465 vere
2896 3413 3178 3464 estmons
3222 3397 3600 3468 fortitudinis,
3631 3392 3839 3483 inuui-

2135 3509 2231 3561 tur
2267 3499 2517 3560 salutare
2562 3497 2870 3567 vexillum,
2916 3495 2974 3553 id
3014 3501 3099 3552 est
3140 3506 3306 3562 crux,
3344 3504 3476 3564 qua
3522 3482 3841 3544 immortali

2136 3590 2414 3650 memoria
2446 3590 2590 3647 viret
2617 3602 2861 3662 semper,
2885 3584 3048 3643 ﬂoret
3072 3589 3245 3656 atque
3265 3577 3572 3639 fructiﬁcat
3593 3576 3655 3634 in
3682 3590 3845 3632 men-

2139 3682 2291 3741 tibus
2311 3680 2649 3739 electorum.

2208 3773 2316 3833 Per
2352 3774 2460 3831 hoc
2496 3777 2690 3830 autem
2718 3767 2875 3844 quod
2913 3767 2977 3826 in
3019 3764 3199 3824 sacris
3229 3758 3510 3820 altaribus
3538 3752 3845 3844 Dominico

342 3882 457 3942 duo
488 3892 698 3952 magna
725 3871 1057 3940 luminaria,
1090 3868 1306 3942 quibus
1334 3870 1582 3924 ornatur
1610 3861 1885 3932 Ecclesia,
1919 3861 2050 3936 qui-
2134 3864 2359 3939 corpori
2399 3842 2749 3921 sanctorum
2779 3855 3041 3932 reliquia
3094 3851 3411 3921 sociantur,
3447 3849 3680 3909 unitum
3724 3842 3842 3902 Be-

342 3973 453 4033 bus
478 3937 646 4044 quasi
672 3964 902 4025 duobus
933 3937 1124 4020 oculis
1150 3956 1412 4016 munitur
1441 3951 1657 4011 Christi
1689 3952 1976 4044 columba.
2132 3937 2417 4029 demptori
2455 3968 2560 4012 suo
2597 3956 2809 4010 sancta
2851 3946 3123 4007 Ecclesia
3160 3959 3366 4017 corpus
3411 3937 3751 4005 ostenditur,
3787 3942 3847 3993 et

409 4024 718 4120 Dissolntis
759 4050 985 4112 nebulis
1021 4046 1330 4120 allegoria,
1372 4045 1527 4105 hunc
1563 4044 1735 4102 etiam
1790 4042 2049 4102 rivulum
2132 4024 2297 4119 quasi
2327 4057 2572 4118 sponsus
2606 4056 2739 4100 cum
2778 4051 2987 4120 sponsa
3025 4035 3086 4092 in
3123 4031 3307 4092 sancti
3352 4028 3549 4089 altaris
3592 4024 3849 4084 thalamo

342 4148 657 4222 Scriptura
709 4142 780 4200 ad
834 4113 1165 4211 irrigandos'
1216 4113 1403 4194 mores
1472 4143 1692 4222 nostros
1742 4147 2048 4206 possumus
2129 4113 2457 4192 collocat—ur.
2493 4130 2562 4188 Et
2590 4130 2726 4205 quia
2758 4127 2819 4185 in
2847 4113 3210 4199 Apocalypsi,
3237 4121 3346 4180 sub
3373 4117 3540 4177 altari
3561 4114 3663 4175 Dei
3703 4114 3848 4173 visa

345 4208 590 4297 trahere.
621 4231 768 4291 Nam
808 4208 971 4285 sicut
988 4225 1136 4283 Deus
1172 4222 1233 4280 in
1274 4225 1378 4281 hoc
1427 4221 1645 4280 mundo
1686 4221 1803 4280 duo
1846 4235 2051 4295 magna
2132 4231 2460 4280 sanctorum
2504 4227 2824 4292 martyrum
2858 4216 3071 4279 anima
3113 4211 3447 4272 referuntur
3497 4209 3685 4279 (Apoc.
3741 4208 3845 4271 γι),

346 4321 660 4385 luminaria
700 4317 851 4387 fecit,
886 4314 965 4371 ita
994 4313 1170 4370 etiam
1208 4311 1268 4367 in
1301 4309 1533 4368 bomine
1565 4309 1682 4368 duo
1722 4290 2051 4383 magna'lu-
2132 4311 2427 4385 aptissime
2457 4290 2742 4381 congruit,
2782 4313 2847 4365 ut
2871 4305 3046 4363 etiam
3071 4302 3226 4377 apud
3267 4314 3371 4358 nos
3395 4296 3505 4356 sub
3541 4308 3659 4352 ara
3700 4290 3847 4349 visi-

346 4413 592 4473 minaria
640 4404 950 4467 ordinavit.
1010 4400 1092 4459 Ne
1144 4399 1256 4458 sibi
1315 4399 1575 4458 videatur
1611 4397 1847 4463 durum.
1899 4398 2273 4473 quodnbilis
2320 4414 2520 4457 mensa
2555 4410 2758 4454 eorum
2795 4392 3110 4468 patrocinia
3149 4388 3553 4448 recondantur.

346 4451 592 4473 ww..-
641 4451 950 4467 -.........--.
1010 4451 1091 4459 -.ν
1144 4451 1256 4458 ----
1329 4451 1563 4458 .-_---_-
1617 4451 1847 4463 --_--_,
1902 4451 2049 4472 νη
2139 4451 2271 4459 η---
2322 4451 2519 4457 ηψπ
2563 4451 2757 4454 mm
2797 4451 2813 4468 ,
2878 4451 2882 4452 ν

344 4501 622 4570 dicimus;
670 4498 842 4555 homo
889 4491 1048 4551 enim
1088 4490 1229 4548 alter
1281 4497 1367 4547 est
1421 4489 1697 4559 mundus,
1731 4488 1883 4547 unde
1932 4451 2115 4562 ipsaD
2212 4488 2493 4547 Praterea
2545 4486 2693 4544 sicut
2738 4484 2800 4542 in
2848 4480 3111 4556 sepulcro
3149 4473 3549 4549 Redemptoris
3603 4469 3849 4544 myrrha

594 4559 796 4661 lingua
850 4590 1106 4651 vocatur,
1170 4577 1534 4654 μικρόκοσμος,
1593 4577 1652 4636 id
1700 4584 1804 4648 est,
1866 4559 2057 4638 minor
2139 4583 2193 4634 et
2228 4575 2355 4634 aloe
2393 4575 2568 4633 missa
2611 4579 2745 4631 sunt
2776 4574 2952 4638 (Joan.
2987 4573 3141 4637 XIX),
3168 4568 3248 4624 ita
3291 4570 3347 4623 et
3378 4559 3471 4620 hic
3500 4561 3636 4618 thus
3673 4570 3851 4629 appo-

348 4678 625 4749 mundus,
664 4648 805 4751 quia
849 4672 921 4731 ad
967 4648 1683 4739 similit'udiuem'majoris
1724 4666 1928 4727 mundi
1973 4676 2058 4726 est
2144 4668 2318 4736 nitur,
2348 4679 2450 4738 per
2485 4662 2635 4736 quod
2662 4659 2923 4733 ejusdem
2951 4654 3183 4716 Domini
3222 4648 3589 4712 mortiﬁcatio
3623 4648 3843 4719 ﬁgura—

346 4772 549 4830 factus.
591 4735 737 4824 Nam
769 4763 918 4821 sicut
954 4760 1111 4819 Deus
1146 4758 1350 4830 majori
1394 4735 1608 4815 mundo
1642 4755 1931 4829 prasidet,
1978 4758 2058 4814 ita
2141 4763 2252 4825 tur,
2295 4735 2443 4812 Sicut
2476 4735 2597 4824 ipse
2629 4749 2766 4808 dicit
2797 4773 2809 4807 :
2854 4769 2882 4801 ι(
2912 4745 3383 4818 Quotiescunque
3415 4735 3850 4796 manducabitis

346 4856 498 4938 quod
538 4855 756 4928 ubique
780 4858 865 4910 est
893 4856 1082 4920 totus;
1113 4847 1194 4907 sic
1219 4847 1413 4905 anima
1439 4824 1662 4918 corpori
1691 4824 2053 4917 dominatur,
2138 4824 2347 4919 panem
2408 4844 2581 4912 hunc,
2637 4848 2691 4897 et
2743 4836 2982 4897 calicem
3034 4833 3261 4903 bibatis,
3304 4835 3550 4889 mortem
3608 4824 3847 4886 Domini

2642 4928 2658 4938 .
2970 4923 3226 4938 ...-,.
3356 4921 3439 4938 _..
3593 4914 3844 4938 m__..._

349 4914 431 5011 ita
452 4948 608 5023 quod
635 4914 853 5020 ubique
881 4949 993 5000 tota
1029 4914 1203 4998 estin
1231 4952 1488 5011 corpore.
1539 4914 1555 4918 ”
2041 4914 2048 4917 ⁷
2138 4914 2578 4998 annuntiabitis,
2627 4928 2809 4986 donec
2849 4925 3046 4984 veniat
3097 4926 3144 4997 (ι
3187 4923 3306 4981 Cor.
3356 4921 3461 4988 x1).
3502 4941 3531 4965 ιο
3586 4914 3847 4985 Dignum

420 5038 607 5098 Homo
632 5035 828 5109 itaque
871 5029 1039 5089 habet
1079 5027 1256 5099 diem,
1294 5025 1461 5085 habet
1499 5035 1555 5085 et
1593 5034 1853 5097 noctem;
1891 5027 2061 5086 habet

351 5129 531 5188 solem
556 5127 619 5186 in
648 5124 761 5193 die,
792 5120 963 5181 habet
991 5119 1193 5179 lunam
1222 5116 1284 5174 in
1310 5125 1490 5174 nocte.
1524 5113 1660 5174 Dies
1700 5115 1953 5175 hominis
1976 5120 2060 5172 est

354 5218 471 5276 vita
516 5212 782 5289 justitia,
825 5226 942 5269 nox
992 5206 1246 5267 hominis
1294 5213 1381 5264 est
1432 5204 1547 5263 vita
1603 5204 1896 5277 nequitia.
1962 5200 2060 5261 Sol

352 5312 551 5365 autem
600 5302 663 5361 in
697 5301 812 5360 vita
844 5296 1086 5373 justitia
1117 5303 1201 5354 est
1236 5295 1485 5353 charitas
1520 5308 1652 5368 qua
1694 5302 1896 5366 praest
1929 5291 2060 5349 vita

344 5390 629 5466 justitia;
667 5388 809 5447 luna
844 5402 976 5445 vero
1004 5387 1065 5444 in
1096 5386 1209 5444 vita
1230 5384 1553 5458 peccatoris,
1586 5389 1672 5439 est
1701 5379 2056 5455 pauitantia.

352 5480 399 5541 Ο
449 5493 630 5553 quam
678 5477 869 5536 clarus
912 5474 998 5533 sol
1055 5482 1141 5532 est
1189 5474 1457 5540 charitas,
1508 5472 1677 5543 cujus
1724 5469 2058 5545 quindecim

414 5577 553 5649 (t2l)
573 5577 845 5628 Sermonis
869 5578 1031 5636 hujus
1052 5574 1373 5636 principium
1401 5586 1506 5624 non
1536 5571 1763 5621 habetur
1792 5570 1844 5619 iu
1868 5582 1966 5619 ms.

2140 5029 2225 5082 est
2252 5036 2385 5095 ergo
2424 5025 2485 5077 ut
2522 5019 2583 5075 in
2612 5014 2798 5086 altari,
2833 5030 3006 5089 super
3031 5011 3189 5088 quod
3226 5024 3433 5083 corpus
3470 5002 3851 5095 Dominicum

2136 5094 2351 5186 jugiter
2379 5106 2734 5175 immolatur,
2776 5120 2928 5163 mors
2957 5104 3082 5178 ejus
3116 5101 3293 5161 etiam
3322 5112 3422 5172 per
3454 5109 3654 5153 rerum
3690 5094 3854 5152 iuvi-

2142 5199 2402 5259 sibilium
2427 5196 2734 5268 auigmata
2763 5194 3088 5253 nuntietur.

2216 5288 2532 5348 Parietibus
2577 5301 2812 5360 quoque
2845 5284 3099 5343 basilica
3129 5297 3230 5356 per
3275 5277 3585 5338 circuitum
3625 5273 3853 5333 duode-

2140 5381 2254 5440 cim
2290 5378 2361 5436 de
2405 5384 2598 5434 sancto
2638 5373 2946 5433 chrismate
2995 5370 3161 5445 signa
3203 5366 3393 5425 crucis
3444 5362 3850 5438 imprimimus

2143 5464 2493 5537 totidemque
2523 5460 2793 5520 candelas
2819 5457 3127 5533 attigimus,
3158 5460 3225 5515 ut
3258 5469 3386 5512 eam
3434 5448 3617 5510 sancti
3659 5446 3851 5523 Spiri-
