4108 6206
176 352 287 419 909

1673 344 1923 413 SERMO
1960 342 2191 409 LXXII.

3581 363 3689 425 910

181 488 278 540 tus
299 479 631 554 unguedine
659 474 975 540 delibatam
1000 484 1056 540 et
1077 480 1467 555 apostolorum
1489 476 1765 537 doctrinis
1789 475 1881 534 di-
1902 473 2095 536 Asine
2140 483 2422 533 caemento
2451 485 2775 538 constructa
2820 481 3194 555 perflantibus
3245 489 3435 547 ventis
3476 492 3686 550 everti-

179 569 408 629 vinitus
419 568 767 629 illustratam
782 569 876 629 his
885 570 1069 643 signis
1080 569 1479 629 invisibilibus
1494 566 1885 627 ostendamus.

257 658 410 719 Sunt
450 659 620 718 etiam
663 659 777 717 alia
826 658 1130 729 nonnulla,
1187 659 1393 717 fratres
1448 658 1584 730 mei,
1637 672 1775 731 quae
1826 656 1889 714 in

183 748 559 807 ecclesiarum
619 748 1152 807 consecrationibus
1203 748 1342 806 certi
1398 763 1572 806 causa
1630 744 1893 820 mysterii

183 839 608 899 rationabiliter
629 838 996 911 adhibemus,
1024 840 1175 900 sicut
1193 847 1278 898 est
1300 839 1523 907 vinum,
1550 839 1891 912 hyssopum,

186 927 296 994 sal,
338 928 581 1001 cineres,
630 929 916 1003 pulveres,
957 930 1218 1001 fragmen
1259 928 1424 987 rubei
1462 926 1688 1000 lapidis.
1751 926 1895 995 Quae

189 1018 457 1077 videlicet
486 1019 686 1077 omnia
722 1019 936 1078 idcirco
965 1035 1066 1094 per
1088 1018 1353 1077 ordinem
1393 1017 1557 1076 vobis
1584 1030 1893 1089 exponere,

188 1123 296 1167 cur
346 1110 752 1179 adhibeantur,
810 1110 1155 1179 omittimus,
1220 1104 1369 1163 384
1430 1122 1502 1165 ne
1561 1106 1896 1165 charitatem

191 1206 438 1258 vestram
476 1200 718 1275 prolixis
754 1199 1123 1259 sermonibus
1155 1213 1484 1258 oneremus.
1528 1197 1667 1267 Quae
1706 1204 1895 1253 tamen

190 1289 447 1348 breviter
505 1290 940 1365 perstringendo
998 1289 1471 1356 transcurrimus,
1530 1294 1592 1344 ut
1663 1293 1899 1343 tenuem

190 1377 397 1437 saltem
457 1379 699 1438 uberius
772 1377 1138 1452 intelligendi
1213 1378 1425 1437 lineam
1490 1376 1895 1450 producamus.

190 1466 371 1525 Porro
398 1467 546 1526 sicut
581 1483 731 1541 aqua
778 1466 958 1526 Vetus
991 1466 1453 1536 Testamentum,
1496 1465 1580 1522 sic
1611 1472 1666 1522 et
1692 1464 1902 1521 vinum

187 1554 481 1629 signiﬁcat
507 1555 916 1630 Evangelium,
941 1556 1097 1630 quod
1118 1554 1403 1614 Dominus
1434 1561 1570 1611 tunc
1596 1550 1902 1625 expressit,

193 1656 331 1703 cum
351 1659 565 1718 aquam
587 1644 648 1702 in
669 1644 876 1703 vinum
898 1644 960 1702 in
982 1643 1229 1718 nuptiali
1258 1642 1612 1701 constitutus
1624 1637 1902 1699 solemni-

196 1737 310 1790 tate
344 1733 591 1791 mutavit
613 1736 790 1801 (Joan.
824 1737 905 1799 tt).

1975 572 2089 633 tur,
2124 564 2201 622 ita
2248 563 2385 622 boni
2428 568 2619 640 operis
2655 568 2969 630 aediﬁcium
3007 573 3080 632 ad
3132 576 3455 649 quemlibet
3499 586 3687 641 tenta-

1976 653 2150 710 tionis
2187 652 2467 727 impetum
2510 657 2623 715 cito
2660 657 2986 733 collabitur,
3015 663 3063 721 si
3103 672 3356 737 paternae
3393 669 3690 729 charitatis

1977 741 2217 814 coagulo
2243 758 2359 801 non
2393 752 2635 803 tenetur.

2051 832 2124 890 Ut
2152 848 2307 906 ergo,
2338 832 2719 908 dilectissimi,
2750 841 2930 897 sancti
2956 843 3144 915 operis
3185 845 3360 904 nostri
3405 854 3693 909 structura

1981 929 2331 995 permaneat,
2373 920 2622 996 Spiritus
2664 926 2762 984 Dei
2801 943 2903 987 vos
2958 930 3018 988 in
3076 932 3342 992 fraternae
3401 936 3695 996 charitatis

1979 1026 2250 1086 compage
2265 1021 2581 1074 connectat.
2606 1015 2730 1074 Non
2755 1017 2912 1076 enim
2934 1034 3155 1092 omnes,
3172 1023 3273 1095 qui
3299 1023 3693 1083 Christianum

1982 1100 2255 1159 videntur
2292 1101 2501 1160 habere
2540 1106 2907 1179 vocabulum,
2950 1110 3250 1181 pervenire
3289 1120 3587 1171 merentur
3623 1114 3696 1171 ad

1982 1190 2309 1259 Christum;
2344 1207 2533 1265 neque
2570 1210 2771 1253 omnes
2809 1197 2911 1270 qui
2953 1198 3166 1257 habent
3204 1200 3475 1259 Ecclesiae
3514 1204 3697 1261 socie-

1984 1286 2177 1349 tatem,
2219 1278 2366 1337 385
2418 1283 2490 1340 ad
2535 1286 2904 1345 ecclesiastici
2959 1290 3211 1363 corporis
3263 1290 3554 1363 pertinent
3595 1308 3700 1350 ve-

1985 1371 2187 1429 raciter
2210 1374 2511 1430 unitatem.
2530 1373 2995 1435 Tabernaculum
3028 1396 3236 1454 nempe
3270 1380 3518 1449 hederis,
3544 1381 3699 1456 quod

1988 1462 2197 1521 Christi
2252 1471 2387 1521 tunc
2430 1466 2837 1539 praefigurabat
2875 1468 3211 1543 Ecclesiam,
3253 1470 3503 1528 Bezeleel
3543 1470 3701 1529 ﬁlius

1994 1549 2093 1609 Uri
2140 1549 2210 1607 de
2262 1550 2415 1609 tribu
2452 1552 2483 1610 J
2494 1554 2625 1623 uda,
2657 1561 2709 1611 et
2748 1554 2946 1613 Ooliab
2998 1556 3155 1615 filius
3203 1556 3584 1614 Achisamech
3633 1555 3704 1614 de

1994 1638 2145 1697 tribu
2180 1638 2323 1710 Dan,
2368 1640 2579 1712 pariter
2614 1649 3065 1702 construxerunt
3105 1646 3305 1713 (Exod.
3345 1649 3543 1714 xxxx).
3595 1642 3707 1704 Sed

1991 1728 2184 1788 cuncti
2214 1728 2433 1803 liquido
2474 1732 2748 1791 novimus
2785 1734 2922 1807 quia
2958 1734 3028 1791 de
3068 1734 3222 1793 tribu
3248 1734 3398 1793 Juda
3426 1742 3596 1793 natus
3626 1743 3710 1792 est

266 1821 338 1880 Et
383 1820 532 1881 sicut
575 1821 827 1897 liquores
866 1820 954 1880 illi
1000 1818 1179 1879 simul
1226 1818 1286 1877 in
1328 1817 1754 1878 consecratione
1797 1814 2279 1897 mi-BChristus,
2316 1819 2387 1878 de
2419 1819 2570 1878 tribu
2595 1835 2731 1878 vero
2772 1820 2892 1879 Dan
2934 1822 3268 1880 nasciturus
3298 1829 3382 1882 est
3412 1824 3709 1882 Antichri—

197 1917 433 1973 scentur
487 1911 779 1977 Ecclesiae,
820 1910 903 1968 sic
947 1908 1145 1984 procul
1192 1907 1370 1971 dubio
1420 1907 1664 1981 dignum
1718 1912 1803 1963 est
1850 1910 1916 1963 ut

201 2009 451 2076 utraque
506 2002 604 2060 lex
652 2001 869 2076 jugiter
907 2009 1101 2059 nostro
1152 2009 1414 2065 versetur
1466 1999 1528 2055 in
1576 1995 1765 2055 corde.
1817 1993 1915 2054 Sal

203 2091 379 2150 etiam
422 2090 603 2149 simul
647 2089 1002 2158 immittitur,
1054 2096 1118 2146 ut
1174 2087 1464 2161 insipidus
1514 2086 1724 2144 veteris
1771 2084 1915 2155 legis

203 2194 373 2253 sapor
407 2177 759 2251 evangelicae
790 2176 1192 2249 intelligentiae
1221 2175 1341 2235 sale
1367 2175 1633 2233 conditus
1661 2189 1785 2232 esse
1811 2171 1915 2232 do-

203 2274 418 2327 ceatur.
468 2265 633 2324 Unde
681 2280 815 2323 cum
863 2265 1020 2323 cives
1058 2263 1287 2322 Jericho
1331 2278 1511 2338 aquas
1548 2262 1709 2320 illius
1752 2269 1918 2320 terrae

205 2362 700 2430 conquererentur
730 2369 972 2425 amaras,
1012 2353 1093 2411 ait
1141 2352 1369 2410 Eliseus
1410 2370 1423 2409 :
1458 2376 1483 2401 α
1519 2352 1733 2410 Afferte
1774 2350 1919 2409 mihi

210 2460 309 2502 vas
341 2460 580 2511 novum,
616 2453 671 2502 et
709 2442 915 2501 mittite
944 2443 1005 2500 in
1035 2441 1182 2500 illud
1221 2441 1325 2499 sal.
1365 2438 1477 2510 Qui
1519 2456 1652 2499 cum
1690 2438 1916 2498 attulis-

208 2542 356 2604 sent,
387 2549 650 2606 egressus
684 2532 757 2590 ad
793 2533 979 2592 fontes
1015 2546 1320 2608 aquarum,
1356 2530 1513 2588 misit
1549 2530 1604 2587 in
1637 2545 1771 2587 eum
1812 2526 1919 2597 sal,

210 2631 266 2683 et
294 2623 378 2681 ait
406 2641 419 2680 :
446 2621 584 2681 Haec
603 2622 741 2680 dicit
759 2621 1046 2680 Dominus
1074 2640 1087 2679 :
1122 2618 1335 2678 Sanavi
1365 2635 1545 2692 aquas
1567 2619 1690 2686 has,
1716 2624 1772 2677 et
1806 2632 1920 2677 non

213 2714 321 2773 erit
349 2712 411 2771 in
448 2713 532 2771 eis
575 2712 724 2771 ultra
761 2728 934 2784 mors,
980 2725 1168 2786 neque
1196 2707 1484 2768 sterilitas.
1521 2706 1749 2767 Sanatae
1786 2722 1923 2779 ergo

214 2809 351 2861 sunt
376 2816 542 2875 aquae
573 2816 754 2875 usque
775 2799 845 2857 ad
876 2800 1030 2857 diem
1055 2799 1220 2869 hanc,
1238 2797 1408 2871 juxta
1443 2796 1685 2854 verbum
1710 2794 1919 2865 ,Elisei,

215 2891 367 2965 quod
396 2889 622 2948 locutus
648 2896 734 2947 est
760 2892 864 2948 (IV
889 2892 1020 2957 Reg.
1054 2892 1134 2958 ιε).
1156 2909 1193 2945 ο
1232 2886 1339 2944 Per
1375 2885 1528 2959 quod
1567 2884 1922 2955 designatur,

216 2980 371 3055 quod
395 2995 587 3039 amara
616 2978 825 3037 veteris
863 2977 1005 3050 legis
1041 2990 1188 3049 aqua
1215 2989 1313 3048 per
1340 2973 1699 3047 spiritualem
1732 2972 1925 3029 Evan-

214 3070 349 3144 gelii
404 3068 759 3127 intellectum
808 3073 925 3125 erat
985 3066 1047 3124 in
1101 3063 1469 3123 dulcedinem
1517 3060 1923 3120 convertenda.

2002 1913 2142 1965 stus.
2161 1906 2254 1965 Sic
2279 1923 2353 1965 ex
2381 1908 2683 1981 utriusque
2709 1923 2866 1966 nunc
2898 1911 3173 1968 membris
3200 1910 3550 1968 universalis
3570 1925 3712 1970 con-

2001 2003 2109 2053 stat
2168 1994 2454 2064 Ecclesia,
2508 1996 2606 2054 sed
2654 1995 2776 2055 sola
2828 1997 3105 2055 charitate
3163 1997 3549 2067 discernitur,
3609 1999 3713 2072 qui

2002 2084 2217 2144 scilicet
2259 2085 2329 2143 ad
2384 2084 2698 2155 Christum,
2753 2088 2854 2159 qui
2904 2087 2978 2144 ad
3032 2086 3456 2145 Antichristum
3512 2088 3717 2147 merito

2006 2175 2290 2249 pertinere
2346 2176 2628 2235 credatur.
2689 2176 2851 2235 Unde
2931 2186 2987 2235 et
3053 2177 3310 2237 Bozeleel
3387 2178 3599 2237 dicitur
3658 2183 3717 2234 in

2002 2268 2196 2322 umbra
2237 2270 2354 2332 Dei,
2385 2266 2524 2340 quia
2564 2265 2830 2342 quisquis
2869 2266 3163 2326 Christum
3208 2269 3484 2327 veraciter
3521 2267 3717 2339 sequi-

2004 2362 2117 2424 tur,
2146 2355 2352 2414 umbra
2396 2358 2578 2414 sancti
2634 2354 2898 2431 Spiritus,
2933 2372 3009 2414 ex
3060 2371 3175 2430 quo
3220 2355 3320 2415 ille
3362 2356 3420 2413 in
3468 2356 3722 2429 Virginis

2006 2450 2169 2502 utero
2197 2452 2506 2517 conceptus
2525 2453 2630 2515 est,
2670 2445 2743 2503 ab
2779 2453 2926 2503 aestu
2949 2445 3368 2504 desideriorum
3398 2448 3720 2506 carnalium

2008 2539 2375 2606 temperatur.
2411 2532 2611 2592 Ooliab
2650 2533 3057 2607 interpretatur
3079 2538 3342 2606 protectio
3386 2551 3506 2591 mea
3540 2543 3721 2608 pater,
3754 2542 3757 2545 ‘

2007 2621 2285 2695 quoniam
2327 2622 2715 2680 Antichristus
2741 2638 2874 2680 cum
2907 2623 3029 2681 suis
3075 2623 3278 2695 utique
3321 2623 3598 2681 membris
3630 2640 3728 2697 pa-

2008 2718 2164 2769 trum
2214 2726 2474 2781 suorum,
2504 2712 2609 2769 hoc
2644 2720 2734 2771 est
2776 2719 3038 2771 veterum
3079 2712 3441 2782 Judaeorum,
3475 2728 3536 2770 se
3568 2713 3730 2772 testi-

2008 2801 2204 2858 monio
2234 2801 2495 2875 protegit,
2529 2800 2667 2859 dum
2712 2801 2919 2873 legalia
2968 2802 3231 2860 mandata
3273 2801 3441 2873 juxta
3478 2800 3726 2861 litteram

2009 2896 2217 2957 servat,
2253 2896 2309 2945 et
2350 2904 2417 2945 ea
2460 2889 2779 2947 secundum
2830 2888 3065 2948 illorum
3122 2889 3487 2947 traditionem
3530 2905 3732 2948 carna-

2012 2978 2143 3037 liter
2166 2979 2523 3037 observanda
2553 2982 2902 3039 mendaciter
2925 2980 3286 3054 dogmatizat.

2084 3070 2247 3140 Ecce,
2299 3069 2676 3140 dilectissimi,
2724 3071 3159 3131 tabernaculum
3219 3073 3321 3132 Dei
3374 3090 3530 3133 nunc
3573 3088 3735 3133 com-

216 3159 515 3233 Hyssopns
541 3165 755 3227 autem,
782 3154 881 3229 qui
923 3153 1165 3228 pectoris
1192 3168 1400 3210 arcana
1439 3149 1721 3225 purificat,
1752 3151 1909 3207 fiden

2067 3158 2217 3221 mnis
2246 3159 2583 3232 frequentiae
2623 3161 2890 3219 societate
2917 3161 3327 3231 construimus,
3359 3172 3414 3221 et
3455 3164 3736 3238 templum

218 3252 499 3325 designat,
550 3250 621 3307 de
658 3264 774 3323 qua
813 3246 1096 3306 nimirum
1135 3246 1275 3303 dicit
1312 3242 1619 3317 Apostolus
1667 3260 1679 3298 :
1730 3265 1751 3293 ι
1793 3239 2120 3306 Ὲὶάευῡθὶ
2151 3246 2429 3321 corporali
2472 3248 2793 3321 frequentia
2831 3248 3183 3308 sufficienter
3230 3251 3566 3325 iinplemus,
3617 3253 3734 3311 imo

221 3339 535 3415 puriﬁcans
596 3336 765 3395 corda
829 3349 1032 3393 eorum
1107 3334 1260 3402 (Αοτ-
1314 3336 1445 3400 XVl-
1506 3351 1533 3383 ν
1602 3328 1669 3386 In
1743 3327 1937 3385 Ciﬂel‘e
2017 3344 2074 3396 et
2101 3336 2211 3409 ipsi
2239 3336 2520 3408 templum
2551 3336 2650 3394 Dei
2688 3352 2787 3410 per
2816 3353 2983 3396 novae
3014 3341 3463 3410 regenerationis
3494 3342 3739 3411 gratiam

223 3443 357 3486 vero
395 3424 754 3499 signiﬁcatur
789 3422 1111 3492 humilitas,
1140 3436 1242 3494 per
1284 3435 1459 3494 quam
1500 3417 1719 3476 scilicet
1753 3416 1905 3474 Abm

2067 3423 2201 3482 Tecti
2251 3439 2472 3482 sumus.
2525 3449 2551 3475 α
2598 3424 2905 3498 Templum
2952 3426 3111 3483 enim
3161 3426 3260 3484 Dei
3308 3435 3571 3486 sanctum
3633 3437 3737 3496 est,

225 3517 359 3574 ham
398 3513 515 3572 Deo
559 3513 919 3585 colloquens,
952 3510 1031 3568 ait
1083 3533 1095 3567 :
1152 3534 1177 3557 α
1226 3507 1455 3581 Loquar
1499 3507 1570 3565 ad
1624 3505 1938 3563 Dominum
2020 3515 2160 3572 dicit
2200 3514 2532 3588 Apostolus,
2573 3514 2728 3587 quod
2769 3515 2905 3573 estis
2946 3531 3075 3585 vos,
3116 3525 3171 3574 et
3212 3518 3459 3590 Spiritus
3498 3517 3600 3575 Dei
3640 3518 3740 3575 ha-

227 3617 442 3671 meum,
471 3616 606 3660 cum
656 3600 767 3658 sim
810 3598 1007 3673 pulvis
1052 3604 1107 3656 et
1154 3598 1303 3655 cinis
1335 3598 1490 3665 (Gen.
1532 3599 1726 3664 xvni).
1766 3617 1791 3644 η
1833 3592 1909 3650 Pe

2067 3605 2161 3662 itat
2198 3604 2259 3661 in
2302 3603 2481 3661 vobis.
2522 3624 2542 3653 ι
2590 3603 2696 3661 Ubi
2738 3604 2991 3663 terribile
3029 3613 3131 3673 est,
3161 3606 3314 3679 quod
3350 3612 3559 3679 praesto
3597 3606 3737 3664 sub-

224 3693 471 3768 speciem
500 3705 635 3748 vero
673 3689 838 3747 rubei
878 3686 1202 3762 fragminis,
1232 3686 1424 3744 fervor
1463 3685 1736 3743 innuitur
1762 3682 1943 3741 chari.
2017 3694 2282 3767 jungitur
2320 3716 2334 3752 ε
2382 3716 2407 3742 u
2450 3691 2510 3752 si
2549 3694 2681 3767 quis
2728 3695 3005 3768 [emplum
3042 3694 3143 3754 Dei
3180 3696 3503 3768 violaverit,
3529 3696 3746 3771 ἀίερριι.

228 3783 374 3841 tatis.
408 3780 561 3839 Hinc
589 3777 853 3852 estquod
897 3776 1081 3834 Adam
1120 3774 1334 3833 dicitur
1362 3780 1509 3831 terra
1552 3774 1741 3837 rubra.
1776 3770 1941 3830 vide-
2024 3782 2118 3841 det
2155 3781 2324 3840 illum
2362 3781 2517 3840 Deus
2567 3786 2616 3850 (Ι
2651 3784 2769 3841 Cor.
2803 3789 2909 3849 in).
2947 3805 2973 3835 »
3006 3782 3319 3857 Templum
3359 3801 3517 3856 sane,
3554 3770 3635 3841 id
3661 3793 3745 3842 est

228 3873 363 3931 licet
390 3879 452 3930 ut
480 3870 539 3928 in
577 3867 856 3927 vocabulo
881 3866 1055 3941 primi
1083 3864 1340 3923 hominis
1378 3864 1552 3921 homo
1588 3863 1768 3920 discut
1797 3877 1945 3935 (ἰυὶὶ-
2028 3873 2339 3931 materialis
2397 3871 2673 3945 quaelibet
2740 3889 2807 3931 ac
2855 3881 3081 3932 terrena
3138 3875 3391 3943 basilica,
3432 3875 3745 3949 aliquando

233 3973 437 4034 tenus,
468 3961 605 4035 quia
633 3967 781 4018 terra
805 3966 907 4026 est,
949 3956 1249 4016 humiliter
1294 3956 1485 4025 vivat;
1521 3962 1576 4013 et
1609 3954 1745 4028 quia
1772 3952 1951 4012 ruber
2026 3962 2284 4035 pulvere,
2318 3962 2408 4018 vel
2461 3960 2572 4017 levi
2628 3977 2974 4036 quacunque
3043 3962 3209 4020 sorde
3277 3963 3587 4037 polluitur;
3638 3964 3745 4021 an-

234 4055 466 4125 dicitur,
516 4069 550 4111 a
595 4053 816 4110 fervore
863 4049 1157 4107 charitatis
1210 4049 1459 4121 geminae
1513 4061 1631 4123 non
1684 4050 1943 4117 tepescat.
2029 4048 2264 4123 quando
2304 4064 2403 4121 per
2440 4048 2780 4107 effusionem
2820 4048 3144 4122 sanguinis,
3186 4049 3280 4107 vel
3317 4058 3466 4109 certe
3506 4068 3607 4124 per
3642 4052 3748 4109 ad-

236 4143 375 4214 Quae
423 4144 640 4202 scilicet
679 4143 874 4201 omnia
913 4141 1124 4199 idcirco
1167 4140 1227 4197 in
1280 4138 1637 4197 dedicatione
1679 4136 1949 4195 Ecclesiae
2032 4138 2270 4195 missum
2330 4136 2562 4210 aliquod
2619 4154 2793 4209 grave
2841 4138 3068 4195 facinus
3129 4137 3411 4205 violatur;
3466 4139 3563 4196 sed
3614 4154 3749 4198 cum

238 4235 542 4295 visibiliter
575 4234 985 4303 admiscentur,
1014 4242 1078 4291 ut
1120 4248 1222 4291 nos
1258 4247 1461 4291 eorum
1512 4232 1817 4304 mysticum
1858 4229 1951 4287 in-
2031 4226 2189 4285 solus
2215 4242 2273 4283 se
2304 4226 2522 4283 nimius
2552 4226 2741 4298 pulvis
2765 4232 3091 4299 exaggerat,
3128 4227 3217 4283 vel
3256 4228 3445 4284 tenuis
3481 4228 3751 4301 quaedam

241 4329 531 4386 tellectum
568 4325 627 4383 in
683 4333 875 4382 mente
926 4330 1119 4382 nostra
1167 4322 1478 4381 recondere
1517 4321 1849 4378 doceamur.
1884 4319 1952 4377 Et
2032 4317 2275 4391 pollutio
2306 4315 2618 4389 pavimenti
2651 4315 2998 4373 munditiam
3031 4316 3223 4384 ftedat,
3254 4316 3363 4372 levi
3399 4318 3748 4386 ramusculo,

240 4419 375 4493 quia
402 4433 509 4475 nos
540 4416 738 4489 utique
766 4430 969 4474 sumus
1005 4413 1277 4481 Ecclesia,
1308 4428 1409 4486 per
1442 4410 1701 4468 visibiles
1738 4408 1955 4482 species
2033 4407 2185 4477 quod
2221 4406 2493 4478 injectum
2534 4410 2637 4469 est,
2662 4403 2933 4475 sc0pitur,
2963 4411 3018 4460 et
3056 4404 3138 4460 sic
3182 4405 3254 4460 ad
3297 4404 3543 4475 priorem
3577 4420 3751 4461 mun-

241 4491 409 4584 atque
440 4521 739 4578 corporeus
775 4503 1012 4577 mystice
1044 4502 1375 4575 designatur
1398 4516 1529 4573 quae
1564 4496 1950 4571 spiritualium
1972 4495 2261 4584 hditiam,
2294 4493 2446 4567 quod
2503 4491 2775 4584 foedatum
2830 4499 2935 4560 est,
2984 4499 3301 4584 revocatur.
3337 4493 3413 4549 At
3450 4494 3498 4549 si
3528 4492 3614 4549 vel
3649 4493 3777 4549 bo--

244 4556 523 4655 virtutum
542 4556 742 4652 rnobis
782 4567 969 4652 inesse
1006 4591 1249 4649 debeant
1278 4595 1648 4647 sacramenta.
1685 4586 1823 4644 Haec
1860 4556 2022 4642 in-D

246 4686 409 4743 terim
458 4697 558 4740 vos
601 4696 772 4740 nosse
819 4680 1084 4751 sufﬁciat,
1118 4687 1183 4737 ut
1226 4695 1326 4752 per
1361 4680 1485 4737 haec
1528 4692 1661 4751 quae
1706 4674 1956 4733 dicimus

247 4768 483 4828 valeatis
517 4774 572 4826 et
598 4767 697 4825 illa
726 4765 1006 4844 conjicere
1033 4779 1166 4836 quae
1189 4771 1460 4821 tacemus.

316 4858 538 4917 Videtis
586 4867 881 4932 praeterea,
933 4853 1312 4923 dilectissimi,
1369 4850 1506 4926 quia
1563 4850 1799 4909 basilica
1850 4850 1959 4909 ista

243 4955 464 5009 constat
498 4946 790 5020 lapidibus
822 4953 878 5003 et
922 4952 1220 5007 caemento.
1262 4941 1418 5016 quod
1465 4940 1514 4997 si
1565 4939 1798 5012 parietis
1835 4955 1960 4996 ma-

244 5039 418 5097 cbina
442 5036 504 5094 in
531 5035 646 5093 alta
676 5050 736 5093 se
764 5031 1068 5106 subrigens
1093 5031 1231 5090 solis
1258 5028 1553 5104 lapidibus
1571 5037 1958 5098 coacervalur,

247 5141 303 5192 et
327 5129 502 5192 calcis
531 5144 597 5187 ac
633 5128 822 5186 sabuli
859 5126 1083 5197 glutine
1124 5141 1239 5184 non
1278 5121 1679 5195 obstringitur,
1719 5120 1790 5178 ad
1834 5120 1960 5179 vio-

249 5222 446 5283 lentiae
473 5218 783 5294 cujuslibet
813 5218 1091 5292 impetum
1129 5212 1415 5290 quidquid
1454 5217 1849 5271 constructum
1881 5218 1965 5269 est

254 5329 485 5373 necesse
517 5320 602 5371 est
639 5311 972 5370 subruatur.
1012 5306 1164 5376 Quid
1196 5313 1282 5364 est
1318 5304 1478 5364 aliud
1522 5300 1801 5374 templum
1838 5297 1961 5368 Dei,

257 5404 369 5462 nisi
405 5399 653 5476 populus
694 5398 845 5458 Dei?
877 5397 1116 5472 lapides.
1158 5395 1270 5453 nisi
1319 5389 1639 5451 homines?
1678 5390 1827 5459 Quid
1862 5404 1968 5447 cae-

190 5482 195 5493 “
259 5500 539 5562 mentum,
565 5491 679 5550 nisi
721 5497 893 5547 tenax
924 5487 1231 5561 coagulum
1262 5478 1600 5543 charitatis?
1629 5478 1794 5538 Unde
1831 5477 1970 5535 dicit

259 5579 572 5654 Apostolus
598 5603 611 5636 :
642 5601 671 5634 α
700 5577 1047 5636 Charitatem
1074 5575 1366 5644 habentes,
1389 5570 1545 5646 quod
1565 5575 1649 5627 est
1668 5565 1970 5626 vinculum

2041 4581 2282 4649 micidii,
2334 4581 2425 4638 vel
2474 4579 2830 4650 gravissimi,
2874 4576 3031 4652 quod
3080 4580 3247 4650 absit,
3286 4580 3513 4639 sceleris
3558 4588 3755 4639 conta-

2042 4671 2361 4731 minatione
2398 4669 2780 4743 respergitur,
2822 4670 3014 4728 denuo
3053 4685 3152 4742 per
3193 4670 3411 4727 summi
3449 4670 3758 4729 sacerdotis

2041 4762 2296 4822 ofﬁcium
2348 4776 2579 4819 necesse
2638 4770 2721 4818 est
2772 4761 3144 4819 instaurctur.
3195 4760 3309 4820 Nos
3354 4769 3505 4819 certe
3556 4762 3617 4819 in
3664 4762 3759 4819 die

2044 4852 2189 4911 sacri
2242 4849 2603 4924 baptismatis
2643 4866 2741 4923 per
2794 4849 3305 4907 sanctificationem
3360 4848 3611 4922 Spiritus
3656 4847 3760 4908 Dei

2047 4942 2327 5016 templum
2366 4957 2571 5000 sumus
2608 4940 2827 5013 ell‘ecti;
2860 4941 3013 5015 quod
3047 4942 3093 4998 si
3137 4941 3228 4998 vel
3259 4940 3425 4999 otiosi
3455 4940 3760 5010 sermonis,

2046 5034 2134 5092 vel
2176 5033 2377 5107 exigui
2435 5036 2777 5108 cujusquam
2825 5040 3013 5090 reatus
3062 5032 3493 5091 attaminatione
3534 5032 3763 5091 contin-

2046 5124 2259 5197 gitnnr,
2304 5122 2468 5180 facile
2524 5128 2606 5180 est
2658 5130 2723 5179 ut
2766 5121 2913 5180 levis
2971 5122 3326 5196 paenitentia:
3373 5121 3763 5180 satisfactione

2050 5226 2385 5286 purgemur.
2421 5212 2492 5267 At
2522 5212 2566 5267 si
2595 5210 2789 5278 gmivis
2825 5212 3012 5282 culpae
3051 5211 3264 5286 lepram
3307 5227 3413 5269 nos
3450 5211 3762 5271 incurrisse

2050 5300 2373 5370 contigerit,
2418 5299 2681 5355 adeunda
2746 5307 2830 5354 est
2902 5299 3164 5371 protinus
3238 5307 3420 5359 mater
3490 5300 3760 5371 Ecclesia,

2051 5387 2464 5463 supplicandus
2524 5394 2608 5444 est
2669 5386 2948 5459 pontifex,
3002 5394 3067 5444 ut
3102 5387 3316 5445 animae
3363 5394 3572 5446 nostrae
3614 5394 3765 5445 tem-

2052 5479 2237 5552 plum,
2268 5475 2423 5549 quod
2463 5476 2742 5534 violatum
2780 5482 2952 5549 atque
2987 5477 3338 5535 destructum
3364 5477 3608 5536 immani
3636 5493 3763 5534 sce-

2055 5566 2171 5624 lere
2215 5567 2488 5636 cernitur,
2533 5580 2635 5639 per
2691 5564 3055 5623 sacerdotalis
3104 5566 3459 5624 auctoritatis
3505 5564 3761 5626 officium

263 5652 628 5747 perfectionis
659 5669 794 5737 (Col.
840 5672 945 5735 tn).
986 5688 1007 5716 ι
1053 5662 1215 5724 Sicut
1256 5656 1669 5735 ergomuralis
1709 5654 1974 5712 machina
2058 5669 2123 5710 ac
2148 5652 2551 5710 satisfactionis
2584 5652 2774 5724 dignae
2802 5652 3116 5710 remedium
3147 5653 3368 5710 nmiter
3396 5654 3770 5710 instauretur.
