4108 6206
399 385 501 445 911

1019 384 1077 444 S.
1123 384 1343 490 PETDI
1383 383 1702 443 DAMIANI
1742 383 1899 444 OPP.
1945 383 2136 460 PARS
2182 385 2321 446 SEU
2362 386 2614 448 TOMUS
2655 387 2730 446 II.
2775 419 2838 430 -
2879 385 3292 447 SERMONES.

3800 387 3912 449 9|?

473 513 587 573 Nec
632 513 877 574 dubium
925 513 1066 588 quin
1124 511 1222 571 illa
1272 513 1471 588 templi
1518 513 1836 588 spiritualis
1876 513 2178 577 instau-A
2264 515 2393 575 Non
2435 531 2570 589 ergo
2609 515 2684 573 sit
2731 529 2896 574 mens
2938 522 3146 586 vestra,
3184 514 3544 575 dilectissimi
3568 562 3584 586 ,
3628 517 3910 590 apotheca

398 605 562 679 ratio,
591 622 725 681 qua
752 623 853 681 per
876 605 1125 664 visibilis
1152 606 1462 666 sacerdotis
1489 606 1798 666 exhibetur
1825 605 2106 678 ofﬁcium,

397 711 499 772 per
541 695 759 754 divina
798 695 1031 754 virtutis
1069 701 1242 769 atque
1296 695 1566 767 potentia
1600 695 1952 754 intrinsecus
1992 696 2104 753 im-

397 783 623 860 pleatur
667 784 966 855 effectum;
1009 790 1066 840 et
1105 783 1370 842 Christus
1401 783 1590 855 Jesus,
1621 784 1723 858 qui
1764 799 1940 842 verus
1980 782 2106 842 Rex

394 879 480 931 est
532 880 588 930 et
646 870 938 940 Sacerdos,
997 872 1153 946 quod
1209 871 1533 946 collapsum
1589 872 1653 932 in
1706 871 1945 932 homine
2013 873 2105 932 vel

395 961 749 1020 destructum
804 960 1047 1034 maligni
1110 960 1351 1034 spiritus
1424 969 1547 1020 arte
1605 961 1951 1033 considerat,
2005 978 2107 1036 per

394 1049 670 1124 plenioris
707 1051 907 1124 gratia
939 1049 1261 1124 largitatem
1293 1051 1354 1108 in
1380 1051 1595 1108 melius
1632 1058 1871 1110 renovat
1915 1057 1972 1109 et
2011 1066 2103 1110 re-

392 1139 621 1198 format.
673 1137 837 1209 Quod
872 1141 1044 1197 etiam
1090 1138 1291 1213 templi
1345 1137 1712 1198 Hierusalem
1764 1140 2104 1199 instauratio

393 1234 535 1286 tunc
563 1225 664 1284 illa
692 1226 1038 1300 signaverat,
1071 1242 1208 1302 qua
1237 1242 1338 1302 per
1376 1227 1690 1287 Zorobabel
1725 1229 1914 1288 tilium
1942 1228 2104 1289 Sala-

392 1314 558 1386 thiel,
610 1315 818 1374 ducem
868 1315 1132 1375 videlicet
1180 1316 1350 1386 Juda,
1403 1317 1600 1376 Jesum
1645 1317 1858 1391 (Josue)
1913 1319 2100 1378 ﬁlium

390 1401 669 1462 Iosedech
718 1404 1069 1464 sacerdotem
1115 1421 1415 1478 magnum,
1461 1406 1606 1463 facta
1656 1407 1838 1464 fuisse
1890 1405 2104 1481 legitur

389 1487 534 1547 386
593 1492 703 1550 sub
748 1493 919 1552 Dario
977 1509 1108 1566 rege
1159 1493 1464 1552 Persarum
1512 1498 1564 1563 (Ι
1586 1496 1749 1552 Esdr.
1785 1500 1888 1564 III).
1942 1495 2104 1556 Sicut

386 1579 544 1638 enim
572 1587 709 1639 tunc
752 1580 1283 1641 Nabuchodonosor
1324 1597 1430 1640 rex
1467 1581 1784 1655 Babylonis
1822 1585 2104 1659 templum

383 1666 745 1730 Hierusalem
780 1671 1063 1745 pepulum
1101 1671 1443 1744 captivando
1469 1671 1854 1744 destruxerat,
1891 1675 1972 1732 sic
1997 1691 2101 1734 ne-

380 1755 584 1831 quitia
635 1758 893 1832 spiritus,
933 1759 1033 1834 qui
1083 1775 1377 1833 possessor
1415 1767 1502 1819 est
1547 1760 1775 1820 intima
1816 1763 2104 1822 confusio-

2191 606 2494 678 mercium,
2527 620 2640 664 non
2669 604 3002 678 cupiditatis
3027 604 3324 676 ararium,
3353 621 3470 665 non
3507 621 3643 666 area
3671 605 3908 666 bellato-

2189 711 2340 754 rum.
2371 693 2663 766 Quidquid
2687 694 2846 752 enim
2874 693 3075 753 sedulo
3096 710 3290 753 versas
3309 695 3371 754 in
3393 695 3768 764 conscientia,
3798 697 3911 755 hoc

2189 782 2345 842 idem
2367 791 2422 840 et
2442 783 2563 857 ipse
2582 797 2643 839 es
2663 782 2720 839 in
2748 782 3130 840 astimatione
3151 781 3371 842 divina.
3403 782 3587 842 Omne
3611 783 3906 856 siquidem

2188 879 2474 944 nostrum,
2505 874 2628 932 sive
2657 872 2811 943 boni,
2847 873 2970 931 sive
3007 872 3146 931 mali
3182 873 3539 933 desiderium
3571 890 3767 935 coram
3804 877 3905 936 di-

2190 961 2330 1021 vino
2382 968 2688 1036 conspectu
2723 964 2785 1021 in
2817 970 3010 1020 nostra
3054 963 3313 1022 cernitur
3348 969 3540 1022 mente
3581 963 3901 1039 depictum.

2191 1052 2366 1112 Porro
2396 1053 2445 1110 si
2491 1051 2556 1110 in
2599 1058 2650 1110 te
2678 1052 2912 1110 ﬂamma
2941 1051 3204 1111 libidinis
3232 1059 3454 1122 astuat,
3483 1068 3648 1112 mens
3682 1062 3781 1114 tua
3803 1057 3906 1114 do-

2189 1158 2321 1201 mus
2353 1150 2436 1200 est
2471 1141 2884 1212 fornicationis,
2907 1156 3023 1199 non
3057 1143 3266 1201 domus
3291 1142 3606 1214 orationis;
3639 1142 3687 1201 si
3705 1144 3905 1204 fomes

2189 1233 2341 1291 inest
2368 1231 2571 1290 livoris
2595 1239 2647 1288 et
2673 1230 2823 1301 odii;
2853 1246 2968 1290 non
2995 1231 3356 1291 domicilium
3386 1232 3566 1306 pacis,
3596 1234 3692 1292 sed
3743 1250 3902 1293 cam-

2189 1341 2298 1398 pus
2335 1323 2566 1382 videtur
2615 1339 2738 1381 esse
2789 1323 3146 1380 certaminis.
3195 1321 3282 1381 Sit
3320 1338 3456 1396 ergo
3505 1339 3669 1382 mens
3707 1333 3905 1384 nostra

2188 1431 2306 1474 non
2334 1413 2599 1473 obscena
2626 1413 2881 1473 luxuria
2910 1412 3175 1472 clibanus
3201 1457 3217 1485 ,
3247 1428 3365 1472 non
3394 1415 3735 1488 passionum
3768 1433 3902 1476 sen-

2189 1502 2308 1562 tina
2347 1503 2692 1575 carnalium,
2733 1517 2850 1561 non
2888 1502 3142 1577 denique
3181 1501 3552 1563 volutabrum
3596 1503 3897 1577 vitiorum,

2187 1591 2286 1650 sed
2329 1592 2404 1650 sit
2451 1607 2587 1650 cum
2631 1591 2735 1650 Dei
2782 1591 3194 1665 omnipotentis
3239 1592 3464 1650 auxilio
3507 1592 3903 1664 spiritualium

2185 1681 2320 1740 aula
2368 1681 2672 1752 virtutum,
2713 1677 2859 1737 387
2902 1696 3077 1756 quam
3129 1681 3250 1756 ipse
3291 1697 3582 1756 supernus
3625 1681 3904 1756 dignetur

2186 1769 2473 1828 habitator
2505 1769 2758 1826 invisere
2788 1777 2960 1845 atque
2989 1771 3046 1828 in
3078 1771 3290 1844 templo
3318 1769 3492 1829 dicati
3518 1772 3627 1830 sibi
3653 1772 3906 1845 pectoris

383 1846 495 1938 nis,
517 1845 849 1938 humanam
875 1849 1136 1938 animam
1156 1866 1189 1908 a
1218 1865 1325 1910 sua
1349 1866 1504 1924 sape
1529 1849 1794 1908 libertate
1829 1850 2096 1924 captivat,
2119 1875 2166 1938 Β
2188 1858 2447 1916 habitare
2468 1905 2482 1928 ,
2544 1858 2693 1916 sicut
2744 1874 2845 1932 per
2900 1859 3236 1933 prephetam
3293 1861 3592 1934 promittit,
3651 1860 3855 1919 dicens
3882 1885 3895 1918 :

379 1937 437 1993 et
483 1934 567 1993 sic
603 1936 884 2010 templum
934 1937 1036 1997 Dei
1078 1955 1346 2013 perversa
1398 1939 1883 2014 concupiscentia
1932 1941 2099 2000 sorde

379 2028 756 2089 contaminat.

450 2121 520 2182 Et
549 2121 700 2181 sicut
737 2138 838 2197 per
866 2123 1185 2184 Zorobabel
1216 2132 1389 2201 atque
1416 2127 1640 2199 Jesum,
1671 2125 1892 2200 regiam
1933 2128 2096 2188 vide-

380 2211 512 2273 licet
556 2213 1087 2290 sacerdotalemque
1130 2232 1457 2290 personam,
1516 2222 1654 2276 tunc
1713 2217 2099 2279 instauratum

377 2312 460 2365 est
511 2305 809 2380 templum,
850 2305 931 2365 sic
969 2307 1228 2366 hominis
1261 2307 1458 2365 anima
1493 2307 1692 2366 furore
1727 2307 1954 2382 antiqui
1988 2311 2100 2369 he-

375 2395 478 2454 stis
505 2394 835 2469 impellente
861 2395 1131 2469 collapsa,
1163 2401 1218 2454 et
1256 2412 1358 2470 per
1388 2397 1517 2470 ejus
1542 2397 1818 2456 astutiam
1853 2398 2095 2472 turpiter

373 2488 602 2558 violata,
633 2505 708 2548 ex
752 2489 964 2548 virtute
996 2489 1397 2562 Redemptoris
1434 2490 1637 2560 nostri,
1668 2489 1773 2562 qui
1815 2505 1886 2547 ex
1933 2495 2092 2547 utra-

375 2593 489 2653 que
545 2577 723 2652 stirpe
777 2577 1093 2646 descendit,
1144 2577 1411 2649 erigitur,
1454 2583 1510 2636 et
1549 2592 1662 2634 non
1699 2577 1887 2636 solum
1932 2578 1992 2634 in
2035 2578 2097 2636 id

373 2666 526 2743 quod
552 2667 758 2733 fuerat,
792 2665 892 2724 sed
927 2673 982 2724 et
1012 2666 1071 2723 in
1107 2666 1405 2739 amplioris
1436 2666 1636 2739 gratia
1667 2667 2094 2741 plenitudinem

374 2755 744 2813 reformatur.
785 2752 946 2811 Unde
977 2761 1029 2812 et
1065 2769 1166 2826 per
1201 2757 1489 2826 Aggaum
1519 2756 1860 2828 prophetam
1897 2753 1968 2812 de
2009 2754 2092 2812 la-

371 2843 542 2920 pideo
590 2843 691 2903 illo
741 2843 955 2917 templo
990 2843 1214 2901 dictum
1263 2851 1349 2902 est
1391 2869 1402 2902 :
1456 2869 1482 2897 (ι
1509 2845 1719 2918 Magna
1755 2846 1863 2904 erit
1909 2846 2093 2918 gloria

368 2936 577 2996 domus
605 2934 776 2995 istius
805 2933 1138 2992 novissima
1164 2932 1298 3006 plus
1318 2949 1496 3006 quam
1518 2935 1723 3008 prima
1750 2953 1766 3006 ;
1794 2941 1850 2993 et
1880 2935 1942 2992 in
1966 2935 2092 2994 loco

369 3025 479 3085 isto
521 3024 668 3083 dabo
724 3040 948 3098 pacem,
991 3022 1127 3082 dicit
1183 3023 1466 3081 Dominus
1516 3023 1672 3083 Deus
1723 3025 2089 3085 exercituum

2187 1977 2209 2002 ει
2244 1951 2623 2011 Inambulabo
2654 1951 2716 2009 in
2749 1951 2900 2021 illis,
2946 1959 3002 2011 et
3049 1951 3386 2011 inhabitabo
3422 1962 3479 2011 et
3517 1969 3614 2012 ero
3645 1953 3892 2013 illorum

2180 2039 2334 2099 Deus
2373 2045 2449 2109 (Π
2489 2043 2607 2101 Cor.
2650 2048 2756 2112 vx),
2790 2061 2816 2094 υ
2849 2041 2949 2114 qui
2990 2039 3139 2100 vivit
3167 2048 3222 2098 et
3261 2048 3462 2115 regnat
3502 2043 3567 2100 in
3610 2042 3900 2102 Trinitate

2178 2131 2426 2203 perfecta
2477 2146 2634 2190 unus
2665 2137 2718 2188 et
2753 2143 2926 2188 verus
2957 2129 3112 2189 Deus
3151 2128 3212 2188 in
3253 2129 3470 2190 sacula
3518 2130 3892 2192 saculorum.

2179 2219 2390 2278 Amen.

2603 2384 3023 2446 SERMONES
3062 2384 3454 2446 MORALES.

2176 2469 2404 2535 Sermo
2434 2472 2511 2534 de
2546 2475 2697 2534 vitio
2727 2475 2988 2552 lingua.

2175 2559 2400 2623 Sermo
2434 2562 2510 2624 de
2535 2562 2877 2640 spirituali
2897 2564 3286 2626 certamine.

2176 2648 2403 2713 Sermo
2428 2651 2792 2730 agundalis.

2762 2763 3009 2822 SEBMO
3035 2763 3295 2822 LXXIII.

2741 2856 2814 2903 DE
2846 2856 3005 2904 VlTIO
3051 2855 3313 2903 LINGUE.

2245 2929 2389 2988 Cum
2426 2929 2558 3003 pius
2595 2937 2827 2990 exactor
2863 2946 3236 3006 quacunque
3279 2947 3496 2991 merces
3540 2933 3652 2992 sub
3695 2933 3892 2992 chiro-

2169 3020 2388 3093 grapho
2417 3019 2701 3078 cautionis
2740 3021 3068 3080 offeruntur
3101 3021 3487 3096 amplectitur,
3519 3037 3769 3081 securus
3805 3033 3897 3082 est

365 3117 530 3192 (A-gg.
579 3114 660 3186 11).
699 3134 727 3166 »
770 3111 939 3172 Tunc
989 3111 1253 3169 sacerdos
1300 3111 1401 3169 ille
1441 3113 1802 3186 pontiﬁcum,
1850 3121 1910 3172 et
1962 3113 2089 3173 Rex
2171 3107 2395 3166 debitor
2435 3109 2536 3181 qui
2575 3115 2821 3168 tenetur.
2857 3109 2952 3170 Sic
2999 3127 3152 3184 ergo,
3189 3112 3392 3169 fratres
3426 3110 3779 3179 charissimi,
3812 3114 3895 3170 sic

364 3195 568 3299 regum
612 3200 895 3277 templum
951 3217 1124 3260 suum
1157 3208 1433 3276 perpetuo
1472 3217 1845 3276 possessurus
1891 3203 2086 3277 ingre-
2105 3236 2151 3299 ϐ
2171 3198 2478 3269 nimirum,
2502 3215 2637 3258 cum
2665 3216 2767 3259 vos
2793 3200 2865 3259 ad
2892 3201 3138 3259 libenter
3162 3199 3452 3260 audienda
3475 3216 3610 3276 qua
3639 3201 3711 3259 de
3743 3216 3893 3260 mea

365 3273 547 3361 ditur,
598 3297 654 3350 et
690 3273 841 3350 illud
883 3305 998 3348 non
1033 3273 1289 3348 soluima
1329 3273 1637 3365 perpetrati
1687 3291 1920 3350 sceleris
1952 3273 2513 3352 con-“rusticitatis
2562 3289 2758 3364 inopia
2805 3291 3183 3364 proferuntur
3229 3273 3508 3349 intentos'
3531 3291 3773 3364 aspicio,
3817 3289 3893 3349 ad

366 3378 744 3440 taminatione
798 3379 1105 3454 puriticat,
1159 3380 1259 3438 sed
1315 3381 1486 3438 etiam
1551 3381 1736 3451 gloria
1789 3381 2084 3440 continua
2172 3377 2531 3438 reddendum
2572 3379 2737 3438 vobis
2780 3379 3048 3454 deinceps
3093 3380 3364 3454 promissi
3400 3382 3687 3439 sermonis
3723 3379 3891 3439 dehi-

359 3469 630 3546 deinceps
676 3471 1112 3529 inhabitationis
1144 3471 1410 3531 illustrat.
1454 3470 1618 3532 Sicut
1668 3487 1766 3544 per
1808 3471 2082 3531 eumdem
2171 3473 2295 3527 tum
2351 3468 2666 3542 promptior
2721 3469 3082 3528 convalesco.
3115 3469 3185 3528 Et
3213 3469 3351 3542 quia
3383 3485 3486 3544 per
3522 3470 3698 3530 totius
3747 3469 3892 3527 heb-

362 3563 702 3637 prophelam
745 3560 959 3620 dicitur
985 3558 1010 3621 ε’
1041 3585 1062 3614 α
1093 3560 1162 3619 Et
1209 3563 1402 3621 veniet
1439 3561 1810 3621 Desideratus
1856 3563 2082 3623 cunctis

361 3651 664 3726 gentibus;
706 3657 762 3710 et
802 3649 1054 3725 implebo
1083 3651 1326 3710 domum
1366 3651 1539 3709 istam
1563 3650 1768 3726 gloria,
1797 3651 1934 3711 dicit
1966 3652 2079 3712 Do-

363 3740 561 3800 minus
585 3739 948 3800 exercituum
979 3741 1184 3813 (lbid.).
1219 3767 1246 3791 ιι

433 3827 755 3888 Hortamur
801 3829 1016 3901 itaque,
1065 3828 1450 3902 dilectissimi,
1513 3837 1570 3889 et
1623 3836 1836 3890 sancta
1895 3829 2077 3890 devo-

362 3917 538 3979 tionis
571 3926 776 3977 vestra
809 3916 1169 3991 prudentiam
1211 3917 1522 3977 salubriter
1567 3919 1972 3988 admonemus,
2014 3926 2082 3979 ut

363 4009 416 4068 si
461 4007 749 4082 templum
804 4008 1046 4081 pectoris
1087 4007 1260 4066 vestri
1297 4006 1666 4082 cognoscitis,
1720 4007 1811 4066 vel
1853 4009 2077 4083 antiqui

362 4098 545 4158 hostis
580 4105 703 4156 arte
749 4104 1110 4169 corruptum,
1164 4097 1257 4155 vel
1296 4097 1470 4154 etiam
1510 4096 1818 4171 perpetrati
1854 4097 2077 4170 gravis-

271 4259 275 4263 .
360 4185 510 4244 sima
567 4185 910 4257 cujusquam
970 4183 1202 4242 sceleris
1258 4185 1692 4242 attaminatiooe
1741 4184 2074 4259 pollutum,

361 4272 534 4331 illum
564 4272 716 4330 adite
752 4270 1106 4346 pontificem,
1157 4274 1259 4348 qui
1314 4275 1751 4334 restaurationis
1797 4283 1854 4334 et
1904 4276 2077 4335 totius

365 4361 641 4420 humana
701 4359 905 4419 salutis
956 4360 1354 4436 principaliter
1403 4363 1625 4422 obtinet
1703 4371 2072 4438 potestatem;

361 4453 435 4513 de
484 4453 697 4512 mentis
744 4459 950 4512 vestra
1013 4453 1284 4514 cubiculo
1338 4471 1532 4529 prava
1589 4457 2077 4530 concupiscentia

365 4540 562 4602 sordes
603 4540 852 4615 abjicite,
914 4541 1127 4602 furoris
1176 4549 1232 4600 et
1291 4543 1606 4602 iracundia
1657 4545 1925 4604 stimulos
1978 4561 2076 4618 per

367 4629 657 4703 patientia
690 4629 1206 4688 mansuetudinem
1240 4631 1519 4704 mitigate,
1557 4632 1865 4707 petulantis
1893 4632 2076 4692 luxu-

369 4720 471 4779 ria
502 4720 664 4780 virus
693 4720 990 4795 expellite,
1024 4737 1295 4796 superna
1323 4723 1828 4797 contemplationis
1858 4723 2080 4782 intuitu

371 4824 654 4869 vanarum
707 4810 1127 4883 cogitationum
1173 4812 1483 4883 caliginem
1523 4812 1838 4883 dimovete;
1885 4813 2084 4887 sicque

365 4900 569 4976 procul
614 4899 851 4974 abjectis
893 4901 1158 4959 omnium
1209 4900 1481 4960 sordibus
1530 4901 1830 4972 vitiorum,
1883 4919 2082 4962 succe-

365 4989 508 5049 dant
534 4988 925 5063 spiritualium
969 4994 1308 5048 ornamenta
1354 4988 1656 5061 virtutum,
1690 4990 1904 5064 quibus
1950 5006 2084 5049 sua-

370 5079 518 5139 viter
545 5079 860 5138 delectatus
884 5079 1250 5154 omnipotens
1281 5078 1456 5149 Deus,
1491 5077 1638 5137 illud
1667 5078 1725 5137 in
1757 5079 1922 5138 vobis
1944 5095 2086 5138 con-

369 5176 552 5230 struat
596 5170 980 5246 domicilium,
1031 5171 1090 5228 in
1121 5185 1238 5245 quo
1277 5169 1352 5228 sit
1404 5169 1526 5242 ipse
1567 5171 1874 5228 summitas
1913 5169 2090 5230 simul

373 5267 428 5319 et
475 5261 942 5322 fundamentum.
981 5261 1300 5321 Summitas
1329 5260 1588 5334 quidem,
1627 5260 1773 5318 sicut
1813 5261 2090 5334 scriptum

375 5355 464 5408 est
492 5368 504 5406 :
539 5373 560 5402 ι
587 5351 886 5426 Lapidem,
921 5366 1094 5426 quem
1119 5349 1574 5424 reprobaverunt
1599 5349 1973 5420 adilicantes,
1999 5351 2091 5408 hic

376 5437 562 5498 factus
608 5449 694 5498 est
742 5442 804 5500 in
857 5447 1025 5514 caput
1073 5441 1298 5513 anguli'
1329 5444 1494 5513 (Psal.
1554 5444 1762 5508 cxvu).
1811 5466 1831 5491 -
1867 5439 2094 5500 Funda-

376 5533 646 5588 mentum
671 5543 827 5597 vero,
861 5528 1012 5588 sicut
1045 5528 1257 5587 dicitur
1284 5553 1296 5586 :
1332 5550 1359 5583 «
1391 5529 1858 5590 Fundamentum
1895 5538 2092 5588 autem

376 5629 550 5674 nemo
594 5618 777 5688 potest
822 5629 1055 5687 ponere,
1111 5621 1324 5689 prater
1361 5614 1418 5671 id
1474 5615 1630 5688 quod
1684 5616 1937 5689 positum
1984 5622 2090 5690 est,

383 5702 679 5763 Christum
706 5700 981 5776 Jesum(1
1011 5705 1128 5759 Cor.
1167 5708 1269 5773 In).
1303 5729 1327 5750 ιι

2169 3555 2432 3614 domada
2476 3553 2764 3613 circulum
2793 3555 2854 3614 in
2885 3556 3115 3615 cellulis
3144 3556 3523 3629 singulariter
3566 3557 3891 3627 constituti,

2167 3645 2542 3705 afﬂuentibus
2581 3643 2892 3717 Scriptura
2930 3661 3108 3704 sacra
3154 3645 3401 3720 dapibus
3439 3645 3578 3704 estis
3611 3643 3890 3719 saginati,

2167 3750 2325 3794 nunc
2363 3734 2434 3794 de
2484 3734 2762 3794 manibus
2818 3735 3114 3795 servitutis
3158 3742 3371 3794 nostra
3414 3742 3601 3793 vester
3651 3734 3893 3794 animus

2167 3830 2443 3896 tanquam
2476 3824 2612 3882 vilia
2635 3825 2707 3883 ad
2741 3825 3091 3884 vescendum
3126 3839 3292 3897 poma
3319 3825 3613 3899 suscipiat,
3641 3831 3707 3884 ut
3728 3833 3888 3899 post-

2165 3915 2404 3976 modum
2436 3917 2508 3975 ad
2545 3916 2763 3989 priores
2798 3916 3004 3990 epulas
3063 3924 3281 3990 quanto
3319 3916 3670 3977 esurientius
3728 3924 3890 3975 tanto

2165 4004 2398 4064 avidius
2429 4013 2703 4064 recurrat.

2234 4093 2442 4153 Curate
2497 4093 2697 4166 igitur,
2754 4094 2958 4152 fratres
3009 4095 3143 4166 mei,
3190 4111 3326 4155 cum
3371 4096 3625 4155 invicem
3661 4111 3885 4155 conve-

2163 4181 2323 4253 nitis,
2364 4188 2426 4240 ut
2461 4183 2719 4250 honeste,
2758 4183 3011 4254 graviter
3062 4191 3116 4242 et
3169 4199 3393 4242 morose
3441 4183 3705 4243 incedere
3756 4194 3884 4244 stu-

2161 4271 2362 4343 deatis,
2394 4279 2682 4348 quatenus
2709 4271 2919 4330 debita
2956 4273 3412 4332 mortificationis
3442 4275 3695 4348 insignia
3726 4290 3881 4348 pra-

2159 4362 2428 4432 ferentes,
2463 4369 2519 4420 et
2554 4362 2703 4420 inter
2735 4363 3112 4436 vosmetipsos
3147 4364 3345 4436 quiete
3381 4381 3448 4423 ac
3498 4365 3732 4437 pacifica
3762 4365 3882 4423 fra-

2161 4462 2322 4513 terna
2378 4453 2618 4512 valeatis
2671 4454 2947 4513 charitatc
3007 4470 3358 4528 congruere,
3421 4461 3478 4513 et
3517 4455 3884 4513 extrinsecus

2159 4544 2606 4603 adventantibus
2654 4551 2864 4604 sancta
2908 4544 3364 4603 conversationis
3407 4543 3676 4618 exempla
3728 4559 3882 4617 pra—

2165 4632 2320 4698 bere,
2384 4632 2671 4706 pracipue
2729 4641 2916 4692 tamen
2964 4633 3328 4707 loquacitatis
3380 4633 3523 4692 vitio
3566 4648 3763 4691 severe
3815 4648 3883 4690 ac

2168 4719 2477 4793 vigilanter
2504 4720 2780 4790 obsistite,
2824 4728 2881 4778 et
2919 4720 3202 4794 prurienti
3243 4721 3465 4795 lingua
3506 4722 3738 4778 frenum
3786 4734 3882 4777 so-

2168 4807 2280 4866 brii
2325 4807 2739 4867 moderaminis
2782 4809 3069 4881 adhibete,
3122 4825 3215 4881 ne,
3264 4809 3424 4884 quod
3461 4807 3629 4878 absit,
3688 4809 3884 4867 brevis

2172 4895 2328 4953 hora
2361 4895 2543 4968 spatio
2572 4896 2822 4969 perdatis
2842 4899 3022 4957 otiosa
3059 4898 3350 4975 loquendo
3376 4899 3531 4972 quod
3565 4914 3665 4971 per
3685 4898 3885 4972 plures

2169 4983 2498 5058 acquisistis
2543 4986 2778 5058 orando,
2819 4995 2875 5045 et
2906 5002 3062 5046 nunc
3098 5003 3174 5046 ex
3203 4987 3409 5062 lingua
3443 4987 3649 5046 leviter
3687 4986 3886 5046 amuat

2171 5074 2324 5150 quod
2381 5085 2636 5135 mentem
2693 5082 2884 5150 postea
2947 5077 3278 5152 paenitendo
3335 5076 3588 5152 graviter
3636 5087 3882 5151 premat.

2175 5163 2342 5240 Sape
2390 5181 2646 5240 namque
2697 5166 2848 5225 inter
2888 5167 3144 5242 reliquos
3181 5166 3361 5240 cibos,
3409 5183 3596 5228 unum
3646 5168 3885 5227 fortasse

2174 5255 2314 5329 quid
2360 5271 2393 5313 a
2439 5254 2771 5316 comedente
2822 5257 3124 5331 trajicitur,
3157 5257 3311 5332 quod
3357 5274 3458 5331 per
3492 5258 3688 5332 plures
3726 5267 3884 5332 post-

2174 5347 2412 5406 modum
2446 5344 2570 5406 dies
2595 5362 2880 5420 occupans
2905 5349 3269 5407 stomachum
3297 5349 3542 5408 minime
3567 5350 3879 5421 digeratur.

2177 5434 2273 5495 Sic
2308 5434 2588 5495 nimirum
2618 5435 2770 5494 inter
2798 5435 2982 5494 multa
3012 5436 3206 5509 verba,
3239 5453 3373 5512 qua
3402 5437 3714 5496 indiscrete
3751 5455 3880 5512 pno-

2175 5527 2442 5597 ferimus,
2489 5525 2847 5601 impossibile
2893 5534 2979 5588 est
3018 5534 3082 5586 ut
3120 5543 3234 5587 non
3266 5528 3615 5604 quandoque
3656 5528 3880 5604 aliquid

2175 5613 2429 5690 prodeat,
2458 5630 2573 5689 quo
2592 5614 2840 5688 deprimi
2872 5616 3082 5677 mentis
3114 5622 3326 5676 nostra
3351 5617 3715 5677 stomachum
3747 5633 3880 5677 sen-

2179 5705 2407 5772 tiamus,
2449 5721 2512 5762 ac
2561 5721 2659 5777 per
2695 5705 2800 5762 hoc.
2836 5712 3081 5778 nequeat
3122 5707 3289 5766 facile
3330 5706 3533 5779 digeri,
3576 5708 3714 5781 quia
3765 5724 3874 5766 non
