4108 6206
326 219 434 277 913

1819 211 2068 272 SERMO
2106 210 2368 268 LXXIII.

3733 207 3839 266 914

324 345 510 418 potest
545 337 834 399 oblivioni
875 335 1150 394 traditum
1179 350 1213 392 a
1241 334 1582 409 cogitatione
1627 336 1826 396 deleri.
1876 335 2441 410 Non-Apeccamus.
2493 333 2604 393 Sed
2655 333 2939 410 quidquid
2989 335 3050 392 in
3102 335 3356 393 humana
3405 330 3838 391 conversatione

325 431 478 490 nulli
511 428 669 488 enim
721 427 967 486 fratrum
1018 431 1324 501 postquam
1373 441 1434 484 se
1477 425 1772 501 aliquanto
1810 424 2038 484 diutius

325 518 560 579 siluisse
598 513 998 584 meminerint,
1045 515 1296 590 quadam
1331 514 1496 590 quasi
1535 531 1610 573 ex
1650 516 1775 590 ipso
1807 514 2039 573 silentio

325 607 636 668 securitate
697 611 1052 680 przesumpta
1087 649 1100 672 ,
1161 619 1294 662 mox
1356 603 1426 661 ad
1486 604 1826 678 proferenda
1891 618 2040 660 vana

317 696 606 771 quaelibet
646 701 704 752 et
749 694 902 752 levia
947 693 1230 763 defluunt,
1278 698 1334 752 et
1384 709 1500 752 non
1551 694 1622 752 ad
1684 693 2039 752 necessitatis

321 786 562 854 indicia,
621 783 719 842 sed
772 783 843 841 ad
893 782 1208 856 voluptatis
1262 781 1452 857 potius
1506 781 1885 856 petulantiam
1946 781 2038 840 in-

321 874 569 934 discreta
601 887 703 931 ora
744 869 1062 929 resolvunt.
1095 868 1319 940 Quibus
1358 870 1606 944 profecto
1642 869 1807 927 valde
1835 869 2039 927 timen-

322 969 465 1027 dum
516 972 620 1035 est,
652 980 725 1022 ne
762 963 947 1036 magis
979 963 1162 1022 Deum
1203 963 1345 1022 vitio
1379 964 1650 1022 vaniﬂuze
1679 961 2040 1021 verbositatis

322 1057 616 1116 offendant
641 1071 817 1130 quam
847 1053 958 1112 sibi
985 1053 1149 1127 prius
1171 1049 1316 1108 388
1344 1052 1412 1110 de
1435 1053 1648 1110 silentii
1677 1053 1766 1110 sui
1794 1067 2034 1110 censura

322 1147 706 1221 placaverant.
768 1145 954 1204 Deum
1006 1142 1320 1217 siquidem,
1376 1158 1549 1219 quem
1595 1144 1666 1201 de
1711 1143 1936 1201 silendo
1983 1150 2040 1201 et

319 1234 683 1295 orationibus
732 1233 1050 1292 insistendo
1090 1232 1152 1290 in
1192 1248 1252 1292 se
1290 1233 1578 1307 suscipere
1622 1231 1876 1291 fortassis
1904 1241 2038 1290 ante

321 1330 703 1393 meruerant,
767 1337 925 1381 nunc
982 1323 1235 1381 vacando
1290 1320 1504 1380 fabulis
1557 1329 1612 1378 et
1672 1320 2040 1379 sermonibus

317 1413 522 1473 otiosis
574 1419 730 1471 tanto
764 1411 1155 1486 periculosius
1199 1416 1414 1486 quanto
1462 1411 1713 1469 vicinius
1763 1410 2036 1485 persequi

320 1519 437 1563 non
471 1501 806 1562 formidant.

391 1591 650 1650 Audiant
707 1591 903 1663 itaque
973 1589 1116 1666 quid
1205 1587 1420 1648 Paulus
1501 1588 1764 1663 Ephesiis
1819 1589 1970 1648 dicat
2023 1609 2036 1648 :

2118 423 2478 500 delinquitur
2516 424 2828 482 fructuosa}
2867 423 3221 498 poenitentiae
3258 421 3512 507 remedio
3541 427 3595 480 et
3624 419 3840 478 crebris

2119 513 2480 572 orationibus
2511 513 2798 588 expiatur.

2191 598 2640 658 Consideremus
2713 616 2869 674 ergo,
2953 601 3150 659 fratres
3235 599 3584 672 charissimi,
3659 615 3835 676 quam

2119 705 2297 762 grave
2350 689 2422 747 sit
2472 689 2532 746 in
2590 688 2789 763 lingua
2834 688 3193 765 delinquere,
3235 705 3368 762 quae
3415 688 3745 763 compuncti
3785 696 3840 747 et

2117 779 2297 836 amari
2326 778 2513 837 cordis
2552 779 2833 854 interpres
2873 795 2975 853 pro
3018 781 3228 838 nostris
3267 778 3491 836 delictis
3535 777 3837 837 efﬁcaciter

2119 872 2426 927 consuevit
2453 883 2635 936 orare,
2669 875 2722 926 et
2760 884 2886 926 eam
2926 868 3260 926 vanissimas
3301 865 3657 940 loquacitatis
3693 866 3835 925 vitio

2122 973 2282 1016 ream
2328 963 2500 1030 atque
2555 957 2868 1014 obnoxiam
2928 956 3128 1015 divino
3196 953 3522 1029 conspectui
3578 953 3834 1023 reddere,

2123 1062 2258 1121 qum
2296 1047 2579 1105 nimirum
2622 1046 2680 1103 in
2723 1061 2845 1104 suae
2903 1045 3205 1104 munditia:
3243 1043 3492 1118 puritate
3527 1043 3838 1118 persistens

2118 1135 2327 1194 nostris
2367 1134 2622 1192 reatibus
2663 1140 2879 1207 poterat
2927 1134 3157 1193 veniam
3195 1131 3474 1191 obtinere.
3513 1131 3678 1192 Unde
3715 1148 3836 1192 non

2119 1223 2407 1285 immerito
2445 1238 2548 1296 per
2586 1221 2781 1279 virum
2826 1222 3153 1294 Sapientem
3193 1222 3406 1280 dicitur
3451 1241 3461 1277 :
3517 1243 3544 1274 «
3593 1221 3836 1296 Flagelli

2118 1305 2264 1368 389
2297 1313 2462 1386 plaga
2513 1313 2755 1370 livorem
2799 1313 2963 1380 facit;
2994 1313 3163 1387 plaga
3204 1319 3397 1371 autem
3432 1313 3649 1388 linguae
3677 1327 3835 1372 com-

2121 1401 2342 1460 minuet
2389 1418 2516 1461 ossa
2557 1405 2745 1471 (Eccli.
2781 1409 3020 1470 XXVllI)-
3055 1425 3082 1455 ι)
3115 1403 3258 1460 Ecce
3307 1403 3506 1478 lingua
3554 1419 3682 1462 ossa
3719 1417 3835 1461 non

2119 1494 2308 1563 habet,
2339 1501 2394 1551 et
2420 1508 2546 1552 ossa
2609 1494 2972 1564 comminuit,
3007 1493 3143 1567 quia
3195 1509 3330 1552 cum
3375 1495 3500 1567 ipsa
3546 1510 3642 1566 per
3693 1507 3836 1550 ven-

2117 1592 2240 1645 tosa
2285 1583 2461 1642 verba
2521 1583 2722 1642 leviter
2769 1583 2950 1642 effluit
2996 1585 3162 1642 fortia
3211 1591 3383 1658 atque
3431 1583 3664 1642 robusta
3717 1580 3836 1639 vir-

322 1705 350 1733 α
376 1681 600 1750 Omnis,
649 1680 861 1755 inquit,
911 1691 1101 1738 sermo
1152 1677 1340 1736 malus
1385 1695 1460 1737 ex
1515 1693 1612 1738 ore
1667 1687 1857 1740 vestro
1916 1673 2260 1757 nonBtutis
2298 1681 2508 1732 nosme
2548 1673 2694 1732 facta
2729 1674 3063 1747 corrumpit.
3105 1674 3250 1732 Nam
3279 1688 3411 1731 cum
3455 1688 3607 1732 mors
3634 1676 3690 1729 et
3724 1670 3838 1728 vita

317 1771 606 1846 procedat,
659 1770 755 1829 sed
799 1770 846 1828 si
888 1769 1027 1842 quid
1063 1769 1280 1829 bonum
1323 1775 1407 1828 est
1433 1813 1448 1840 ,
1486 1770 1557 1828 ad
1595 1770 2037 1829 zedificationem

317 1859 760 1936 opportunitatis
831 1859 1008 1930 ﬁdei,
1063 1867 1127 1918 ut
1191 1860 1284 1918 det
1349 1860 1588 1932 gratiam
1665 1861 2039 1920 audientibus

319 1953 543 2022 (Ephes.
576 1954 680 2016 IV).
713 1974 738 1998 »υ
775 1948 840 2006 Et
870 1949 1007 2023 quia
1038 1947 1307 2007 nonnulli
1346 1948 1528 2006 Deum
1568 1951 1728 2021 prius
1765 1949 1908 2008 bene
1951 1951 2038 2008 vi-

320 2039 507 2097 vendo
547 2038 860 2102 lanificam,
900 2037 997 2096 sed
1040 2039 1402 2112 postmodum
1450 2038 1744 2112 superﬂua
1791 2055 2041 2114 quaeque

317 2133 374 2187 et
428 2144 694 2204 perversa
741 2127 1031 2204 loquendo
1076 2129 1436 2200 contristant,
1472 2128 1626 2188 illico
1677 2129 1983 2205 subjunxit
2025 2150 2038 2189 :

321 2241 348 2270 σι
380 2217 449 2276 Et
495 2216 673 2276 nolite
719 2217 1058 2276 contristare
1122 2215 1401 2289 Spiritum
1461 2226 1725 2276 sanctum
1777 2218 1919 2289 Dei,
1980 2219 2040 2276 in

317 2323 438 2382 quo
490 2308 698 2381 signati
740 2308 878 2366 estis
927 2306 984 2363 in
1033 2305 1125 2363 die
1157 2305 1569 2380 redemptionis
1604 2309 1805 2375 (Ibid).
1845 2330 1870 2361 »
1917 2308 2044 2367 Per-

318 2399 574 2472 pendant
605 2397 822 2468 miseri,
853 2412 987 2470 quae
1011 2394 1130 2454 illis
1164 2395 1363 2454 laetitia
1391 2398 1452 2454 in
1488 2398 1651 2456 vanis
1681 2399 2045 2458 sermonibus

320 2495 504 2562 potest
544 2487 938 2546 lenocinantes
975 2485 1268 2559 obrepere,
1320 2485 1535 2558 quibus
1571 2486 1764 2545 sciunt
1810 2503 1871 2544 se
1927 2503 2043 2545 non

319 2585 613 2654 potentem
664 2575 885 2646 saeculi,
918 2591 1032 2634 non
1081 2576 1254 2633 etiam
1294 2575 1612 2648 quemlibet
1642 2582 1907 2634 sanctum
1941 2577 2046 2654 ho:

322 2652 560 2733 minem,
615 2664 712 2723 sed
773 2664 964 2737 ipsum
1022 2663 1304 2738 Spiritum
1357 2673 1639 2733 sanctum,
1697 2664 1798 2740 qui
1848 2652 2045 2739 procu1

318 2745 503 2807 dubio
531 2745 684 2804 Deus
711 2749 815 2814 est,
856 2743 1213 2801 contristare.

396 2834 619 2906 Quanto
670 2842 861 2892 autem
924 2832 1168 2892 cautela:
1215 2832 1405 2892 studio
1461 2832 1679 2906 lingua)
1733 2834 2046 2908 procacitas

2125 1763 2197 1821 sit
2242 1761 2300 1821 in
2354 1777 2529 1821 manu
2578 1761 2796 1833 linguze
2838 1763 3010 1836 (Prov.
3057 1763 3246 1834 XVIII),
3294 1761 3460 1820 valde
3514 1761 3838 1820 cavendum

2123 1860 2206 1912 est
2262 1853 2468 1912 vitium
2516 1853 2671 1926 quod
2709 1861 2764 1910 et
2815 1870 2994 1913 manu
3024 1854 3094 1912 ad
3125 1852 3450 1912 feriendum
3487 1853 3570 1912 uti
3607 1851 3837 1922 dicitur,

2124 1945 2278 2003 unde
2308 1943 2558 2002 inaniter
2587 1941 2879 2016 loquentis
2916 1943 3111 1999 anima
3144 1941 3477 2000 trucidetur.
3514 1939 3674 2000 Unde
3721 1956 3832 2000 non

2124 2034 2414 2093 immerito
2469 2033 2643 2103 idem,
2690 2031 2790 2104 qui
2839 2047 3032 2104 supra,
3083 2030 3326 2105 Sapiens
3367 2029 3507 2089 dicit
3545 2050 3556 2090 :
3600 2051 3627 2084 ‹‹
3670 2028 3840 2089 Multi

2126 2126 2456 2185 ceciderunt
2489 2124 2546 2182 in
2578 2139 2675 2181 ore
2703 2122 2902 2195 gladii,
2925 2121 3023 2180 sed
3055 2137 3169 2180 non
3196 2120 3294 2188 sic.
3326 2120 3493 2194 quasi
3524 2118 3626 2196 qui
3655 2120 3841 2180 inter-

2126 2214 2320 2274 ierunt
2351 2229 2449 2287 per
2481 2212 2743 2286 linguam
2774 2226 2938 2269 suam
2972 2213 3162 2278 (Eccli.
3198 2213 3434 2278 XXVIII).
3471 2230 3492 2260 ι

2202 2303 2328 2361 Duo
2371 2309 2562 2360 autem
2614 2301 2930 2375 unicuique
2973 2299 3289 2358 necessaria
3331 2303 3467 2356 sunt
3510 2296 3611 2371 qui
3661 2310 3722 2355 se
3767 2294 3840 2354 ab

2131 2392 2305 2466 hujus
2339 2391 2612 2464 nequitia:
2666 2397 2820 2464 peste
2854 2389 3140 2448 custodire
3187 2387 3491 2455 desiderat,
3532 2392 3597 2446 ut
3632 2384 3838 2444 videli-

2129 2489 2216 2541 cet
2247 2487 2299 2538 et
2343 2481 2640 2554 proprium
2690 2494 2753 2536 os
2809 2495 2840 2535 a
2888 2477 3260 2551 supervacuis
3289 2474 3654 2535 sermonibus
3680 2489 3838 2532 com-

2133 2569 2362 2643 primat,
2394 2574 2448 2626 et
2485 2582 2654 2624 aures
2685 2566 2858 2624 etiam
2891 2566 2964 2623 al)
3004 2565 3212 2637 ineptis
3243 2563 3451 2622 alienae
3481 2562 3841 2636 loquacitatis

2130 2655 2699 2716 confabulationibus
2741 2653 2986 2722 claudat,
3034 2653 3315 2728 quoniam
3373 2653 3477 2710 hoc
3527 2652 3688 2711 virus
3723 2666 3842 2710 non

2134 2746 2323 2805 solum
2367 2761 2463 2803 eos
2512 2762 2544 2802 a
2593 2744 2808 2818 quibus
2837 2742 3025 2801 oritur
3061 2742 3345 2800 lethaliter
3383 2743 3586 2810 inficit,
3617 2742 3718 2800 sed
3745 2757 3842 2802 eos

2131 2835 2301 2892 etiam
2341 2834 2398 2891 in
2441 2849 2585 2907 quos
2625 2831 2944 2890 effunditur
2986 2831 3306 2903 pernicio.=a
3346 2830 3471 2888 tabe
3503 2829 3838 2904 corrumpit.

318 2927 601 2986 frenanda
640 2925 733 2995 sit,
765 2926 812 2984 si
859 2925 991 3000 quis
1046 2939 1214 2984 nosse
1250 2924 1552 2997 desiderat,
1586 2928 1736 2985 inter
1780 2943 1914 3002 quae
1935 2926 2050 2985 cri-
2141 2922 2298 2981 Unde
2347 2923 2622 2995 scriptum
2669 2926 2753 2978 est
2803 2938 2816 2976 :
2876 2941 2902 2972 ‹‹
2949 2918 3081 2993 Sepi
3134 2934 3306 2977 aures
3363 2927 3487 2977 tuas
3540 2919 3744 2993 spinis,
3787 2925 3844 2978 et

317 3017 480 3115 mina
519 3015 593 3075 ab
624 3015 841 3115 Eodem
879 3015 1152 3113 magistro
1179 3017 1440 3090 gentium
1473 3025 1830 3086 numeretur,
1862 3025 2110 3115 atten-C

318 3101 415 3160 dat
464 3123 475 3160 :
537 3123 563 3155 α
621 3101 966 3171 Fornicatio,
1029 3102 1241 3176 inquit,
1301 3111 1356 3161 et
1406 3103 1597 3162 omnis
1649 3103 2024 3163 immunditia

2135 3013 2258 3073 noli
2294 3011 2498 3070 audire
2523 3011 2790 3086 linguam
2823 3027 3071 3085 nequam
3097 3028 3112 3082 ;
3146 3018 3199 3068 et
3225 3009 3310 3068 ori
3344 3015 3443 3068 tuo
3481 3010 3650 3069 facito
3672 3011 3840 3082 ostia,

2131 3110 2187 3162 et
2231 3117 2386 3160 seras
2433 3100 2673 3159 auribus
2727 3102 2875 3169 tuis;
2926 3115 3136 3158 aurum
3185 3105 3376 3169 tuum,
3426 3105 3481 3157 et
3532 3105 3840 3174 argentum

317 3201 419 3252 aut
469 3193 732 3264 avaritia,
790 3209 897 3252 nec
946 3175 1281 3252 nominetur
1331 3194 1388 3252 in
1451 3194 1634 3266 vobis,
1690 3194 1840 3253 sicut
1889 3175 2049 3257 decet
2130 3197 2298 3251 tuum
2334 3190 2538 3261 confla,
2571 3197 2625 3248 et
2659 3189 2848 3248 verbis
2877 3189 2995 3247 tuis
3037 3187 3204 3246 facito
3243 3180 3534 3258 staleram,
3564 3195 3620 3246 et
3650 3188 3842 3246 frenos

318 3289 565 3351 sanctos,
595 3290 697 3340 aut
747 3281 1064 3355 turpitudo,
1096 3290 1194 3340 aut
1245 3281 1695 3356 stultiloquium,
1744 3291 1842 3342 aut
1895 3301 2048 3344 scur-

319 3371 526 3440 rilitas,
564 3385 700 3444 quae
748 3370 818 3428 ad
862 3384 981 3428 rem
1030 3385 1148 3428 non
1187 3371 1434 3443 pertinet
1485 3374 1698 3443 (Ephes.
1753 3374 1826 3443 V).
1868 3395 1887 3424 ιι
1935 3373 2046 3433 Ubi

322 3459 482 3518 enim
531 3458 988 3529 fornicationem,
1033 3459 1482 3528 immunditiam,
1525 3467 1695 3534 atque
1744 3460 2046 3519 avaritiam

324 3548 531 3618 texuit,
567 3546 647 3604 ibi
698 3548 873 3606 etiam
916 3547 1311 3606 indifferenter
1356 3549 1783 3620 scurrilitatem,
1817 3556 1871 3607 et
1897 3551 2044 3608 stul-

324 3638 631 3712 tiloquium
679 3639 1036 3707 nominavit,
1084 3645 1150 3696 ut
1209 3639 1512 3697 manifeste
1555 3639 1726 3697 detur
1777 3639 2042 3711 intelligi,

325 3729 546 3801 linguae
593 3727 814 3788 malum
854 3727 1214 3800 gravissimis
1251 3728 1594 3786 criminibus
1631 3727 1690 3784 in
1728 3728 2046 3786 offensione

323 3818 721 3890 coniunctum,
751 3831 784 3874 a
833 3816 1053 3890 quibus
1096 3817 1154 3873 in
1199 3816 1322 3890 ipsa
1365 3831 1480 3874 non
1530 3825 1615 3874 est
1659 3815 2046 3889 prohibitione

322 3903 660 3964 discretum.
687 3905 833 3974 Quid
882 3911 1075 3962 autem
1116 3904 1452 3979 vaniloquio
1493 3911 1674 3976 potest
1715 3920 1839 3962 esse
1885 3904 2044 3964 dete-

325 3993 468 4063 rius,
492 3993 646 4066 quod
687 4007 802 4051 non
835 3991 1005 4050 modo
1041 4007 1143 4066 per
1180 3994 1554 4066 semetipsum
1591 3993 1881 4052 infelicem
1912 3993 2043 4052 ani-

322 4095 477 4138 mam
527 4080 814 4139 letbaliter
868 4087 1089 4155 gravat,
1139 4080 1239 4138 sed
1286 4087 1339 4138 et
1381 4080 1562 4152 ipsam
1593 4081 1846 4140 honesta:
1905 4081 2044 4140 vita)

321 4168 684 4242 religionem,
717 4185 850 4244 quze
890 4169 1189 4228 hominem
1223 4167 1341 4228 Deo
1377 4169 1599 4243 junxit,
1644 4176 1901 4239 evacuat,
1943 4171 2044 4230 Ja-

319 4259 462 4318 cobo
503 4265 762 4328 testante,
794 4259 896 4334 qui
935 4259 1013 4316 ait
1047 4277 1112 4316 ;‹‹
1156 4260 1218 4317 Si
1248 4260 1381 4334 quis
1414 4264 1572 4333 putat
1609 4274 1670 4317 se
1709 4259 2042 4333 religiosum

319 4363 462 4420 esse,
490 4363 609 4408 non
649 4351 948 4406 refrenans
985 4347 1249 4420 linguam
1289 4364 1477 4420 suam,
1509 4349 1606 4406 sed
1639 4350 1918 4408 seducens
1945 4365 2042 4408 cor

2127 3280 2214 3339 ori
2251 3287 2349 3338 tuo
2377 3285 2576 3349 rectos,
2609 3285 2664 3336 et
2689 3277 2938 3348 attende,
2981 3293 3055 3335 ne
3094 3276 3236 3334 forte
3275 3275 3484 3334 labaris
3519 3278 3580 3335 in
3619 3277 3838 3352 lingua,

2127 3376 2183 3427 et
2209 3368 2378 3427 cadas
2405 3369 2465 3425 in
2503 3373 2811 3441 conspectu
2855 3365 3230 3424 inimicorum
3267 3365 3674 3425 insidiantium
3712 3365 3836 3438 tibi,

2127 3466 2181 3518 et
2237 3459 2311 3517 sit
2364 3474 2532 3517 casus
2585 3465 2719 3516 tuus
2773 3455 3119 3514 insanabilis
3161 3455 3224 3513 in
3274 3462 3516 3513 mortem
3560 3456 3765 3528 (Ibid).
3810 3477 3836 3507 »

2130 3548 2400 3609 Salomon
2437 3553 2630 3605 autem
2677 3545 2815 3604 dicit
2853 3563 2865 3602 :
2910 3565 2937 3597 «
2987 3542 3096 3612 Qui
3145 3543 3477 3602 custoditos
3507 3557 3702 3615 suum,
3735 3559 3840 3602 cu-

2127 3637 2300 3696 stodit
2336 3635 2592 3694 animam
2622 3647 2822 3704 suam;
2859 3632 2965 3708 qui
3002 3637 3200 3690 autem
3249 3631 3709 3691 inconsideratus
3755 3640 3840 3691 est

2125 3727 2194 3784 ad
2243 3723 2621 3798 loquendum,
2679 3721 2886 3780 sentiet
2940 3719 3158 3778 malum
3205 3722 3385 3790 (Prov.
3433 3726 3585 3790 XIII).
3633 3741 3661 3774 »
3724 3720 3838 3779 Nec

2125 3817 2285 3875 enim
2324 3813 2676 3874 credendum
2721 3820 2826 3884 est,
2869 3811 3070 3870 fratres
3125 3810 3259 3882 mei,
3303 3819 3530 3870 sanctos
3582 3812 3840 3870 doctores

2127 3907 2275 3968 Novi
2321 3907 2538 3965 scilicet
2588 3921 2655 3963 ac
2699 3903 2921 3962 Veteris
2973 3903 3329 3962 Testamenti
3379 3909 3458 3961 tot
3499 3904 3626 3962 sine
3667 3919 3837 3962 causa

2124 3997 2437 4057 sententias
2479 3994 2754 4053 adversus
2811 3992 3029 4067 linguae
3079 3991 3288 4052 vitium
3331 3992 3656 4066 protulisse.
3711 3992 3836 4051 Nisi

2124 4087 2283 4144 enim
2317 4083 2452 4142 huic
2482 4083 2682 4142 morbo
2721 4083 2978 4140 immane
3017 4079 3340 4154 periculum
3384 4079 3574 4138 inesse
3619 4095 3834 4152 cogno-

2124 4180 2364 4244 scerent,
2423 4187 2793 4248 nequaquam
2862 4169 3143 4229 adversus
3203 4169 3360 4228 hunc
3417 4175 3534 4228 tam
3588 4177 3834 4240 austere,

2123 4270 2238 4323 tam
2267 4267 2452 4333 acute,
2497 4268 2611 4320 tam
2638 4258 3054 4334 multipliciter,
3091 4257 3207 4317 tam
3240 4258 3608 4318 uniformiter
3633 4259 3835 4335 dispu-

2122 4358 2325 4411 tarent.

319 4409 517 4505 suum,
550 4437 723 4510 hujus
771 4451 918 4494 vana
957 4443 1042 4494 est
1076 4409 1300 4509 urebgio
1340 4409 1478 4506 (Jac:
1515 4438 1571 4508 ι).
1603 4459 1623 4488 ι
1675 4434 1899 4505 Quibus
1949 4409 2105 4493 ni-D
2132 4409 2458 4500 enim
2503 4446 2706 4498 cmtera
2745 4437 3073 4498 testimonia
3112 4454 3290 4498 sacrae
3339 4437 3653 4514 Scripttirae
3697 4458 3838 4516 prte-

320 4527 535 4584 mirum
598 4525 789 4585 verbis
828 4525 954 4583 lucc
995 4525 1208 4585 clarius
1245 4531 1466 4584 constat
1510 4525 1647 4600 quia
1685 4527 1744 4583 in
1785 4523 2039 4584 nihilum

315 4615 510 4673 omnis
559 4623 746 4674 nostra
796 4615 998 4688 religio
1053 4614 1354 4688 redigitur,
1408 4613 1519 4671 nisi
1556 4613 1791 4672 solerter
1831 4615 2040 4671 immo-

315 4703 530 4761 derataa
565 4703 782 4776 linguae
823 4702 1057 4761 lascivia
1094 4709 1504 4773 compescatur.
1537 4703 1650 4773 Qui
1680 4717 1884 4761 rursus
1912 4702 1993 4760 ait
2023 4725 2034 4759 :

320 4813 345 4843 ‹‹
395 4791 506 4862 Qui
558 4792 620 4851 in
665 4793 840 4852 verbo
889 4807 1006 4850 non
1051 4791 1310 4864 offendit,
1344 4791 1437 4850 hic
1485 4793 1770 4864 perfectus
1822 4799 1908 4850 est
1954 4791 2042 4850 vir

319 4886 451 4954 (Jac.
491 4884 588 4952 III).
625 4908 650 4930 η
691 4880 752 4940 Si
793 4881 901 4939 viri
954 4879 1228 4954 perfectio
1274 4881 1333 4938 in
1377 4880 1539 4939 verbi
1577 4880 1836 4941 custodia
1876 4881 2040 4956 poni-

318 4979 441 5040 tur,
497 4972 746 5046 prot‘ecto
791 4977 943 5046 patet
990 4971 1128 5045 quia
1179 4985 1282 5044 per
1335 4970 1631 5028 effrenatae
1683 4970 2042 5044 loquacitatis

317 5061 624 5126 incuriam,
655 5059 845 5118 omnis
875 5058 1048 5116 etiam
1087 5060 1351 5132 perfectas
1392 5058 1526 5116 vitae
1559 5057 1894 5130 compositio
1930 5057 2040 5116 disc

316 5148 555 5222 sipatur.
586 5148 656 5206 Et
703 5148 754 5206 si
804 5163 924 5206 rem
969 5145 1219 5205 velimus
1261 5147 1572 5219 diligenter
1611 5147 1911 5220 inspicere,
1940 5147 2042 5206 de-

317 5238 498 5295 terius
524 5245 717 5311 peccat
744 5236 1086 5310 plerumque
1119 5236 1314 5309 lingua
1347 5250 1522 5309 quam
1550 5235 1704 5302 vita;
1739 5250 1873 5293 nam
1910 5242 1968 5294 et
1994 5237 2044 5295 si

317 5323 584 5399 vigilanti
629 5337 769 5383 cura
814 5325 1070 5382 animam
1123 5332 1378 5382 nostram
1429 5323 1718 5383 custodire
1766 5325 2041 5399 proponi—

317 5428 470 5486 mus,
521 5420 711 5474 tamen
765 5414 904 5489 quia
959 5412 1255 5488 propagati
1308 5411 1378 5472 de
1428 5427 1598 5473 carne
1647 5427 1782 5472 cum
1817 5421 2044 5487 peccato

323 5519 551 5579 sumus,
583 5506 937 5583 impediente
993 5505 1210 5582 saepius
1260 5507 1382 5581 ipsa
1439 5505 1630 5564 carnis
1686 5503 2042 5577 infirmitate,

2129 4536 2362 4599 teream,
2389 4543 2563 4602 quem
2603 4527 2910 4601 apostolica
2963 4526 3097 4584 tuba
3139 4527 3242 4584 illa
3278 4541 3392 4585 non
3436 4534 3662 4602 terreat,
3704 4546 3837 4604 qua:

2125 4617 2196 4675 de
2242 4617 2346 4676 hac.
2387 4615 2639 4690 pernicie
2679 4614 3006 4672 terribiliter
3035 4614 3277 4686 intonat,
3315 4615 3514 4674 dicens
3547 4638 3558 4676 :
3603 4639 3630 4670 «
3673 4619 3832 4688 Ecce,

2125 4704 2336 4777 inquit,
2384 4710 2641 4777 quantus
2683 4701 2836 4774 ignis
2885 4717 3060 4774 quam
3130 4718 3398 4774 magnam
3482 4705 3689 4766 silvam
3745 4709 3837 4765 in-

2124 4792 2336 4860 cendit,
2367 4798 2422 4849 et
2469 4791 2671 4864 lingua
2714 4791 2868 4865 ignis
2915 4799 3020 4862 est,
3069 4791 3420 4851 universitas
3469 4793 3832 4868 iniquitatis;

2126 4882 2328 4955 lingua
2359 4879 2730 4940 constituitur
2780 4879 2842 4938 in
2882 4879 3158 4939 membris
3197 4882 3430 4956 nostris,
3464 4899 3597 4959 qua:
3639 4897 3836 4942 macu-

2127 4971 2206 5029 lat
2257 4978 2438 5030 totum
2494 4986 2737 5046 corpus,
2795 4978 2849 5029 et
2902 4971 3225 5030 inﬂammat
3283 4981 3466 5032 rotam
3523 4974 3841 5033 nativitatis

2127 5065 2360 5127 nostra},
2391 5059 2742 5117 inﬂammata
2795 5074 2826 5115 a
2865 5059 3127 5131 gehenna
3169 5062 3298 5133 (Jac.
3341 5063 3438 5133 III).
3494 5084 3521 5112 »
3568 5061 3690 5121 Non
3731 5079 3837 5121 au-

2127 5153 2240 5206 tem
2271 5147 2564 5206 immerito
2593 5147 2793 5221 lingua
2821 5146 2974 5220 ignis
3011 5146 3241 5214 dicitur,
3278 5150 3415 5223 quia
3454 5149 3604 5209 sicut
3641 5152 3710 5210 de
3741 5153 3836 5210 in-

2125 5236 2368 5310 sipiente
2404 5235 2672 5294 Salomon
2713 5235 2892 5294 dicit:
2930 5262 2955 5285 ‹‹
2988 5237 3223 5311 Apertio
3260 5237 3375 5296 oris
3414 5237 3573 5298 illius
3604 5241 3836 5300 inflam-

2125 5325 2300 5384 matio
2337 5327 2525 5397 (Eccli.
2571 5329 2700 5393 xx).
2753 5351 2779 5374 ιο
2838 5323 2899 5384 Si
2946 5342 3081 5400 ergo
3125 5326 3323 5401 lingua
3366 5327 3522 5400 ignis
3565 5335 3668 5401 est,
3700 5344 3834 5405 quae

2125 5429 2360 5474 omnem
2383 5415 2670 5474 virtutum
2709 5419 3037 5475 nostrarum
3077 5414 3284 5474 silvam
3321 5413 3595 5490 incendit,
3632 5417 3681 5476 si
3710 5417 3840 5477 uni-

2127 5503 2367 5564 versitas
2407 5512 2493 5564 est
2530 5503 2876 5579 iniquitatis,
2907 5504 2954 5563 si
2992 5510 3171 5565 totum
3209 5520 3416 5581 corpus
3454 5519 3560 5569 sua
3589 5504 3843 5568 foeditate
