4108 6206
271 149 375 209 915
701 148 707 157 ’
902 149 959 209 S.
1003 146 1225 207 PETRI
1266 142 1589 204 DAMIANI
1628 142 1785 202 OPP.
1829 142 2022 204 PARS
2061 144 2201 206 SEU
2239 148 2488 209 TOMUS
2525 150 2602 209 II.
2641 183 2710 195 —
2752 149 3162 212 SEBMONES.
3663 152 3780 221 91,6

267 277 642 347 contaminat,
676 277 723 334 si
765 284 943 333 rotam
1000 284 1211 332 nostra)
1262 269 1579 329 nativitatis
1622 270 2046 341 inﬂammat,A
2072 271 2193 330 sive
2247 273 2420 334 etiam
2469 275 2869 335 eedificationis
2916 273 3090 334 verba
3143 274 3501 349 proferendo,
3548 275 3779 335 studeat

271 366 329 425 id
370 370 457 424 est
494 364 543 424 si
573 378 745 423 omne
774 362 1048 422 meritum
1079 358 1368 419 instabilis
1398 358 1573 433 hujus
1611 358 1746 417 vitae
1774 363 1986 417 nostrae
2065 376 2188 419 eam
2234 363 2546 424 salubriter
2590 382 2880 435 exercere,
2924 381 2993 424 ne
3027 364 3125 425 cui
3163 379 3322 423 nunc
3363 364 3526 423 ardet
3571 364 3778 437 lingua

270 470 394 515 sum
451 452 841 513 damnationis
895 449 1162 509 incendio
1215 449 1489 519 devorat,
1551 448 1665 506 nisi
1726 447 1983 522 linguam
2064 450 2126 509 in
2183 451 2457 526 loquendi
2503 453 2988 528 concupiscentia,
3029 452 3415 512 damnationis
3449 469 3578 512 suae
3622 459 3777 528 post-

270 558 438 602 suam
502 541 635 616 quis
678 541 917 598 discreta
962 537 1353 596 moderatione
1405 536 1704 608 custodiat,
1748 537 1880 610 quis
1915 536 1986 593 de

273 633 616 702 sobrietate,
669 635 800 703 quis
850 630 924 688 de
978 630 1230 686 castitate
1284 643 1665 705 pgaesumere,
1725 626 1858 700 quis
1915 627 1986 684 tle

263 722 526 797 jejuniis,
581 721 705 779 sive
764 717 1012 791 vigiliis,
1069 725 1172 776 aut
1224 717 1419 791 aliqua
1479 731 1539 773 se
1584 715 1789 789 poterit
1840 715 1985 775 bona

267 810 596 886 operatione
618 809 830 883 jactare
848 810 874 864 ?

345 903 637 961 Ponamus
691 916 826 974 ergo
859 946 872 969 ,
931 900 1133 957 fratres
1198 896 1570 965 charissimi,
1625 896 1855 954 frenum
1898 895 1985 953 ori

276 999 499 1061 nostro;
563 1007 679 1048 non
743 1007 817 1047 ex
861 1006 927 1047 eo
974 988 1149 1046 verba
1187 987 1449 1045 scurrilia
1500 986 1819 1059 prodeant,
1867 1001 1983 1043 non

275 1085 454 1144 ﬂuxae
484 1083 699 1143 laetitiae
731 1083 984 1141 fomenta
1021 1086 1429 1153 prorumpam;
1477 1093 1592 1135 non
1636 1076 1836 1149 lingua
1880 1091 1984 1133 no-

277 1180 394 1234 stra
441 1173 633 1232 fratris
670 1172 889 1231 infirmi
938 1172 1116 1229 vitam
1163 1169 1498 1227 detractorie
1547 1167 1832 1238 mordeat;
1870 1181 1983 1224 non

274 1262 421 1322 bene
450 1261 733 1320 currentis
782 1276 950 1334 opera
990 1259 1098 1318 sub
1149 1258 1281 1316 vita}
1318 1258 1495 1332 hujus
1532 1258 1749 1315 incerto
1794 1256 1990 1330 praeci-

273 1352 524 1425 pitanter
572 1350 853 1416 extollat;
910 1364 1027 1407 non
1086 1346 1375 1421 praeterita
1438 1346 1628 1416 facta,
1693 1344 1785 1403 vel
1837 1344 1987 1403 dicta

273 1444 526 1503 inaniter
596 1442 828 1510 recitet;
901 1456 1020 1498 non
1097 1438 1241 1511 quid
1310 1443 1454 1502 390
1519 1452 1553 1493 a
1613 1435 1989 1496 saecularibus

278 1539 483 1605 agatur
528 1532 682 1589 inter
735 1532 939 1589 fratres
993 1530 1332 1603 pestilenter
1379 1533 1642 1599 enarret;
1694 1541 1993 1584 servemus

2073 540 2313 600 modum
2369 543 2746 613 comburatur
2785 546 2845 602 in
2894 558 3084 617 ptena.
3131 542 3332 616 Neque
3378 542 3538 601 enim
3586 544 3779 616 negli-

2066 638 2271 705 genter
2306 631 2667 692 audiendum
2704 639 2790 691 est
2818 632 2969 707 quod
3010 631 3172 689 dives
3210 630 3305 688 ille
3343 630 3568 705 petebat
3605 630 3776 690 refri-

2066 720 2255 793 gerari
2314 721 2577 794 linguam
2626 736 2813 792 suam,
2853 721 2991 796 quia
3026 718 3395 778 cruciabatur
3431 719 3492 777 in
3538 720 3777 779 ﬂamma

2069 814 2220 878 (Luc.
2280 818 2430 880 XVI).
2480 811 2629 881 Quia
2685 812 2862 881 enim,
2912 811 3081 884 juxta
3124 809 3490 883 apostolicam
3537 818 3777 870 senten-

2068 899 2226 967 tiam,
2271 899 2531 958 humana
2565 899 2769 973 lingua
2807 916 2840 957 a
2878 900 3165 971 gehenna,
3206 899 3311 957 hoc
3344 904 3430 957 est
3471 915 3505 956 a
3550 899 3773 971 gehen-

2072 988 2304 1048 nalibus
2352 989 2577 1059 incolis,
2638 1004 2796 1048 nunc
2832 988 3043 1047 dicitur
3092 986 3441 1047 inﬂammari
3487 993 3771 1059 (1.10.111);

2070 1094 2185 1137 non
2221 1078 2509 1137 immerito
2535 1078 2899 1152 postmodum
2926 1078 3177 1137 ﬂammis
3208 1076 3516 1136 ultricibus
3545 1078 3771 1145 tradita,

2069 1184 2199 1229 cum
2236 1169 2452 1228 eisdem
2494 1168 2670 1229 simul
2698 1177 2953 1230 meretur
2989 1169 3177 1228 aduri.
3225 1168 3386 1228 Unde
3408 1186 3526 1231 non
3570 1170 3781 1231 incon—

2072 1276 2216 1335 grue
2271 1260 2342 1318 de
2397 1275 2667 1333 perversa
2703 1260 2908 1335 lingua
2944 1278 3044 1336 per
3086 1262 3284 1321 virum
3330 1262 3644 1337 sapientem
3687 1263 3780 1322 di-

2072 1350 2223 1409 citur
2280 1372 2293 1406 :
2358 1372 2377 1397 ι
2433 1349 2500 1408 In
2564 1350 2814 1421 ﬂamma,
2874 1349 3085 1424 inquit,
3139 1366 3246 1409 sua
3311 1366 3424 1409 non
3480 1351 3786 1412 comburet

2069 1438 2278 1513 justos.
2328 1438 2438 1508 Qui
2513 1438 2850 1514 relinquunt
2901 1440 3124 1511 Deum,
3179 1438 3437 1498 incident
3478 1438 3539 1498 in
3593 1440 3782 1512 illam,

2077 1527 2377 1586 exardebit
2405 1528 2463 1585 in
2497 1528 2636 1600 illis,
2666 1535 2722 1588 et
2750 1545 2867 1588 non
2896 1529 3322 1603 exstinguetur,
3357 1535 3409 1588 et
3436 1529 3788 1589 immittatur

277 1629 334 1682 et
360 1634 465 1678 nos
522 1620 676 1694 quod
712 1617 930 1679 Paulus
971 1618 1407 1678 Colossensibus
1432 1617 1711 1692 praecipit,
1744 1616 1941 1675 dicens
1973 1640 1985 1675 :
2015 1617 2142 1690 Bin
2174 1616 2327 1687 illos,
2359 1618 2525 1692 quasi
2567 1618 2654 1677 leo
2690 1624 2747 1677 et
2777 1618 2944 1694 quasi
2974 1618 3189 1692 pardus
3216 1616 3385 1677 laedet
3421 1618 3554 1678 illos
3587 1622 3785 1686 (Ecca.

282 1731 310 1763 ‹‹
347 1708 550 1769 Sermo
578 1716 768 1767 vester
796 1723 1022 1782 semper
1056 1709 1118 1767 in
1146 1706 1329 1782 gratia
1361 1706 1479 1764 sale
1507 1707 1581 1764 sit
1608 1704 1894 1775 conditus,
1924 1710 1992 1763 ut

280 1798 472 1857 sciatis
539 1797 829 1871 quomodo
892 1801 1146 1870 oporteat
1211 1810 1314 1854 vos
1367 1794 1689 1866 unicuique
1754 1808 1988 1866 respon-

278 1886 414 1945 dere
454 1887 589 1954 (Col.
633 1890 741 1954 IV).
789 1909 809 1936 ι
864 1884 950 1944 Sit
1003 1885 1180 1959 igitur
1230 1883 1431 1958 lingua
1477 1888 1670 1942 nostra
1715 1882 1989 1955 modesta,

280 1974 492 2046 sobria,
533 1973 797 2046 discreta,
843 1974 1085 2048 pudica;
1122 1973 1195 2031 sit
1236 1972 1352 2031 oris
1390 1971 1574 2031 nostri
1610 1971 1792 2030 saliva
1827 1971 1992 2046 virgo

284 2061 379 2121 die
433 2068 754 2133 crescente,
813 2070 867 2121 et
908 2062 1022 2121 nisi
1069 2060 1335 2121 utilitatis
1375 2060 1595 2120 occasio
1641 2060 1990 2135 przebeatur,

280 2169 470 2229 usque
515 2153 575 2211 in
620 2153 959 2222 crastinum,
1016 2151 1138 2211 sive
1181 2150 1451 2225 perendie
1493 2151 1824 2225 incorrupta
1870 2166 1992 2209 ser-

280 2249 468 2305 vetur.

355 2335 624 2406 Portatis,
683 2334 887 2395 fratres
937 2336 1072 2403 mei,
1126 2334 1451 2403 vobiscum,
1498 2332 1735 2407 portatis
1774 2331 1992 2390 clavem

286 2423 529 2490 cellulae,
564 2430 779 2496 portate
818 2429 872 2481 et
900 2422 1122 2483 clavem
1170 2422 1425 2495 linguai;
1467 2421 1755 2495 opponitis
1796 2435 1995 2493 pessu-

285 2512 411 2571 lum
452 2512 616 2582 ostio,
659 2513 925 2570 adhibete
960 2512 1277 2571 retinacula
1322 2510 1628 2569 salubriter
1658 2510 1745 2569 ori
1786 2517 1995 2567 vestro.

283 2602 511 2674 Auceps
540 2616 657 2658 non
684 2600 905 2658 emittet
932 2600 1293 2675 accipitrem,
1324 2600 1437 2657 nisi
1463 2614 1726 2657 anserem
1764 2596 1957 2655 videat
1983 2643 1996 2667 ,

289 2695 345 2748 et
395 2689 716 2747 monachus
772 2687 1009 2746 dimittit
1069 2688 1328 2760 linguam
1384 2704 1570 2757 suam,
1626 2686 1674 2743 si
1728 2684 2003 2759 loquendi

290 2778 602 2834 necessitas
629 2791 745 2833 non
784 2775 1055 2834 assistat?
1083 2776 1443 2849 Dedignatur
1480 2783 1716 2833 venator
1743 2773 2000 2833 catulum

296 2864 542 2935 solvere,
572 2863 686 2923 nisi
727 2864 894 2938 lepus
927 2871 1228 2937 appareat;
1264 2865 1530 2923 viliorem
1568 2864 1775 2921 haheat
1801 2878 2004 2921 mona-

296 2956 443 3014 chus
486 2955 748 3028 linguam
793 2968 982 3022 suam,
1016 2969 1190 3028 quam
1236 2951 1304 3010 ad
1347 2952 1571 3011 nullius
1617 2952 1880 3021 salutem,
1912 2953 2001 3010 vel

298 3044 668 3103 commodum
726 3042 1012 3102 inutiliter
1055 3041 1282 3101 solvat?
1315 3041 1498 3101 Sudat
1535 3041 1681 3115 lapis
1715 3041 1777 3100 in
1825 3057 2003 3101 manu

299 3132 761 3207 oppugnantium
804 3133 1043 3201 mmnia,
1075 3138 1132 3190 et
1161 3132 1450 3190 incassum
1483 3130 1636 3189 volet
1668 3131 1910 3191 verbum
1939 3133 2008 3191 de

299 3237 398 3281 ore
424 3223 629 3282 stantis
658 3223 717 3281 in
751 3231 963 3282 sancire
1012 3221 1237 3282 militia)
1280 3220 1631 3296 disciplina?
1669 3223 1856 3280 Arcus
1886 3222 2009 3280 fru-

298 3320 413 3372 stra
455 3312 624 3370 ﬂexis
665 3313 942 3371 cornibus
980 3327 1096 3371 non
1150 3310 1491 3376 intenditur.
1534 3318 1590 3370 et
1631 3310 1908 3369 rationale
1951 3326 2014 3369 os

304 3402 376 3461 ad
414 3399 764 3460 effundenda
801 3400 1016 3475 passim
1050 3402 1341 3474 superﬂua
1381 3399 1715 3459 reseratur?
1756 3398 2017 3458 Parcitur

312 3493 620 3567 pharetris,
665 3498 729 3550 ut
779 3508 853 3550 ex
897 3507 962 3549 ea
1006 3492 1208 3564 sagitta
1261 3491 1465 3549 leviter
1505 3506 1618 3550 non
1655 3497 1858 3558 exeat;
1900 3506 2016 3549 non

316 3581 572 3656 parcitur
613 3579 852 3652 linguze,
905 3587 970 3639 ut
1018 3578 1260 3639 mordax
1312 3580 1369 3639 in
1415 3577 1733 3652 quemlibet
1772 3579 2018 3637 verbum

308 3670 471 3730 velut
499 3671 678 3730 ictum
702 3670 967 3729 vulneris
987 3685 1098 3730 non
1133 3668 1402 3741 inﬂigat?

381 3759 531 3831 Quid
581 3760 652 3819 ad
702 3760 843 3829 haec,
901 3762 1123 3828 fratres,
1180 3759 1473 3818 dicimus?
1526 3775 1639 3835 qua
1695 3773 1801 3817 nos
1846 3773 2023 3831 argu-

319 3852 673 3910 mentatione
703 3849 1034 3919 defendere,
1072 3864 1185 3924 qua
1216 3864 1528 3922 possumus
1572 3847 1877 3907 artificiosa
1925 3863 2028 3906 nos

220 3968 237 3973 ι
313 3942 684 4001 excusatione
715 3938 998 4015 purgare?
1032 3939 1307 4015 Nunquid
1336 3956 1452 3999 non
1487 3938 1717 3997 facilius
1741 3944 1826 3997 est
1854 3944 2029 4010 atque

317 4029 689 4105 tranquillius
720 4029 902 4088 facere
942 4045 1120 4104 quam
1168 4028 1374 4102 loqui?
1415 4028 1690 4103 Nunquid
1721 4042 1836 4087 non
1868 4026 2027 4086 labo-

314 4119 529 4178 riosius
556 4128 640 4177 est
665 4119 933 4191 linguam
959 4134 1058 4191 per
1082 4124 1163 4176 tot
1191 4118 1437 4192 prolixae
1461 4115 1823 4192 loquacitatis
1856 4116 2030 4175 verba

316 4208 644 4267 discurrere
672 4222 850 4280 quam
878 4204 936 4262 in
971 4220 1076 4264 suo
1105 4206 1360 4280 quietam
1383 4204 1615 4263 silentio
1648 4219 1985 4278 permanere
2003 4202 2033 4262 ἱ)

320 4296 487 4355 Unde
530 4311 645 4354 non
703 4295 995 4353 immerito
1048 4296 1119 4354 de
1163 4294 1515 4369 quihusdam
1564 4310 1666 4369 per
1717 4293 2025 4353 Jeremiam

318 4386 534 4446 dicitur
574 4405 588 4444 :
644 4408 665 4437 ι
690 4384 1023 4446 Docuerunt
1065 4385 1327 4459 linguam
1367 4400 1533 4444 suam
1584 4384 1741 4458 loqui
1787 4385 2026 4444 menda-

323 4478 514 4550 cium;
570 4485 636 4537 ut
684 4477 887 4552 inique
939 4482 1176 4550 agerent
1219 4476 1628 4536 laboraverunt
1675 4477 1799 4550 (Jer.
1860 4480 1961 4549 Iv).
1996 4496 2025 4530 η

322 4568 640 4629 Laborasse
693 4582 947 4641 namque
995 4566 1291 4639 dicuntur,
1351 4572 1417 4625 ut
1474 4564 1745 4641 nequiter
1795 4570 2031 4639 agerent

322 4657 426 4733 qui
471 4656 707 4716 tacendo
734 4655 937 4730 utique
973 4654 1099 4713 sine
1145 4660 1369 4728 peccato
1399 4653 1614 4713 melius
1649 4653 2026 4728 quievissent.

323 4749 397 4809 Et
450 4747 500 4806 si
554 4747 700 4805 forte
735 4745 1054 4820 quemlibet
1098 4745 1332 4803 fratrem
1372 4745 1434 4802 in
1476 4744 1680 4817 lingua
1727 4758 1788 4802 se
1815 4742 2033 4817 jugiter

326 4836 565 4914 fatigare
615 4834 887 4905 delectat,
944 4832 1197 4893 Paulum
1248 4833 1443 4892 audiat
1507 4832 1660 4907 quod
1716 4831 2033 4891 Corinthiis

328 4929 479 4989 dicat
518 4948 532 4988 :
569 4947 596 4981 α
628 4924 778 4997 Quid
817 4939 973 4999 ergo,
1015 4921 1264 4983 fratres?
1303 4937 1442 4982 cum
1479 4920 1822 4993 convenitis,
1855 4937 2033 4983 unus-

224 5030 241 5033 τ
322 5006 578 5091 quisque
615 5022 871 5075 vestrum
910 5013 1203 5088 psalmum
1243 5011 1436 5081 habet,
1476 5010 1797 5069 doctrinam
1840 5011 2032 5082 habet,

328 5106 717 5183 Apocalypsin
778 5103 981 5170 habet,
1038 5102 1298 5175 linguam
1360 5100 1569 5172 habet,
1623 5101 2037 5175 interpretatio-

329 5213 463 5257 nem
523 5196 698 5257 habet
734 5220 747 5253 :
802 5194 1001 5255 omnia
1037 5195 1106 5253 ad
1147 5192 1589 5252 aedificationem
1637 5192 1780 5251 ﬁant
1819 5197 1869 5259 (Ι
1914 5196 2033 5251 Cor.

328 5293 478 5354 XIV).
510 5305 540 5339 ii

406 5374 468 5434 Si
505 5390 682 5449 quem
716 5390 851 5451 ergo
887 5374 1059 5433 taedet
1098 5373 1357 5449 linguam
1396 5388 1562 5433 suam
1600 5372 1787 5447 rigida
1821 5371 2038 5431 silentii

338 5480 582 5529 censura
634 5479 1030 5541 compescere,
1082 5463 1319 5536 orando,
1378 5463 1714 5542 psallendo,
1775 5462 2035 5537 legendo,

2075 1711 2312 1777 XXVIII).
2341 1731 2368 1756 ιν
2401 1707 2555 1766 Illud
2576 1706 2752 1766 etiam
2779 1712 2918 1771 391
2952 1714 3187 1781 quantm
3225 1706 3539 1778 formidini,
3569 1714 3789 1781 quanto

2075 1797 2245 1857 nobis
2296 1797 2465 1855 debet
2502 1812 2627 1856 esse
2662 1797 2865 1856 terrori
2906 1799 3059 1871 quod
3096 1798 3321 1858 Veritas
3356 1800 3438 1858 ait
3484 1823 3496 1857 :
3546 1820 3575 1853 ι(
3602 1798 3792 1859 Omne

2076 1884 2319 1945 verbum
2353 1885 2625 1955 otiosum,
2662 1886 2817 1959 quod
2866 1886 3040 1945 locuti
3076 1886 3292 1945 fuerint
3328 1886 3613 1958 homines,
3653 1886 3786 1946 red-

2076 1976 2214 2035 dent
2240 1975 2311 2033 de
2341 1990 2408 2033 eo
2433 1973 2714 2034 rationem
2742 1975 2804 2032 in
2836 1974 2930 2033 die
2950 1974 3157 2049 judicii
3187 1976 3405 2047 (Matth.
3438 1977 3564 2047 XII).
3594 1998 3622 2026 ι

2150 2064 2367 2123 Audiat
2430 2063 2636 2136 lingua
2699 2062 3034 2135 vaniloqua,
3084 2062 3279 2121 audiat
3330 2063 3532 2137 lingua
3582 2064 3783 2136 otiosa,

2078 2155 2277 2214 audiat
2328 2154 2529 2227 lingua
2571 2153 2848 2213 scabiosa.
2904 2151 3196 2223 Scabiosa,
3249 2154 3513 2229 inquam,
3557 2153 3786 2228 lingua,

2079 2259 2212 2318 quae
2259 2241 2422 2301 velut
2472 2241 2718 2300 scabiem
2760 2242 3073 2316 quamdam
3110 2248 3280 2317 atque
3315 2243 3603 2316 pruritum
3639 2243 3790 2318 pati-

2082 2341 2199 2403 tur,
2267 2332 2381 2391 nisi
2436 2347 2665 2405 semper
2720 2338 2889 2391 acuto
2938 2332 3362 2406 quodammodo
3416 2349 3791 2407 supervacuas

2082 2420 2387 2483 locutionis
2426 2436 2626 2494 ungue
2668 2421 2973 2494 scalpatur.
3017 2421 3231 2480 Audiat
3273 2428 3331 2480 et
3372 2429 3655 2497 pavescat,
3696 2421 3795 2481 in-

2082 2512 2302 2585 telligat
2353 2518 2407 2569 et
2459 2517 2574 2569 tam
2618 2510 2935 2569 terribilem
2986 2511 3328 2569 sententiam
3378 2512 3789 2585 perhorresmt.

2084 2599 2300 2658 Audiat
2337 2606 2610 2657 terrorem
2634 2599 2838 2672 judicii
2876 2599 2947 2658 de
2992 2615 3091 2658 ore
3117 2600 3305 2673 ipsius
3326 2600 3663 2672 judicaturi.
3700 2602 3796 2658 An

2085 2702 2199 2745 non
2255 2686 2426 2744 habet
2464 2703 2638 2746 aures
2676 2694 2738 2744 ut
2777 2688 2956 2760 possit
3003 2687 3226 2760 audire,
3267 2704 3401 2762 quae
3446 2694 3502 2747 et
3548 2704 3795 2747 manum

2086 2775 2257 2833 habet
2291 2783 2355 2833 ut
2403 2774 2582 2848 possit
2627 2774 2934 2835 occidere?
2991 2799 3011 2825 ι
3045 2776 3199 2835 Mors
3241 2775 3399 2834 enim
3451 2781 3507 2834 et
3554 2775 3676 2833 vita
3731 2775 3797 2833 in

2087 2880 2265 2924 manu
2290 2865 2510 2939 linguae
2540 2869 2722 2934 (Prov.
2746 2871 2941 2934 XVIII).
2962 2886 2990 2919 ι)
3025 2866 3238 2925 Audiat
3261 2880 3395 2940 ergo
3420 2864 3575 2939 quod
3600 2880 3676 2923 ex
3701 2879 3803 2923 ore

2094 2952 2361 3013 Veritatis
2428 2954 2673 3025 dicitur;
2741 2961 2796 3013 et
2848 2954 3048 3013 subtili
3099 2954 3469 3013 meditatione
3531 2953 3805 3013 discutiat

2093 3046 2245 3121 quod
2303 3047 2561 3105 minatur
2617 3065 2629 3103 :
2693 3047 2982 3115 «Omne,
3041 3045 3281 3120 inquit,
3343 3044 3587 3104 verbum
3653 3044 3804 3103 otio-

2093 3150 2248 3201 sum,
2275 3134 2430 3208 quod
2460 3134 2634 3194 locuti
2667 3135 2887 3194 fuerint
2916 3134 3210 3204 homines,
3244 3133 3484 3193 reddent
3515 3132 3805 3192 rationem

2094 3223 2165 3283 de
2202 3239 2270 3283 eo
2306 3224 2367 3282 in
2408 3223 2501 3282 die
2521 3223 2729 3299 judicii
2782 3226 3004 3292 (Matth.
3045 3228 3175 3292 XII).
3205 3244 3232 3277 υ
3279 3222 3572 3282 Ponamus
3610 3223 3808 3298 itaque

2096 3319 2160 3372 ut
2187 3313 2437 3372 otiosum
2468 3313 2734 3383 verbum,
2776 3313 2821 3370 si
2862 3320 3060 3372 contra
3101 3328 3279 3372 sacrae
3320 3311 3636 3385 Scriptum
3667 3327 3808 3370 sen-

2098 3403 2309 3462 tentias
2357 3402 2441 3460 fas
2492 3410 2575 3462 est
2612 3402 2824 3476 dicere,
2859 3403 2985 3462 leve
3023 3404 3097 3461 sit
3146 3408 3203 3461 et
3239 3404 3520 3475 exiguum
3563 3402 3810 3461 omnino

2101 3501 2419 3566 peccatum,
2453 3493 2550 3552 sed
2573 3492 2711 3566 quid
2741 3492 2906 3552 milio
2935 3492 3174 3552 brevius
3189 3491 3217 3550 ?
3235 3492 3377 3567 quid
3398 3507 3588 3567 penna
3614 3490 3811 3550 levius

2101 3583 2448 3643 invenitur?
2480 3583 2890 3643 Verumtamen
2928 3585 2975 3642 si
3004 3599 3350 3655 pennarum,
3383 3583 3475 3641 vel
3507 3581 3807 3640 mitiorum

2102 3672 2553 3733 innumerabilis
2591 3672 2903 3733 multitudo
2934 3674 3282 3748 congeritur,
3332 3686 3562 3732 necesse
3602 3676 3689 3729 est
3742 3677 3811 3730 ut

2104 3763 2388 3839 portantis
2413 3762 2634 3833 cervix,
2666 3762 2833 3821 velut
2861 3760 2971 3821 sub
2995 3762 3159 3834 gravi
3191 3761 3379 3835 lapide
3414 3758 3811 3818 immoderan-

2106 3854 2225 3911 tius
2250 3868 2460 3926 pressa,
2498 3852 2815 3924 frangatur.
2867 3850 2947 3908 Ex
2980 3850 3361 3909 humentibus
3392 3863 3620 3925 quoque
3646 3846 3815 3906 saxis

2109 3942 2300 4000 tenuis
2333 3940 2569 4015 quidem
2608 3946 2665 3997 et
2697 3955 2826 3999 rara
2857 3945 3018 4013 gutta
3052 3938 3313 4007 distillat,
3344 3938 3444 3997 sed
3483 3938 3533 3996 si
3570 3953 3673 3995 vas
3707 3952 3821 3994 su-

2110 4030 2274 4089 besse
2311 4028 2493 4103 spatio
2530 4027 2789 4102 longiore
2828 4028 3199 4104 permittitur,
3246 4028 3325 4087 ita
3357 4026 3599 4102 plenum
3648 4039 3718 4082 ac
3765 4024 3819 4082 si

2111 4120 2402 4194 proﬂuens
2440 4117 2597 4176 unda
2631 4119 2958 4176 decurreret
2985 4116 3306 4176 invenitur.
3337 4115 3538 4174 Parvae
3574 4112 3819 4188 quidem

2114 4209 2212 4268 sed
2263 4208 2593 4266 innumera:
2640 4206 2846 4265 cinifes
2894 4206 3127 4279 superbi
3171 4205 3487 4264 Pharaonis
3533 4210 3589 4261 et
3634 4201 3820 4261 totius

2039 4296 2349 4403 1)Atlgypti
2386 4311 2728 4403 superavere
2770 4295 3042 4354 virtutem
3075 4297 3272 4363 (Exod.
3320 4299 3400 4365 II).
3423 4381 3434 4392 .
3457 4292 3640 4351 Breve
3670 4299 3820 4351 tem-

2114 4402 2223 4461 pus
2260 4392 2347 4444 est
2393 4386 2556 4455 hora,
2590 4383 2688 4443 sed
2727 4384 2867 4443 dum
2906 4384 3046 4442 hora
3087 4384 3247 4443 horas
3284 4381 3561 4441 continua
3590 4395 3826 4439 succes-

2114 4477 2278 4537 sione
2308 4477 2707 4551 conjungitur,
2765 4476 2939 4535 totius
2993 4475 3132 4534 vitae
3184 4480 3397 4533 nostrae
3447 4487 3654 4533 cursus
3705 4470 3825 4529 im-

2114 4564 2324 4640 pletur.

2189 4656 2371 4715 Nemo
2410 4656 2607 4730 itaque
2656 4655 3029 4728 semetipsum
3080 4650 3345 4725 decipiat,
3402 4649 3604 4707 fratres
3663 4645 3821 4715 mei;

2119 4745 2214 4804 sed
2256 4751 2576 4819 peccatum,
2604 4742 2763 4818 quod
2808 4741 2936 4801 leve
2975 4740 3286 4800 arbitratur
3321 4754 3466 4808 esse,
3498 4736 3640 4795 dum
3675 4749 3825 4809 pen-

2119 4842 2227 4909 sat,
2278 4850 2451 4910 grave
2498 4832 2766 4893 videatur
2807 4833 2868 4891 in
2919 4832 3046 4905 ejus
3085 4828 3487 4898 aestimatione,
3536 4840 3673 4884 cum
3720 4838 3830 4882 nu-

2121 4931 2323 4986 merat.
2355 4924 2504 4995 Quid
2524 4924 2682 4984 enim
2708 4923 2914 4983 durius
2927 4919 3111 4980 saxo?
3140 4918 3288 4989 Quid
3314 4931 3468 4991 aqua
3495 4910 3829 4990 liquidius?

2120 5023 2177 5076 et
2205 5024 2393 5075 tamen
2422 5030 2456 5074 a
2478 5012 2729 5089 quodam
2762 5010 3017 5084 sapiente
3053 5006 3290 5081 (Ovidio)
3323 5004 3536 5064 dicitur
3566 5023 3580 5061 :

2284 5116 2441 5167 Gutta
2467 5121 2616 5165 cavat
2646 5110 2888 5175 lapidem,
2913 5107 3233 5158 consumitur
3260 5103 3483 5155 annulus
3520 5116 3631 5151 usu.

2195 5180 2503 5254 Nimirum
2548 5198 2603 5250 et
2664 5187 2856 5250 omnis
2906 5186 3123 5245 animai
3168 5189 3381 5243 nostra)
3445 5179 3709 5241 soliditas
3763 5191 3833 5234 ac

2127 5283 2402 5343 fortitudo
2463 5280 2783 5341 destruitur
2812 5321 2828 5348 ,
2890 5276 2941 5335 si
2999 5272 3251 5335 assiduis
3305 5266 3727 5332 inundantium
3776 5270 3833 5323 et

2129 5368 2555 5446 quodammodo
2589 5364 2941 5442 pluvialium
2970 5361 3277 5423 verborum
3315 5357 3582 5419 ﬂuxibus
3624 5359 3834 5413 attera-

2130 5467 2249 5531 tur,
2277 5458 2545 5536 quamvis
2564 5463 2631 5519 .et
2657 5455 2859 5516 leviter
2887 5469 2950 5513 se
2976 5466 3239 5528 peccasse
3264 5448 3399 5526 quis
3421 5450 3639 5507 asserat
3657 5485 3676 5516 ,
3700 5455 3838 5503 cum
