4108 6206
364 326 473 388 917

1848 335 2097 396 SERMO
2135 336 2397 397 LXXIII.

3763 324 3874 387 918

365 454 678 531 Apostolus
710 454 863 514 dicat
893 475 905 514 :
941 477 961 507 ι
998 452 1108 527 Qui
1144 455 1329 532 legem
1370 459 1645 532 praeterit,
1676 460 1863 520 Deum
1900 462 2465 537 inbo-Apendenda
2514 466 2683 525 nobis
2727 467 2995 528 videntur
3034 474 3090 527 et
3134 464 3301 529 levia,
3333 460 3432 520 sed
3469 472 3606 517 cum
3641 455 3713 513 ad
3739 465 3872 512 ora-

361 549 534 603 norat
596 546 766 617 (Rom.
823 547 905 614 II).
952 565 982 597 η
1038 546 1213 605 Porro
1270 547 1468 606 otiosis
1523 549 1718 608 verbis
1767 558 2032 610 assuetus
2063 595 2078 620 ,

364 632 590 705 duplici
620 631 822 705 procul
855 632 1035 691 dubio
1064 633 1251 708 culpa
1280 634 1512 694 videtur
1546 636 1858 711 obnoxius,
1885 640 1987 712 qui
2026 645 2082 697 et

362 721 600 781 divinas
641 722 860 791 Iaudes,
916 722 987 780 ad
1048 739 1193 798 quas
1242 725 1501 784 humana
1550 726 1801 785 conditio
1850 730 2080 788 assidue

364 818 729 887 provocatur,
763 811 978 883 abjicit,
1020 818 1075 869 et
1118 814 1429 886 superﬂua
1469 814 1834 887 loquacitati,
1883 833 1916 875 a
1964 834 2080 891 qua

363 900 725 973 prohibetur,
791 899 1028 967 insistit,
1085 901 1234 959 sicut
1283 903 1354 960 de
1402 902 1747 978 quihusdam
1801 905 2082 964 Jeremias

367 987 514 1047 dicit
554 1006 568 1045 :
618 1014 645 1037 κ
674 988 799 1047 Duo
838 988 990 1046 mala
1023 985 1158 1046 fecit
1203 990 1449 1063 populus
1500 1007 1704 1051 meus:
1742 1009 1837 1051 me
1878 993 2081 1054 dereli-

372 1082 631 1148 querunt
666 1078 884 1135 fontem
912 1092 1079 1153 aqua
1116 1078 1289 1147 viva,
1324 1084 1381 1137 et
1424 1079 1693 1139 foderunt
1721 1082 1829 1141 sibi
1878 1083 2082 1141 cister-

372 1182 482 1225 nas
523 1168 845 1242 dissipatas,
879 1184 1009 1241 qua
1039 1168 1333 1228 continere
1361 1184 1476 1227 non
1518 1170 1710 1229 valent
1742 1187 1921 1246 aquas
1952 1172 2077 1244 (Jer.

369 1261 496 1327 xn).
532 1282 554 1309 ι
614 1259 757 1329 Qua
813 1259 1097 1319 nimirum
1158 1262 1453 1335 propheta
1508 1263 1721 1328 verba,
1769 1264 1941 1321 etiam
2008 1264 2079 1321 de.

364 1346 551 1404 otiosa
593 1346 969 1420 loquentibus
1020 1354 1264 1421 possunt
1299 1364 1414 1408 non
1469 1350 1942 1409 inconvenienter
1985 1353 2078 1408 in-

363 1436 574 1510 telligi,
619 1437 717 1514 qui
752 1437 1032 1496 nimirum
1063 1438 1337 1497 derelicto
1375 1440 1531 1499 fonte
1567 1456 1735 1513 aqua
1767 1439 1939 1508 viva,
1975 1439 2081 1496 hoc

367 1534 475 1598 est,
507 1528 820 1604 postposito
846 1528 1025 1587 verbo
1055 1529 1211 1600 vita,
1244 1544 1344 1588 ora
1390 1545 1497 1589 sua
1526 1529 1800 1588 cisternas
1838 1528 2078 1599 faciunt,

364 1632 442 1675 ex
500 1616 717 1692 quibus
778 1631 896 1675 non
949 1617 1130 1689 novi,
1186 1616 1283 1676 sed
1337 1618 1547 1676 veteris
1596 1617 1851 1676 hominis
1905 1616 2081 1675 verba

364 1704 691 1780 proferunt,
733 1704 1226 1779 quemadmodum
1274 1720 1387 1763 non
1442 1712 1726 1764 recentem
1780 1705 1851 1763 de
1900 1704 2078 1779 fonte,

2165 551 2388 612 tionum
2446 562 2658 614 secreta
2720 558 3129 638 rerurrimus,
3168 554 3402 615 reducta
3473 544 3739 638 protinus
3800 539 3875 599 ad

2163 641 2526 713 memoriam,
2556 643 2700 703 dura
2730 661 2969 718 prorsus
3009 652 3066 704 et
3097 633 3480 702 intolerabilia
3513 633 3866 710 judicamus.

2233 730 2607 806 Quapropter,
2661 734 3017 794 dileCtissimi
3078 734 3279 792 fratres
3330 728 3484 795 mei,
3537 724 3874 783 studeamus

2162 821 2543 893 nosmetipsos
2605 820 2757 880 intra
2809 823 3026 881 silentii
3096 822 3345 880 claustra
3422 815 3753 888 reprimere.
3814 816 3873 868 et

2164 907 2393 984 linguas
2441 917 2662 969 nostras
2698 927 2730 968 a
2777 911 2944 969 vanis
2987 916 3043 969 et
3082 908 3388 969 inutilibus
3431 904 3683 979 eloquiis
3707 900 3869 960 cohi-

2162 996 2316 1057 bere.
2354 998 2565 1057 Anima
2591 1015 2844 1075 namque
2870 1007 3064 1059 nostra
3102 996 3340 1072 superni
3379 994 3530 1067 regis
3568 998 3652 1050 est
3692 1005 3870 1065 spon-

2162 1103 2244 1159 sa,
2287 1104 2422 1164 qua
2476 1097 2702 1163 accepto
2739 1091 2977 1166 pignore
3023 1090 3205 1149 sancti
3253 1086 3523 1162 Spiritus,
3571 1078 3870 1155 signaculo

2163 1178 2296 1237 ﬁdei
2326 1186 2412 1239 est
2460 1181 2668 1240 dotata.
2723 1182 2948 1241 Maneat
3003 1196 3139 1254 ergo
3188 1179 3249 1237 in
3304 1176 3428 1236 suis
3478 1170 3873 1249 penetralibus

2161 1267 2344 1339 virgo,
2379 1284 2492 1326 non
2527 1269 2854 1328 indecenter
2894 1270 2952 1327 in
2990 1267 3296 1342 publicum
3336 1263 3588 1337 prodeat,
3622 1274 3738 1317 non
3772 1272 3874 1331 per

2162 1355 2279 1413 oris
2325 1354 2503 1414 limen
2552 1371 2799 1429 egressa,
2840 1358 2897 1414 in
2938 1369 3295 1429 supervacua
3344 1369 3403 1411 se
3458 1349 3652 1417 verba,
3678 1360 3745 1404 ac
3769 1358 3874 1403 sa-

2161 1441 2379 1501 cularia
2416 1443 2667 1501 inaniter
2700 1444 2926 1514 fundat,
2972 1460 3042 1502 ne
3102 1443 3150 1502 si
3189 1442 3419 1501 deviare
3459 1454 3583 1498 eam
3623 1437 3874 1510 spdnsus

2162 1547 2195 1590 a
2256 1534 2505 1591 modesta
2560 1534 2858 1607 pudicitia
2939 1551 3064 1592 sua
3130 1533 3408 1609 gravitate
3483 1524 3869 1602 conspexerit,

2163 1619 2515 1693 quandoque
2579 1622 2910 1696 objurgans,
2950 1622 3101 1680 dicat
3156 1640 3167 1678 :
3226 1644 3252 1671 α
3304 1619 3368 1679 Si
3411 1610 3742 1692 ignorastc,
3776 1613 3871 1672 in-

2162 1710 2390 1784 quiens,
2427 1727 2462 1770 o
2513 1711 2755 1786 pulchra
2805 1712 2958 1770 inter
3005 1711 3300 1781 mulieres,
3347 1708 3638 1783 egredere,
3686 1710 3743 1762 et
3776 1702 3873 1761 abi

365 1794 469 1853 sed
526 1793 879 1853 sentinosam
939 1794 1133 1868 potius
1206 1809 1418 1870 aquam
1472 1794 1543 1854 de
1595 1794 1839 1853 cisterna
1890 1795 2291 1880 profe-Bpost
2327 1800 2568 1875 vestigia
2602 1817 2847 1877 gregum
2890 1803 3063 1872 (Cant.
3094 1801 3175 1873 II).
3217 1823 3240 1852 ι
3282 1798 3352 1857 In
3391 1795 3660 1856 cubiculo
3696 1792 3877 1867 igitur

364 1889 536 1954 rant;
583 1888 637 1941 et
672 1882 809 1959 quia
847 1882 1001 1942 labia
1050 1898 1156 1941 sua
1208 1883 1500 1942 moderata
1552 1884 1823 1942 nesciunt
1865 1883 2082 1944 discre-

365 1968 529 2026 tione
557 1969 889 2041 reprimere,
918 1968 1189 2029 cisterna
1214 1970 1506 2045 dissipata
1533 1986 1743 2045 aquam
1784 1979 2083 2047 nequeunt

363 2057 683 2115 continere.
1608 2062 1611 2063 '

451 2143 597 2201 392
648 2149 976 2210 Notandum
1030 2168 1169 2211 sane
1222 2153 1359 2228 quia
1417 2154 1565 2213 sicut
1618 2154 1743 2213 avis
1804 2154 2083 2214 advolans

366 2238 608 2310 exponit
651 2256 712 2298 se
753 2256 913 2300 ramo
964 2242 1271 2318 cujuslibet
1320 2242 1561 2314 arboris,
1610 2244 1692 2302 sic
1737 2244 2083 2319 plerumque

364 2327 665 2401 malignus
704 2329 942 2404 spiritus
972 2331 1213 2389 veniens
1248 2332 1460 2391 insidet
1497 2333 1716 2405 lingua
1757 2333 2078 2393 inconside-

367 2424 492 2476 rate
537 2417 825 2491 loquentis
847 2467 860 2488 ,
890 2428 945 2477 et
994 2420 1388 2479 inordinatum
1419 2421 1556 2498 quid
1591 2423 1649 2480 in
1681 2422 1930 2481 decursu
1960 2439 2081 2481 ser-

366 2509 561 2568 monis
586 2527 687 2584 per
725 2511 1154 2585 subreptionem
1204 2513 1406 2571 suadet
1447 2512 1705 2582 efﬂuere;
1747 2513 1905 2573 unde
1927 2520 2081 2588 post-

366 2597 613 2656 modum
663 2600 905 2659 veniens
949 2600 1114 2673 quasi
1155 2608 1419 2674 congesta
1457 2602 1773 2661 dimicandi
1820 2604 2080 2673 materia,

367 2700 472 2743 cor
514 2686 768 2746 hominis
818 2688 1003 2747 valeat
1050 2689 1411 2763 impugnare.
1462 2689 1620 2749 Intra
1673 2691 2082 2750 conscientiam

366 2788 557 2843 suam,
595 2775 797 2833 fratres
845 2776 1194 2849 charissimi,
1242 2779 1650 2855 unusquisque
1698 2787 1949 2840 vestrum
1992 2796 2083 2838 re-

367 2863 519 2935 deat,
548 2872 601 2923 et
648 2882 728 2937 se,
762 2866 916 2940 quod
959 2867 1230 2939 dicimus,
1270 2877 1653 2942 recognoscat.
1700 2870 1862 2944 Sape
1916 2884 2084 2928 nam-

363 2969 485 3025 que
537 2955 896 3029 negligenter
939 2956 1079 3032 quid
1131 2956 1462 3032 loquimur;
1506 2959 1662 3017 unde.
1716 2959 2078 3033 postmodum

364 3041 442 3100 ad
496 3042 710 3102 silentii
756 3046 931 3103 nostri
981 3043 1297 3105 custodiam
1347 3046 1670 3116 redeuntes,
1718 3052 1933 3105 tantam
1989 3047 2080 3105 in-

2168 1905 2273 1948 suo
2318 1890 2592 1964 virginali
2648 1907 2806 1950 more
2864 1890 3128 1961 resideat,
3168 1888 3287 1948 oris
3335 1887 3551 1946 ostium
3610 1884 3875 1943 clausum

2171 1982 2391 2047 teneat,
2444 1985 2499 2036 et
2555 1994 2880 2054 nunquam,
2942 1978 3057 2036 nisi
3113 1993 3245 2051 qua
3292 1976 3364 2034 ad
3422 1970 3876 2049 exspectandum

2165 2065 2454 2138 pertinent
2500 2070 2692 2140 sponsi
2753 2066 3001 2125 calestis
3050 2066 3390 2135 adventum,
3425 2063 3683 2121 locutura
3741 2074 3880 2133 pro—

2167 2151 2365 2221 cedat;
2396 2152 2504 2211 sub
2548 2153 2754 2212 umbra
2808 2170 2869 2211 se
2917 2153 3134 2212 silentii
3195 2152 3487 2226 reprimat,
3521 2164 3596 2207 ne
3647 2147 3877 2206 decolor

2167 2240 2468 2312 videatur;
2501 2241 2575 2299 ab
2608 2243 2769 2301 omni
2797 2259 2858 2301 se
2884 2249 3032 2301 astu
3061 2242 3279 2315 negotii
3312 2238 3605 2299 sacularis
3633 2235 3878 2295 abscon-

2166 2330 2281 2400 dat,
2317 2337 2380 2390 ut
2435 2347 2550 2390 non
2608 2332 2900 2390 immerito
2953 2331 3131 2405 possit
3185 2330 3362 2388 alacri
3404 2342 3544 2387 voce
3588 2329 3820 2384 cantare
3861 2342 3876 2382 :

2171 2447 2229 2471 «ι
2252 2420 2373 2480 Sub
2408 2422 2616 2480 umbra
2650 2418 2797 2476 393
2847 2421 3005 2480 illius
3056 2436 3229 2496 quem
3275 2417 3701 2489 desiderabam,
3734 2415 3877 2485 sedi,

2165 2515 2222 2567 et
2268 2511 2490 2568 fructus
2538 2508 2662 2580 ejus
2706 2507 2894 2567 dulcis
2947 2509 3169 2581 gutturi
3211 2523 3340 2566 meo
3375 2523 3387 2562 :
3420 2506 3749 2567 introduxit
3786 2519 3879 2563 me

2170 2617 2272 2659 rex
2332 2600 2393 2659 in
2441 2599 2645 2659 cellam
2700 2599 3002 2671 vinariam,
3034 2599 3327 2658 ordinavit
3372 2598 3434 2656 in
3490 2613 3583 2656 me
3623 2596 3876 2655 Charita-

2167 2694 2283 2748 tem
2318 2691 2463 2757 (Ibid
2490 2694 2530 2757 ).
2571 2712 2595 2740 ο

2240 2776 2439 2836 Solent
2489 2784 2681 2836 autem
2729 2790 2954 2850 sponsa
2994 2774 3282 2833 nobilium
3332 2774 3589 2833 diversas
3624 2773 3881 2847 pigmen-

2168 2871 2357 2925 torum
2408 2866 2625 2940 species
2682 2863 3010 2923 mandendo
3057 2879 3159 2940 per
3196 2878 3294 2922 ora
3340 2862 3652 2933 revolvere,
3680 2867 3744 2920 ut
3774 2860 3881 2919 ad-

2167 2955 2536 3013 venientibus
2576 2954 2764 3029 procis
2821 2953 3173 3025 fragrantius
3229 2952 3476 3018 valeant,
3523 2967 3590 3011 ac
3637 2950 3880 3011 suavius

2168 3040 2437 3099 redolere.
2471 3042 2685 3099 Anima
2732 3041 2907 3099 etiam
2954 3047 3149 3099 nostra
3197 3054 3405 3113 capas,
3436 3038 3592 3107 allia,
3622 3044 3677 3097 et
3705 3038 3879 3112 quid-

362 3135 701 3227 gruentium
735 3136 1148 3210 cogitationum
1188 3136 1508 3197 molestiam
1542 3138 1830 3211 patimur,
1865 3143 1931 3198 ut
1975 3138 2079 3197 vix

2212 3130 2311 3189 uid
2353 3137 2596 3189 terrena
2624 3129 2948 3204 prudentia
2989 3128 3376 3188 acritudinem
3405 3127 3607 3197 fervet,
3643 3141 3879 3200 prorsus

367 3222 610 3282 tolerare
651 3224 960 3298 possimus.
1003 3226 1073 3284 Et
1119 3227 1357 3300 poenitet
1396 3226 1632 3300 quidem
1681 3226 1922 3286 omnino
1967 3215 2142 3285 tam“
2170 3219 2506 3287 abhorreat;
2555 3218 2795 3277 cassiam
2847 3232 2985 3276 vero
3032 3216 3283 3275 assidua
3319 3215 3628 3287 orationis,
3662 3220 3874 3275 stacten

363 3317 599 3375 incaute
644 3316 821 3374 noxia
865 3317 1193 3391 protulisse,
1222 3318 1319 3376 sed
1361 3317 1683 3376 remedium
1724 3333 1839 3377 non
1879 3335 2080 3380 occur-

364 3404 465 3475 rit,
504 3406 643 3478 quia
689 3404 842 3479 quod
878 3405 1054 3464 semel
1117 3405 1396 3465 emissum
1445 3413 1549 3476 est,
1606 3422 1719 3466 non
1775 3423 2083 3482 possumus

362 3509 653 3553 revocare.
683 3494 860 3553 Juxta
891 3494 1046 3569 quod
1078 3493 1316 3553 Flaccus
1344 3496 1426 3553 ait
1458 3515 1469 3553 :

555 3638 622 3688 Et
654 3640 815 3689 semel
850 3641 1095 3688 emissum
1137 3639 1274 3688 volat
1305 3639 1637 3690 irrevocabile
1660 3640 1889 3690 verbum.

442 3761 706 3831 Oramus,
743 3760 1070 3836 psallimus,
1122 3763 1218 3820 sed
1263 3763 1512 3822 evellere
1549 3764 1620 3822 de
1664 3763 1834 3821 corde
1888 3771 2081 3823 nostro

362 3848 622 3908 infixum
673 3849 858 3922 spina
903 3849 1064 3907 illius
1106 3849 1373 3907 aculeum
1425 3864 1541 3907 non
1594 3851 1872 3909 valemus.
1915 3851 2081 3910 Tunc

363 3942 705 3995 veternosus
745 3936 926 3996 hostis
988 3953 1121 3995 cum
1182 3944 1433 3997 mentem
1496 3946 1750 3998 nostram
1805 3939 1868 3997 in
1925 3947 2079 3998 tanto

364 4026 584 4085 versari
617 4025 849 4085 turbine
884 4026 1180 4100 conspicit,
1219 4026 1401 4085 victor
1450 4034 1505 4084 et
1550 4027 1840 4086 insultans
1867 4027 2081 4101 gaudet

2169 3323 2345 3367 sacra
2399 3307 2683 3377 lectionis,
2738 3305 3190 3380 psalmodiarum
3243 3306 3516 3363 cinnama
3564 3312 3621 3362 et
3674 3308 3879 3362 cuncta

2168 3396 2525 3455 odoramenti
2555 3394 2875 3468 spiritualis
2911 3400 3167 3452 aromata
3194 3393 3412 3467 jugiter
3446 3393 3700 3462 fragrare
3739 3405 3880 3449 con-

2170 3484 2383 3542 tendat.
2415 3482 2681 3542 Christus
2708 3483 2781 3542 sit
2805 3497 2979 3541 omne
3007 3481 3159 3556 quod
3192 3481 3490 3555 loquitur;
3519 3495 3693 3539 omne
3723 3480 3879 3551 quod

2168 3571 2482 3630 delectatur
2509 3614 2522 3637 ,
2578 3586 2751 3630 omne
2804 3571 2960 3646 quod
3017 3570 3193 3641 sapit,
3253 3584 3426 3629 omne
3480 3568 3635 3644 quod
3698 3567 3877 3639 vivit,

2169 3660 2468 3750 Christum
2486 3660 2683 3736 spiret,
2713 3658 3009 3750 Christum
3041 3659 3278 3750 flagitet,
3309 3657 3607 3750 Christum
3634 3660 3841 3750 aestuet
3861 3699 3877 3726 ,

2168 3749 2459 3809 Christum
2502 3765 2600 3809 ore
2649 3748 2999 3823 prununtiet,
3065 3748 3362 3808 Christum
3406 3748 3644 3807 assidua
3689 3748 3878 3807 cordis

2167 3842 2538 3900 meditatione
2590 3847 2913 3915 pertractat.
2969 3842 3185 3900 Amare
3241 3841 3422 3899 alium
3480 3839 3746 3911 nesciat,
3805 3839 3876 3897 ad

2168 3935 2329 3992 hunc
2358 3932 2545 3992 solum
2593 3932 2723 3991 totis
2772 3931 3092 3990 visceribus
3122 3931 3460 3990 inardescat.
3495 3930 3673 3989 Illum
3714 3946 3878 3990 sum-

2168 4021 2280 4081 mis
2311 4021 2581 4081 desiderii
2612 4022 2853 4081 vocibus
2884 4020 3113 4093 clamet,
3148 4020 3320 4079 illum
3348 4020 3416 4078 ad
3451 4036 3513 4078 se
3549 4019 3751 4078 venire
3778 4035 3878 4079 su-

360 4130 450 4186 se,
480 4115 644 4188 quasi
689 4115 911 4174 fructus
959 4116 1031 4174 de
1075 4128 1182 4174 suo
1229 4114 1425 4173 labore
1480 4114 1770 4189 colligere,
1814 4131 1960 4191 quos
2014 4118 2075 4177 in
2165 4110 2364 4185 spiriis
2396 4118 2451 4171 et
2488 4111 2703 4170 crebris
2732 4110 3045 4182 gemitibus
3083 4116 3389 4184 provocet;
3430 4108 3601 4168 illum
3630 4108 3878 4167 diversis

364 4203 521 4263 male
550 4204 722 4263 feraci
753 4211 899 4263 terra
929 4204 1147 4278 lingua
1180 4209 1393 4262 nostra
1428 4203 1693 4262 meminit
1722 4206 2073 4279 seminasse;
2166 4203 2444 4262 adornata
2476 4202 2814 4274 virtutibus,
2849 4204 2968 4276 ipsa
3009 4202 3100 4261 sui
3132 4202 3588 4277 pulchritudine,
3622 4208 3688 4263 ut
3715 4204 3789 4263 ad
3819 4219 3879 4263 se

366 4294 429 4352 in
491 4307 606 4365 quo
659 4292 928 4350 videlicet
968 4292 1115 4350 facto
1161 4292 1303 4365 quid
1350 4290 1511 4351 aliud
1567 4307 1741 4367 quam
1793 4294 2075 4353 turdelam
2166 4293 2544 4367 ingrediatur,
2581 4291 2825 4363 invitet;
2865 4298 3152 4366 quatenus
3192 4291 3334 4350 dum
3372 4291 3445 4350 ad
3483 4306 3545 4351 se
3590 4308 3747 4361 eum,
3782 4291 3875 4351 cui

360 4380 686 4451 imitantur,
720 4395 856 4454 qua
883 4396 956 4438 ex
989 4395 1058 4438 eo
1088 4380 1240 4455 quod
1271 4380 1479 4454 digerit
1505 4380 1804 4440 moritur?
1837 4382 1922 4439 Ex
1952 4384 2078 4458 ejus
2165 4390 2388 4455 aestuat,
2420 4384 2512 4444 cui
2548 4384 2846 4454 anxiatur,
2883 4384 2979 4442 cui
3025 4382 3234 4454 inhiat,
3266 4382 3469 4441 venire
3506 4386 3873 4457 persenserit,

361 4468 583 4542 quippe
627 4474 871 4528 stercore
912 4469 1107 4544 planta
1160 4468 1441 4539 nascitur,
1487 4470 1559 4528 de
1612 4472 1778 4545 cujus
1833 4470 2435 4546 humorenprotinus
2480 4471 2910 4545 gratulabunda
2956 4471 3221 4530 alacriter
3268 4470 3575 4539 exclamet,
3628 4472 3871 4529 dicens:

357 4559 559 4618 viscus
597 4526 939 4631 conficitur,r
974 4574 1092 4635 quo
1134 4559 1499 4634 postmodum
1547 4565 1601 4617 et
1634 4526 1759 4634 ipsa
1799 4561 2074 4634 rapiatur,
2099 4526 2199 4613 D:
2224 4561 2351 4621 Vox
2383 4526 2577 4620 ané’cn
2609 4561 2718 4619 mei
2760 4560 3043 4635 pulsantis
3074 4579 3087 4618 :
3119 4560 3278 4634 aperi
3315 4576 3478 4620 soror
3507 4575 3657 4628 mea,
3688 4559 3874 4618 amica

358 4653 540 4723 atque
580 4662 655 4705 ex
694 4663 763 4706 eo
798 4646 990 4723 agitur
1031 4647 1183 4720 quod
1217 4645 1381 4721 prius
1408 4648 1592 4706 fuerat
1618 4647 1787 4707 cibus
1815 4663 1977 4718 suus,
2013 4654 2079 4707 ut

358 4746 421 4797 et
450 4738 573 4812 ipsa
601 4739 967 4812 postmodum
1002 4738 1077 4797 sit
1102 4739 1268 4797 cibus
1293 4738 1542 4798 alienus.

436 4829 521 4888 Ita
558 4845 693 4905 ergo
729 4846 863 4890 cum
901 4831 1208 4889 immunda
1253 4847 1503 4908 quaque
1536 4847 1601 4890 ac
1642 4845 1787 4890 vana
1831 4831 2079 4906 proferi-

360 4933 519 4990 mus,
577 4918 718 4992 quid
768 4918 927 4979 aliud
986 4933 1164 4993 quam
1226 4917 1463 4993 laqueos
1523 4918 1951 4994 nobismetipsis
2001 4919 2079 4978 lo-

358 5008 595 5083 quendo
638 5007 1087 5079 compingimus,
1117 5007 1336 5084 quibus
1378 5008 1453 5066 ab
1494 5008 1699 5068 astutis
1728 5008 2075 5082 aucupibus,

358 5098 474 5155 hoc
508 5102 628 5167 est,
659 5093 928 5168 malignis
964 5094 1296 5170 spiritibus,
1333 5096 1695 5170 postmodum
1734 5095 2079 5170 capiamur?

363 5183 533 5258 Saepe
558 5190 755 5242 autem
794 5198 984 5243 sermo
1027 5189 1219 5241 noster
1256 5197 1371 5241 non
1402 5182 1661 5256 loquenti
1690 5183 1787 5241 sed
1816 5183 2078 5243 audienti

360 5287 622 5348 pugnam
652 5277 909 5346 generat,
940 5272 1019 5331 ita
1058 5278 1123 5331 ut
1158 5286 1255 5330 cor
1279 5270 1405 5345 ejus
1433 5270 1492 5328 in
1527 5271 1726 5331 odium
1756 5272 1939 5345 illius,
1970 5274 2077 5350 qui

360 5362 652 5422 contraria
709 5364 887 5422 verba
939 5362 1290 5436 protulerat,
1348 5362 1720 5421 vehementer
1780 5366 2076 5437 accendat,

360 5458 441 5522 et,
471 5451 520 5510 si
567 5451 809 5512 facultas
854 5453 1024 5524 adsit,
1058 5468 1175 5513 non
1223 5457 1339 5511 tam
1387 5452 1561 5512 verba
1611 5454 1803 5514 verbis
1841 5457 2078 5519 reddere

362 5552 544 5613 quam
601 5540 773 5600 mala
822 5540 1217 5602 retributionis
1256 5547 1414 5617 parat
1460 5542 1684 5603 actibus
1720 5544 2079 5618 respondere.

371 5628 517 5689 Hac
547 5636 739 5691 autem
777 5631 841 5691 in
882 5632 1008 5707 ipsa
1049 5631 1354 5694 verborum
1390 5632 1852 5695 confabulatione
1888 5634 2082 5711 parvi-

2163 4665 2290 4708 mea
2319 4693 2335 4720 ,
2392 4648 2767 4708 immaculata
2817 4663 2975 4719 mea;
3018 4668 3048 4702 ιι
3107 4663 3174 4706 ac
3235 4647 3446 4706 deinde
3505 4647 3805 4721 subjungit
3856 4669 3869 4705 :

2168 4759 2192 4792 ι
2222 4737 2468 4799 Surrexi
2497 4739 2723 4812 aperire
2762 4738 2970 4798 dilecto
3007 4754 3154 4798 meo.
3190 4759 3219 4791 η
3261 4738 3426 4813 Felix
3462 4738 3679 4810 anima,
3708 4739 3877 4813 cujus

2161 4828 2487 4888 thalamum
2522 4827 2773 4887 caelestis
2802 4828 2903 4886 ille
2932 4843 3177 4903 sponsus
3213 4827 3556 4901 ingreditur,
3586 4842 3654 4885 ac
3689 4827 3873 4886 indis-

2162 4917 2398 4977 solubili
2423 4918 2532 4977 sibi
2562 4917 2820 4993 perpetui
2846 4919 3060 4977 amoris
3086 4916 3322 4977 vinculo
3354 4918 3654 4993 copulatur
3687 4940 3701 4976 :
3737 4932 3876 4991 qua

2166 5006 2445 5065 nimirum
2476 5007 2603 5067 sine
2629 5006 3063 5067 intermissione
3107 5007 3360 5066 celebrat
3391 5005 3648 5081 nuptiale
3672 5005 3875 5065 convi-

2161 5097 2349 5170 vium,
2379 5102 2435 5155 et
2463 5097 2821 5156 indeticienti
2858 5098 3021 5173 copia
3064 5097 3391 5157 caelestium
3431 5097 3648 5156 fruitur
3669 5095 3872 5173 epula-

2163 5200 2318 5246 rum.
2352 5184 2538 5255 Felix,
2571 5184 2836 5260 inquam,
2863 5185 3077 5255 anima,
3107 5201 3240 5260 qua
3262 5186 3401 5244 dum
3428 5184 3648 5243 divina
3675 5185 3876 5260 gratia

2164 5289 2291 5333 rore
2343 5271 2732 5348 perfunditur,
2794 5272 3011 5332 caelesti
3067 5287 3202 5331 mox
3257 5272 3452 5332 sobole
3510 5272 3869 5333 fecundatur.

2165 5363 2261 5423 Sic
2305 5362 2587 5421 nimirum
2622 5362 2871 5422 arefacta
2917 5362 3101 5435 carni,
3139 5363 3423 5438 germinat
3458 5361 3591 5434 sibi,
3643 5369 3873 5422 mortua

2164 5453 2404 5525 mundo,
2436 5452 2586 5511 vivit
2612 5451 2731 5511 Deo
2772 5451 3014 5527 viventi,
3043 5458 3218 5528 atque
3248 5452 3512 5528 regnanti
3555 5452 3617 5512 in
3656 5451 3869 5513 sacula

2162 5541 2525 5603 saeclorum.
2561 5541 2769 5601 Amen.
