4108 6206
338 283 444 343 919

933 410 1180 470 SERMO
1212 411 1468 472 LXXIV.

790 513 864 558 DE
893 511 1212 558 SPIRITUALI
1242 512 1596 561 CERTAMINE.

957 285 1014 343 S.
1061 286 1280 344 PETRI
1323 285 1642 344 DAMIANI
1684 283 1841 345 OPP.
1884 281 2076 342 PARS
2117 279 2258 341 SEU
2298 281 2547 344 TOMUS
2587 285 2662 344 Il.
2702 316 2774 329 —
2816 284 3230 346 SERMONES.

3735 289 3848 350 9‘20

2061 411 2113 470 Α
2135 408 2250 466 nisi
2294 410 2394 484 qui
2436 409 2693 482 legitime
2723 411 3026 468 certaverit
3063 411 3135 476 (Π
3183 414 3319 467 Tim.
3353 413 3434 482 ιι).
3467 435 3489 462 ι
3535 411 3676 472 Haec
3707 421 3844 474 sunt

2130 497 2381 573 denique
2408 505 2606 572 gentes
2643 515 2788 574 quas
2815 498 3131 558 Israelitico
3165 500 3378 574 populo
3423 499 3651 576 Moyses
3688 519 3839 578 pras-

416 590 477 651 Si
522 589 828 662 diligenter
869 588 1227 645 considerare
1256 589 1548 659 volumus,
1586 591 1789 648 fratres
1825 588 2048 649 charis-
2131 587 2378 660 cipiebat
2431 589 2823 661 exstinguere,
2868 596 2922 647 et
2970 605 3004 646 a
3052 589 3193 647 facie
3240 596 3407 648 terrm
3449 590 3668 664 absque
3717 592 3840 652 ulla

343 679 499 750 simi,
540 679 695 737 unde
740 678 1026 741 venimus,
1063 683 1116 734 et
1153 693 1268 751 quo
1311 694 1602 750 vocamur,
1631 679 1813 737 nullas
1843 680 1904 737 in
1942 694 2047 736 no-
2127 677 2362 734 fmderis
2414 679 2856 752 interpositione
2899 677 3090 736 delere
3131 703 3143 736 :
3195 703 3215 731 ι
3253 679 3397 738 Cum
3447 680 3839 742 introduxerit

341 773 430 832 bis
464 772 614 829 vires
643 778 796 836 sunt,
831 769 1046 843 quibus
1071 770 1140 826 ad
1185 770 1501 828 reddendas
1538 772 1655 829 Deo
1679 772 1890 846 gratias
1921 773 2043 829 suf-

337 863 506 921 ficere
556 863 866 920 valeamus.
922 861 1036 916 Nos
1079 859 1236 917 enim
1291 858 1396 916 filii
1449 859 1625 917 Israel
1667 877 1890 930 sumus,
1941 861 2043 933 qui

344 953 628 1012 Pharaoni
688 951 748 1008 in
804 951 1049 1024 [Egypto
1110 951 1458 1008 servivimus
1509 951 1710 1022 (Exod.
1765 953 1886 1018 ιιι),
1943 949 2044 1022 qui

339 1041 684 1116 gravissimo
761 1039 993 1113 snperbi
1076 1039 1224 1110 regis
1305 1039 1545 1112 imperio
1617 1039 2038 1112 premebamur.

341 1131 639 1191 Gaudebat
667 1131 953 1203 siquidem
986 1129 1247 1202 princeps
1295 1129 1498 1188 mundi
1529 1130 1700 1204 hujus
1729 1131 1838 1188 sub
1861 1132 2042 1189 ferreo

338 1236 463 1280 suae
517 1220 810 1278 servitutis
854 1219 994 1291 jugo
1042 1233 1142 1276 nos
1203 1217 1596 1275 indesinenter
1646 1225 1887 1275 atterere
1918 1262 1932 1288 ,
1987 1223 2043 1276 et

335 1307 636 1366 servilium
690 1321 929 1379 operum
969 1321 1193 1378 semper
1228 1303 1432 1362 ofliciis
1466 1321 1760 1379 occupare.
1797 1305 2042 1376 Cogebat

333 1413 441 1457 nos
481 1396 688 1453 lateres
726 1411 992 1467 coquere,
1023 1393 1160 1466 quia
1201 1410 1314 1452 non
1349 1410 1420 1451 ex
1458 1395 1720 1467 pretiosis
1755 1394 2037 1453 virtutum

331 1488 622 1562 lapidibus
678 1486 956 1558 templum
1017 1485 1133 1542 Deo
1184 1491 1538 1555 construere,
1585 1485 1680 1542 sed
1743 1490 2037 1543 terrenum

327 1577 519 1654 potius
569 1577 680 1635 sibi
722 1576 969 1634 dictabat
1016 1575 1329 1633 {editicium
1385 1575 1680 1634 fabricare.
1738 1575 1849 1635 Sed
1910 1592 2038 1636 ecce

330 1669 451 1742 jam
499 1669 652 1727 Deus
709 1667 943 1726 Patrum
995 1671 1343 1736 nostrorum,
1395 1665 1549 1724 Deus
1584 1666 1922 1724 benedictus
1976 1667 2037 1724 in

2131 773 2204 836 te,
2231 767 2444 842 inquit,
2478 769 2760 828 Dominus
2786 770 2938 828 Deus
2973 780 3107 827 tuus
3135 769 3192 826 in
3233 775 3462 840 terram,
3493 786 3672 843 quam
3700 786 3836 844 pos-

2125 873 2392 915 sessurus
2435 859 2792 932 ingredieris,
2834 867 2888 916 et
2927 859 3207 916 deleverit
3242 867 3441 933 gentes
3479 860 3692 918 multas
3733 876 3832 920 co-

2124 962 2248 1004 ram
2282 955 2352 1018 te,
2383 947 2694 1008 Hethaeum
2723 993 2738 1019 ,
2771 956 2825 1006 et
2857 949 3226 1021 Gergezzeum
3253 991 3266 1014 ,
3300 956 3355 1004 et
3386 949 3790 1008 Amorrhazum
3816 995 3831 1021 ,

2125 1037 2542 1107 Chananazum,
2591 1047 2647 1097 et
2689 1038 3084 1110 Pberezzeum,
3126 1044 3180 1096 et
3222 1037 3528 1108 Hevaeum,
3565 1047 3618 1096 et
3652 1039 3835 1097 Jebu-

2125 1143 2328 1198 saeum,
2371 1135 2586 1200 septem
2626 1135 2828 1201 gentes
2868 1128 3056 1186 multo
3097 1127 3332 1202 majoris
3366 1128 3617 1197 numeri,
3651 1143 3832 1203 quam

2124 1220 2186 1273 tu
2226 1231 2307 1284 es,
2341 1222 2397 1272 et
2439 1217 2793 1275 robustiores
2836 1224 2910 1285 te,
2943 1216 3357 1292 tradideritque
3404 1232 3500 1274 eas
3553 1215 3837 1274 Dominus

2122 1302 2277 1362 Deus
2327 1310 2464 1362 tuus
2515 1305 2641 1376 tibi,
2676 1305 2961 1378 percuties
3001 1321 3098 1363 eas
3144 1320 3328 1378 usque
3369 1303 3438 1362 ad
3487 1305 3840 1364 internecio-

2124 1407 2302 1449 nem:
2355 1407 2470 1450 non
2521 1393 2699 1451 inibis
2727 1409 2864 1453 cum
2910 1393 2994 1452 eis
3043 1393 3252 1465 foedus,
3310 1409 3414 1452 nec
3469 1393 3836 1452 misereberis

2121 1500 2322 1543 earum
2350 1490 2528 1553 (Deut.
2559 1490 2687 1554 VII).
2724 1507 2746 1537 ι

2191 1575 2336 1635 Ecce
2402 1577 2647 1637 audistis
2686 1619 2701 1648 ,
2758 1576 2970 1636 fratres
3023 1576 3392 1648 charissimi,
3450 1576 3591 1652 quia
3635 1582 3835 1650 gentes

2118 1664 2286 1723 nobis
2349 1665 2588 1724 infestas
2655 1665 2868 1724 nostris
2922 1666 3190 1724 manibus
3258 1667 3415 1726 Deus
3466 1665 3834 1740 omnipotens

332 1755 567 1826 saecula,
597 1771 668 1813 ex
701 1755 949 1828 ngypto
995 1769 1117 1821 nos,
1149 1753 1208 1811 id
1251 1761 1335 1812 est
1366 1753 1436 1810 de
1477 1753 1728 1811 tenebris
1761 1755 1893 1812 vitm
1931 1771 2094 1836 ve-B
2120 1752 2372 1824 tradidit,
2400 1768 2614 1828 easque
2645 1753 2767 1828 jam
2804 1769 2837 1812 a
2872 1754 3018 1812 facie
3050 1761 3242 1813 nostra
3280 1755 3342 1812 in
3384 1770 3490 1813 sua
3516 1753 3828 1828 providen-

329 1844 468 1902 teris
515 1843 692 1913 eruit,
732 1842 804 1900 de
847 1842 1081 1900 vinculo
1125 1843 1441 1916 tyrannica)
1483 1843 1895 1902 dominationis
1930 1844 2032 1902 ab-

326 1932 534 1999 solvit,
560 1939 734 2006 atque
771 1933 831 1988 in
875 1939 1082 1990 terram
1137 1948 1242 1990 nos
1293 1932 1756 2006 repromissionis
1794 1933 2036 1994 fideliter

325 2020 672 2080 introduxit.
721 2020 959 2079 Terram
1011 2037 1261 2094 namque
1320 2022 1780 2096 repromissionis
1835 2040 1908 2081 ex
1968 2039 2036 2082 eo

323 2111 443 2185 jam
476 2111 719 2183 ingrcssi
766 2126 992 2178 sumus,
1023 2127 1097 2168 ex
1125 2127 1240 2184 quo
1275 2119 1460 2185 spreto
1495 2113 1699 2170 mundi
1727 2111 2032 2184 desiderio,

321 2203 510 2261 firmze
542 2202 663 2276 spei
693 2202 964 2260 fiduciam
1001 2203 1057 2260 in
1093 2201 1411 2259 mternitate
1441 2201 1779 2275 posuimus;
1815 2210 1870 2260 et
1890 2199 2038 2257 394

315 2291 437 2364 jam
485 2292 548 2350 in
604 2307 702 2364 spe
736 2291 1119 2365 possidemus,
1160 2306 1335 2362 quam
1383 2291 1442 2347 in
1483 2305 1542 2347 re
1588 2289 1838 2348 habituri
1882 2297 2034 2364 post-

323 2381 562 2440 modum
597 2396 698 2454 per
723 2380 823 2438 Dei
851 2381 1090 2452 gratiam
1124 2395 1348 2437 sumus.
1375 2379 1439 2436 In
1466 2379 1571 2436 hac
1594 2379 1857 2436 videlicet
1890 2387 2038 2437 terra

321 2468 440 2542 jam
491 2467 580 2526 illi
623 2484 724 2541 per
757 2469 875 2542 spei
915 2468 1162 2540 gratiam
1197 2466 1507 2524 introducti
1541 2467 1791 2537 fuerant,
1825 2467 2037 2541 quibus

330 2557 536 2617 Petrus
575 2556 762 2615 aiebat
806 2581 817 2615 :
872 2577 897 2609 «
936 2555 1050 2614 Vos
1088 2563 1284 2614 autem
1324 2569 1510 2625 genus
1545 2555 1814 2623 electum,
1850 2555 2039 2628 regale

323 2646 730 2714 sacerdotium,
780 2662 922 2718 gens
967 2653 1188 2716 sancta,
1223 2645 1471 2718 populus
1509 2646 1931 2720 acquisitionis,
1975 2652 2038 2704 ut

323 2737 568 2796 virtutes
597 2736 962 2795 annuntietis
989 2737 1134 2808 ejus,
1167 2735 1269 2810 qui
1300 2735 1372 2793 de
1403 2737 1654 2794 tenebris
1683 2752 1783 2794 vos
1815 2736 2037 2795 vocavit

324 2825 388 2882 in
422 2824 762 2882 admirabile
786 2825 983 2882 lumen
1007 2839 1177 2882 suum
1208 2829 1251 2894 (Ι
1274 2828 1418 2880 Petr.
1460 2826 1537 2894 ιι).
1568 2845 1594 2875 υ

400 2913 511 2973 Sed
565 2913 705 2988 quia
757 2912 819 2971 in
867 2913 1017 2970 hanc
1074 2917 1318 2981 terram,
1381 2912 1526 2970 duce
1579 2912 1779 2971 divina
1833 2915 2038 2988 gratia,

328 3017 536 3064 sumus
587 3002 851 3075 ingressi,
884 3003 1001 3075 jam
1048 3015 1163 3058 non
1200 2999 1369 3059 nobis
1411 3001 1736 3060 vacandum
1783 3009 1868 3061 est
1897 3003 2036 3072 otio,

321 3109 439 3154 non
497 3093 730 3168 torpori,
779 3091 869 3150 vel
918 3090 1158 3150 desidim
1209 3091 1440 3160 cedere;
1502 3107 1620 3150 non
1668 3108 1891 3164 somno,
1943 3093 2033 3152 vel

320 3182 574 3242 incautae
613 3181 904 3240 securitati
945 3196 1152 3240 sanum
1183 3185 1268 3239 est
1293 3179 1614 3253 indulgere.
1649 3180 1895 3255 Expedit
1935 3182 2037 3242 ita-

322 3287 437 3348 que
479 3279 544 3332 ut
589 3271 876 3331 virtutum
919 3269 1096 3330 armis
1138 3285 1365 3344 semper
1413 3270 1675 3336 accincti,
1730 3271 1800 3329 ad
1846 3278 2036 3330 custo-

321 3360 476 3420 diam
517 3362 700 3420 nostri
734 3359 952 3434 jugiter
997 3360 1397 3430 excubemus,
1431 3366 1487 3418 et
1524 3361 1802 3419 adversus
1831 3360 2036 3420 imma-

321 3449 599 3510 nissimos
671 3449 865 3509 hostes
937 3455 1162 3507 nostros
1222 3447 1428 3506 acriter
1495 3447 1861 3508 dimicemus.
1932 3448 2038 3508 Per

324 3536 547 3598 bellum
595 3553 852 3611 namque
890 3538 1226 3611 pervenitur
1264 3537 1338 3594 ad
1375 3552 1594 3610 pacem,
1639 3553 1739 3611 per
1780 3537 2034 3598 laborem

327 3627 610 3685 transitur
663 3626 735 3685 ad
791 3625 1072 3700 requiem.
1134 3625 1264 3684 Non
1313 3632 1400 3684 est
1445 3625 1609 3714 enim
1659 3626 1786 3685 sine
1843 3643 2037 3701 pugna

327 3715 587 3785 victoria,
631 3731 746 3774 non
795 3716 1014 3789 absque
1063 3716 1300 3776 victoria
1345 3717 1694 3790 pertingitur
1745 3716 1815 3775 ad
1873 3732 2036 3776 coro-

326 3821 483 3864 nam.
518 3805 831 3865 Intestinos
855 3813 1052 3864 autem
1086 3805 1276 3864 hostes
1309 3805 1613 3874 habemus,
1653 3822 1787 3865 cum
1820 3807 2036 3880 quibus

323 3894 372 3953 si
400 3895 589 3969 perire
634 3894 930 3965 nolumus,
965 3893 1422 3966 infatigabiliter,
1463 3902 1519 3952 et
1565 3895 1692 3953 sine
1721 3894 1840 3954 ulla
1871 3911 2034 3969 pror-

324 3998 424 4043 sus
494 3983 926 4043 intermissione
994 3997 1254 4057 pugnare
1327 3983 1752 4056 compellimur.
1826 3983 2036 4044 Hostes

322 4089 533 4149 nempe
573 4082 816 4142 nostros,
845 4074 1156 4134 adversum
1185 4089 1332 4148 quos
1363 4073 1426 4131 in
1467 4074 1591 4132 acie
1638 4089 1866 4148 semper
1889 4076 2034 4133 assi-

324 4167 534 4225 stimus
558 4211 574 4235 ,
604 4181 718 4224 non
747 4182 781 4222 a
804 4164 973 4223 nobis
998 4164 1279 4236 interjecti
1305 4179 1541 4238 aggeres
1572 4163 1882 4234 dividunt,
1915 4179 2033 4222 non

329 4253 550 4315 mcenia
576 4252 779 4311 turrita
802 4259 1127 4320 secernunt,
1159 4268 1276 4311 non
1308 4253 1583 4327 profundi
1621 4267 1822 4311 amnes
1851 4253 2036 4311 inter-

324 4344 538 4414 fluunt,
586 4358 703 4401 non
755 4344 1032 4417 praerupti
1077 4351 1320 4412 montes,
1365 4359 1439 4401 ne
1486 4343 1754 4402 cominus
1795 4358 2035 4416 congre-

326 4433 578 4504 diantur,
624 4431 935 4492 obsistunt.
979 4433 1289 4493 Nobiscum
1329 4447 1555 4506 semper
1586 4437 1740 4501 sunt,
1792 4431 1929 4505 quia
1971 4433 2029 4490 in

328 4531 540 4586 nostrae
571 4524 782 4583 mentis
812 4524 1208 4597 penetralibus
1246 4523 1487 4596 degunt.
1523 4522 1752 4598 Septem
1781 4538 2034 4599 namque

328 4613 670 4688 principalia
719 4613 861 4672 vitia
911 4621 1070 4682 sunt,
1121 4629 1195 4674 ex
1236 4629 1488 4687 quorum
1539 4615 1772 4686 vipereo
1811 4614 2034 4672 semine

323 4709 549 4760 caterua
577 4700 851 4760 vitiorum
882 4709 1089 4775 pestes,
1118 4700 1287 4777 quasi
1322 4708 1621 4761 venenata:
1648 4700 2036 4762 nihilominus

326 4789 551 4849 soboles
579 4791 873 4858 oriuntur,
908 4805 1040 4864 qua:
1070 4791 1354 4850 nimirum
1385 4797 1540 4860 sunt,
1576 4789 1867 4862 snperbia,
1899 4803 2033 4846 ava-

321 4879 474 4948 ritia,
527 4878 722 4937 inanis
767 4877 969 4952 gloria,
1015 4880 1120 4947 ira,
1187 4879 1432 4948 invidia,
1474 4879 1732 4947 luxuria,
1783 4878 2031 4938 tristitia.

322 4967 406 5026 De
433 4967 650 5042 quibus
680 4981 785 5025 nos
808 4967 1020 5026 idcirco
1045 4968 1351 5040 diligenter
1371 4968 1667 5040 disputare
1689 4966 2032 5040 omittimus,

323 5057 465 5134 quia
515 5057 819 5132 plerosque
871 5056 1016 5116 sacri
1067 5062 1394 5116 tractatores
1434 5056 1652 5132 eloquii
1690 5057 2037 5132 multiplices

325 5161 498 5220 super
529 5146 619 5204 his
651 5144 954 5219 reliquisse
987 5145 1302 5205 sententias
1331 5145 1689 5204 invenimus.

399 5237 521 5296 Hoc
571 5243 794 5295 tantum
846 5251 1003 5295 nunc
1045 5237 1332 5297 afﬁrmare
1377 5237 1648 5306 sufﬁciat,
1701 5239 1838 5310 quia
1875 5239 2038 5313 quis-

325 5325 458 5400 quis
484 5325 763 5384 adversus
801 5325 911 5384 ista
946 5326 1289 5399 confligere,
1322 5326 1589 5400 quisquis
1617 5326 1742 5385 haec
1771 5342 1901 5387 cum
1937 5327 2038 5386 Dei

323 5412 608 5486 adjutorio
655 5413 977 5489 neglexerit
1024 5429 1318 5488 superare,
1369 5430 1668 5489 nunquam
1719 5416 1778 5474 in
1831 5414 2039 5475 militia

323 5503 570 5580 spiritali
627 5504 805 5564 victor
852 5505 1120 5575 existere,
1172 5523 1475 5582 nunquam
1521 5508 1596 5567 ad
1643 5522 1912 5567 coronam
1958 5507 2041 5566 vi-

331 5596 528 5657 ctoria)
579 5595 783 5668 poterit
830 5596 1129 5670 pervenire
1171 5614 1182 5654 :
1227 5618 1253 5648 ‹‹
1288 5596 1412 5655 Non
1453 5598 1613 5658 enim
1654 5597 2039 5669 coronabitur,

2118 1839 2212 1898 tim
2241 1841 2616 1913 dispositione
2654 1840 2889 1899 delevit.
2925 1840 3039 1899 Cur
3078 1857 3213 1916 ergo
3241 1841 3514 1915 degeneri
3552 1840 3831 1914 languore

2117 1929 2541 2004 torpescimus?
2571 1931 2686 1989 Cur
2730 1931 2994 1989 collatam
3044 1931 3211 1989 nobis
3261 1931 3491 1990 ccelitus
3529 1929 3830 1989 victoriam

2116 2034 2230 2076 non
2279 2017 2642 2092 arripimus?
2687 2019 2803 2076 Cur
2841 2033 2910 2076 ex
2950 2033 3036 2089 eo,
3095 2018 3248 2094 quod
3296 2019 3357 2077 in
3413 2033 3659 2092 superno
3707 2017 3829 2090 jam

2115 2106 2387 2166 examine
2443 2108 2825 2166 constitutum
2881 2114 3007 2177 est,
3058 2107 3116 2167 id
3161 2107 3349 2166 solum
3401 2107 3553 2182 quod
3601 2106 3673 2166 ad
3725 2122 3832 2166 nos

2115 2198 2381 2272 pertinet,
2435 2213 2551 2255 non
2597 2195 2945 2272 implemus?
2995 2197 3141 2254 Nam
3190 2196 3237 2254 si
3287 2195 3470 2270 ipsam
3521 2195 3836 2256 verborum

2118 2288 2327 2345 seriem
2372 2294 2536 2345 caute
2570 2285 3005 2360 perpendimus,
3042 2285 3163 2358 jam
3214 2285 3368 2360 ipsas
3422 2291 3620 2358 gentes
3674 2284 3839 2360 apud

2116 2375 2377 2434 divinam
2424 2377 2770 2434 sententiam
2816 2382 3126 2450 prostratas
3164 2374 3499 2449 aspicimus,
3544 2389 3690 2449 quas
3719 2373 3840 2449 ipsi

2117 2473 2414 2540 percutere
2467 2462 2612 2520 395
2637 2472 2694 2524 et
2727 2465 2918 2524 delere
2934 2465 3234 2540 jubemur.
3283 2465 3431 2524 Cum
3478 2464 3636 2524 enim
3688 2463 3842 2524 dici-

2120 2562 2214 2613 tur
2255 2578 2267 2611 :
2317 2580 2343 2602 «
2373 2555 2517 2612 Cum
2554 2553 2944 2613 introduxerit
2989 2561 3043 2614 te
3091 2553 3377 2613 Dominus
3412 2553 3564 2612 Deus
3615 2553 3675 2610 in
3725 2560 3837 2610 ter-

2118 2659 2242 2701 ram
2301 2659 2477 2718 quam
2537 2658 2906 2718 possessurus
2978 2643 3318 2716 ingredieris
3352 2685 3367 2715 ,
3423 2650 3478 2702 et
3551 2641 3836 2700 deleverit

2119 2739 2337 2806 gentes,
2374 2756 2393 2784 ιι
2447 2741 2622 2808 atque
2683 2733 2855 2808 paulo
2912 2740 3038 2808 post
3085 2733 3353 2809 adiungit
3406 2754 3418 2792 :
3477 2760 3503 2783 «ι
3534 2732 3831 2792 Percuties

2119 2839 2236 2896 eas,
2267 2844 2294 2875 »
2327 2823 2455 2883 luce
2493 2823 2709 2883 clarius
2745 2831 2986 2894 constat,
3026 2823 3164 2896 quia
3197 2823 3554 2882 adversarios
3601 2828 3832 2881 nostros

2119 2912 2180 2970 in
2222 2928 2329 2971 sua
2382 2913 2749 2987 prmscientia
2780 2914 2904 2986 jam
2931 2913 3300 2986 omnipotens
3336 2912 3490 2972 Deus
3519 2911 3826 2980 exstinxit,

2119 3015 2266 3074 quos
2293 3016 2399 3060 uos
2428 3046 2441 3072 ,
2474 3008 2539 3059 ut
2567 3002 3099 3077 exstingueremus,
3128 2999 3402 3060 instituit.
3431 3000 3560 3075 Ipse
3584 3005 3829 3075 pugnat,

2119 3097 2178 3149 et
2206 3097 2270 3149 ut
2315 3107 2418 3150 nos
2476 3092 2779 3152 vincamus
2817 3092 3052 3163 invitat;
3085 3092 3207 3166 ipse
3243 3092 3495 3152 hostium
3533 3092 3691 3152 vires
3725 3092 3831 3150 de-

2120 3181 2312 3250 struit,
2353 3188 2411 3238 et
2460 3181 2627 3241 nobis
2660 3181 2920 3242 victoriae
2969 3197 3181 3240 nomen
3228 3180 3484 3240 ascribit.
3529 3180 3672 3242 Vult
3722 3197 3833 3242 nos

2120 3271 2246 3330 ﬁeri
2281 3287 2386 3330 sua
2422 3269 2638 3330 virtute
2675 3270 2921 3331 victores
2945 3316 2960 3344 ,
2997 3277 3062 3330 ut
3093 3269 3298 3329 merito
3339 3284 3612 3330 coronare
3640 3270 3832 3330 valeat

2119 3359 2567 3433 triumphantes.

2192 3449 2367 3507 Nulla
2395 3463 2502 3506 nos
2531 3463 2667 3522 ergo
2699 3447 3019 3524 desperatio
3047 3449 3289 3522 frangat,
3319 3462 3467 3523 quos
3498 3447 3572 3506 ad
3603 3445 3829 3506 fortiter

2115 3537 2409 3611 agendum
2481 3553 2752 3610 supernas
2831 3539 3063 3597 virtutis
3138 3537 3459 3597 adhortatio
3533 3540 3827 3610 provocat.

2118 3625 2289 3684 Nulla
2346 3625 2656 3684 infirmitas
2703 3627 2976 3684 humanm
3025 3625 3372 3684 conditionis
3420 3624 3674 3694 obsistat,
3723 3622 3828 3682 ubi

2115 3716 2186 3775 ad
2241 3715 2672 3792 conﬂigendum
2719 3715 2937 3775 divina-2i
2982 3716 3261 3791 jussionis
3305 3715 3614 3775 auctoritas
3667 3712 3832 3773 robo-

2116 3814 2221 3865 rat.
2273 3805 2599 3865 Audiamus
2640 3813 2696 3864 et
2743 3821 2848 3864 nos
2885 3807 3042 3880 quod
3087 3805 3205 3864 illis
3249 3805 3466 3865 dictum
3517 3810 3644 3864 est:
3699 3824 3728 3855 α
3763 3800 3830 3862 Si

2115 3897 2337 3956 dixeris
2367 3896 2426 3955 in
2458 3897 2628 3955 corde
2657 3903 2761 3954 tuo
2795 3916 2806 3954 :
2853 3895 3056 3955 Plures
3085 3901 3222 3954 sunt
3258 3903 3456 3970 gentes
3488 3894 3613 3952 istm
3645 3907 3830 3967 quam

2114 4005 2220 4064 ego
2245 4033 2260 4061 ,
2289 3989 2578 4063 quomodo
2607 3993 2804 4063 potero
2841 3987 3032 4046 delere
3065 3986 3209 4046 eas?
3254 3987 3373 4046 noli
3403 3994 3660 4045 metuere
3681 4029 3699 4054 ,
3722 3983 3831 4042 sed

2116 4079 2414 4139 recordare
2440 4094 2576 4152 quae
2599 4078 2796 4137 fecerit
2826 4077 3113 4138 Dominus
3138 4077 3290 4137 Deus
3326 4084 3463 4136 tuus
3490 4075 3776 4135 Pharaoni
3812 4120 3827 4144 ,

2115 4175 2173 4228 et
2201 4169 2429 4228 cunctis
2464 4167 2768 4242 Egyptiis,
2807 4167 3002 4242 plagas
3043 4168 3329 4226 maximas
3358 4182 3504 4242 quas
3555 4165 3832 4224 viderunt

2115 4257 2271 4316 oculi
2323 4258 2432 4328 tui,
2485 4263 2542 4314 et
2583 4257 2751 4328 signa
2795 4265 2969 4331 atque
3011 4262 3288 4331 portenta,
3342 4268 3701 4328 manumque
3739 4269 3830 4313 ro-

2117 4349 2366 4418 bustam,
2405 4353 2459 4405 et
2491 4353 2794 4406 extentum
2832 4347 3156 4418 brachium,
3206 4355 3274 4408 ut
3308 4347 3577 4406 educeret
3610 4353 3663 4404 te
3709 4343 3827 4403 Do.

2121 4438 2320 4496 minus
2367 4437 2521 4496 Deus
2567 4443 2741 4505 tuus;
2784 4435 2866 4494 sic
2915 4435 3084 4495 faciit
3128 4435 3354 4495 cunctis
3404 4433 3634 4510 populis
3678 4447 3832 4507 quos

2058 4496 2332 4586 lZ’metuis
2371 4531 2545 4596 (Deut.
2589 4496 2771 4598 v11).'»
2817 4525 2891 4584 Ut
2927 4524 3067 4599 quid
3109 4540 3245 4598 ergo
3292 4540 3367 4584 ex
3405 4496 3604 4582 nostra
3657 4496 3833 4583 infir-

2119 4616 2316 4675 mitate
2343 4615 2686 4684 difﬁdimus,
2721 4613 2823 4688 qui
2869 4613 3066 4688 ipsum
3102 4613 3334 4674 virtutis
3363 4621 3656 4672 auctorem
3687 4625 3833 4685 pra-

2118 4706 2282 4764 vium
2306 4720 2371 4763 ac
2394 4705 2603 4762 ducem
2633 4710 2840 4762 nostrae
2863 4701 3287 4776 congressionis
3313 4701 3615 4770 habemus,
3641 4706 3698 4758 et
3725 4697 3830 4758 ille

2121 4800 2346 4854 tenetur
2379 4808 2452 4851 ex
2483 4789 2866 4865 promissione
2907 4790 3185 4860 victorias,
3217 4789 3322 4866 qui
3361 4789 3486 4848 dux
3535 4794 3592 4846 et
3625 4792 3829 4845 auctor

2118 4892 2202 4945 est
2225 4881 2475 4959 pugnas?

2191 4973 2552 5035 Accendatur
2579 4970 2758 5044 igitur
2786 4985 2950 5030 mens
3000 4971 3062 5028 in
3101 4984 3356 5028 amorem
3389 4966 3738 5033 certaminis,
3769 4971 3832 5024 et

2121 5065 2180 5123 in
2242 5079 2513 5138 campum
2573 5067 2942 5136 pugnaturus
2987 5059 3272 5133 procedat,
3329 5056 3400 5116 ad
3452 5055 3832 5116 debellandos

2123 5152 2372 5212 hostium
2417 5165 2635 5209 cuneos
2682 5147 2897 5207 resides
2943 5145 3129 5204 animi
3169 5145 3538 5206 incalescant.
3579 5144 3832 5206 Nullum

2121 5241 2272 5299 inter
2301 5254 2408 5297 nos
2434 5245 2608 5313 atque
2640 5233 3000 5295 adversarios
3027 5232 3216 5292 fmdus
3248 5232 3632 5304 interveniat;
3661 5233 3833 5292 nulla

2122 5345 2229 5388 nos
2254 5336 2566 5403 sequestres
2596 5327 2749 5399 pacis
2796 5327 2923 5399 iura
2967 5329 3336 5398 componant.
3369 5323 3496 5382 Non
3540 5323 3626 5381 ire
3657 5339 3829 5382 nam-

2120 5434 2233 5493 que
2261 5417 2328 5477 ad
2362 5417 2633 5493 praslium
2663 5415 2979 5490 inglorium
3007 5421 3092 5472 est
3118 5433 3131 5482 ;
3189 5413 3272 5474 ire
3296 5419 3510 5484 autem,
3541 5420 3599 5471 et
3630 5412 3830 5487 segni-

2123 5515 2206 5567 ter
2242 5522 2432 5581 agere,
2476 5505 2675 5564 mortis
2708 5511 2794 5563 est
2830 5503 3070 5562 omnino
3105 5501 3452 5576 perieulum.
3492 5499 3703 5560 Melius
3739 5505 3830 5560 est

2120 5597 2279 5658 enim
2318 5611 2436 5656 non
2465 5609 2770 5670 agnoscam
2801 5594 2957 5654 viam
2988 5590 3264 5664 veritatis,
3297 5606 3473 5666 quam
3504 5597 3628 5665 post
3653 5589 3825 5663 agni-
