4108 6206
299 310 400 370 9‘21

1783 305 2032 366 SERMO
2072 305 2327 364 LXXIV.

3700 312 3808 372 922

301 438 516 494 tionem
548 441 858 492 retrorsum
897 433 1129 491 reverti.
1177 432 1459 493 Nonnulli
1486 434 1644 492 enim
1679 441 1805 508 post
1847 450 2001 493 arre-
2025 435 2175 495 Ates
2201 434 2262 492 in
2294 450 2354 492 se
2385 440 2572 494 motus
2600 435 2790 495 carnis
2828 436 2994 494 facile
3023 436 3321 510 reprimit;
3354 436 3403 496 si
3443 438 3806 498 tumultuan-

297 532 399 601 pta
424 539 602 583 sacrae
631 522 963 582 rudimenta
991 523 1239 595 militiae,
1272 523 1330 582 in
1362 530 1580 583 tantam
1616 541 1679 582 se
1708 525 2011 584 mollitiem

297 617 495 676 animo
526 625 846 691 tepescente
891 617 1210 687 resolvunt,
1250 625 1315 678 ut
1362 624 1416 676 et
1442 619 1490 676 si
1525 618 1828 676 videantur
1859 619 2011 678 mala

298 722 415 766 non
451 723 639 780 agere,
675 706 858 765 nullis
893 712 1084 763 tamen
1121 707 1388 764 studeant
1418 707 1632 765 animm
1662 723 1785 766 sum
1816 710 2008 780 profe-

296 795 490 855 ctibus
520 797 813 856 insudare.
850 795 926 853 Hi
959 795 1241 855 nimirum
1274 811 1390 854 non
1422 796 1634 854 famem
1665 797 1859 856 inedia
1887 799 2010 857 vin-

294 899 424 942 cere
452 929 467 952 ,
500 900 616 943 non
647 884 854 943 oblatis
884 885 1190 958 epularum
1224 886 1614 944 suavilatibus
1643 902 1966 960 repugnare
1991 932 2006 960 ,

293 988 411 1032 non
453 973 684 1046 frigoris
714 974 1075 1047 asperitatem
1117 974 1284 1042 ferre,
1324 990 1438 1032 non
1476 990 1819 1034 communes
1856 982 2008 1033 sata-

289 1068 441 1134 gunt
469 1063 697 1135 vigilias
726 1064 1072 1138 praevenire,
1103 1065 1206 1138 qui
1238 1063 1524 1131 videlicet,
1567 1070 1624 1122 et
1654 1065 1701 1123 si
1729 1081 2010 1139 usurpare

290 1147 494 1208 illicita
526 1159 828 1227 respuunt,
861 1152 951 1210 his
997 1159 1184 1210 tamen
1215 1168 1348 1224 qum
1380 1152 1532 1209 licita
1581 1159 1716 1211 sunt
1755 1155 2010 1212 suaviter

285 1239 694 1312 perfruuntur.
752 1241 828 1300 Hi
887 1242 1138 1315 profecto
1205 1241 1353 1298 intra
1433 1257 1654 1300 sacram
1737 1241 2008 1300 militiam

285 1329 584 1388 constituti
642 1337 820 1402 sunt,
877 1333 974 1390 sed
1029 1331 1171 1406 quid
1226 1331 1524 1406 spirituale
1573 1337 1861 1390 certamen
1911 1332 2004 1403 sit,

289 1419 574 1478 nesciunt.
631 1421 789 1479 Intra
825 1422 1083 1481 militum
1127 1439 1440 1482 numerum
1481 1429 1790 1483 censentur
1829 1423 2010 1481 ascri-

283 1510 391 1585 pti,
427 1510 525 1568 sed
568 1510 839 1570 militaris
873 1511 1046 1572 ofﬁcii
1093 1513 1415 1587 probantur
1457 1513 1666 1587 ignari.
1710 1511 2007 1587 Siquidem

285 1598 438 1656 inter
485 1607 734 1659 armatos
773 1616 889 1659 non
928 1607 1202 1660 verentur
1241 1602 1495 1660 inermes
1533 1601 1819 1671 incedere,
1859 1600 2010 1660 inter

285 1686 551 1748 loricatas
596 1689 947 1749 bellatorum
993 1691 1146 1750 acies
1191 1708 1307 1750 non
1359 1692 1708 1751 erubescunt
1745 1691 2009 1750 discincti

2095 524 2241 584 tium
2311 525 2727 598 cogitationum
2801 524 3106 599 strepitum
3181 525 3393 584 minori
3445 525 3564 597 jam
3624 526 3814 587 labore

2095 613 2439 688 compescit;
2493 613 2543 671 si
2602 619 2900 672 nascentes
2956 612 3203 672 carnalis
3248 613 3538 674 illecebrze
3593 615 3810 688 spinas,

2091 719 2230 760 mox
2278 711 2342 760 ut
2386 703 2525 762 oriri
2577 703 2875 775 cmperint,
2911 711 3159 773 resecat;
3193 703 3244 761 si
3284 705 3565 764 tumentia
3607 722 3809 780 super-

2090 790 2225 862 bim,
2272 790 2549 862 luxurim,
2583 798 3064 867 .cmterorumque
3117 792 3393 852 vitiorum
3432 794 3578 852 colla
3614 795 3806 868 gladio

2089 879 2353 953 protinus
2373 879 2559 938 divini
2589 880 2816 938 timoris
2849 881 3169 939 obtruncat.

2162 968 2468 1036 Caeterum,
2497 969 2637 1044 quid
2685 970 2915 1043 prodest
2953 969 3054 1028 diu
3099 986 3453 1044 quemquam
3495 987 3671 1030 sacrm
3708 974 3803 1032 in-

2093 1066 2302 1119 teresse
2342 1060 2587 1128 militiae,
2622 1076 2800 1136 quem
2839 1060 2997 1119 velut
3035 1061 3144 1120 sub
3181 1061 3304 1135 ipsa
3345 1063 3520 1134 primi
3559 1063 3810 1122 tirocinii

2089 1147 2418 1206 rudimenta
2453 1149 2710 1207 remissis
2741 1148 3031 1218 manibus,
3069 1156 3122 1206 et
3154 1154 3344 1208 tenero
3367 1149 3557 1208 adhuc
3593 1149 3808 1224 poplite

2089 1236 2289 1295 videas
2326 1237 2698 1296 claudicare?
2730 1239 2779 1296 Α
2811 1253 2927 1311 qua
2963 1236 3244 1296 nimirum
3283 1239 3657 1311 negligentiae
3688 1240 3808 1299 dis-

2090 1327 2377 1386 solutione
2416 1328 2755 1403 praedicator
2793 1328 3060 1403 egregius
3093 1327 3408 1402 discipulos
3444 1345 3579 1388 suos
3607 1328 3805 1404 prohi-

2089 1415 2201 1486 bet,
2243 1416 2440 1475 dicens
2482 1435 2495 1473 :
2542 1443 2567 1465 «ι
2623 1417 2934 1488 Rcmissas,
2983 1416 3193 1490 inquit,
3245 1431 3470 1488 manus,
3505 1424 3562 1476 et
3617 1417 3803 1477 disso-

2089 1504 2211 1562 luta
2268 1520 2460 1578 genua
2497 1504 2715 1577 erigite,
2748 1510 2802 1561 et
2856 1519 3086 1577 gressus
3131 1512 3312 1563 rectos
3359 1506 3522 1565 facile
3563 1506 3807 1581 pedibus

2090 1595 2318 1667 vestris,
2355 1611 2426 1654 ne
2462 1594 2795 1655 claudicans
2833 1594 2965 1667 quis
3003 1600 3154 1653 erret
3189 1597 3372 1664 (Hebr.
3407 1602 3537 1665 xu).
3574 1619 3595 1647 ι»
3632 1596 3805 1656 Docta

2090 1703 2302 1748 manus
2339 1687 2408 1746 ad
2461 1686 2730 1762 praelium
2772 1684 2940 1744 facile
2978 1687 3240 1759 pervenit
3284 1686 3354 1744 ad
3397 1686 3803 1760 triumphum;

286 1779 543 1852 segniter
567 1779 895 1851 ambulare;
926 1787 1103 1854 atque
1139 1780 1354 1840 idcirco
1391 1780 1461 1838 ad
1499 1780 1757 1853 primum
1796 1781 2008 1840 vibrati
2029 1793 2302 1855 Bcorpus
2331 1777 2594 1835 attritum
2625 1774 2820 1846 lorica,
2855 1781 3188 1848 promptum
3226 1775 3408 1833 fertur
3435 1774 3498 1832 in
3517 1791 3804 1848 pugnam.

286 1865 603 1939 cujuslibet
641 1868 822 1943 jaculi
867 1869 1044 1928 ictum
1092 1876 1391 1937 corruunt,
1445 1869 1584 1943 quia
1629 1870 1793 1928 nullo
1836 1886 2008 1929 causa

289 1954 824 2030 circumspectionis
868 1958 1071 2032 clypeo
1124 1957 1493 2028 muniuntur,
1526 1959 1854 2032 meliusque
1880 1960 2008 2018 fue-

289 2049 379 2108 rat
412 2044 565 2102 intra
605 2049 760 2120 septa
801 2047 1010 2107 domus
1056 2047 1391 2120 ignobiliter
1436 2049 1647 2118 vivere,
1690 2065 1866 2124 quam
1902 2051 2009 2108 im-

282 2132 472 2193 belles
508 2134 662 2193 intra
686 2134 840 2194 bella
873 2135 998 2194 sine
1041 2136 1178 2196 ullis
1209 2137 1636 2211 praeconiorum
1679 2137 1864 2196 titulis
1913 2139 2006 2197 in-

290 2225 395 2282 teri
405 2240 483 2283 re.

360 2313 672 2373 Enimvero
715 2315 821 2390 qui
868 2317 1206 2375 monachico
1257 2315 1459 2375 habitu
1517 2317 1708 2376 carnis
1759 2317 2006 2376 delecta-

288 2403 508 2462 tionem
554 2411 848 2479 quaerunt,
883 2422 957 2464 ex
1002 2407 1163 2465 arido
1211 2407 1370 2478 ligno
1404 2423 1640 2466 succum
1681 2407 2008 2482 exprimere

285 2493 564 2568 gestiunt,
605 2511 679 2553 ex
728 2511 843 2569 qua
895 2495 1178 2555 nimirum
1228 2497 1490 2563 mollitie,
1549 2513 1615 2557 ac
1668 2497 2009 2556 remissione

288 2584 530 2644 vivendi
577 2585 870 2660 plerisque
909 2588 1280 2661 contingit,ut
1328 2604 1461 2647 cum
1496 2588 1680 2648 multa
1711 2588 1914 2657 sciant,
1947 2601 2007 2645 se

288 2676 568 2745 nesciant,
633 2684 689 2736 et
751 2677 893 2752 quid
975 2677 1353 2737 districtionis
1424 2679 1535 2752 ipsi
1591 2679 1706 2751 pati
1763 2678 2002 2753 possint,

287 2768 535 2843 pleniter
574 2765 720 2825 396
769 2784 881 2827 non
931 2775 1241 2842 agnoscant
1275 2793 1286 2826 :
1322 2769 1520 2843 sicque
1567 2769 1650 2838 tit,
1681 2775 1746 2828 ut
1793 2769 2009 2842 quibus

287 2854 491 2916 datum
540 2864 626 2915 est
673 2857 957 2916 exteriora
1012 2857 1198 2917 multa
1253 2873 1634 2932 cognoscere,
1688 2856 1878 2915 adhuc
1935 2856 2006 2915 ad

287 2949 754 3022 cognoscendum
794 2950 1132 3024 semetipsos
1172 2951 1480 3010 videantur
1527 2948 1882 3024 probationis
1921 2947 2008 3006 in-

287 3036 504 3109 digere.
542 3037 853 3112 Plerosque
892 3039 1051 3098 enim
1089 3040 1349 3100 vidimus
1372 3040 1724 3115 jamdudum
1751 3041 1810 3098 in
1846 3055 2007 3098 sacro

2095 1866 2375 1925 Monacho
2431 1881 2660 1940 nempe,
2701 1863 2795 1924 cui
2836 1864 3026 1923 adhuc
3080 1863 3438 1937 impossibile
3481 1869 3566 1922 est
3608 1879 3809 1938 snper-

2095 1954 2251 2013 biam
2300 1967 2595 2026 premere,
2653 1952 2958 2011 avaritiam
3016 1951 3305 2020 cohibere,
3364 1951 3604 2010 invidim
3656 1954 3808 2012 faces

2094 2041 2486 2114 exstinguere,
2519 2040 2800 2099 mundam
2834 2047 3087 2099 mentem
3124 2057 3158 2098 a
3197 2039 3452 2099 luxuriae
3491 2040 3808 2112 petulantia

2093 2133 2416 2202 custodire;
2463 2133 2566 2204 qui
2616 2132 2776 2190 virus
2823 2129 3060 2189 malitiae
3103 2130 3382 2190 adversus
3415 2130 3806 2190 otl‘endeutem

2093 2221 2295 2294 nequit
2330 2219 2638 2293 expellam,
2672 2219 2773 2293 qui
2815 2233 2918 2292 pro
2961 2217 3244 2275 servanda
3283 2233 3527 2276 censura
3564 2217 3807 2290 justitiaa

2093 2310 2419 2368 succumbit
2450 2307 2723 2382 injuriam
2764 2306 3087 2377 sustinere;
3121 2307 3261 2380 quid
3300 2307 3461 2365 aliud
3491 2306 3804 2366 dicendum

2092 2408 2197 2474 est,
2239 2401 2352 2460 nisi
2383 2401 2522 2476 quia
2561 2405 2843 2474 quantum
2873 2399 2945 2456 ad
2975 2399 3394 2473 professionem
3425 2399 3662 2472 quidem
3685 2399 3810 2472 jam

2093 2490 2150 2548 in
2184 2505 2341 2548 sacra
2385 2489 2594 2547 militia
2625 2502 2837 2546 nomen
2883 2486 3059 2555 dedit,
3089 2489 3185 2544 sed
3225 2487 3367 2560 quid
3403 2486 3479 2544 sit
3510 2485 3810 2561 spirituale

2091 2590 2403 2653 certamen,
2441 2583 2633 2641 adhuc
2678 2581 2910 2654 penitus
2957 2595 3075 2638 non
3107 2578 3388 2652 agnovit?
3415 2580 3534 2639 imo
3571 2581 3643 2638 ad
3674 2597 3807 2656 per-

2091 2672 2396 2732 fectionem
2448 2669 2821 2729 tendentibus
2866 2670 2974 2729 hoc
3013 2667 3146 2728 totis
3172 2676 3256 2727 est
3289 2668 3510 2728 viribus
3535 2669 3788 2728 adniten-

2092 2763 2254 2834 dum,
2287 2769 2350 2820 ut
2379 2760 2688 2821 salubriter
2719 2758 2891 2833 rigidi
2933 2758 3117 2832 magis
3153 2758 3376 2820 discant
3413 2759 3520 2817 ista
3562 2759 3804 2831 nescire,

2099 2865 2274 2925 quam
2305 2851 2554 2909 vincere.
2593 2849 2810 2908 Pudeat
2838 2849 2963 2918 hos,
3005 2847 3108 2923 qui
3145 2863 3206 2905 se
3241 2853 3497 2905 mortuos
3530 2847 3808 2921 proﬁten-

2094 2946 2190 3001 tur
2227 2956 2350 2999 esse
2389 2955 2525 2999 cum
2567 2938 2814 3009 Christo,
2853 2937 3095 2997 rebelles
3131 2943 3323 2997 motus
3353 2937 3566 3008 carnis,
3606 2945 3660 2994 et
3687 2951 3809 3011 pas-

2095 3032 2286 3090 siones
2343 3031 2675 3090 animorum
2732 3030 2925 3088 adhuc
2979 3028 3041 3087 in
3095 3045 3156 3086 se
3197 3029 3513 3102 procaciter
3567 3029 3803 3096 vivere;

288 3127 495 3186 ordine
525 3130 887 3202 constitutos,
916 3131 1019 3204 qui
1066 3131 1319 3190 necdum
1367 3139 1602 3190 nossent
1648 3130 1788 3204 quid
1829 3130 1888 3188 in
1923 3123 2368 3213 je-Cadversus
2424 3118 2570 3176 397
2634 3135 2770 3213 quae
2831 3119 2994 3179 velut
3044 3117 3153 3178 sub
3209 3119 3333 3192 ἱρεο
3389 3117 3808 3213 οορὲτθεείοηίδ

281 3215 497 3290 juniis,
530 3217 670 3290 quid
717 3217 780 3276 in
811 3217 1050 3291 vigiliis,
1078 3221 1221 3296 quid
1266 3220 1330 3278 in
1368 3220 1610 3294 reliquis
1639 3218 1887 3277 ccelestis
1927 3217 2009 3275 di—
2039 3207 2260 3270 'initio
2284 3257 2299 3280 ,
2345 3223 2578 3269 necesse
2625 3208 2697 3268 sit
2735 3223 3056 3282 repugnare
3085 3253 3100 3278 ,
3136 3222 3211 3265 ne
3260 3222 3393 3267 cum
3427 3207 3502 3265 sit
3541 3215 3805 3296 tempus;

288 3302 554 3377 sciplinm
599 3305 808 3363 studiis
845 3306 998 3364 ferre
1028 3295 1387 3380 potuissent;
1429 3313 1486 3366 et
1532 3322 1666 3365 cum
1719 3305 2014 3378 Scriptura
2095 3307 2160 3358 ut
2203 3301 2323 3374 jam
2360 3300 2492 3374 jure
2543 3297 2841 3372 quiescere
2883 3296 3291 3371 permittuntur
3332 3295 3576 3367 emeriti,
3622 3295 3814 3355 adhuc

289 3392 492 3452 dicat:
549 3416 570 3443 ι
609 3392 718 3463 Qui
772 3393 1020 3467 ignorat,
1071 3396 1434 3468 ignorabitur
1481 3400 1526 3463 (1
1592 3398 1710 3454 Cor.
1762 3401 1932 3465 xw);
1981 3418 2008 3442 ιι
2101 3395 2400 3446 versentur
2433 3388 2590 3446 inter
2619 3385 2773 3444 bella
2824 3384 3057 3443 tirones.

291 3497 414 3558 quo
463 3488 624 3555 pacto
674 3482 766 3541 vel
814 3499 848 3541 a
889 3483 1008 3543 Deo
1039 3487 1325 3558 cognosci,
1357 3487 1450 3545 vel
1500 3486 1686 3545 Deum
1727 3491 2015 3544 mereatur
2166 3477 2357 3535 Discat
2388 3475 2567 3547 igitur
2614 3473 3050 3569 miiegcm'iSii,
3082 3471 3221 3531 dum
3263 3472 3458 3569 ὅφιυο
3482 3484 3670 3569 noxiis
3703 3476 3812 3538 εει,

292 3573 490 3647 ipsum
525 3587 890 3649 cognoscere,
918 3575 1020 3647 qui
1066 3575 1440 3649 semetipsum
1473 3578 1535 3635 in
1575 3576 1704 3650 ejus
1738 3575 2014 3648 obsequio
2096 3581 2307 3659 manus
2358 3560 3427 3659 εοηεετθιτθςυάίεοειιηθωςτεξθηιίὺιξξι
3477 3559 3818 3659 (ιυρμξιιεαιιθ

288 3648 658 3722 convincitur
699 3665 963 3739 ignomro
998 3663 1027 3723 7
1064 3665 1237 3724 porro
1275 3648 1470 3725 autem
1520 3648 1780 3724 fervidus
1828 3663 2013 3722 bella-
2097 3655 2274 3724 vitiis,
2329 3660 2499 3727 prout
2554 3669 2644 3711 res
2695 3652 3016 3722 dictaverit,
3060 3651 3317 3711 obviare.
3366 3650 3498 3710 Huc
3547 3648 3810 3721 illucque

291 3758 403 3822 tor,
433 3752 536 3825 qui
577 3755 794 3811 mmnia
838 3754 1138 3813 obsidione
1183 3755 1520 3824 circumdat,
1555 3755 2015 3829 appropinquare
2095 3745 2504 3804 circumductis
2544 3744 2764 3803 vivacis
2799 3744 3178 3818 experientiae
3216 3742 3401 3802 oculis
3439 3741 3718 3815 providus
3747 3756 3806 3798 se

287 3840 607 3914 aggeribus
661 3843 891 3912 nititur,
949 3857 1228 3918 occupare
1281 3842 1465 3902 vallos
1519 3849 1780 3914 attentat,
1840 3851 2014 3918 atque
2098 3840 2315 3904 νενιειις
2347 3839 2404 3890 εί
2439 3831 2690 3904 Singiliis
2734 3832 3067 3906 (lilibUSqlle
3099 3830 3332 3904 iaCUiiS:
3382 3846 3517 3906 (ιιιθθ
3564 3831 3807 3890 minim"

287 3929 444 3987 inter
494 3930 646 4004 ipsas
719 3931 1204 4005 crebrescentium
1283 3931 1592 3990 missilium
1677 3932 2010 4005 grandines,
2098 3930 2229 3993 llll‘,
2282 3919 2638 3981 deerSioniS
2707 3923 2933 3992 tegmen
2999 3925 3289 3993 ορροηίιῐο
3354 3926 3420 3978 ιη
3472 3919 3804 3993 superbiam

287 4032 598 4093 quousque
625 4018 921 4079 violentus
951 4021 1274 4096 irrumpere
1305 4022 1482 4096 possit
1500 4021 1782 4096 explorat,
2099 4011 2426 4070 humilitate
2449 4008 2699 4084 dejiciat,
2731 4007 2930 4082 gulam
2963 4007 3267 4068 sobrietate
3293 4008 3615 4081 restringat,
3639 4022 3805 4066 man-

361 4103 476 4177 Qui
528 4108 904 4182 semetipsum
958 4124 1094 4184 ergo
1150 4110 1279 4168 vult
1327 4111 1582 4179 vincere,
1625 4109 1687 4170 in
1737 4126 2015 4170 mensura
2097 4101 2409 4160 suetudine
2439 4099 2799 4158 iracundiam
2839 4097 3043 4167 calcet,
3080 4097 3384 4156 avaritiam
3423 4097 3683 4171 largitate
3715 4113 3806 4156 re-

289 4211 538 4256 suarum
570 4197 785 4256 virium
819 4205 985 4274 turpe
1016 4206 1103 4258 est
1141 4199 1402 4258 notitiam
1442 4215 1558 4258 non
1600 4199 1828 4260 habere.
1861 4200 2016 4259 Hinc
2098 4190 2302 4260 frenet.
2334 4188 2599 4248 ardorem
2649 4187 2906 4246 libidinis
2945 4193 3161 4246 ῐθΐτοτθ
3195 4187 3455 4260 Ρθνρθῑυί
3505 4187 3659 4260 ignis
3696 4200 3808 4245 ex-

290 4293 378 4344 est
405 4286 560 4344 enim
600 4287 754 4360 quod
784 4289 1068 4348 Dominus
1115 4288 1255 4348 dicit
1296 4309 1307 4347 :
1354 4310 1381 4343 «
1427 4289 1764 4349 Contendite
1801 4290 2006 4350 intrare

2118 4279 2369 4351 ttinguat,
2425 4277 2542 4336 odii
2584 4277 2802 4335 trabem
2844 4277 3079 4335 ﬂamma
3113 4275 3476 4336 suavissimae.
3514 4275 3811 4334 charitatis

287 4389 394 4448 per
419 4383 725 4446 angustam
767 4385 1008 4451 portam,
1043 4402 1066 4428 ι
1108 4379 1367 4439 Necdum
1413 4387 1606 4438 amem
1645 4379 2014 4453 experimen-
2097 4374 2323 4427 exurat.
2372 4365 2697 4425 Delectatur
2753 4371 2901 4424 certe
2952 4365 3108 4424 Deus
3155 4365 3262 4424 isto
3319 4365 3650 4436 certamine,
3703 4365 3807 4442 qui

289 4469 414 4522 tum
468 4464 559 4524 sui
609 4465 710 4523 ille
752 4465 853 4526 Dei
915 4467 1082 4527 miles
1117 4475 1430 4542 acceperat,
1456 4468 1529 4528 de
1566 4484 1682 4542 quo
1721 4469 2006 4543 Scriptura

2118 4457 2392 4518 subtiliter
2414 4474 2480 4516 ac
2507 4456 2792 4530 profunde
2821 4456 3148 4515 considerat
3181 4463 3361 4515 totum
3402 4457 3688 4531 quidquid
3733 4456 3807 4514 il-

289 4550 433 4610 dicit
471 4567 484 4602 =
519 4575 543 4604 ι
589 4552 735 4624 Quia
780 4554 1049 4630 imposita
1095 4556 1256 4629 galea
1278 4572 1428 4616 terea
1456 4572 1628 4631 super
1652 4564 1824 4632 caput
1863 4558 2008 4632 ejus,
2035 4543 2200 4607 "Iud
2229 4553 2314 4604 est
2339 4545 2494 4620 quod
2537 4553 2797 4603 versatur
2845 4544 2904 4632 in
2953 4552 3166 4604 mente.
3197 4545 3574 4604 Gratulantur
3617 4543 3809 4616 angeli

290 4647 351 4699 et
389 4641 626 4700 vestitus
672 4641 864 4712 lorica,
893 4643 1192 4704 accinctus
1235 4645 1410 4704 etiam
1456 4645 1650 4720 gladio
1693 4660 1866 4720 super
1896 4631 2012 4703 vc~
2098 4636 2171 4694 ad
2209 4635 2318 4693 uile
2356 4633 2775 4707 δρθοιδευιυων
2813 4631 3075 4720 “dentes
3113 4633 3269 4706 (ξιιοά
3311 4634 3565 4692 humana
3603 4635 3808 4690 unum

291 4735 438 4789 stem
495 4745 686 4800 suam,
733 4732 906 4806 coepit
951 4737 1171 4792 tentare
1227 4733 1278 4792 si
1313 4719 1572 4793 armatus
1614 4719 1806 4808 posset
1851 4733 2011 4792 ince-
2100 4723 2160 4783 in
2193 4737 2260 4781 eo
2286 4722 2443 4796 αυοα
2480 4726 2677 4808 εοηῐΐθ
2707 4719 3071 4793 semeiin
3105 4726 3358 4795 Pugnat»
3393 4719 3466 4779 ad
3506 4728 3709 4780 00mm
3747 4733 3808 4778 se

290 4817 466 4889 dere;
521 4835 634 4880 non
680 4821 836 4879 enim
885 4821 1129 4880 habebat
1171 4823 1672 4895 consuetudinem,
1710 4829 1765 4880 et
1803 4821 1954 4880 dixit
1996 4842 2008 4880 :

294 4907 424 4966 Non
475 4925 711 4983 possum
759 4910 841 4968 sic
879 4911 1164 4982 incedere,
1196 4912 1334 4986 quia
1371 4929 1479 4970 nec
1516 4927 1689 4972 usum
1729 4911 1935 4983 habeo,
1959 4917 2016 4970 et

292 4995 560 5071 deposuit
605 5015 674 5057 ea
719 5002 772 5066 (Ι
821 5003 954 5069 Reg.
1004 5003 1173 5071 xvn).
1217 5022 1248 5054 to
1300 5000 1428 5060 Jam
1499 5008 1692 5060 autem
1746 5000 1902 5060 idem
1955 5014 2014 5058 se

292 5085 459 5146 docte
501 5085 861 5162 probaverat,
908 5105 1044 5148 cum
1113 5089 1370 5163 gladium
1425 5089 1650 5148 Goliath
1691 5089 2015 5149 Philisthzei

292 5175 626 5235 involutum
676 5175 854 5250 pallio
895 5183 1021 5251 post
1063 5177 1265 5251 Ephod
1320 5177 1578 5248 abstulit,
1636 5184 1690 5236 et
1747 5194 1942 5238 secum
1982 5193 2016 5236 a

294 5264 443 5323 facie
487 5265 886 5340 persequentis
940 5265 1078 5326 Saul
1134 5266 1408 5340 fugiendo
1460 5265 1726 5341 portavit,
1774 5267 2011 5325 dicens:

297 5376 324 5403 α
358 5352 510 5424 Quia
566 5369 683 5413 non
731 5362 819 5413 est
869 5353 1099 5428 gladius
1164 5355 1307 5414 alter
1371 5355 1582 5414 similis
1641 5355 1730 5414 illi
1788 5361 1838 5424 (Ι
1879 5361 2011 5426 Reg.

294 5447 452 5512 XXI).
486 5466 513 5494 η
540 5443 605 5502 In
653 5444 759 5502 hoc
803 5451 995 5502 autem
1033 5443 1288 5516 probatio
1332 5451 1436 5515 est,
1465 5444 1604 5520 quia
1632 5444 1734 5518 qui
1770 5444 1830 5502 in
1859 5444 2015 5502 mili-

297 5526 395 5584 tim
440 5526 764 5600 spiritualis
824 5545 1008 5603 agone
1059 5530 1386 5603 profecerit,
1426 5530 1476 5588 si
1509 5531 1631 5605 jam
1679 5529 2014 5588 debiliorem

2101 4811 2478 4882 consortium,
2519 4807 2676 4868 unde
2706 4809 2892 4866 fuerat
2922 4811 3133 4881 ejecta,
3162 4809 3467 4880 reformat;
3516 4813 3573 4868 et
3610 4809 3807 4869 secum

2102 4902 2350 4963 rixando
2377 4901 2449 4959 ad
2480 4915 2679 4958 veram
2709 4899 2908 4974 procul
2943 4899 3124 4958 dubio
3163 4915 3359 4974 pacem
3402 4901 3598 4970 tendit,
3629 4915 3806 4975 quam

2101 4992 2239 5052 olim
2273 4991 2504 5051 sibimet
2541 4989 2692 5048 male
2727 4987 3154 5061 consentiendo,
3188 4990 3329 5065 quia
3362 5004 3480 5050 non
3519 5001 3806 5063 repugna-

2102 5082 2208 5152 vit,
2236 5081 2452 5140 amisit.

2174 5171 2290 5230 Nec
2323 5182 2768 5244 conqueramur,
2815 5167 3016 5225 fratres
3053 5165 3188 5236 mei,
3229 5164 3279 5223 si
3319 5165 3392 5223 ad
3437 5170 3633 5225 votum
3668 5180 3806 5224 mox

2104 5266 2310 5320 cuncta
2339 5273 2453 5316 non
2487 5257 2795 5326 vincimus,
2836 5255 2886 5313 si
2915 5255 2976 5312 in
3004 5253 3188 5328 hujus
3221 5252 3642 5312 conﬂictatione
3686 5268 3804 5311 cer-

2105 5349 2358 5418 taminis,
2407 5360 2720 5416 aerumnas,
2771 5343 3019 5413 labores,
3060 5342 3376 5417 angustias,
3427 5349 3483 5400 et
3527 5341 3805 5414 gravissi-

2104 5455 2269 5500 mum
2290 5453 2442 5510 saepe
2466 5433 2800 5494 ﬂuctuantis
2827 5431 3042 5491 animm
3069 5431 3306 5490 taedium
3329 5431 3706 5491 sustinemus.
3737 5432 3805 5491 In

2104 5531 2213 5587 hoc
2244 5526 2400 5586 enim
2430 5523 2627 5582 divina
2660 5521 2828 5580 nobis
2865 5519 3296 5595 dispensatione
3329 5519 3690 5596 prospicitur,
3733 5536 3807 5579 ne

294 5619 499 5674 contra
521 5630 604 5686 ,se
649 5616 934 5680 vitiorum
981 5617 1405 5682 contumaciam
1445 5619 1656 5692 sentit;
1696 5617 1746 5678 si
1773 5633 2019 5692 surgen-
2105 5617 2177 5676 de
2219 5611 2518 5687 repentina
2551 5608 2786 5670 victoria
2826 5609 2892 5671 in
2921 5607 3312 5682 arrogantiam
3345 5615 3540 5668 noster
3581 5607 3814 5669 animus
