4108 6206
329 241 435 301 923

942 237 999 295 S.
1043 235 1264 295 PETRI
1305 233 1626 293 DAMIANI
1666 233 1824 293 OPP.
1868 233 2062 293 PARS
2105 233 2243 294 SEU
2287 231 2534 292 TOMUS
2573 231 2648 289 II.
2691 261 2758 273 —
2799 228 3212 290 SERMONES.

3717 229 3824 287 9'24

333 365 665 434 extollatur,
705 369 760 423 et
798 363 868 420 de
905 360 1214 419 altitudine
1253 376 1357 419 sua
1403 359 1751 434 profundius
1787 358 2497 434 corruat,Apraesumenti
2549 359 2768 432 prmbet
2820 358 3119 418 audaciam
3145 401 3158 426 ,
3215 363 3272 414 et
3320 357 3598 430 pugnanti
3645 358 3826 414 victo-

337 461 387 518 si
439 473 555 517 non
598 453 813 515 auctori
861 453 992 524 Deo,
1027 450 1125 509 sed
1165 450 1276 508 sibi
1308 449 1564 509 victoria:
1605 465 1725 509 suae
1763 450 1917 508 vires
1950 466 2043 508 as—

342 549 540 608 cribat.
593 547 746 604 Hinc
784 551 868 603 est
923 543 1102 611 enim,
1150 541 1302 616 quod
1345 542 1658 600 Israelitico
1699 541 1911 617 populo
1945 558 2046 616 per

341 637 574 711 Moysen
625 634 870 692 dicitur:
908 654 935 684 «
966 631 1272 704 Postquam
1318 630 1527 688 aﬂlixit
1570 638 1622 688 te
1661 629 1965 700 Dominus,
1992 636 2049 687 et

340 725 622 803 probavit,
657 724 726 781 ad
765 727 1090 781 extremum
1138 720 1407 778 misertus
1441 727 1528 778 est
1573 720 1677 786 tui,
1720 736 1792 777 ne
1826 719 2047 777 diceres

342 817 402 875 in
436 815 602 874 corde
638 819 732 871 tuo
766 830 777 868 :
816 809 1114 867 Fortitudo
1144 823 1270 866 mea
1296 852 1310 879 ,
1346 812 1400 864 et
1424 807 1599 865 robur
1626 823 1834 865 manus
1859 822 2006 864 meas
2030 849 2045 877 ,

341 908 464 965 haec
493 903 690 962 omnia
729 901 873 960 mihi
910 899 1320 974 prmstiterunt,
1349 898 1446 956 sed
1475 898 1789 956 recorderis
1818 897 2049 956 Domini

348 998 446 1058 Dei
478 997 561 1054 tui
588 1039 602 1065 ,
634 993 784 1068 quod
818 993 939 1066 ipse
977 991 1077 1048 tibi
1109 991 1263 1048 vires
1291 989 1603 1063 przebuerit
1632 991 1804 1059 (Deut.
1839 992 1981 1057 VIII).
2018 1007 2046 1039 η

348 1088 498 1146 Hinc
525 1091 608 1143 est
638 1084 809 1142 etiam
839 1125 853 1152 ,
894 1081 1045 1154 quod
1077 1095 1227 1152 saepe
1260 1094 1422 1136 mens
1453 1126 1464 1147 ,
1497 1094 1628 1151 quae
1658 1076 1837 1134 multa
1861 1077 1922 1133 in
1949 1092 2008 1134 se
2035 1123 2048 1145 ,

343 1184 398 1236 et
454 1175 619 1233 fortia
683 1179 932 1245 superat,
993 1185 1178 1228 unum
1220 1167 1356 1241 quid
1412 1167 1649 1225 fortasse
1710 1167 2048 1237 minimum,

345 1263 616 1339 quamvis
656 1261 894 1321 solerter
934 1258 1216 1332 invigilet,
1256 1272 1371 1314 non
1422 1261 1738 1329 expugnat.
1772 1254 1932 1325 Quod
1965 1254 2050 1311 di-

350 1355 486 1411 vina
513 1351 793 1410 nimirum
827 1347 1250 1421 dispensatione
1288 1345 1498 1417 agitur,
1531 1361 1603 1403 ne
1634 1345 1888 1402 humana
1912 1359 2048 1401 con-

355 1442 497 1501 ditio
526 1441 786 1515 undique
803 1436 1119 1496 virtutibus
1147 1435 1477 1508 splendens,
1497 1434 1554 1490 in
1588 1434 1835 1492 elatione
1864 1434 2058 1492 suble-

355 1539 543 1602 vetur,
581 1537 644 1588 ut
691 1530 753 1587 in
799 1545 864 1587 eo
920 1525 1073 1601 quod
1122 1543 1181 1585 se
1227 1541 1527 1600 superasse
1586 1525 1753 1584 fortia
1811 1540 2062 1600 qumque

355 1621 697 1690 considerat,
721 1621 862 1676 dum
893 1634 1137 1692 parvum
1162 1631 1278 1675 non
1299 1620 1482 1689 potest
1508 1615 1608 1672 diu
1636 1616 1893 1674 conando
1911 1614 2064 1674 subi-

2126 449 2294 519 riam,
2327 455 2380 506 et
2408 448 2735 510 vincentem
2776 447 3043 521 provehit
3081 446 3150 503 ad
3183 459 3493 514 coronam;
3537 444 3684 520 quin
3724 459 3826 517 po-

2129 536 2242 595 tius
2281 537 2402 610 ipse
2425 544 2508 595 est
2534 535 2919 594 militantibus
2947 535 3308 600 donativum,
3340 532 3595 590 emeritis
3625 531 3825 590 muni-

2128 626 2393 700 cipium,
2458 626 2955 701 triumphantibus
3028 623 3336 699 praemium
3413 621 3830 696 sempiternum

2127 714 2297 773 Jesus
2317 713 2578 774 Christus
2607 717 2754 787 heri,
2780 721 2832 773 et
2864 713 3052 785 hodie,
3076 713 3197 786 ipse
3231 711 3382 770 Deus
3407 709 3743 770 benedictus
3768 709 3828 766 in

2129 803 2361 862 saecula.
2395 805 2602 862 Amen.

2731 893 2978 953 SEBMO
3019 891 3242 950 LXXV.

2366 995 2652 1042 SERMONIS
2680 995 2837 1042 PIlIMI
2869 995 3189 1042 SYNODALIS
3217 992 3594 1040 FRAGMENTA.

2209 1090 2390 1149 Sicuti
2416 1090 2473 1147 in
2501 1097 2690 1149 monte
2719 1089 2880 1149 Sinai
2907 1089 3185 1147 Dominus
3207 1087 3535 1146 Israeliticae
3557 1084 3709 1159 plebi
3739 1099 3839 1156 per

2133 1178 2368 1253 Moysen
2408 1178 2552 1252 legis
2591 1178 2776 1236 edicta
2808 1178 3101 1252 proposuit
3139 1178 3341 1243 (Emod.
3373 1187 3482 1235 XIX
3521 1182 3571 1230 et
3610 1175 3792 1243 seqq.)
3828 1217 3842 1238 ,

2136 1268 2213 1325 ita
2241 1275 2296 1326 et
2325 1269 2387 1325 in
2421 1273 2614 1326 sancta
2641 1268 2892 1326 Ecclesia
2921 1283 3019 1340 per
3058 1265 3448 1323 ministerium
3481 1260 3844 1320 sacerdotum

2139 1357 2297 1416 idem
2336 1357 2625 1431 legislator
2675 1363 2730 1414 et
2760 1357 2944 1432 judex
2979 1355 3307 1414 Christiano
3362 1351 3569 1426 populo
3607 1346 3846 1408 vivendi

2141 1446 2411 1504 mandata
2462 1446 2764 1520 depromit.
2821 1443 2981 1503 Sinai
3019 1443 3234 1517 quippe
3283 1443 3692 1514 interpretatur
3742 1451 3849 1493 ru-

2143 1535 2270 1605 bus,
2314 1537 2436 1594 sive
2484 1535 2737 1595 tentatio.
2792 1535 2873 1593 De
2920 1535 3064 1592 rubo
3113 1532 3401 1606 siquidem
3446 1529 3751 1592 Dominus,
3785 1530 3854 1581 ut

2148 1629 2445 1701 Scriptura
2483 1634 2740 1697 testatur,
2770 1625 3056 1700 apparuit,
3085 1629 3141 1682 et
3171 1623 3355 1697 Moysi
3395 1622 3466 1679 ad
3498 1619 3644 1677 ﬁlios
3672 1612 3856 1674 Israel

358 1724 511 1783 gere.
544 1723 662 1766 Ποη
702 1707 836 1776 Sibi,
868 1706 965 1764 sed
1005 1705 1093 1762 mi
1127 1704 1423 1762 νίεῒοΐίθῐη
1459 1704 1693 1776 tribuat,
1727 1706 1893 1777 CUIUS
1932 1719 2062 1762 ῐηυ·
2083 1720 2367 1790 Bdeferre
2407 1719 2675 1776 mandata
2705 1716 3005 1791 praecepit;
3046 1724 3100 1773 et
3131 1713 3192 1771 in
3240 1711 3490 1771 Ecclesia
3521 1710 3674 1768 Deus
3717 1719 3852 1779 pro-

358 1813 497 1856 nere
544 1796 731 1871 potuit
774 1811 906 1867 quae
941 1795 1174 1853 subacta
1210 1800 1347 1853 sunt
1384 1809 1674 1869 superare.
1733 1793 1897 1852 Unde
1943 1793 2065 1851 illic

361 1888 574 1946 dicitur
602 1911 614 1945 :
648 1910 668 1935 -
706 1887 814 1944 Hre
843 1892 977 1945 sunt
1007 1891 1223 1958 gentes,
1254 1901 1400 1956 quas
1424 1886 1709 1944 Dominus
1731 1885 2058 1960 dereliquit,

358 1981 424 2035 ut
457 1973 712 2032 erudiret
746 1974 810 2032 in
845 1973 927 2030 eis
958 1972 1227 2031 Israelem
1255 1974 1452 2044 (Judic.
1487 1974 1594 2044 Ill).
1630 1991 1656 2020 ι)
1689 1971 1863 2029 Israel
1896 1986 2061 2028 nam-

352 2079 468 2138 que
505 2062 809 2120 reservatis
846 2061 1116 2135 gentibus
1153 2062 1439 2132 eruditur,
1478 2061 1619 2120 dum
1661 2077 1826 2120 mens
1869 2067 2062 2119 nostra

358 2150 422 2209 in
458 2151 653 2225 parvis
690 2150 798 2208 sibi
837 2149 1240 2208 resistentibus
1278 2149 1469 2218 discit,
1521 2150 1657 2223 quia
1697 2165 2063 2225 nequaquam

364 2259 438 2302 ex
471 2259 531 2301 se
562 2243 780 2315 majora
809 2239 1070 2314 subjecit.

436 2334 546 2393 Hic
583 2336 760 2392 totius
799 2332 1015 2405 negotii
1056 2347 1286 2390 summa
1332 2336 1434 2400 est,
1481 2331 1679 2388 fratres
1723 2330 2068 2400 charissimi,

367 2439 544 2498 quare
585 2424 868 2482 mundum
910 2424 1291 2497 reliquimus;
1341 2423 1435 2480 hic
1486 2429 1598 2480 tota
1653 2423 1868 2480 versari
1905 2422 2071 2480 debet

367 2512 630 2584 intentio,
672 2513 811 2586 quid
847 2513 915 2569 ad
969 2528 1195 2571 sacrum
1231 2511 1493 2570 ordinem
1537 2527 1640 2568 nos
1676 2511 1900 2568 venisse
1939 2527 2073 2582 gau-

365 2602 590 2670 demus,
644 2602 910 2660 videlicet
964 2611 1025 2659 ut
1081 2617 1244 2658 mens
1309 2608 1497 2659 nostra
1553 2599 1835 2657 virtutum
1897 2598 2074 2655 armis

366 2691 616 2750 accincta
645 2733 660 2758 ,
687 2691 745 2747 in
775 2691 1062 2764 spirituali
1091 2692 1404 2748 certamine
1436 2706 1494 2748 se
1521 2706 1744 2762 semper
1774 2695 2070 2755 exerceat,

371 2787 426 2838 et
474 2780 747 2836 vitiorum
799 2786 1078 2852 portenta,
1130 2788 1261 2852 qtize
1297 2780 1444 2837 circa
1477 2795 1580 2836 nos
1624 2778 1918 2835 mitescere
1972 2793 2070 2834 ne-

375 2867 821 2938 sciunt,fervido
842 2867 1044 2940 spiritu
1074 2867 1360 2925 debellare
1385 2867 1710 2924 contendat.
1735 2865 1884 2936 Quid
1915 2866 2071 2923 enim

378 2958 690 3032 profuisset
717 2959 1028 3017 Israelitico
1067 2958 1281 3032 populo
1316 2957 1647 3032 zEgyptiaca
1678 2957 2074 3014 tantummodo

2146 1808 2236 1865 cul
2267 1808 2445 1866 dubio
2478 1807 2753 1877 cernitur,
2784 1805 2931 1864 sicut
2961 1803 3150 1862 eidem
3178 1801 3362 1875 Moysi
3397 1798 3622 1874 roganti
3651 1800 3860 1871 quate-

2146 1913 2260 1954 nus
2308 1896 2418 1954 sibi
2459 1896 2831 1968 semetipsum
2872 1891 3212 1962 ostenderet,
3246 1889 3567 1964 pollicetur,
3605 1885 3805 1943 dicens
3840 1905 3856 1938 :

2151 2009 2170 2036 ι
2204 1987 2346 2044 Ecce
2395 1987 2554 2044 locus
2598 1983 2753 2057 apud
2801 1991 2902 2040 me‘
2946 1988 3032 2040 est
3060 2026 3074 2051 ,
3131 1980 3310 2038 stabis
3362 1993 3536 2052 supra
3592 1981 3858 2050 petram;

2147 2091 2399 2150 cumque
2459 2072 2748 2131 transierit
2791 2071 2976 2145 gloria
3016 2086 3162 2140 mea,
3215 2079 3350 2127 tunc
3397 2064 3620 2123 videbis
3663 2067 3863 2137 poste-

2149 2167 2300 2223 riora
2332 2180 2458 2222 mea
2484 2165 2685 2231 (Exod.
2716 2167 2961 2229 XXXIII).
2999 2183 3019 2210 ι»
3066 2158 3230 2228 Quod
3265 2163 3458 2215 autem
3492 2153 3652 2213 Sinai
3680 2151 3861 2209 etiam

2154 2254 2391 2312 tentatio
2439 2253 2669 2315 dicitur,
2702 2251 2840 2324 quid
2887 2266 2984 2324 per
3030 2249 3138 2306 hoc
3166 2245 3327 2304 aliud
3378 2245 3544 2302 debet
3585 2240 3865 2312 intelligi,

2151 2346 2266 2404 nisi
2297 2346 2434 2420 quia
2459 2345 2520 2402 in
2551 2344 2804 2402 Ecclesia
2853 2342 2950 2399 ubi
2985 2341 3080 2397 lex
3110 2340 3298 2408 datur,
3338 2337 3418 2395 ibi
3452 2334 3715 2420 tentatio,
3737 2347 3865 2420 mas

2154 2419 2576 2507 ligniispiritus
2613 2430 2924 2504 aliquando
2958 2428 3286 2502 pestilenter
3316 2425 3573 2483 oboritur
3596 2423 3622 2477 ?
3670 2419 3745 2477 Ut
3790 2419 3866 2475 ad

2157 2521 2483 2580 violandam
2524 2521 2661 2578 recti
2696 2518 2904 2592 judicii
2937 2515 3194 2588 regulam
3247 2512 3413 2571 modo
3442 2528 3568 2585 spes
3602 2514 3870 2584 quaestus

2155 2613 2410 2685 obrepat,
2454 2611 2619 2668 modo
2668 2610 2916 2680 rigorem
2961 2606 3205 2680 justitim
3243 2605 3388 2672 laus,
3442 2603 3533 2660 vel
3582 2601 3870 2657 humana:

2155 2703 2355 2774 gratia:
2392 2699 2553 2757 favor
2597 2697 2873 2765 emolliat,
2923 2695 3092 2753 modo
3134 2694 3206 2751 ad
3246 2691 3568 2751 nocendum
3599 2689 3726 2757 ira),
3779 2687 3870 2744 vel

2156 2791 2275 2850 odii
2307 2792 2454 2848 livor
2495 2787 2770 2861 impellat,
2803 2785 2972 2843 modo
3013 2790 3201 2841 metus
3230 2798 3263 2839 a
3303 2781 3556 2840 libertate
3591 2786 3743 2836 recte
3768 2778 3870 2850 ju-

2157 2878 2390 2937 dicandi
2433 2893 2529 2935 cor
2566 2875 2857 2950 reprimat,
2900 2872 3071 2931 modo
3116 2870 3425 2930 crudelitas
3462 2867 3656 2941 dignze
3689 2865 3870 2924 ultio-

2159 2971 2251 3028 nis
2279 2982 2615 3025 mensuram
2642 2964 2898 3022 excedat.

375 3061 509 3103 rura
559 3046 907 3119 relinquere,
957 3047 1068 3104 nisi
1117 3047 1368 3105 cervices
1412 3044 1662 3103 hostium
1713 3043 1917 3102 bellica
1960 3044 2072 3101 fer-
2095 3087 2139 3145 Ο
2233 3059 2372 3116 Ecce
2411 3057 2569 3115 locus
2610 3055 2762 3128 apud
2800 3069 2893 3111 me
2941 3059 3046 3122 est,
3079 3060 3134 3109 et
3175 3050 3350 3108 stabis
3400 3063 3572 3121 super
3625 3053 3875 3119 petram,

373 3137 635 3196 buissent
665 3145 851 3211 strage
877 3145 1198 3211 percutere,
1240 3143 1306 3194 ut
1343 3144 1548 3194 terram
1581 3136 1856 3209 Optimam
1885 3135 2076 3208 quieto

2167 3155 2218 3206 et
2253 3156 2390 3206 tunc
2424 3145 2646 3204 videbis
2689 3143 3005 3216 posteriora
3037 3157 3181 3197 mea.
3228 3139 3372 3208 Quis
3400 3147 3595 3196 autem
3635 3137 3746 3194 iste
3789 3135 3876 3194 lo-

375 3227 738 3301 postmodum
803 3235 1032 3301 possent
1085 3228 1201 3286 otio
1239 3227 1577 3300 possidere?
1617 3222 1762 3280 398
1815 3224 1926 3294 Qui
1981 3226 2082 3282 de-

377 3315 555 3390 nique
591 3317 879 3389 profectus
910 3324 1075 3388 esset,
1106 3317 1152 3373 si
1197 3317 1514 3374 Pharaonis
1542 3317 1750 3389 jugum
1773 3361 1787 3384 ,
1829 3315 1940 3374 sub
1970 3331 2084 3387 quo

381 3404 866 3478 qualitercunque
923 3407 1120 3463 vivere
1181 3405 1560 3474 sinebantur,
1611 3405 1979 3477 effugerent,
2037 3403 2086 3460 si

378 3493 840 3553 Chananaeorum
884 3511 1050 3555 enses
1088 3497 1147 3552 in
1194 3495 1452 3568 proprios
1487 3495 1722 3569 jugulos
1763 3512 1862 3569 per
1905 3501 2088 3566 torpoo

381 3583 462 3640 ris
490 3583 776 3642 incuriam
804 3585 1218 3658 provocarent?

458 3671 841 3730 Excutiamus
885 3689 1040 3746 ergo,
1087 3675 1291 3732 fratres
1338 3673 1686 3746 charissimi,
1745 3675 2084 3747 degenerem

388 3760 659 3819 marcida;
687 3761 1080 3820 dissolutionis
1104 3762 1393 3832 inertiam,
1423 3765 1520 3837 qui
1555 3779 1656 3837 per
1688 3762 2084 3820 fortitudinem

381 3855 613 3909 strenue
663 3851 975 3909 dimicandi
1033 3852 1336 3924 pervenire
1377 3851 1650 3910 volumus
1685 3852 1755 3909 ad
1795 3867 2087 3910 coronam.

389 3940 577 4000 Parati
627 3943 810 4000 simus
859 3957 1086 4016 semper
1124 3941 1410 4000 irruentes
1449 3942 1721 4001 vitiorum
1759 3957 1995 4010 cuneos,
2028 3957 2094 3999 ac

389 4031 700 4090 frementes
733 4031 942 4090 bestias
982 4031 1052 4089 de
1081 4047 1220 4105 agro
1264 4032 1442 4090 nostri
1481 4032 1669 4091 cordis
1696 4031 1921 4105 ejicere,
1953 4031 2093 4088 nul-

390 4120 634 4195 lumque
661 4120 745 4178 eis
772 4121 832 4178 in
867 4135 931 4177 ea
959 4136 1096 4195 quae
1123 4122 1300 4178 nostri
1325 4121 1478 4192 juris
1507 4127 1664 4189 sunt,
1693 4120 2098 4192 permittamus

395 4209 582 4266 locum
638 4223 923 4281 perversa:
966 4208 1358 4267 damnationis
1402 4207 1634 4266 habere.
1684 4208 1812 4266 Non
1865 4207 2098 4266 videant

399 4311 504 4353 nos
534 4294 760 4353 inimici
801 4295 1002 4368 nostri,
1046 4297 1200 4369 quod
1244 4295 1414 4365 absit,
1456 4295 1743 4354 enerviter
1773 4295 1994 4365 cedere,
2024 4312 2097 4355 ne

395 4400 533 4443 mox
562 4383 795 4443 sibimet
819 4386 1248 4460 applaudentes,
1279 4384 1349 4444 de
1396 4384 1604 4443 nostris
1650 4384 1874 4443 valeant
1909 4400 2096 4443 reces-

395 4475 556 4533 sibus
608 4474 920 4534 exsultare.
980 4475 1271 4535 Invictum
1321 4491 1573 4549 namque
1620 4475 1847 4534 militiaa
1889 4483 2098 4534 nostra;

397 4563 605 4624 ducem
634 4566 936 4637 habemus,
981 4568 1077 4627 cui
1111 4566 1455 4627 tiducialiter
1488 4567 1736 4626 dicimus
1769 4587 1782 4624 :
1821 4591 1847 4618 α
1872 4566 2096 4638 Judica,

398 4654 664 4726 Domine,
709 4660 982 4714 nocentes
1036 4672 1149 4721 me.
1199 4672 1468 4731 expugna
1517 4657 1926 4730 impugnantes
1984 4673 2098 4727 me,

397 4744 760 4816 apprehende
802 4760 965 4803 arma
1008 4753 1065 4802 et
1111 4753 1361 4816 scutum,
1394 4754 1450 4804 et
1485 4762 1738 4819 exsurge
1777 4747 1834 4804 in
1874 4747 2100 4821 adjuto-

402 4831 557 4891 rium
600 4832 747 4890 mibi
781 4837 951 4902 (Psal.
985 4841 1093 4901 ιχ).
1126 4855 1152 4888 ››
1196 4834 1358 4892 Felix
1396 4834 1667 4908 spiritalis
1709 4834 1809 4892 ille
1839 4835 2096 4906 bellator,

399 4919 502 4994 qui
537 4919 711 4978 talem
739 4921 1006 4996 sequitur
1041 4923 1102 4981 in
1143 4922 1344 4997 praelio
1373 4921 1600 4992 ducem,
1643 4922 1742 4997 qui
1774 4923 1946 4982 talem
1977 4939 2100 4982 me-

399 5015 559 5068 retur
613 5010 825 5070 habere
884 5027 1007 5070 suae
1063 5011 1494 5086 congressionis
1534 5018 1847 5085 auctorem,
1897 5015 1998 5088 qui
2046 5019 2103 5070 et

2165 3253 2292 3304 cus,
2322 3234 2423 3293 ubi
2456 3234 2648 3291 statim
2688 3247 2861 3305 super
2909 3231 3123 3302 [supra]
3169 3235 3384 3301 petram
3423 3225 3711 3284 Dominus
3747 3239 3873 3280 cer-

2169 3323 2348 3387 nitur,
2384 3321 2497 3380 nisi
2545 3325 2738 3378 sancta
2769 3317 3116 3390 intelligitur
3151 3315 3422 3385 Ecclesia,
3467 3312 3568 3370 ubi
3597 3311 3744 3370 dum
3777 3326 3876 3384 pe-

2171 3419 2274 3470 trm
2311 3410 2444 3469 fidei
2481 3415 2807 3468 constanter
2849 3405 3142 3472 innititur,
3193 3401 3365 3461 simul
3414 3416 3545 3460 cum
3605 3398 3882 3472 Apostolo

2171 3499 2406 3559 Domini
2446 3497 2686 3571 gloriam
2729 3496 3138 3570 speculamur?
3164 3492 3305 3550 Haec
3347 3490 3504 3549 enim
3533 3498 3620 3546 est
3655 3487 3728 3544 de
3763 3500 3885 3558 qua

2170 3590 2386 3649 dicitur
2425 3613 2436 3646 :
2483 3614 2507 3636 ‹‹
2547 3587 2732 3661 Super
2773 3588 2919 3644 hanc
2967 3592 3186 3659 petram
3230 3582 3525 3640 aedificabo
3565 3577 3884 3637 Ecclesiam

2171 3692 2359 3736 meam
2391 3677 2606 3746 (Matth.
2643 3677 2789 3746 XVI).
2833 3697 2854 3723 ι

2247 3766 2423 3824 Terra
2472 3780 2658 3839 usque
2711 3763 2780 3821 ad
2843 3761 3117 3819 fenestras
3148 3807 3163 3830 ,
3225 3764 3282 3817 et
3343 3759 3612 3816 fenestrae
3667 3755 3889 3812 clausae

2175 3859 2389 3927 (Ezech.
2437 3859 2582 3922 XLI).
2631 3852 2726 3911 Ait
2767 3850 3078 3925 Apostolus
3128 3868 3139 3906 :
3188 3871 3208 3900 ι
3242 3847 3551 3921 Templum
3599 3842 3702 3902 Dei
3741 3857 3886 3899 san-

2173 3955 2333 4006 ctum
2372 3952 2476 4012 est,
2507 3945 2662 4019 quod
2693 3945 2829 4001 estis
2859 3958 2963 4000 vos
3001 3945 3051 4010 (Ι
3088 3943 3206 3998 Cor.
3251 3945 3359 4006 ιιι).
3404 3961 3424 3988 ι
3463 3935 3658 4008 Hujus
3688 3938 3888 3990 autem

2181 4037 2375 4110 templi
2426 4038 2696 4093 fenestrae
2735 4031 3056 4091 sacerdotes
3086 4027 3231 4085 399
3271 4036 3426 4099 sunt,
3465 4027 3566 4101 qui
3618 4022 3888 4082 ﬁdelium

2178 4126 2393 4200 populo
2433 4125 2633 4198 lumen
2665 4127 2880 4179 sanctae
2909 4119 3338 4195 praedicationis
3379 4115 3722 4175 infundunt.
3769 4111 3889 4170 Sed

2177 4230 2310 4274 cum
2355 4221 2501 4271 terra
2543 4228 2728 4287 usque
2771 4211 2842 4269 ad
2885 4210 3162 4268 fenestras
3207 4207 3520 4282 aggeritur,
3549 4202 3759 4262 clausis
3800 4202 3889 4260 fe-

2181 4303 2389 4362 nestris
2423 4301 2696 4374 templum
2738 4300 3016 4358 continuo
3046 4297 3394 4356 tenebratur.
3431 4295 3502 4352 Et
3530 4308 3660 4351 cum
3705 4299 3889 4348 terre-

2182 4404 2256 4446 na
2307 4387 2534 4460 negotia
2584 4384 2903 4443 sacerdotes
2976 4381 3325 4456 implicant,
3387 4378 3552 4453 quasi
3620 4377 3892 4434 fenestrae

2181 4476 2394 4535 clausae
2438 4474 2744 4548 templum,
2800 4470 2950 4546 quod
3003 4469 3215 4528 amittit
3256 4468 3474 4536 lumen,
3525 4462 3888 4525 obscuratur.

2183 4567 2301 4625 Nos
2337 4581 2474 4638 ergo
2512 4579 2744 4622 necesse
2778 4568 2880 4630 est,
2927 4566 3211 4633 quantum
3257 4571 3586 4630 possumus,
3625 4552 3700 4610 ab
3748 4549 3891 4609 acti-

2187 4653 2296 4711 bus
2342 4667 2542 4710 vacare
2589 4650 2866 4719 terrenis;
2925 4653 2990 4705 ut
3029 4646 3206 4705 sacris
3248 4644 3465 4720 jugiter
3508 4638 3893 4712 invigilemus

2187 4742 2459 4816 eloquiis.
2498 4739 2661 4799 Sicut
2688 4753 2895 4811 sponsa
2924 4737 3063 4795 dicit
3097 4737 3157 4794 in
3189 4733 3440 4792 Canticis
3468 4749 3481 4788 :
3534 4750 3560 4782 α
3593 4727 3757 4787 Oculi
3801 4728 3891 4784 tui

2187 4832 2334 4897 sicut
2361 4829 2651 4889 columbaa
2685 4842 2859 4900 super
2897 4827 3052 4884 rivos
3083 4836 3390 4898 aquarum,
3419 4833 3552 4893 quae
3586 4817 3731 4874 lacte
3758 4821 3898 4872 sunt

2185 4920 2337 4990 lotae,
2365 4925 2421 4977 et
2451 4917 2700 4977 resident
2733 4917 2902 4990 juxta
2931 4915 3146 4974 ﬂuenta
3171 4908 3514 4985 plenissima
3542 4908 3716 4978 (Cant.
3754 4905 3828 4973 ν).
3870 4929 3889 4953 ι
