4108 6206
239 251 346 310 9⁸25

1647 257 1824 317 VITA
1870 259 1925 318 S.
1969 258 2090 318 ODI
2101 258 2242 317 LON
2251 259 2338 318 IS.

3635 264 3742 324 9‘26

235 422 3728 450 Mm

1056 555 1196 739 s.
1340 598 1934 742 PETRI

3461 455 3728 467 ———_

2073 599 2938 748 DAMIANI

1601 846 1659 907 S.
1701 847 1770 906 R.
1818 847 1883 905 E.
1925 845 2384 906 CARDINALIS

327 1010 2008 1186 SANCTORUM
2174 1017 3643 1192 HISTORUE.

1265 1424 1546 1538 VITA
1631 1424 2054 1539 SANCTI
2142 1425 2718 1539 ODlLONlS

759 1638 1038 1686 ABBATIS
1079 1637 1561 1688 CLUNIACENSIS
1606 1641 1691 1686 ET
1733 1639 2200 1700 CONFESSORIS,
2248 1639 2518 1687 OBDINIS
2567 1640 2798 1689 SANCTI
2843 1639 3221 1692 BENEDICTI.

1609 1776 1743 1855 (An.
1775 1777 1914 1840 Chr.
1957 1778 2126 1851 1049,
2165 1779 2186 1841 1
2224 1778 2388 1857 Jan.)

1234 1917 1399 1982 Cum
1436 1921 1604 1982 notis
1638 1920 1917 1982 Andreae
1955 1920 2292 1982 Duchesnii
2321 1929 2379 1983 et
2409 1921 2764 2001 Anonymi.

318 2257 467 2314 400
498 2249 728 2308 PETRUS
742 2247 1006 2308 DAMIANI
1031 2249 1242 2306 sanctis
1274 2248 1545 2307 Ecclesiis
1575 2265 1709 2322 qum
1733 2256 1866 2308 sunt
1893 2251 1953 2309 in
1972 2255 2263 2314 Actorum
2292 2250 2410 2309 vita
2455 2249 2703 2308 tideliter
2730 2256 2989 2308 enarrata
3015 2251 3096 2309 sic
3125 2252 3340 2323 rutilat,
3382 2259 3446 2311 ut
3474 2255 3744 2328 splendo-

236 2339 702 2400 Occidentalibus
759 2337 1079 2398 Galliarum
1134 2339 1393 2413 partibus
1444 2339 1816 2409 constitutae,
1872 2356 1956 2398 sa-

235 2431 424 2488 lutem
457 2446 592 2505 quas
619 2437 703 2488 est
726 2431 787 2487 in
817 2428 1045 2488 Christo
1073 2429 1232 2487 Jesu.
1450 2446 1453 2452 ’

313 2518 469 2586 (l2?)
492 2517 661 2591 Hugo
687 2517 1085 2576 Cluniacensis
1113 2518 1445 2574 monasterii
1479 2522 1680 2586 rector,
1699 2523 1752 2573 et
1781 2517 1952 2590 spiri-

238 2608 420 2666 tualis
445 2608 672 2666 militiae
701 2607 822 2666 dux
851 2623 918 2664 ac
944 2607 1274 2680 praecipuus
1295 2607 1651 2671 informator.
1671 2607 1782 2665 hoc
1811 2606 1954 2664 mihi

239 2699 454 2757 laboris
493 2698 777 2772 injunxit,
826 2704 891 2756 ut
940 2697 1129 2756 Vitam
1191 2698 1254 2756 B.
1311 2697 1593 2768 Oditonis,
1642 2695 1956 2756 decessoris

240 2787 516 2846 videticet
554 2788 667 2853 sui,
699 2786 928 2860 proprie
967 2786 1116 2860 stylo
1158 2787 1444 2845 succincte
1490 2787 1952 2861 perstringerem,

241 2884 298 2935 et
345 2891 419 2934 ex
465 2875 559 2934 his
593 2891 729 2949 quae
766 2875 826 2932 in
866 2875 1200 2934 auctoribus
1244 2875 1469 2948 paginis
1505 2875 1676 2933 latius
1717 2875 1957 2948 reperie-

240 2964 458 3022 bantur
486 2979 611 3022 esse
649 2964 880 3031 diﬂ‘usa,
921 2963 1154 3022 utiliora
1211 2979 1463 3039 quaeque
1500 2964 1802 3036 magisque
1850 2981 1952 3022 ne-

239 3051 490 3112 cessaria
550 3052 709 3109 brevi
767 3052 1108 3124 compendio
1172 3051 1532 3110 deﬂorarem.
1611 3051 1792 3125 Cujus
1851 3068 1955 3126 ego

241 3141 578 3214 compulsus
613 3141 878 3214 imperio,
913 3157 1026 3199 non
1061 3147 1424 3199 venustatem
1463 3141 1742 3200 luculenti
1771 3158 1954 3200 aucu-

244 3231 422 3304 pabor
467 3229 704 3304 eloquii,
754 3228 853 3287 sed
898 3228 1049 3287 sicut
1087 3245 1160 3287 ex
1200 3229 1407 3287 oblatis
1449 3229 1711 3302 apicibus
1751 3230 1956 3303 depre-

247 3317 500 3376 hendere
533 3325 751 3390 potero,
797 3332 930 3374 cum
968 3316 1068 3374 Dei
1111 3316 1523 3388 omnipotentis
1561 3317 1784 3375 auxilio
1833 3335 1955 3378 me-

245 3421 326 3464 rae
368 3406 596 3465 veritati
641 3405 930 3463 deservire
993 3405 1242 3463 teutabo.
1305 3404 1682 3477 Superﬂuum
1741 3407 1956 3480 quippe

244 3502 330 3554 est
385 3494 680 3553 lucernam
744 3492 1018 3551 manibus
1067 3492 1361 3561 adhibere,
1418 3492 1557 3550 dum
1616 3493 1956 3553 micantium

2038 2354 2160 2397 rem
2190 2338 2444 2397 accurati
2475 2337 2760 2396 sermonis
2788 2338 2856 2394 ad
2900 2337 3241 2396 illustranda
3273 2339 3534 2399 ﬁdelium
3578 2344 3747 2403 corda

2040 2427 2172 2485 non'
2199 2427 2472 2502 requirat.
2504 2427 2633 2485 Huc
2683 2428 2916 2498 accedit,
2943 2428 3080 2502 quia
3134 2431 3426 2489 rusticitas
3463 2435 3746 2492 sermonis

2039 2517 2247 2576 inculti
2301 2518 2693 2592 suspicionem
2760 2533 3006 2591 purgare
3073 2520 3372 2577 consuevit
3442 2523 3744 2582 mendacii.

2039 2606 2184 2664 Nam
2223 2607 2327 2679 qui
2376 2607 2477 2668 vix
2522 2605 2752 2677 suﬁicit,
2787 2614 2848 2664 ut
2881 2605 3185 2664 climatum
3219 2607 3419 2666 saltem
3450 2610 3747 2683 depromat

2038 2695 2334 2768 eloquium
2371 2743 2383 2763 ,
2419 2695 2709 2770 quomodo
2743 2694 2969 2754 noverit
3002 2694 3278 2753 fabricare
3304 2700 3748 2758 commentum?

2040 2783 2107 2840 Et
2149 2792 2298 2842 certe
2337 2784 2572 2857 majoris
2614 2783 2715 2842 tibi
2760 2783 2996 2842 honoris
3044 2789 3129 2840 est
3175 2790 3238 2841 ut
3279 2801 3380 2842 rex
3447 2786 3506 2844 iu
3574 2788 3741 2858 ferro,

2037 2888 2213 2944 quam
2269 2889 2471 2930 servus
2527 2871 2839 2930 attituleris
2894 2872 2952 2929 in
3008 2887 3189 2944 auro;
3243 2881 3298 2931 et
3356 2874 3603 2934 habilior
3663 2883 3748 2935 est

2038 2979 2186 3034 aqua
2225 2963 2528 3036 perspicua
2563 2965 2624 3019 in
2669 2977 2803 3018 vase
2847 2961 3030 3030 fictili,
3078 2977 3254 3036 quam
3300 2962 3604 3035 lutulenta,
3651 2966 3743 3024 vel

2039 3051 2249 3116 lurida,
2321 3067 2497 3124 quam
2559 3067 2674 3108 non
2730 3066 2898 3123 sapor
2946 3049 3250 3123 proprius,
3308 3052 3405 3110 sed
3457 3052 3742 3111 exteriora

2038 3139 2444 3198 commendant
2495 3147 2832 3198 ornamenta
2879 3154 3263 3212 gemmarum.
3309 3138 3403 3198 Sic
3446 3145 3502 3196 et
3548 3140 3753 3199 melior

2039 3240 2123 3290 est
2155 3230 2368 3288 veritas
2400 3229 2458 3285 in
2501 3229 2868 3302 simplicibus
2907 3228 3117 3298 verbis,
3165 3244 3340 3302 quam
3384 3229 3456 3286 sit
3505 3231 3737 3288 menda-

2040 3321 2199 3377 cium
2251 3319 2313 3376 in
2372 3318 2698 3375 elucubrati
2756 3323 3056 3375 venustate
3108 3317 3413 3375 sermonis.
3475 3318 3582 3376 Sed
3627 3320 3748 3392 jam

2041 3425 2130 3465 res
2170 3408 2291 3480 ipsa
2337 3409 2688 3480 producatur
2742 3407 2804 3464 in
2864 3405 3141 3476 medium,
3193 3413 3248 3464 et
3293 3406 3456 3464 illius
3500 3423 3750 3467 summa:

2042 3495 2300 3553 veritatis
2349 3496 2648 3554 auxilium
2706 3494 3086 3568 imploremus
3117 3537 3131 3566 ,
3187 3511 3302 3568 qua
3351 3496 3750 3556 abbreviatum

243 3583 544 3643 stellarum
605 3583 832 3640 conaris
888 3581 1054 3654 signa
1111 3581 1508 3655 distinguere;
1565 3598 1670 3654 ego
1725 3585 2300 3680 quoqueBVerbum
2323 3600 2426 3657 per
2455 3585 2793 3658 prophetam
2816 3583 3751 3661 promittitur(Isa.X);quatenus

243 3674 385 3732 dum
426 3680 586 3730 actus
619 3673 899 3730 mirabilis
939 3671 1073 3741 viri,
1117 3679 1386 3747 tanquam
1421 3673 1608 3730 sereni
1657 3674 1958 3745 cujusdam
1981 3671 2102 3732 "in
2135 3675 2309 3746 hujus
2336 3673 2664 3747 scriptionis
2696 3673 2977 3741 articulo,
3007 3680 3061 3730 et
3086 3675 3430 3747 competenti
3474 3674 3752 3734 brevitate

244 3771 420 3837 atque
449 3763 731 3836 perlucidi
761 3763 892 3822 coeli
923 3762 1118 3821 stellas
1149 3763 1408 3830 ostendo,
1453 3763 1676 3821 facetiis
1718 3765 1959 3822 urbana;
2043 3764 2363 3821 succinctos
2389 3807 2403 3831 ,
2433 3768 2483 3818 et
2516 3777 2548 3818 a
2580 3768 2710 3818 nota
2745 3761 3027 3819 mendacii
3063 3777 3166 3820 nos
3204 3762 3474 3820 exhibeat
3511 3763 3748 3822 alienos.

247 3851 541 3911 facundia:
593 3867 709 3910 non
765 3851 1018 3923 indigeo.
1084 3850 1214 3925 Ipsa
1269 3851 1483 3925 quippe
1551 3867 1650 3925 per
1724 3869 1784 3910 se
1833 3869 1960 3910 san-
2117 3852 2324 3911 Beatus
2359 3851 2538 3925 igitur
2575 3849 2739 3908 Odilo
2782 3849 2929 3920 (1'23)
2973 3851 3242 3910 Arveniaa
3273 3851 3574 3924 oriundus,
3602 3850 3742 3908 401

1259 3979 1589 4039 ANDREfE
1629 3979 1933 4040 CHESNII
1973 3981 2069 4040 ET
2110 3979 2452 4041 ANONYMI
2495 3977 2734 4038 NOT/E.

310 4077 441 4140 (1'22)
474 4078 625 4142 Hngo
655 4074 753 4128 fuit
798 4075 964 4128 abbas
1001 4075 1371 4128 Cluniacensis
1407 4081 1619 4135 sextus,
1663 4080 1946 4130 sanctitate
2035 4080 2146 4137 235.
2207 4081 2260 4130 et
2320 4077 2409 4128 lib.
2483 4077 2553 4128 De
2603 4073 2955 4140 scriptoribus
3008 4075 3423 4137 ecclesiasticis;
3497 4077 3750 4128 Antonius

243 4161 464 4214 quoque
486 4148 843 4200 clarissimus.
2043 4150 2486 4211 archiepisc0pus
2562 4147 2896 4199 Florentinus
2971 4147 3024 4198 in
3101 4147 3413 4208 Chronicts,
3482 4147 3750 4212 Philippus

307 4219 446 4284 (123)
488 4220 560 4272 De
625 4218 729 4270 hoc
798 4218 1012 4270 Otilone
1072 4221 1268 4281 praster
1327 4218 1535 4271 Petrum
1618 4220 1946 4282 Damianum,
2043 4221 2334 4281 Bergomas
2396 4220 2446 4269 in
2503 4217 2902 4282 Supplemento,
2960 4217 3339 4268 Volaterranus
3406 4219 3460 4269 in
3530 4219 3752 4272 Anthro-

245 4295 299 4344 et
377 4291 818 4341 Sitviniacensem
905 4293 1223 4341 monachum
1299 4303 1652 4352 anonymum,
1710 4293 1801 4356 qui
1863 4293 1951 4343 Vi-
2041 4293 2276 4356 pologia,
2340 4291 2637 4342 Chronicun
2689 4301 2869 4340 rerum
2926 4288 3381 4351 Burgundionum,
3434 4289 3749 4342 Guillelmus

242 4365 356 4414 tam
405 4363 526 4425 ejus
592 4365 646 4412 et
715 4361 974 4413 miracula
1031 4360 1246 4424 scriptis
1310 4362 1724 4424 consignavere.
1800 4376 1949 4415 men-
2048 4364 2340 4415 Paradinus
2379 4364 2434 4412 in
2471 4361 2711 4412 Annahb.
2767 4357 3100 4424 Burgundia,
3153 4361 3333 4412 Petrus
3381 4361 3750 4412 Santutianus

246 4433 449 4484 tionem
528 4431 735 4483 faciunt
826 4433 1001 4483 adhuc
1081 4431 1469 4482 Cttartularium
1568 4432 1613 4482 S.
1702 4433 1952 4484 Honorati
2045 4436 2100 4486 in
2157 4435 2323 4498 antiq.
2367 4433 2588 4492 Matisc.,
2633 4439 2686 4482 et
2728 4431 2885 4481 Cabit.
2934 4431 3225 4482 Riccardus
3289 4431 3751 4494 Wasseburgensis

246 4503 558 4557 Lerlnensis
637 4503 868 4563 insulae;
934 4502 1124 4554 Glaber
1191 4500 1523 4564 Rodulpbus,
1594 4503 1681 4553 lib.
1757 4504 1950 4555 Histor.
2051 4507 2102 4556 in
2157 4505 2380 4556 historia
2443 4503 2618 4554 Gallia;
2683 4501 2926 4565 Belgica,
2983 4502 3153 4554 Caesar
3213 4502 3472 4552 Baronius
3527 4502 3584 4552 in
3651 4507 3750 4553 An-

246 4587 405 4637 capp.
439 4576 468 4624 5
500 4579 552 4625 et
586 4575 646 4636 8;
684 4574 778 4626 lib.
817 4586 900 4635 ιιι,
946 4586 1063 4637 cap.
1111 4574 1160 4633 3,
1200 4579 1253 4626 et
1293 4573 1382 4624 lib.
1433 4586 1484 4634 ν,
1533 4586 1687 4638 capp.
1735 4575 1753 4625 ι
1805 4580 1858 4624 et
1890 4576 1952 4632 Ii;

250 4647 551 4697 Ademarus
623 4645 985 4698 Cbahanensis
1039 4647 1095 4696 in
1156 4646 1387 4698 Historia
1436 4646 1766 4710 Aquitaniae;
1823 4657 1960 4697 con-

246 4717 432 4768 cilium
492 4716 876 4770 Lemoviceuse
956 4729 1090 4768 sess.
1152 4718 1214 4775 3;
1275 4715 1570 4769 Chronicon
1633 4717 1960 4768 Cassinense

247 4799 375 4851 Cap.
431 4789 522 4848 58;
577 4786 861 4840 Futbertus
907 4788 1242 4840 Carnotensis
1300 4789 1608 4852 episcopus.
1672 4789 1831 4852 epist.
1879 4788 1956 4838 31.

249 4864 305 4911 et
353 4859 446 4920 66;
493 4861 779 4912 concilium
831 4858 1182 4912 Cabilonense
1226 4861 1557 4922 provinciale
1603 4862 1662 4922 8;
1696 4860 1960 4911 Herman-

250 4931 309 4982 ni
361 4929 623 4982 Contracti
671 4932 1048 4987 coutinuator;
1095 4931 1405 4983 Siaebertus
1464 4931 1531 4982 ad
1588 4945 1788 4982 annum
1838 4931 1957 4994 993;

253 5002 444 5052 Petrus
509 4999 796 5064 Blesensis,
871 5006 1023 5064 epist.
1108 5001 1227 5056 133;
1301 5000 1438 5052 liber
1507 5001 1960 5054 Consuetudinum

251 5071 487 5126 caanobtt
553 5072 936 5132 ,Cluniacensis
963 5090 974 5132 ;
1043 5071 1351 5124 Fasciculus
1426 5076 1769 5137 temporum;
1834 5073 1958 5124 Vin-

250 5143 395 5195 cc-nti
439 5157 466 5194 s
519 5143 932 5203 Bellovacensis,
991 5144 1078 5196 lib.
1133 5154 1272 5195 xxv:
1311 5141 1544 5206 Specuti,
1595 5156 1711 5208 cap.
1771 5145 1858 5196 102
1907 5147 1958 5198 et

253 5215 646 5280 sequentibus;
725 5216 1020 5268 Chronicon
1146 5214 1564 5275 Lemovicense;
1649 5215 1958 5268 Bernardus

250 5285 537 5345 Gnidonis;
646 5287 944 5338 Chronicon
1044 5287 1090 5336 8.
1217 5285 1349 5337 Petri
1465 5287 1614 5348 Vivi,
1719 5287 1952 5348 Platina,

246 5356 552 5408 Chronicon
634 5357 1053 5414 Chronicorum,
1134 5356 1401 5418 Lupoldus
1469 5356 1958 5421 Bebemburgensis

250 5428 346 5480 lib.
409 5429 481 5480 De
541 5432 789 5481 veterum
839 5428 1147 5494 principum
1197 5428 1579 5490 Germanorum
1628 5427 1734 5480 ﬁde
1775 5433 1828 5480 ct
1877 5441 1958 5481 re-

254 5499 478 5563 ligione,
531 5512 649 5566 cap.
721 5502 813 5560 t3;
880 5500 1204 5553 Trithemius
1245 5499 1340 5552 lib.
1396 5512 1455 5559 ιι,
1511 5499 1581 5553 De
1646 5501 1778 5551 viris
1834 5499 1959 5554 illu-

257 5569 466 5624 stribus
529 5573 739 5624 ordinis
790 5572 840 5623 8.
887 5571 1158 5626 Benedicti
1221 5582 1334 5638 cap.
1391 5571 1469 5634 75,
1520 5572 1609 5624 lib.
1689 5583 1772 5636 ιιι,
1843 5583 1961 5638 cap.

2049 4576 2237 4635 natib.,
2289 4580 2340 4626 et
2391 4575 2458 4626 ad
2510 4572 2782 4635 Martyrol.
2847 4573 3086 4628 Roman;
3149 4572 3400 4624 Altonsus
3459 4573 3750 4637 episcopus

2051 4647 2311 4698 Athiensis
2363 4646 2417 4696 in
2471 4645 2562 4695 lib.
2615 4645 2686 4696 De
2733 4655 2903 4707 regno
2971 4643 3288 4706 Burgundiaa
3353 4644 3749 4708 Transjuranm,

2053 4717 2322 4781 Chopinus
2387 4717 2442 4768 in
2507 4717 2814 4776 Monastico,
2895 4721 2949 4767 et
2997 4713 3089 4765 alii
3152 4718 3258 4764 tam
3319 4720 3532 4767 veteres
3590 4727 3752 4779 quam

2051 4789 2316 4839 moderni.
2367 4786 2565 4844 Qubius
2610 4786 2890 4838 addendus
2949 4787 3108 4837 etiam
3150 4785 3385 4837 Joannes
3443 4785 3751 4838 Parisiensis

2053 4860 2108 4910 in
2176 4858 2469 4910 Memoriali
2521 4857 2895 4918 Historiarum,
2966 4857 3056 4906 ubi
3133 4856 3212 4906 sic
3275 4857 3548 4907 aitzPost
3621 4855 3747 4907 bea-

1982 4896 2026 4955 ο
2054 4896 2484 4983 afﬁgit};
2522 4896 3060 4992 ‘fJthuFeET’oJ‘Jé
3116 4896 3347 4992 illam};
3379 4896 3568 4979 'a'bBHs
3621 4896 3748 4978 ἷςῒιὶ.

2053 5000 2340 5052 niacensis.
2427 4999 2524 5051 Hic
2609 4999 2672 5049 de
2743 4999 3025 5058 Alvernia.
3101 5012 3168 5050 ea;
3242 4999 3478 5064 equestri
3563 5011 3753 5063 genere

2053 5069 2316 5124 oriundus
2373 5070 2504 5134 luit,
2555 5073 2605 5122 et
2652 5067 2749 5120 sub
2781 5068 2835 5120 S.
2872 5069 3064 5121 Maioto
3091 5069 3272 5135 factus
3302 5068 3595 5122 monachus
3625 5065 3745 5121 Otu-

2049 5143 2335 5203 niacensis,
2406 5141 2499 5194 ubi
2579 5141 2710 5191 dum
2759 5140 2823 5191 in
2889 5142 3082 5206 quiete,
3141 5142 3489 5204 simpticitale
3541 5144 3589 5192 et
3639 5139 3746 5192 hu-

2048 5215 2297 5272 militate,
2349 5216 2398 5265 et
2459 5217 2650 5264 sancta
2707 5211 3111 5264 conversatione
3158 5213 3479 5276 persisteret,
3529 5216 3579 5264 et
3623 5213 3750 5277 jam

2049 5283 2392 5349 perfectionis
2469 5295 2725 5334 normam
2774 5283 3086 5347 attingeret,
3144 5285 3234 5334 vis;
3291 5283 3452 5334 annis
3515 5289 3753 5348 quatuor

2051 5355 2294 5416 evolutis,
2360 5355 2416 5407 S.
2483 5354 2709 5406 Maiotus
2791 5355 2853 5404 in
2934 5356 3159 5405 Domino
3221 5354 3532 5418 requievit;
3599 5353 3751 5407 beato

2053 5432 2180 5482 tunc
2241 5426 2460 5478 Oditone
2522 5424 2959 5478 concurrentibus
3028 5423 3090 5476 in
3148 5439 3208 5476 eo
3291 5425 3426 5476 votis
3503 5425 3749 5476 omnium

2053 5501 2296 5564 fratrum
2356 5497 2455 5551 sibi
2526 5497 2813 5550 substituto
2867 5497 2929 5548 in
2984 5509 3118 5549 cura
3175 5495 3452 5560 pastorali.
3522 5494 3754 5558 Prw/uit

2059 5570 2231 5636 igitur
2281 5571 2342 5624 56
2397 5569 2576 5635 annis,
2648 5580 2745 5622 nec
2799 5567 2986 5635 aliqua
3056 5568 3141 5621 die
3200 5580 3236 5620 a
3296 5564 3466 5620 missa:
3534 5565 3757 5621 celebra-
