4108 6206
374 255 480 318 927

842 253 901 315 S.
946 252 1172 316 PETRI
1208 256 1532 316 DAMIANI
1571 254 1729 317 OPP.
1771 254 1964 316 PARS
2001 254 2141 316 SEU
2181 254 2432 317 TOMUS
2471 253 2546 314 Π.
2590 286 2652 299 -
2700 252 3151 315 SANGTORUM
3190 256 3411 317 VITE.

3772 257 3887 318 9‘28

385 400 460 443 ex
509 383 763 459 equestri
808 382 1048 458 quidem
1086 383 1288 445 ordine
1329 385 1706 461 genus.(t24)
1751 383 1942 456 duxit,
1981 382 2148 446 sedA
2247 390 2395 448 402
2449 382 2563 453 Qui
2613 387 2891 457 praeterea
2937 380 3079 442 dum
3143 384 3216 443 ad
3281 384 3715 457 grandiuscula;
3759 386 3884 459 jam

379 479 628 534 terrenae
684 473 974 548 prosapiae
1028 474 1243 533 lineam
1306 473 1558 535 cmlestis
1608 474 1748 533 vitae
1794 473 2092 533 nobilitate

386 561 756 622 transcendit.
797 561 909 621 Hic
937 563 1078 622 dum
1113 564 1303 623 adhuc
1331 564 1541 640 puerili
1572 569 1860 622 teneretur
1896 562 2089 623 infan-

384 652 483 722 tia,
515 656 672 710 tanto
704 657 935 726 repente
972 658 1056 710 est
1083 652 1351 713 omnium
1387 653 1504 712 fere
1540 652 1934 711 membrorum
1964 651 2089 710 lan-

382 755 561 816 guore
627 741 968 800 constrictus
1001 785 1016 813 ,
1069 748 1133 800 ut
1191 741 1498 802 incedendi
1565 756 1798 816 quoque
1854 755 2091 814 prorsus

382 827 667 887 amitteret
720 828 1069 887 facultatem.
1126 830 1362 890 Accedit
1429 830 1669 905 [accidit]
1741 836 1937 888 autem
1991 827 2093 888 ali-

383 914 635 991 quando,
671 921 735 974 ut
761 916 965 976 nutrix
993 933 1130 977 eum
1159 925 1293 977 ante
1328 908 1567 992 ianuam
1598 917 1904 990 cujusdam
1934 917 2088 976 basi-

384 1003 533 1074 licas,
570 1019 716 1079 quin
772 1004 835 1064 in
889 1006 1169 1067 honorem
1219 1008 1402 1068 beata
1454 1007 1557 1068 Dei
1611 1006 1919 1067 Genitricis
1970 1012 2092 1065 erat

383 1091 642 1152 dedicata
682 1091 1079 1170 relinqueret;
1131 1100 1188 1154 et
1229 1095 1355 1170 ipsa
1397 1096 1620 1154 intenta
1659 1095 1781 1154 suis
1830 1106 2093 1167 compen-

381 1178 495 1239 diis
543 1182 645 1254 per
682 1180 911 1241 diversa
939 1185 1139 1257 procul
1186 1185 1390 1245 abiret.
1445 1185 1595 1244 Puer
1635 1184 1829 1259 itaque
1863 1199 1922 1242 se
1953 1198 2090 1241 con-

379 1269 627 1344 spiciens
647 1270 777 1330 sine
801 1271 1036 1331 custode
1065 1272 1353 1343 relictum,
1382 1288 1449 1331 ac
1476 1272 1738 1332 nutritiae
1766 1270 2090 1331 sedulitatis

381 1357 705 1418 ministerio
754 1358 1092 1420 destitutum
1117 1407 1132 1433 ,
1183 1360 1384 1420 divino
1447 1361 1692 1436 quodam
1752 1365 2092 1435 provocatus

378 1446 678 1519 instinctu,
730 1454 945 1509 tentare
979 1450 1148 1525 coepit
1196 1452 1244 1510 si
1290 1451 1488 1509 valvas
1529 1450 1785 1511 ecclesiae
1830 1449 2092 1526 quolibet

380 1535 515 1594 nisu
557 1544 748 1610 posset
804 1540 1105 1613 attingere.
1163 1539 1506 1600 Fluctuabat
1576 1540 1756 1613 igitur
1812 1540 2092 1599 innocens

381 1638 516 1684 reus
559 1624 684 1699 Dei,
727 1633 783 1684 et
833 1627 945 1686 sub
990 1628 1191 1688 divino
1237 1630 1476 1689 verbere
1521 1630 1894 1700 constitutus,
1945 1628 2088 1704 quid

2174 474 2359 532 aetatis
2386 472 2735 532 adolesceret
2765 473 3208 545 incrementum,
3241 474 3404 549 prius
3431 473 3588 547 apud
3615 480 3888 533 sanctum

2172 564 2477 623 Julianum
2524 567 2839 636 martyrem
2868 561 3057 620 factus
3082 568 3165 620 est
3205 561 3452 621 clericus
3480 561 3645 635 (125),
3675 562 3891 623 deinde

2173 652 2238 712 B.
2269 652 2463 712 Maioli
2506 651 2855 733 confessoris
2896 651 3107 725 egregii
3141 665 3204 709 se
3247 652 3577 725 magisterio
3627 652 3886 723 tradidit,

2174 749 2229 801 et
2281 743 2340 800 in
2386 734 2757 802 Cluniacensi
2807 738 3152 799 monasterio
3192 740 3456 800 habitum
3494 748 3711 800 sanctae
3755 741 3889 800 reli-

2170 830 2359 904 gionis
2382 830 2621 905 accepit.
2652 829 2761 888 Ubi
2791 828 2933 889 dum
2954 829 3185 902 quietus
3213 836 3267 887 et
3298 829 3548 904 simplex
3579 829 3887 891 humiliter

2172 918 2235 979 in
2281 924 2479 977 sancta
2514 918 2796 992 religione
2845 918 3190 992 pet-sisteret,
3232 925 3291 977 et
3331 919 3396 976 in
3441 918 3563 992 ipso
3609 918 3773 978 rudis
3816 934 3885 978 ac

2175 1008 2414 1067 novitize
2442 1006 2901 1066 conversationis
2930 1007 3207 1079 etordio,
3255 1005 3522 1082 quadam
3547 1007 3667 1079 jam
3700 1007 3767 1066 in
3808 1022 3879 1066 eo

2172 1097 2541 1172 perfectionis
2577 1096 2837 1167 insignia
2883 1095 3282 1169 praelucerent,
3317 1096 3423 1155 vix
3454 1095 3702 1155 evolutis
3736 1111 3883 1171 qua-

2172 1193 2304 1247 tuor
2352 1186 2543 1258 annis,
2576 1185 2639 1244 B.
2694 1183 2939 1243 Maiolus
2982 1184 3336 1244 obdormivit
3382 1184 3445 1243 in
3487 1185 3756 1255 Domino,
3782 1185 3881 1243 sed

2171 1281 2482 1351 antequam
2530 1273 2910 1334 humanitatis
2955 1273 3215 1333 debitum
3262 1273 3528 1344 solveret,
3576 1274 3883 1348 proximus

2174 1373 2367 1425 tamen
2409 1365 2592 1423 beaten
2634 1363 3002 1423 dormitionis
3030 1363 3315 1423 articulus
3347 1362 3702 1434 immineret,
3745 1362 3882 1420 bea-

2174 1462 2301 1513 tum
2331 1452 2633 1513 Odilonem
2669 1452 2903 1512 sibimet
2929 1452 2992 1510 in
3030 1451 3329 1525 pastoralis
3363 1449 3538 1510 ofﬁcii
3574 1465 3719 1509 cura
3749 1449 3883 1509 sub-

2172 1543 2380 1612 stituit,
2425 1556 2718 1614 suumque
2771 1556 2946 1617 super
2997 1538 3281 1599 Dominici
3332 1539 3525 1613 gregis
3557 1538 3885 1598 custodiam

2172 1629 2456 1689 vicarium
2496 1630 2822 1705 dereliquit.
2865 1629 2933 1688 In
2964 1643 3142 1703 quem
3186 1627 3451 1702 protinus
3478 1628 3747 1686 omnium
3775 1626 3883 1685 fra-

378 1718 574 1784 ageret
601 1715 909 1774 nesciebat.
943 1716 1247 1788 Innocens,
1282 1719 1541 1794 inquam,
1571 1726 1634 1778 ut
1663 1723 1801 1793 puta
1838 1718 1941 1792 qui
1969 1732 2087 1777 non
2108 1725 2329 1812 Btrum
2367 1725 2499 1778 vota
2534 1724 2910 1792 concurrunt,
2936 1733 3141 1777 omnes
3174 1732 3235 1776 se
3268 1716 3342 1775 ad
3388 1716 3780 1776 obedientiam
3821 1716 3877 1775 ei

375 1809 748 1876 peccaverat;
798 1820 930 1865 reus
972 1813 1167 1866 autem
1215 1807 1341 1879 Dei,
1394 1808 1533 1883 quia
1581 1808 1799 1868 cmlesti
1850 1807 2088 1866 verbere

378 1891 705 1966 vapulabat.
740 1893 999 1954 Tandem
1035 1911 1240 1970 repens
1281 1904 1334 1956 et
1372 1898 1541 1975 quasi
1575 1898 1826 1973 quodam
1860 1913 1920 1956 se
1962 1912 2086 1955 ma-

376 1995 569 2041 nuum
598 1984 929 2058 pedumque
966 1986 1210 2061 remigio
1254 1987 1504 2047 fulciens
1530 2031 1544 2058 ,
1572 1988 1676 2046 vix
1723 1987 1987 2061 pervenit
2014 1986 2088 2045 ad

369 2069 634 2143 januam,
678 2072 959 2146 paulatim
1011 2089 1343 2148 progressus
1395 2077 1656 2136 intravit.
1706 2075 1951 2151 Jamque
1988 2090 2088 2151 spe

378 2167 672 2237 concepta,
702 2163 988 2225 valentior
1028 2165 1220 2240 palam
1263 2167 1463 2227 altaris
1505 2167 1771 2241 arripuit,
1806 2174 1862 2226 et
1895 2166 1979 2225 sic
2025 2183 2088 2225 se

376 2251 616 2323 erigere,
659 2251 874 2326 quibus
913 2260 1134 2328 poterat
1179 2257 1501 2327 conatibus,
1540 2258 1730 2332 erepit.
1777 2258 1889 2318 Sed
1943 2259 2086 2317 dum

381 2337 784 2414 intempestive
811 2348 1071 2414 sonatur,
1097 2345 1345 2404 necdum
1370 2344 1541 2405 soluti
1571 2346 1868 2420 languoris
1892 2347 2089 2405 adhuc

382 2426 705 2488 nodositate
734 2430 1119 2507 restringitur.
1150 2433 1300 2504 Quid
1346 2436 1554 2507 plura?
1580 2434 1838 2495 Tandem
1866 2426 2088 2494 divina;

383 2513 614 2575 virtutis
645 2518 935 2578 auxilium
976 2519 1173 2585 sensit,
1213 2529 1271 2580 et
1304 2524 1463 2581 omni
1509 2522 1787 2598 languore
1828 2523 2088 2598 deposito

380 2602 568 2663 factus
596 2605 926 2677 incolumis,
951 2608 1026 2667 ad
1052 2611 1423 2670 referendum
1462 2610 1580 2671 Deo
1607 2613 1818 2686 gratias
1848 2614 2087 2672 intuen-

382 2692 528 2751 tium
573 2694 801 2753 animos
845 2700 1190 2767 provocavit.
1242 2700 1313 2758 Et
1344 2701 1483 2776 quia
1528 2708 1666 2761 tunc
1693 2702 1850 2762 alius
1894 2704 2094 2762 deerat

379 2781 480 2855 qui
507 2796 611 2855 pro
637 2799 699 2841 se
728 2784 1104 2846 intercederet
1132 2832 1147 2859 ,
1181 2796 1414 2849 sanctus
1438 2791 1562 2864 ipse
1592 2836 1606 2864 ,
1638 2798 1702 2851 ut
1739 2793 1816 2850 ita
1865 2792 2086 2867 loquar,

383 2872 448 2930 in
472 2887 533 2931 se
558 2873 793 2947 signum
817 2875 1053 2937 virtutis
1071 2880 1362 2951 exhibuit,
1381 2882 1502 2955 ipse
1530 2896 1635 2956 pro
1661 2899 1721 2941 se
1743 2884 2087 2955 intervenit;

381 2964 438 3019 et
462 2959 534 3019 de
566 2961 688 3035 ipso
726 2963 1008 3024 miracqu
1037 2966 1255 3027 faciens
1286 2969 1636 3030 medicinam
1667 2972 1886 3031 divinas
1914 2989 2087 3032 cura-

2173 1808 2437 1869 unanimi
2477 1808 2783 1869 devotione
2820 1807 3234 1877 substernunt;
3294 1806 3515 1881 quique
3543 1821 3604 1865 se
3642 1811 3883 1864 eatenus

2171 1898 2396 1959 orbatos
2445 1913 2742 1957 remanere
2794 1896 3162 1967 deﬂeverant,
3216 1894 3566 1953 decessionis
3623 1900 3883 1968 paternae

2164 1988 2472 2063 jacturam,
2505 1986 2771 2061 supparis
2811 1985 3012 2045 vicarii
3046 1984 3454 2044 reformatione
3481 1989 3878 2056 compensant.

2239 2077 2368 2137 Jam
2400 2091 2536 2135 vero
2566 2076 2626 2134 in
2665 2075 2958 2134 commissi
2986 2072 3290 2147 regiminis
3317 2070 3709 2132 sollicitudine
3739 2085 3879 2131 con-

2170 2164 2405 2223 stitutus
2434 2210 2448 2234 ,
2506 2162 2779 2237 plurimis
2824 2170 3038 2221 sanctae
3088 2160 3389 2235 religionis
3446 2161 3620 2233 αιδρῆ
3669 2161 3880 2219 ﬂorere

2170 2251 2523 2321 virtutibus;
2553 2252 2835 2311 nimirum
2874 2256 2937 2310 ut
2964 2248 3304 2324 psalmodiai
3331 2249 3535 2308 studiis
3564 2247 3882 2324 vigilanter

2169 2340 2478 2412 insisteret,
2531 2340 2676 2400 dura
2727 2356 2935 2414 corpus
2978 2338 3175 2398 inedia
3227 2344 3562 2409 maceraret,
3616 2344 3795 2412 atque
3844 2352 3881 2394 a

2170 2431 2348 2489 sacris
2406 2431 2687 2490 altaribus
2736 2446 2855 2489 non
2906 2430 3221 2501 recedens,
3267 2428 3699 2503 ‘quotidianum
3756 2428 3881 2485 fere

2169 2518 2553 2592 omnipotenti
2610 2519 2726 2577 Deo
2777 2518 3127 2577 sacriﬁcium
3172 2517 3364 2577 laudis
3418 2517 3661 2575 offerret.
3719 2513 3881 2573 Inter

2171 2620 2319 2685 quas
2368 2609 2622 2683 profecto
2674 2609 2786 2682 piae
2837 2609 3161 2669 devotionis
3219 2607 3515 2674 excubias,
3565 2606 3884 2667 uberrimis

2172 2701 2520 2776 plerumque
2566 2700 2959 2774 lacrymarum
2998 2699 3543 2774 compunctionibus
3582 2697 3881 2756 adluebat.

2245 2790 2422 2849 Porro
2458 2795 2648 2848 autem
2680 2787 2972 2847 Adraldus
3002 2787 3172 2860 (126),
3201 2787 3379 2847 abbas
3402 2786 3734 2846 Bremens
3765 2796 3885 2844 mo-

2172 2878 2430 2950 nasterii,
2479 2878 2571 2936 vir
2611 2878 2877 2938 videlicet
2928 2876 3233 2950 religiosus
3272 2890 3338 2934 ac
3372 2882 3584 2935 sancta
3629 2889 3886 2935 conver-

2173 2969 2417 3030 sationis
2472 2969 2768 3027 honestate
2823 2967 3191 3040 conspicuus,
3238 2966 3337 3040 qui
3382 2966 3709 3040 discipulus
3755 2964 3889 3037 ejus

385 3049 562 3109 tionis
610 3051 881 3112 obtinuit.
914 3054 1036 3115 Hoc
1088 3064 1175 3117 est
1220 3059 1378 3119 enim
1435 3064 1753 3136 egregium,
1781 3070 1835 3121 et
1863 3062 2150 3137 insigne“
2176 3058 2492 3130 exstiterat,
2531 3057 2699 3115 nobis
2737 3056 3053 3132 aliquando
3082 3055 3278 3114 retulit
3301 3054 3440 3129 quia
3464 3056 3556 3113 vir
3582 3054 3706 3125 Dei,
3738 3053 3889 3112 dum

386 3140 761 3216 miraculum,
791 3160 929 3205 cum
961 3148 1134 3209 homo
1166 3165 1281 3210 non
1315 3166 1417 3225 per
1444 3152 1627 3212 alium
1647 3197 1663 3226 ,
1697 3153 1795 3212 sed
1825 3153 1948 3229 ipse
1980 3153 2090 3214 sibi

385 3230 663 3291 conscivit
689 3232 912 3295 divina
938 3237 1173 3297 virtutis
1200 3239 1519 3300 auxilium.

2174 3149 2237 3207 in
2269 3163 2337 3206 eo
2377 3162 2496 3222 quo
2533 3146 2899 3221 postmodum
2938 3146 3249 3206 defunctus
3285 3142 3433 3200 403
3476 3150 3562 3203 est
3608 3144 3894 3217 languore

2173 3236 2581 3306 decumberet,
2635 3235 2727 3294 illi
2787 3234 3059 3311 praecepit
3111 3241 3177 3294 ut
3226 3250 3300 3293 ex
3357 3232 3666 3293 calcularis
3720 3230 3889 3291 abaci

1404 3350 1733 3418 ANDBEAS
1773 3357 2073 3419 CHESNII
2116 3355 2209 3416 ET
2248 3351 2597 3414 ANONYMI
2632 3350 2874 3413 NOTI‘E.

388 3438 531 3522 tione
593 3440 838 3522 cessauit.
906 3445 1388 3522 quantumcunque
1458 3447 1751 3522 impeditus
1814 3449 1966 3515 fuit;
2027 3450 2090 3501 in

388 3510 673 3587 erogandi:
702 3512 1047 3587 eieemosynis
1070 3515 1168 3587 ita
1195 3510 1397 3581 largus,
1447 3524 1508 3572 ut
1538 3510 1591 3573 ἀ
1629 3510 1959 3587 quibusdam
1977 3532 2090 3573 non

382 3581 764 3657 dispensator,_
789 3585 881 3636 sed
941 3585 1199 3651 prodigus
1257 3589 1548 3643 diceretur.
1603 3581 1861 3657 Tempore
1923 3590 2089 3656 famis

383 3653 715 3734 coruumptis
743 3654 804 3706 in
841 3668 989 3734 usus
1007 3670 1312 3734 pauperum
1343 3659 1611 3715 thesauris
1649 3653 1890 3725 ecclesia,
1924 3653 2090 3727 plura

391 3726 565 3798 etiam
581 3737 741 3798 sacra
760 3739 911 3798 Δυιιδιι
939 3731 990 3781 et
1024 3730 1378 3784 ecclesiastica
1406 3737 1735 3787 ornamenta
1762 3726 2089 3798 pauperibus

381 3793 682 3878 distribuit.
743 3795 962 3878 garoue
1016 3799 1208 3878 etiam,
1262 3815 1430 3878 quam
1486 3793 1775 3858 Henricus-
1825 3793 2087 3857 secundus

383 3867 684 3940 ianuaralor
713 3867 817 3921 sibi
855 3868 919 3921 ob
955 3872 1046 3923 sui
1088 3867 1413 3927 memoriam
1464 3876 1781 3933 destinavit.
1832 3888 1943 3929 non
1993 3888 2089 3940 pe—

379 3938 576 4002 percit.
631 3941 834 4005 Corpus
893 3954 1054 3994 suum
1102 3956 1215 3997 non
1278 3948 1500 4000 tantum
1578 3947 1732 3999 duris
1771 3938 2088 4001 attenuabat

371 4009 606 4076 jejuniis
644 4015 693 4063 et
733 4011 1050 4077 asperrimis
1076 4015 1359 4070 edomabat
1396 4016 1608 4078 ciliciis,
1645 4018 1740 4071 sed
1778 4022 1831 4073 et
1871 4020 2085 4085 quibus-

382 4077 515 4132 dam
583 4081 777 4146 ferreis
857 4083 1083 4136 uestibus
1148 4087 1476 4142 coarctabat.
1545 4088 1770 4142 Sobrius
1833 4095 1952 4142 erat
2025 4088 2085 4142 in

1277 4101 1476 4142 σιαυαι.
1545 4101 1770 4142 δουηυε
1833 4101 1952 4142 erat
2025 4102 2091 4142 ιη

379 4150 602 4232 edendo,
635 4156 685 4232 et
720 4152 937 4232 piushia
979 4157 1372 4232 committenda.
1420 4161 1574 4232 Inter
1615 4165 1849 4232 ceteros,
1876 4163 2088 4213 sanctos

384 4222 533 4296 eirea
564 4224 779 4296 beatam
822 4221 925 4296 Dei
948 4229 1186 4280 matrem
1240 4228 1626 4283 ardentissima
1672 4231 1949 4283 devotione
1992 4232 2091 4296 ﬂa-

381 4289 593 4371 grabat,
629 4293 842 4371 ipseque
891 4294 1024 4347 dum
1064 4297 1561 4371 reprehenderetur
1614 4315 1680 4353 es:
1725 4314 1786 4353 eo
1840 4289 2003 4368 quod'
2030 4301 2094 4353 in

382 4363 694 4437 paniteutes
733 4368 1139 4423 misericordtor
1178 4370 1331 4434 justo
1378 4382 1484 4422 esse
1531 4373 1822 4433 videretur,
1847 4363 2089 4437 'respon-

532 4431 1147 4529 Ξῖέαπξηαειάυίρίητ»
1173 4431 1319 4529 iam“
1346 4440 1611 4529 ἀέιφτπξνί
1660 4444 1725 4529 σεξ
1760 4431 2151 4529 ,ηιεεσεέεον-ι)

382 4504 481 4588 dia
529 4517 697 4588 quam
737 4511 803 4588 de
851 4513 1083 4588 duritia,
1129 4514 1212 4564 vel
1263 4512 1603 4588 crudelitate.
1630 4584 1639 4588 _
1668 4515 1837 4580 Hujus
1911 4517 2091 4571 Vitam

375 4580 533 4657 jussu
593 4580 831 4657 Hisponis
892 4585 1009 4657 ejus
1072 4584 1385 4657 successoris
1445 4584 1663 4657 scripsit
1726 4589 1915 4640 Petrus
1991 4588 2089 4640 Da-

665 4647 856 4729 Gtarus
895 4647 1390 4729 imitamenti-acutis
1436 4656 1498 4729 in
1543 4647 1679 4716 uita,
1714 4658 1974 4721 migravit
2012 4659 2087 4711 ad

381 4714 657 4772 Christum
688 4724 754 4774 in
794 4714 987 4790 vigilia
1033 4722 1490 4780 Circumcisionis.
1541 4729 1606 4777 In
1637 4714 1894 4781 extremis
1936 4730 2086 4781 tabo-

383 4800 516 4870 ratts
544 4791 826 4870 diabolum
867 4801 1051 4870 astare
1087 4796 1243 4870 uidit,
1282 4799 1330 4848 et
1380 4798 1868 4870 eumiadjuratum
1920 4800 2088 4864 fuga-

382 4863 482 4913 uit.
540 4863 775 4917 Meminit
827 4869 882 4918 et
938 4868 1086 4920 illius
1141 4869 1443 4921 Chronicon
1501 4869 1550 4920 s.
1618 4870 1840 4933 Benignt
1911 4863 2084 4923 Divio-

381 4935 607 5005 nensis,
681 4935 737 4989 in
807 4950 916 5004 quo
963 4939 1178 5003 legitur,
1234 4940 1379 5005 quod
1432 4951 1576 4992 anno
1643 4939 1762 4992 ltiti
1821 4942 1932 4992 Rea:
1976 4940 2085 4994 Ro-

385 5001 567 5085 bsrtus
637 5001 1040 5085 Burgundiam'
1066 5001 1289 5085 intrans
1342 5020 1464 5085 eum
1531 5009 1772 5085 plurimo
1826 5011 2089 5085 exercitu,

386 5073 673 5152 bivionem
726 5083 969 5134 castrum
1024 5081 1285 5152 aduenit,
1325 5073 1765 5145 circumpositum
1813 5073 2088 5147 regionem

381 5145 668 5218 deuastans
732 5162 797 5204 ae
855 5149 1199 5218 depopulans.
1257 5151 1423 5218 Cujus
1476 5155 1624 5205 iram
1674 5145 1888 5206 timens
1924 5153 2086 5207 abbas

394 5215 699 5284 Wittetmus,
773 5215 955 5276 omnes
988 5215 1289 5276 monachos
1328 5215 1429 5275 'ab
1489 5222 1587 5277 hoc
1632 5226 1742 5276 loco
1804 5236 1903 5291 per
1971 5224 2086 5277 alia

384 5295 723 5345 monasteria
761 5294 930 5362 jussit
974 5296 1225 5356 secedere,
1271 5294 1585 5362 aliquantus
1639 5307 1786 5360 vero,
1830 5299 1883 5349 et
1936 5295 2086 5350 omni

383 5362 587 5414 ornatu
632 5365 856 5419 ecclesia
901 5365 963 5418 in
997 5369 1243 5418 castrum
1295 5365 1509 5425 Divion.
1554 5378 1634 5419 'ae
1693 5365 1754 5418 in
1812 5367 2085 5420 ecclesiam

382 5427 441 5505 ες.
481 5432 782 5505 Δγίνιθεηιὶἱ,
831 5444 1000 5505 quam
1044 5439 1177 5489 tunc
1208 5438 1390 5502 quieto
1448 5438 1582 5504 jure
1636 5437 1891 5490 monachi
1929 5439 2085 5490 istius

388 5501 491 5577 loci
547 5501 923 5577 possidebant;
948 5507 1085 5573 fecit
1132 5501 1415 5571 residere;
1443 5501 1464 5577 ξ
1493 5508 1680 5575 paucis
1743 5508 2088 5577 “solummodo

401 5573 668 5643 nam:
694 5577 786 5629 «ad
836 5579 1139 5633 custodiam
1176 5579 1295 5645 loci,
1330 5583 1379 5633 et
1424 5573 1507 5633 SI
1533 5581 1761 5648 mw
1802 5576 2090 5636 termitem

2179 3458 2302 3498 cuni
2327 3444 2544 3496 domino
2575 3441 2763 3495 abbate
2792 3442 3010 3495 Oditone
3052 3440 3117 3495 in
3165 3439 3262 3493 hoc
3310 3440 3419 3492 loco
3472 3438 3727 3492 dimissis.
3777 3437 3890 3490 Re:

2178 3528 2322 3577 vero,
2386 3519 2447 3569 ut
2492 3518 2610 3568 erat
2663 3523 2835 3566 mente
2891 3513 3168 3578 benignus,
3209 3524 3332 3564 cum
3379 3511 3622 3576 cognovit
3659 3514 3893 3575 propter

2178 3600 2233 3639 se
2285 3586 2573 3641 monachos
2624 3585 2912 3649 dispersos,
2974 3584 3125 3637 valde
3192 3583 3383 3636 doluit.
3451 3581 3644 3635 Paucis
3694 3583 3891 3647 itaque

2179 3661 2476 3714 transactis
2505 3657 2689 3711 diebus
2724 3655 3017 3709 Franciam
3045 3656 3347 3716 repedavit.
3392 3656 3587 3707 Omnes
3632 3653 3709 3705 illi
3759 3665 3893 3706 oon-

2178 3732 2416 3805 corditer
2460 3730 2605 3805 hunc
2660 3727 2940 3805 0dilonem
2992 3727 3526 3805 abbatem__vocant_;
3562 3737 3684 3805 nec
3721 3724 3891 3778 alism

2180 3799 2300 3872 ejus
2345 3803 2590 3872 nominis
2623 3801 2949 3872 scripturam
2984 3799 3129 3872 alibi
3178 3798 3382 3872 vidisse
3414 3796 3692 3872 sedatum,
3740 3807 3884 3872 pre:

2180 3864 2425 3941 terquem
2471 3874 2525 3924 in
2569 3871 2790 3924 Othonis
2820 3864 3163 3935 imperatoris
3195 3870 3359 3941 unico
3396 3868 3707 3941 diplomate,
3740 3864 3891 3932 quod

2180 3938 2399 4004 Oditum
2435 3957 2532 4011 pro
2562 3942 2778 3997 Oditone
2811 3944 3179 4004 nuncupatum
3210 3938 3447 4004 prefert.
3476 3939 3759 3992 Ducnasn.

2241 4019 2378 4085 (1‘24)
2428 4015 2676 4069 Scribunt
2728 4014 2889 4073 idem,
2946 4015 3001 4065 et
3044 4012 3400 4085 allegatorum
3444 4012 3557 4085 iam
3602 4014 3891 4085 auctorum

2179 4081 2426 4155 plerique
2456 4109 2468 4137 :
2495 4087 2587 4154 qui
2619 4090 2798 4138 tamen
2828 4087 3022 4155 gentis,
3056 4087 3174 4136 sive
3201 4081 3418 4134 famine
3455 4083 3636 4155 tacent
3665 4090 3890 4155 nomen.

2179 4150 2375 4215 Verum
2431 4150 2576 4210 illam
2646 4155 2894 4208 Mercarii
2960 4154 3144 4214 fuisse,
3197 4158 3554 4219 sanctumque
3604 4150 3890 4205 Oditonem

2179 4234 2246 4286 de
2270 4228 2526 4283 Memorio
2553 4228 2990 4291 cognominatum
3026 4226 3294 4287 suspicor,
3324 4224 3547 4288 adjutus
3577 4223 3891 4277 testimonio

2185 4300 2491 4357 Kalendarti
2541 4299 2995 4351 Claromontensis
3036 4296 3316 4353 Ecclesiae.
3363 4295 3505 4355 quod
3553 4293 3892 4347 immanitate

2185 4377 2241 4428 D.
2259 4370 2545 4427 Savaronis
2573 4368 2872 4422 exhibitum
2895 4374 2974 4420 est
3000 4366 3306 4430 huiusmodi
3327 4382 3340 4416 :
3366 4363 3571 4430 Quarto
3588 4362 3778 4416 Nouus
3795 4364 3887 4415 Ja-

2182 4443 2392 4505 nuarii,
2431 4441 2633 4495 Octava
2666 4438 2725 4493 S.
2756 4438 3045 4504 Stephani,
3074 4442 3124 4492 et
3160 4435 3398 4489 Oditoms
3433 4434 3637 4505 abbatis
3671 4438 3724 4487 et
3756 4447 3888 4487 eon-

2178 4503 2415 4584 fessoris,
2452 4525 2552 4577 pro
2586 4524 2690 4576 quo
2722 4503 2860 4584 festo
2882 4506 3317 4584 librandoLOdito
3342 4507 3404 4584 de
3431 4503 3690 4584 Mercario
3717 4518 3891 4584 cano:

2177 4576 2335 4642 uicus
2356 4576 2829 4641 Gtaromontensis,
2854 4585 2901 4634 et
2918 4579 3235 4645 praepositus
3258 4577 3608 4639 Brioatensis,
3632 4576 3889 4639 promisi}

2177 4656 2547 4726 quadraginta
2600 4653 2796 4705 solidos
2836 4653 3124 4726 censuales,
3177 4653 3283 4726 aut
3308 4650 3534 4726 reddere
3564 4647 3729 4726 umet
3759 4659 3887 4713 qua-

2175 4719 2436 4792 draginta
2481 4724 2667 4784 libras,
2708 4728 2757 4778 et
2815 4723 3005 4776 debent
3037 4722 3233 4774 librari
3261 4722 3321 4773 in
3355 4720 3541 4779 missa,
3565 4722 3624 4792 et
3660 4719 3739 4792 Ain
3771 4731 3890 4792 ves-

2176 4789 2301 4867 pero
2331 4796 2467 4851 dicti
2494 4796 2640 4861 festi.
2677 4797 2751 4849 Ad
2779 4795 2908 4867 quid
2933 4793 3527 4867 enimgpecunittm‘pro
3557 4789 3889 4867 8.;_0dtlonis

2177 4861 2384 4926 abbatis
2434 4870 2576 4921 festo
2627 4861 2875 4920 libran’do
2923 4865 3263 4931 promisisset
3316 4862 3465 4916 Odilo
3497 4863 3565 4914 de
3603 4861 3888 4923 Mercurio,

2176 4943 2282 4997 nisi
2315 4938 2758 5001 consanguineus
2783 4940 2921 5002 ejus,
2945 4943 2998 4991 et
3021 4950 3092 4990 ex
3113 4934 3302 4990 eadem
3333 4934 3532 4987 familia
3564 4936 3891 4999 procreatas

2178 5013 2495 5067 exstitisset.
2542 5010 2619 5062 Io.

2236 5084 2373 5149 (I25)
2408 5082 2467 5134 In
2503 5079 2831 5135 Brivatensls
2873 5077 3148 5146 [Briou‘de]
3192 5075 3313 5149 vico
3360 5070 3783 5149 scilicetjnde
3826 5078 3887 5126 et

2175 5143 2576 5209 Silviniacensts
2618 5143 2925 5203 monachus
2982 5151 3041 5201 tn
3105 5143 3349 5213 ejusdem
3403 5145 3560 5197 Vite:
3599 5143 3889 5210 Tanquam

2176 5227 2317 5281 alter
2346 5227 2517 5283 Isaae.
2544 5223 2744 5290 inquit,
2791 5221 2902 5274 siue
2934 5220 3155 5275 Samuel
3204 5216 3414 5271 Christe
3441 5219 3803 5290 consecratus,
3836 5220 3887 5290 et

2176 5298 2398 5350 Brivate
2432 5295 2581 5361 apud
2615 5286 2688 5344 'S.
2739 5292 3026 5345 Julianum
3050 5291 3355 5357 gloriosum
3383 5293 3692 5354 martyrem
3726 5286 3891 5340 aleri-

2174 5372 2286 5423 cale
2318 5371 2463 5421 sorte
2495 5370 2569 5419 est
2592 5364 2841 5416 donatus.
2871 5364 2948 5416 lo.

2236 5439 2372 5506 (I26)
2408 5439 2478 5491 De
2511 5448 2619 5502 quo
2666 5439 2719 5486 et
2769 5434 3017 5506 Chronic!
3055 5432 3429 5506 Glnnlscensls
3456 5432 3731 5506 scriptor,
3786 5430 3885 5506 qui

2176 5500 2432 5576 corrupte
2482 5500 2799 5560 Adraudum
2842 5502 3194 5561 Uremetmis
3254 5500 3574 5558 monasterii
3631 5501 3883 5556 abbatem

2168 5585 2388 5639 vocent.
2414 5581 2493 5635 ln.
