4088 6210
257 335 367 398 929

1665 324 1846 384 VITA
1887 321 1947 382 S.
1991 317 2360 380 ODILONIS.

3663 315 3770 375 930

255 461 667 536 supputatione
694 459 985 533 colligeret
1011 474 1145 533 quae
1174 463 1362 532 posset
1397 473 1521 516 esse
1551 469 1780 516 summa
1830 453 1976 511 mis-
2003 447 2274 520 Agandis
2287 444 3357 536 porrojudiciis,acmodispaenitentiae
3373 444 3762 536 praefigendis,

252 566 476 621 sarum,
537 564 682 624 quas
735 548 1050 607 celebravit
1095 563 1198 622 per
1249 547 1503 620 spatium
1556 545 1987 620 quinquaginta

255 655 364 699 sex
386 653 696 707 annorum,
720 637 935 710 quibus
955 637 1370 695 monasterium
1399 636 1569 693 rexit.
1604 634 1670 693 1n
1697 649 1815 708 quo
1841 635 1986 691 tacto

258 728 486 804 liquido
513 725 988 801 deprehenditur,
1018 741 1195 800 quam
1227 725 1528 794 diuturna,
1559 739 1737 798 quam
1770 722 1986 781 indefi-

258 820 423 876 ciens
451 815 640 876 divini
666 817 882 874 amoris
914 815 1147 873 ﬂamma
1178 814 1328 873 beati
1357 814 1468 872 viri
1497 820 1697 886 pectus
1729 811 1984 884 excoxit,

260 907 422 981 quod
470 905 756 964 nimirum
807 902 880 961 ab
940 903 1249 962 otierendis
1313 901 1572 976 quotidie
1625 901 1986 960 salutaribus

263 994 471 1054 hostiis
518 993 788 1052 cohibere
826 999 906 1050 tot
932 1007 1227 1064 curarum,
1260 997 1339 1050 tot
1368 991 1776 1065 ingruentium
1807 1005 1985 1062 nego-

265 1083 484 1143 tiorum
513 1079 844 1140 sollicitudo
872 1096 985 1140 non
1018 1081 1226 1155 potuit.

339 1170 740 1246 Inerogandis
771 1178 1047 1243 praeterea
1073 1169 1459 1244 eleemosynis
1490 1170 1568 1228 ita
1608 1169 1803 1242 largus
1844 1176 1984 1241 erat,

270 1268 338 1321 ut
362 1260 635 1321 nonnulli
665 1259 806 1318 dum
835 1275 971 1318 eum
1004 1260 1202 1319 omnia
1224 1258 1651 1334 dispergentem
1688 1257 1815 1317 sine
1841 1273 1990 1318 cun-

265 1349 512 1409 ctatione
548 1350 965 1422 conspicerent,
1010 1366 1121 1409 non
1154 1347 1634 1424 dispensatorem,
1663 1350 1762 1408 sed
1803 1349 1992 1423 prodi-

266 1453 411 1512 gum
460 1437 821 1510 judicarent;
869 1437 1190 1510 praesertim
1242 1439 1502 1512 quodam
1551 1447 1802 1511 tempore
1847 1438 1990 1497 dum

265 1527 454 1586 fames
491 1527 682 1585 valida
724 1528 1057 1602 Aquitaniae
1087 1527 1234 1586 ﬁnes
1273 1529 1647 1587 vehementer
1687 1528 1986 1601 afﬂigeret,

265 1631 336 1674 ac
371 1614 656 1688 plurimas
692 1615 1013 1675 Galliarum
1059 1616 1391 1691 provincias
1431 1615 1766 1690 pestilenter
1805 1623 1990 1675 arcta-

269 1710 378 1774 ret,
407 1705 708 1763 exhaustis
730 1719 851 1778 jam
883 1705 945 1762 in
975 1720 1298 1779 pauperum
1331 1721 1473 1764 usus
1497 1704 1741 1772 aerariis,
1771 1713 1826 1762 et
1857 1705 1991 1764 hor-

2071 545 2187 596 tam
2220 537 2348 610 pius
2371 544 2512 607 erat,
2543 545 2599 593 et
2623 543 2778 594 tanta
2806 533 3186 594 maerentibus
3218 533 3574 592 humanitate
3612 549 3772 592 com-

2071 627 2318 701 patiens,
2375 634 2439 685 ut
2483 641 2851 700 nequaquam
2900 622 3048 681 404
3090 627 3416 687 districtum
3456 628 3634 702 patris
3666 627 3779 685 im-

2073 716 2321 790 perium,
2373 716 2472 774 sed
2516 725 2843 775 maternum
2895 716 3088 790 potius
3135 716 3434 775 exhiberet
3484 717 3775 774 affectum.

2072 804 2238 863 Unde
2266 820 2326 862 se
2355 803 2932 877 reprehendentibus,
2965 805 3297 878 hujusmodi
3341 803 3534 863 verbis
3560 804 3776 862 solebat

2069 895 2359 967 eleganter
2394 892 2651 951 alludere
2683 910 2696 951 :
2726 897 2966 950 Etiamsi
3002 894 3352 950 damnandus
3396 898 3520 958 sim,
3565 894 3775 966 inquit,

2069 987 2215 1040 malo
2241 991 2420 1040 tamen
2449 985 2515 1038 de
2539 985 2936 1048 misericordia,
2971 1002 3136 1056 quam
3170 1001 3237 1040 ea:
3267 986 3480 1041 duritia
3521 986 3608 1040 vel
3653 1002 3774 1041 cru-

2071 1073 2297 1128 delitate
2325 1074 2601 1131 damnari.
2648 1072 2805 1131 Inter
2843 1080 3078 1132 caeteros
3116 1080 3312 1131 autem
3363 1079 3590 1130 sanctos
3631 1071 3782 1129 circa

2071 1159 2296 1218 beatam
2344 1161 2448 1219 Dei
2495 1161 2844 1221 Genitricem
2886 1169 3002 1221 tam
3031 1161 3438 1220 ardentissima
3475 1159 3780 1218 devotione

2071 1249 2368 1323 ﬂagrabat,
2411 1259 2475 1310 ut
2499 1251 2843 1310 constitutus
2885 1252 2945 1309 in
2985 1253 3161 1311 choro
3193 1251 3590 1325 psallentium.
3645 1265 3778 1307 cum

2071 1338 2141 1396 ad
2171 1339 2338 1398 illum
2370 1340 2594 1399 veniret
2620 1357 2694 1401 ex
2725 1340 3158 1400 modulantium
3194 1339 3575 1400 alternatione
3613 1338 3784 1398 versi-

2072 1425 2271 1487 culum
2295 1452 2308 1486 :

2196 1537 2274 1585 Tu
2315 1536 2379 1585 ad
2409 1535 2732 1586 liberandum
2759 1545 3096 1598 suscepturus
3120 1537 3406 1597 hominem,

2199 1598 2316 1648 Non
2343 1600 2585 1649 horruisti
2611 1598 2844 1662 Virginis
2870 1609 3091 1658 uterum,

2073 1696 2136 1754 in
2166 1702 2378 1754 terram
2407 1712 2468 1754 se
2509 1703 2929 1770 prosterneret;
2966 1697 3163 1769 sicque
3197 1711 3297 1770 per
3336 1711 3544 1770 corpus
3583 1703 3780 1756 osten-

272 1791 387 1852 reis
437 1809 931 1868 quorumcunque
984 1802 1371 1868 proventuum
1433 1809 1553 1852 non
1626 1793 1992 1852 mediocriter
2014 1786 2250 1876 Bderet,
2296 1786 2511 1860 quibus
2558 1785 2831 1845 desiderii
2880 1786 3128 1845 caelestis
3185 1785 3247 1844 in
3307 1793 3502 1845 mente
3554 1786 3777 1846 facibus

271 1880 612 1954 proﬂigatis,
641 1897 781 1940 mox
823 1883 998 1940 etiam
1032 1881 1285 1955 plurima
1313 1882 1548 1940 sacrarii
1589 1898 1726 1940 vasa
1765 1884 1993 1941 confre-

274 1968 380 2042 git,
433 1970 689 2044 insignia
732 1971 989 2030 ecclesiae
1028 1978 1368 2029 ornamenta
1419 1971 1712 2042 distraxit,
1765 1986 1994 2030 coronae

273 2071 532 2132 quoque,
563 2073 739 2132 quam
787 2059 901 2118 sibi
943 2060 1258 2133 imperator
1293 2059 1441 2129 (1‘27)
1483 2059 1768 2119 Henricus
1796 2059 1870 2118 ob
1903 2059 1996 2118 sui

278 2149 623 2207 memoriam
689 2149 1092 2220 destinaverat,
1169 2165 1280 2208 non
1345 2149 1612 2224 pepercit.
1685 2148 1757 2206 Ut
1819 2149 1998 2220 igitur

277 2247 398 2300 tam
441 2241 664 2300 acerbae
708 2241 849 2300 fami
877 2241 1034 2314 (1'28),
1068 2240 1125 2298 in
1157 2240 1374 2316 quibus
1407 2241 1614 2310 valuit,
1657 2246 2000 2313 temperaret

278 2329 557 2404 inopiam,
637 2329 923 2405 quidquid
1012 2330 1150 2387 hinc
1239 2329 1375 2387 inde
1436 2329 1734 2387 corradere
1817 2327 2001 2402 potuit

279 2421 644 2490 facultatum,
681 2422 740 2479 in
772 2420 1220 2479 sustentationes
1249 2426 1303 2477 et
1332 2418 1608 2477 alimenta
1649 2415 1998 2497 contradidit

279 2524 621 2582 egenorum.

353 2597 616 2668 Quodam
649 2613 787 2656 sane
815 2598 932 2668 die,
963 2598 1104 2656 dum
1138 2613 1241 2671 per
1268 2597 1568 2671 publicum
1602 2597 1732 2670 pius
1767 2595 1999 2670 equita-

283 2694 375 2747 tor
426 2688 661 2759 incedit,
713 2689 860 2747 duos
894 2688 955 2746 in
994 2689 1198 2746 itinere
1229 2705 1437 2762 pueros
1484 2689 1638 2747 fame
1677 2691 2001 2761 peremptos

285 2777 520 2853 reperit.
570 2776 705 2835 Mox
753 2793 904 2851 equo
950 2777 1243 2848 desiliens,
1294 2779 1543 2846 laneam,
1597 2793 1713 2851 qua
1763 2775 2003 2833 indutus

284 2875 428 2937 erat,
451 2866 522 2924 ad
545 2881 775 2924 carnem
806 2866 1088 2926 subduxit
1115 2866 1221 2924 sibi
1251 2867 1591 2936 interulam,
1615 2881 1797 2939 eaque
1836 2872 2002 2939 prout

290 2954 602 3014 velaminis
637 2955 928 3030 quantitas
976 2955 1357 3029 permittebat,
1402 2962 1714 3029 utrumque
1761 2955 2004 3012 cadaver

2074 1882 2362 1934 aestuaret.

2153 1963 2255 2022 Vir
2285 1964 2465 2036 igitur
2493 1969 2723 2022 sanctus
2758 1979 2894 2023 cum
2925 1965 2984 2023 in
3021 1965 3188 2025 bonis
3209 1965 3472 2025 moribus
3504 1979 3605 2039 per
3635 1979 3784 2040 quo-

2078 2052 2295 2112 tidiana
2329 2053 2438 2126 piae
2481 2053 2938 2112 conversationis
2976 2053 3335 2113 incrementa
3382 2061 3781 2125 succresceret,

2081 2156 2319 2214 seseque
2357 2140 2614 2214 quotidie
2651 2140 2856 2200 melior
2887 2143 2956 2199 ad
3010 2143 3373 2216 perfectionis
3409 2143 3640 2201 culmen
3675 2145 3790 2200 fer-

2083 2229 2316 2290 ventius
2336 2229 2652 2301 anlielaret,
2683 2231 2854 2305 erepit
2885 2231 3186 2291 nonnullis
3207 2249 3510 2292 coruscare
3541 2234 3788 2292 miracu‘

2083 2320 2192 2392 lis;
2226 2326 2290 2378 ut
2315 2318 2418 2392 qui
2451 2319 2644 2378 clarus
2672 2327 2792 2378 erat
2822 2319 2882 2377 in
2911 2320 3192 2394 probitate
3223 2334 3482 2390 morum,
3513 2321 3783 2378 claresce-

2083 2417 2168 2470 ret
2195 2411 2367 2468 etiam
2395 2411 2458 2468 in
2477 2410 2802 2469 ostensione
2831 2411 3167 2484 signorum;
3201 2417 3258 2469 et
3277 2411 3377 2484 qui
3406 2411 3467 2468 in
3492 2410 3793 2468 obtutibus

2084 2499 2496 2572 omnipotentis
2548 2499 2646 2557 Dei
2691 2506 2812 2558 erat
2858 2500 3093 2558 lucerna
3133 2501 3360 2571 ardens,
3409 2500 3570 2557 iteret
3618 2499 3789 2556 etiam

2083 2605 2276 2649 coram
2307 2589 2648 2648 hominibus
2676 2590 2876 2648 lucens
2904 2593 3074 2659 (Joan.
3113 2592 3189 2662 v).
3226 2588 3391 2647 Unde
3431 2588 3632 2647 divino
3669 2587 3793 2644 dis-

2083 2685 2333 2754 ponente
2359 2677 2579 2752 judicio
2606 2679 2818 2736 factum
2849 2686 2952 2749 est,
2987 2684 3050 2736 ut
3079 2679 3214 2751 quia
3245 2677 3314 2736 de
3341 2677 3459 2735 illis
3489 2683 3630 2747 erat,
3660 2676 3794 2750 qui-

2088 2770 2200 2828 bus
2235 2767 2452 2826 dictum
2498 2773 2616 2825 est:
2647 2770 2753 2825 Vos
2782 2770 2910 2822 estis
2954 2768 3052 2822 tua:
3088 2767 3282 2822 mundi
3309 2769 3526 2837 (Matth.
3558 2768 3635 2839 V),
3677 2765 3798 2840 pri-

2089 2873 2252 2916 mum
2323 2855 2394 2912 de
2461 2854 2588 2914 luce
2643 2854 2988 2914 miraculum
3064 2855 3386 2913 exhiberet.
3461 2853 3798 2929 Aliquando

2089 2943 2379 3018 siquidem
2406 2941 2546 3001 dum
2577 2949 2723 3002 esset
2753 2941 2814 3000 in
2857 2941 3105 3014 quadam
3152 2943 3240 3001 sui
3276 2943 3429 3017 juris
3459 2941 3620 3012 villa,
3666 2955 3797 3015 quae

289 3043 626 3112 obvolvens,
686 3042 923 3101 exhibet
988 3044 1231 3101 mortuis
1284 3043 1667 3117 sepulturam.
1731 3043 1875 3101 Nam
1951 3048 2007 3100 et
2090 3033 2501 3092 Bersoniacum
2536 3032 2768 3104 dicitur,
2817 3032 2969 3090 videt
3003 3047 3270 3106 puerum,
3305 3039 3619 3090 venustum
3664 3030 3797 3106 qui-

292 3133 642 3206 vespillones
691 3131 953 3191 mercede
994 3133 1296 3232 conduxit,
1335 3141 1388 3190 et
1441 3133 1664 3191 funeris
1699 3131 2006 3238 usque'ad
2029 3123 2228 3238 adem
2253 3125 2456 3238 forma,
2489 3121 2587 3224 sed
2866 3137 2900 3178 a
2925 3120 3240 3238 nativitatis.
3279 3119 3471 3238 Duper
3503 3137 3618 3223 quo
3644 3138 3802 3223 .con-

289 3222 595 3282 tumulum
650 3229 981 3294 persecutus
1030 3221 1346 3294 exsequiis,
1379 3222 1686 3281 defunctis
1735 3220 2008 3280 fratribus
2029 3211 2308 3285 “sulcus,
2339 3213 2540 3274 didicit
2574 3215 2710 3288 quia
2738 3213 2897 3270 filius
2939 3220 3086 3271 esset
3116 3211 3317 3283 villici,
3348 3220 3403 3271 et
3432 3215 3570 3288 quia
3601 3213 3793 3272 visum

288 3311 552 3370 debitum
585 3312 862 3370 humanae
892 3309 1117 3383 pietatis
1148 3311 1420 3368 exsolvit.

363 3400 432 3459 In
463 3400 664 3459 eadem
695 3414 929 3473 quoque
959 3407 1251 3471 gestorum
1280 3396 1406 3472 ejus
1431 3397 1719 3473 reperitur
1746 3399 2008 3473 historia,

2092 3304 2325 3380 penitus
2368 3316 2670 3373 nunquam
2718 3301 3033 3359 habuisset.
3085 3301 3191 3360 Cui
3236 3316 3372 3359 mox
3405 3300 3498 3374 pia
3530 3301 3802 3375 benigni-

2095 3401 2206 3451 tate
2243 3387 2616 3465 compatiens,
2647 3396 2703 3446 et
2727 3389 2875 3462 apud
2925 3405 2985 3447 se
3027 3389 3209 3447 tacitis
3256 3389 3522 3462 precibus
3558 3390 3802 3449 latenter

289 3489 430 3564 quia
457 3504 664 3562 corpus
687 3503 883 3558 suum,
926 3502 1040 3546 non
1073 3486 1243 3546 modo
1267 3486 1429 3545 duris
1460 3496 1838 3547 consueverat
1864 3495 2012 3548 atte-
2094 3482 2390 3551 insistens,
2425 3488 2488 3538 ut
2510 3487 2647 3554 puta
2675 3478 2812 3551 quia
2839 3477 2973 3536 talia
3005 3477 3265 3536 nondum
3293 3485 3587 3552 expertus,
3621 3479 3803 3538 advo‘

292 3592 476 3636 nuare
509 3576 772 3650 jejuniis,
804 3575 1139 3649 asperrimis
1170 3574 1439 3632 edomare
1465 3574 1694 3644 ciliciis,
1740 3576 1837 3635 sed
1876 3577 2012 3651 qui-
2095 3579 2185 3630 cat
2211 3569 2444 3629 tandem
2469 3568 2798 3643 parvulum,
2832 3566 3062 3640 signum
3087 3566 3175 3626 illi
3201 3567 3512 3626 salutiferae
3530 3567 3717 3626 crucis
3739 3568 3802 3627 in

293 3663 543 3725 busdam
591 3665 795 3723 ferreis
846 3664 1098 3724 nexibus
1145 3663 1486 3722 coarctabat.
1520 3662 1587 3722 In
1627 3665 2014 3740 percipiendis
2097 3661 2285 3721 fronte
2337 3659 2615 3734 depingit,
2660 3665 2716 3716 et
2759 3657 3064 3717 confestim
3107 3658 3323 3730 visum,
3374 3674 3549 3734 quem
3593 3666 3798 3718 natura

294 3761 489 3814 autem
517 3756 594 3812 ita
625 3771 684 3811 se
708 3754 1111 3813 moderabatur
1134 3753 1368 3825 eduliis,
1390 3761 1455 3812 ut
1483 3755 1742 3827 apposita
1764 3771 2016 3829 quaeque
2098 3758 2429 3826 negaverat,
2455 3766 2601 3824 puer
2631 3750 2868 3823 accepit.

297 3845 663 3918 contingens,
688 3859 753 3902 ac
775 3845 1024 3902 naturali
1049 3844 1334 3902 duntaxat
1363 3842 1688 3902 necessitati
1714 3843 2012 3918 dispensa-
2171 3843 2302 3901 Alio
2331 3856 2560 3915 quoque
2593 3847 2846 3913 tempore
2875 3839 3015 3898 dum
3042 3847 3189 3900 esset
3213 3841 3304 3900 vir
3329 3840 3432 3900 Dei
3457 3841 3609 3914 apud
3631 3856 3806 3901 suum

303 3933 422 3992 tive
451 3931 843 4002 subserviens,
896 3940 951 3990 et
985 3932 1298 3990 vanitatem
1326 3932 1754 4005 superstitionis
1789 3933 2014 4006 etIuge-
2100 3932 2394 4008 quoddam
2449 3929 2870 3988 monasterium
2929 3929 3092 3999 (129),
3164 3929 3319 4004 quod
3383 3929 3566 3989 Vallis
3623 3933 3816 3990 Aurea

304 4030 408 4094 ret,
439 4029 496 4082 et
523 4022 847 4082 sobrietatis
874 4021 1227 4081 continentia
1255 4028 1592 4080 reservaret.
1633 4021 1701 4080 In
1750 4021 2020 4096 promul-
2105 4031 2360 4093 vocatur,
2415 4027 2619 4095 quarta
2670 4020 2938 4079 videlicet
2979 4020 3120 4079 feria
3176 4022 3380 4096 primae
3445 4021 3817 4098 quadragesi-

1318 4129 1648 4188 ANDRE/E
1691 4130 1996 4209 GHESNII
2037 4131 2132 4191 ET
2172 4128 2517 4190 ANONYMI
2558 4127 2802 4188 NOTZE.

369 4221 505 4287 (127)
552 4220 724 4285 Hujus
775 4219 992 4273 Henrici
1060 4219 1435 4273 liberalitatem
1495 4223 1548 4272 in
1613 4219 2011 4282 Cluniacenses,
2114 4235 2238 4274 cum
2283 4221 2353 4271 eis
2387 4219 2695 4272 amicitiam
2745 4219 3042 4284 pepigisset.
3093 4219 3304 4272 Henrici
3352 4222 3513 4284 illius,
3556 4222 3820 4277 Henricus

309 4293 413 4348 etsi
462 4306 572 4345 non
616 4305 881 4356 expresso
922 4303 1138 4344 coronae
1187 4292 1423 4352 nomine,
1488 4292 1828 4344 commendat
1875 4305 2013 4359 quo—
2117 4297 2314 4344 tertius
2359 4293 2555 4349 dictus,
2607 4291 2894 4342 Henricum
2931 4296 3183 4356 quartum
3227 4294 3434 4356 genuit,
3478 4295 3571 4360 qui
3624 4299 3676 4346 et
3707 4296 3822 4358 ipse

308 4376 414 4427 que
472 4363 870 4415 Lemovicensis
936 4361 1232 4414 monachus
1298 4363 1356 4414 in
1425 4363 1650 4415 historia
1717 4365 2013 4426 Aquitano—
2118 4364 2354 4422 tandem,
2422 4363 2590 4414 veluti
2652 4362 2870 4426 quidam
2919 4363 3118 4415 dicunt
3171 4363 3312 4427 apud
3377 4364 3657 4416 Martinam
3718 4366 3820 4417 Po-

309 4446 431 4487 rum
492 4431 574 4483 hs
633 4431 814 4485 verbis
859 4455 870 4481 :
910 4433 1172 4484 Henricus
1244 4431 1547 4495 imperator
1615 4433 1790 4485 multa
1873 4435 2018 4486 dona
2120 4435 2304 4487 lonum
2363 4433 2456 4486 lib.
2510 4447 2569 4486 iv
2622 4434 2893 4492 Chronici,
2951 4433 3183 4497 imperia
3256 4433 3476 4486 dimisso
3527 4435 3822 4487 monachus

307 4504 538 4557 contulit
567 4503 799 4556 canobio
832 4503 1188 4555 Cluniacensi.
1222 4502 1337 4555 Fuit
1376 4510 1555 4555 autem
1591 4505 1639 4554 is
1675 4504 1939 4558 Henricus
1976 4505 2017 4555 ll
2050 4545 2100 4570 η
2125 4504 2496 4557 Cluniacensis
2543 4511 2612 4555 est
2658 4505 2893 4568 effectus.
2941 4504 3163 4555 Coronae
3213 4517 3378 4567 porro
3439 4517 3601 4570 quam
3665 4517 3826 4557 avum

308 4577 545 4634 nomine,
599 4576 744 4626 illius
787 4577 1028 4634 Conradi,
1089 4575 1179 4625 vel
1237 4575 1541 4626 secundum
1599 4575 1735 4626 alios
1785 4545 1958 4640 gevner
2003 4545 2249 4640 :Dejus
2321 4574 2526 4625 0dilonl
2599 4545 2904 4626 desiiuasse
2971 4573 3160 4626 scribit
3217 4545 3521 4640 Damianu's,
3584 4577 3827 4628 meminit

310 4647 404 4712 qui
481 4651 534 4698 et
605 4645 829 4698 0dilone
911 4647 1184 4704 defuncto.
1252 4647 1392 4698 sicut
1444 4645 1612 4698 refert
1679 4645 2025 4699 Hildebertus
2128 4647 2258 4697 item
2311 4657 2621 4708 anonymus
2661 4644 2932 4695 Silviniaci
2983 4645 3279 4696 monachus
3331 4645 3385 4695 in
3421 4645 3532 4696 Vita
3585 4647 3829 4710 ejusdem

311 4718 605 4782 episcopus
652 4717 1094 4778 Cenomanensis,
1144 4718 1194 4766 S.
1245 4716 1490 4780 Hugonis
1532 4718 1654 4779 ejus
1704 4719 1758 4769 in
1816 4718 2026 4771 abbatis
2129 4715 2384 4774 0dilonis,
2409 4717 2501 4766 ubi
2536 4718 2628 4776 ait,
2653 4715 2794 4780 quod
2818 4715 2877 4767 in
2911 4729 3034 4767 usus
3067 4729 3372 4779 pauperum
3411 4715 3680 4780 confregit
3707 4717 3827 4781 plu-

312 4787 683 4839 Cluniacensis
727 4787 1069 4838 successoris
1121 4787 1321 4847 [aciem
1369 4788 1568 4842 videre.
1616 4792 1665 4840 et
1724 4789 2024 4853 familiari-
2129 4787 2278 4839 rima
2317 4801 2450 4838 vasa
2489 4786 2728 4849 ecclesia,
2759 4790 2810 4839 ct
2842 4792 3169 4840 ornamenta
3213 4789 3474 4853 insignia,
3521 4788 3668 4841 inter
3715 4801 3832 4854 quas

324 4861 490 4911 talem
526 4857 757 4921 adipisci
787 4859 1120 4916 desiderans,
1161 4862 1219 4908 ut
1254 4858 1439 4910 venire
1468 4859 1795 4922 dignaretur
1842 4862 1916 4912 ad
1952 4874 2025 4922 se,
2131 4859 2299 4910 etiam
2395 4859 2735 4922 imperialem
2823 4857 3044 4910 Henrici
3120 4859 3468 4922 imperatoris
3553 4872 3833 4911 coronam.

319 4928 552 4995 supplici
580 4942 703 4981 voce
735 4929 1048 4994 postulavit.
1092 4929 1463 4982 Postulantem
1496 4931 1620 4994 pius
1664 4930 1822 4983 Pater
1856 4945 2030 4984 exau-
2134 4930 2416 4983 Dncnssrt.
3559 4975 3568 4983 .

323 4999 470 5065 diu;
526 5000 756 5054 intravit
815 4999 1146 5058 Saxoniam,
1213 5013 1424 5051 summa
1479 5001 1693 5064 pariter
1743 5007 1791 5055 et
1834 5003 2032 5055 honore
2197 5001 2331 5066 (I28)
2392 5004 2566 5052 txstat
2611 5001 2666 5052 in
2723 5003 2868 5053 tomo
2927 5000 2972 5052 ll
3034 5001 3308 5066 Spicilegii
3371 5000 3614 5054 Dacherii
3690 5001 3834 5056 beati

323 5074 595 5135 susceptus
641 5075 716 5124 est
765 5075 814 5122 et
865 5070 1084 5135 gaudio.
1154 5072 1349 5122 Paucis
1403 5070 1480 5122 ibi
1543 5071 1726 5125 diebus
1776 5078 2031 5138 peractis,
2135 5073 2376 5124 Odtlonis
2433 5069 2661 5136 epistola
2717 5072 2783 5122 ad
2841 5073 3078 5124 Garsiam
3148 5085 3332 5135 regem
3399 5073 3660 5133 Navarrae,
3728 5085 3836 5140 qua

325 5154 390 5202 es:
436 5141 695 5208 petilium
736 5142 876 5206 regis
913 5141 1090 5205 filium
1142 5143 1259 5201 ejus
1302 5157 1456 5194 sacro
1509 5143 1574 5193 de
1619 5144 1772 5206 fonte
1813 5146 2031 5207 levavit,
2138 5144 2388 5208 ejusdem
2483 5155 2642 5209 opem
2722 5141 2974 5209 implorat
3059 5148 3300 5209 tempore
3394 5144 3568 5195 famis.
3661 5144 3836 5204 Quare

324 5225 490 5277 puero
538 5226 735 5264 nomen
771 5215 951 5275 patris
1000 5213 1302 5275 imponens.
1347 5211 1648 5266 Celebravit
1701 5220 1884 5268 autem
1933 5219 2037 5268 Pa-
2142 5215 2478 5268 Mabtllonius
2561 5227 2625 5266 ea
2709 5217 2996 5267 occasione
3079 5215 3250 5278 ipsam
3324 5217 3575 5280 scriptam
3643 5216 3831 5269 credit.

325 5282 452 5336 solut
506 5297 631 5336 cum
679 5285 1013 5347 imperatore
1069 5285 1130 5334 in
1179 5285 1482 5348 Agrippina
1517 5285 1773 5344 Coloniae;
1813 5285 2032 5338 Teulho.
2142 5290 2388 5339 Anoxvu.

325 5355 466 5406 nicis
533 5355 864 5407 mirantibus
918 5355 979 5406 in
1017 5355 1258 5420 juvenili
1317 5355 1490 5406 auhuc
1565 5359 1722 5408 aetate
1777 5358 2038 5408 canitiem
2210 5357 2347 5416 (I29)
2413 5357 2486 5408 De
2535 5368 2642 5420 quo
2690 5358 2743 5408 et
2784 5357 2902 5420 ipse
2954 5356 3238 5408 Damianus
3299 5357 3836 5420 postea:Przlerea,

328 5438 565 5486 morum,
635 5425 1064 5482 conversationis
1117 5427 1613 5482 mansuetudinem,
1677 5429 1857 5479 vultus
1909 5442 2034 5491 gra-
2142 5432 2332 5490 inquit,
2372 5441 2496 5480 cum
2529 5427 2618 5478 vir
2661 5427 2979 5480 venerabilis
3012 5426 3161 5490 apud
3209 5432 3508 5492 quamdam
3561 5431 3830 5483 ecclesiam

331 5497 492 5556 tiam,
543 5496 832 5550 verborum
875 5497 1175 5551 lenitatem.
1233 5497 1428 5563 Quibus
1477 5497 1719 5562 profecto
1767 5501 2038 5552 virtutum
2141 5498 2478 5556 monasterii,
2513 5497 2656 5564 quod
2700 5497 2905 5552 dicitur
2945 5499 3101 5551 Vallis
3151 5501 3349 5563 Aurea,
3382 5499 3559 5554 cibum
3599 5505 3834 5566 caperet.

329 5567 572 5632 indiciis,
611 5569 698 5622 ita
745 5582 872 5624 cum
917 5582 991 5629 co,
1039 5573 1094 5623 et
1148 5581 1272 5623 cum
1320 5569 1658 5621 Cluniacensi
1711 5572 2040 5624 monasterio
2143 5571 2424 5624 Dncnssn.

333 5639 477 5702 regis
519 5643 595 5691 est
633 5639 827 5691 anima
872 5640 1144 5703 colligata,
1196 5653 1263 5692 ac
1317 5641 1368 5691 si
1415 5651 1514 5690 rea
1554 5639 1668 5704 ipse
1720 5643 2037 5704 perpetuam
