4108 6206
262 275 364 339 931

730 273 788 335 S.
831 272 1058 333 PETRI
1094 270 1420 332 DAMIANI
1459 271 1615 333 OPP.
1662 269 1852 333 PARS
1894 266 2031 333 δεῖ]
2074 272 2325 333 TOMUS
2362 273 2438 334 ΙΙ.
2480 305 2551 317 -
2589 271 3043 334 SANGTOBUM
3086 274 3303 337 VITE.

3670 280 3778 342 932

268 403 438 462 malis
478 398 872 469 hebdomadas,
918 413 1050 472 quae
1100 404 1271 471 caput
1308 396 1519 471 jejunii
1557 396 1792 467 dicitur,
1842 401 2277 473 sur-Aequum
2328 400 2422 458 cui
2489 399 2810 474 specialiter
2860 400 2984 474 ipse
3058 401 3313 462 insidere
3392 414 3783 465 consueverat

266 490 536 563 gentibus
578 504 612 545 a
654 502 856 546 mensa
903 485 1198 555 fratribus,
1253 484 1355 543 ille
1412 484 1705 558 pugillum
1758 484 1974 544 cineris

257 582 510 641 latenter
538 576 818 651 implevit,
859 584 917 634 et
951 576 1209 650 apposito
1256 590 1404 648 pane
1441 574 1753 633 discubuit.
1795 573 1975 633 Cum-

272 685 385 745 que
416 670 666 727 cinerem
699 674 970 738 tanquam
1004 680 1208 737 panem
1254 663 1648 725 manducaret.
1678 671 1742 723 ut
1777 671 1974 736 potum

273 773 543 835 quoque,
585 756 754 830 juxta
811 755 1153 829 Prophetam
1183 801 1198 825 ,
1260 770 1394 812 cum
1445 755 1583 814 ﬂetu
1638 760 1976 827 temperaret

271 850 433 921 (Psal.
462 845 551 919 at),
585 843 778 903 innuit
804 845 963 901 fratri
997 852 1059 902 ut
1088 843 1236 902 clam
1267 843 1376 902 sibi
1401 858 1612 916 aquam
1642 842 1808 926 nullo
1838 848 1979 900 teste

267 938 534 996 deferret.
585 933 709 998 Ille.
764 933 918 1009 quod
964 939 1085 990 erat
1144 932 1367 1004 jussus,
1423 931 1726 1004 implevit;
1765 945 1976 1003 aquam

267 1025 415 1082 405
452 1025 665 1095 attulit,
693 1038 846 1098 quae,
900 1021 1042 1080 dum
1085 1021 1254 1080 labiis
1296 1019 1626 1090 adhibetur,
1670 1019 1975 1078 austerita-

272 1124 386 1175 tem
431 1114 551 1172 vini
592 1112 847 1171 redolere
884 1112 1150 1169 sentitur.
1201 1108 1483 1185 Reprimit
1528 1124 1664 1181 ergo
1714 1124 1976 1181 manum,

271 1204 452 1277 abigit
483 1202 775 1278 poculum,
800 1209 975 1275 atque
1002 1208 1065 1259 ut
1102 1200 1209 1258 sibi
1237 1215 1447 1273 aquam
1480 1199 1747 1258 minister
1782 1198 1981 1257 afferat

274 1292 457 1367 signis
482 1291 849 1350 evidentibus
881 1292 1141 1364 imperat.
1184 1289 1273 1348 Ad
1303 1290 1455 1364 quod
1489 1287 1748 1345 minister
1779 1287 1980 1345 obstu-

274 1382 439 1456 puit;
500 1387 554 1439 et
602 1380 808 1438 vinum
867 1395 929 1436 se
987 1395 1020 1435 a
1079 1392 1277 1435 mensa
1341 1377 1554 1435 referre
1601 1376 1703 1449 qui
1765 1391 1976 1449 aquam

271 1471 674 1545 propinaverat
698 1469 1016 1526 admiratus
1044 1467 1300 1540 expavit.
1335 1464 1606 1524 Geminat
1635 1471 1826 1521 tamen
1854 1464 1982 1521 oﬂi-

272 1560 450 1631 cium,
488 1558 696 1617 vinum
739 1557 984 1631 projicit,
1024 1562 1293 1614 convasat
1330 1569 1562 1628 aquam,
1612 1552 1806 1610 denuo
1848 1567 1982 1626 por-

274 1651 410 1724 rigit
475 1646 882 1707 discumbenti.
941 1643 1054 1703 Sed
1105 1658 1278 1712 ecce,
1333 1642 1477 1700 dum
1528 1656 1679 1716 aqua
1740 1640 1982 1714 potanda

2056 496 2222 547 caute
2249 488 2552 548 subduxit.
2592 489 2703 548 Sed
2731 490 2869 564 quia
2897 490 3016 549 illis
3044 491 3104 549 in
3135 492 3394 565 partibus
3416 493 3776 565 deprehendi

2057 578 2154 636 fur
2182 576 2496 651 sacrilegus
2524 578 2738 651 timuit,
2769 578 3033 637 concitus
3056 580 3129 638 ad
3155 581 3435 654 oppidum
3466 582 3778 643 Laudense

2057 666 2327 739 profugit.
2373 665 2627 726 Securus
2665 666 2864 741 itaque
2900 670 3468 742 recognoscentium,
3503 672 3778 745 proponit

2056 769 2298 829 equum,
2357 761 2642 828 emptores
2690 756 2916 826 invitat,
2969 757 3308 817 vehiculum
3350 760 3567 830 laudat,
3614 775 3777 819 com-

2060 843 2341 902 mercium
2370 843 2606 917 ﬂagitat.
2649 844 2757 903 Sed
2789 844 2873 903 sic
2906 846 3201 904 hominem
3236 847 3437 906 divina
3467 846 3772 923 dispositio

2060 933 2417 1008 praepedivit,
2448 942 2512 992 ut
2536 950 2641 993 nec
2667 950 2801 992 cum
2830 934 3091 1009 quolibet
3120 945 3376 1010 emptore
3400 953 3772 1012 componere,

2064 1036 2167 1079 nec
2206 1020 2425 1079 animal
2465 1021 2739 1095 potuisset
2789 1022 3034 1096 pecunia
3082 1032 3429 1096 permutare.
3476 1024 3775 1083 Postremo

2060 1119 2254 1169 autem
2317 1127 2585 1170 reversus
2637 1113 2709 1170 ad
2773 1128 2836 1171 se
2891 1120 2947 1169 et
2990 1113 3330 1186 poenitentia
3373 1111 3522 1170 406
3562 1115 3777 1175 ductus

2062 1199 2304 1259 bestiam
2332 1201 2403 1259 ad
2438 1201 2625 1261 locum
2668 1202 2757 1261 sui
2797 1202 3060 1260 criminis
3090 1204 3387 1262 conscium
3436 1213 3684 1273 revocat,
3719 1216 3777 1264 et

2063 1289 2203 1362 quid
2242 1289 2350 1348 sibi
2393 1291 2697 1365 contigerit
2736 1290 2807 1348 ad
2850 1292 2944 1349 sui
2986 1292 3385 1351 confusionem
3418 1300 3472 1352 et
3501 1294 3776 1368 omnipo-

2066 1376 2238 1435 tentis
2263 1376 2365 1435 Dei
2395 1377 2641 1451 gloriam
2677 1394 2791 1436 non
2820 1379 3094 1437 occultat.

2143 1463 2246 1524 Vir
2274 1465 2431 1523 idem
2469 1465 2815 1524 venerabilis
2858 1464 3002 1524 dum
3034 1465 3275 1524 essetin
3320 1466 3531 1525 itinere
3556 1468 3772 1527 consti-

2069 1564 2250 1627 tutus,
2293 1554 2433 1629 quia
2473 1570 2648 1612 causa
2693 1553 2957 1619 dictabat,
3009 1554 3279 1614 Ticinum
3329 1556 3667 1616 festinanter
3705 1573 3777 1616 ac

2064 1646 2191 1704 sine
2236 1658 2395 1701 mora
2447 1643 2688 1700 transire
2747 1641 3033 1716 cupiebat,
3091 1644 3190 1702 sed
3246 1644 3777 1705 intumescentibus

280 1738 574 1812 repetitur,
597 1735 802 1793 vinum
830 1748 1030 1792 rursus
1054 1732 1116 1789 in
1150 1730 1355 1805 poculo
1378 1731 1678 1818 reperitur.
1710 1728 1839 1818 Jain
1860 1729 2251 1818 ila-Baquis,
2286 1731 2461 1789 etiam
2504 1728 2805 1801 navigium
2844 1728 3058 1790 deerat.
3102 1731 3371 1791 Protinus
3419 1749 3555 1807 ergo
3593 1735 3779 1793 conﬁ-

281 1839 395 1899 que
434 1823 524 1880 vir
571 1828 821 1889 sanctus,
860 1818 1079 1877 divinae
1109 1833 1242 1889 erga
1273 1832 1334 1875 se
1362 1814 1591 1889 pietatis
1630 1814 2039 1873 beneﬁcium~
2065 1837 2166 1879 sus
2207 1820 2266 1877 in
2302 1818 2507 1888 Deum,
2549 1833 2736 1877 unum
2782 1835 2814 1877 e
2848 1819 3082 1877 famulis
3126 1829 3308 1893 vocat,
3348 1827 3525 1895 seqM
3567 1824 3629 1881 in
3666 1840 3775 1884 no-

281 1924 712 1985 recognoscens,
743 1906 902 1983 quod
928 1906 1110 1964 Deum
1141 1905 1254 1964 sibi
1300 1903 1747 1963 misericorditer
1782 1904 1985 1963 indul-
2067 1908 2226 1967 mine
2252 1907 2463 1966 Christi
2487 1907 2808 1981 praecedere
2829 1923 2926 1980 per
2951 1907 3187 1967 alveum
3216 1909 3480 1967 ﬂuminis
3505 1909 3771 1984 imperat.

278 2015 414 2076 gere
441 1998 761 2059 considerat
789 2012 924 2055 cum
952 1994 1268 2071 gratiarum
1295 1993 1518 2053 actione
1548 1992 1837 2067 percipere
1869 2008 1984 2051 non

276 2099 520 2152 recusat.

354 2181 675 2251 Praeterea,
725 2194 855 2238 cum
915 2178 1007 2235 vir
1056 2176 1159 2235 Dei
1196 2191 1332 2234 cum
1379 2175 1633 2233 Henrico
1682 2191 1832 2249 rege,
1880 2172 1984 2247 qui

275 2268 642 2344 postmodum
674 2269 859 2327 factus
885 2274 971 2325 est
996 2267 1309 2339 imperator
1341 2308 1355 2335 ,
1388 2265 1447 2322 in
1481 2264 1777 2322 'l‘icinensi
1808 2260 1986 2321 simul

280 2360 424 2420 urbe
467 2358 835 2428 consisteret,
893 2364 948 2414 et
1001 2356 1320 2414 Dominicae
1377 2354 1694 2413 nativitatis
1740 2352 1987 2427 gloriam

278 2450 609 2515 celebraret,
649 2446 889 2519 contigit
942 2451 1004 2503 ut
1054 2444 1317 2503 velamen
1361 2458 1579 2502 mensa)
1616 2442 1763 2515 ejus,
1799 2441 1985 2500 artifi-

277 2541 429 2599 ciosa
470 2537 708 2597 textrini
753 2536 964 2595 laboris
1003 2534 1333 2608 operatione
1373 2533 1772 2607 conspicuum,
1808 2532 1984 2591 sacri-

277 2629 404 2703 lega
458 2629 661 2687 fuisset
702 2626 902 2684 fraude
943 2623 1256 2683 sublatum.
1306 2623 1612 2697 Postquam
1657 2627 1853 2681 autem
1897 2622 1987 2681 vir

275 2719 379 2779 Dei
408 2736 541 2778 cum
572 2732 705 2789 rege
730 2715 1014 2787 discessit,
1045 2715 1139 2774 fur
1167 2715 1272 2788 qui
1309 2721 1575 2788 rapuerat
1592 2714 1715 2786 jam
1747 2729 1985 2773 securus

279 2806 574 2881 proposuit
603 2805 863 2863 velamen
897 2804 959 2862 in
991 2805 1114 2862 foro
1142 2802 1365 2861 venale.
1402 2802 1512 2861 Sed
1552 2803 1692 2861 dum
1724 2802 1813 2859 illi
1838 2850 1840 2853 τ
1863 2801 1982 2860 dis-

279 2894 488 2971 positio
526 2892 772 2952 crelestis
811 2891 1055 2960 obsistit,
1098 2898 1289 2948 sancta
1336 2888 1577 2948 distrahi
1627 2889 1815 2962 praeda
1868 2904 1983 2948 non

278 2982 485 3059 potuit.
521 2981 632 3040 Ter
673 2979 852 3054 igitur
892 2978 1044 3054 quod
1084 2978 1445 3036 subduxerat
1494 2976 1643 3036 inter
1692 2978 1982 3036 nundina-

279 3085 412 3131 rum
451 3085 669 3128 merces
696 3066 987 3142 exposuit,
1014 3068 1178 3126 tertio
1203 3065 1497 3126 subtiliter
1521 3066 1842 3137 attentavit,
1881 3068 1977 3126 sed

2067 1996 2273 2056 Obedit
2320 1995 2476 2054 illico
2513 1996 2787 2064 famulus,
2818 2005 3152 2069 spumantes
3189 1996 3604 2071 proﬂuentium
3654 2015 3773 2058 un—

2069 2085 2274 2144 darum
2330 2085 2598 2143 cumulos
2651 2084 2878 2157 ingredi
2935 2100 3053 2144 non
3102 2095 3379 2157 moratur,
3427 2087 3638 2147 deinde
3682 2088 3778 2147 vir

2067 2182 2302 2232 sanctus
2326 2188 2457 2231 cum
2492 2172 2654 2231 omni
2683 2174 3133 2233 commeantium
3186 2175 3353 2234 turba
3379 2176 3773 2250 subsequitur.

2068 2271 2124 2321 et
2158 2262 2241 2321 sic
2267 2278 2470 2321 omnes
2506 2262 2568 2320 in
2605 2260 2938 2319 ulteriorem
2967 2260 3116 2319 alvei
3150 2262 3510 2335 crepidinem
3549 2264 3777 2338 absque

2071 2353 2195 2413 ullo
2251 2369 2485 2428 prorsus
2534 2351 3024 2411 incommoditatis
3091 2352 3444 2412 oﬂ‘endiculo
3507 2362 3773 2426 transpo-

2071 2450 2311 2501 nuntur.
2350 2440 2514 2512 Quod
2566 2442 2707 2500 dum
2742 2440 3016 2500 nonnulli
3059 2440 3160 2515 qui
3206 2443 3445 2500 aderant
3490 2442 3770 2501 mirareno

2070 2539 2182 2602 tur,
2226 2531 2389 2590 velut
2416 2530 2621 2590 aemuli
2656 2530 3126 2604 przecedentium,
3156 2536 3456 2604 cmperunt
3492 2537 3775 2589 attentare

2068 2629 2345 2691 meatum,
2370 2620 2470 2678 sed
2511 2635 2645 2678 mox
2683 2627 2746 2678 ut
2783 2619 2970 2678 adorti
2998 2626 3132 2678 sunt
3163 2628 3453 2677 extremos
3490 2618 3775 2677 citerioris

2068 2709 2209 2783 ripa:
2251 2710 2463 2767 lluctus
2495 2709 2795 2781 attingere,
2836 2706 2948 2766 nisi
2996 2723 3178 2781 equos
3209 2708 3322 2766 sub
3353 2707 3643 2766 celeritate
3682 2723 3772 2765 re-

2067 2799 2443 2873 pressisscnt,
2494 2799 2834 2874 proﬂuentis
2889 2815 3058 2874 aqua;
3138 2799 3422 2858 submersi
3502 2799 3776 2873 voragine

2066 2889 2261 2964 procul
2305 2889 2484 2948 dubio
2530 2891 2902 2965 naufragium
2930 2891 3318 2966 pertulissent.
3375 2890 3537 2950 Unus
3574 2900 3770 2949 autem

2065 2994 2139 3037 ex
2174 2980 2263 3038 his
2296 2978 2398 3054 qui
2440 2987 2577 3039 tunc
2617 2981 2876 3054 aderant,
2909 2989 2971 3040 ut
3013 2989 3124 3039 tam
3152 2981 3383 3052 insigne
3416 2979 3772 3039 miraculum

2066 3068 2248 3139 vidit,
2298 3069 2599 3145 obstupuit
2652 3071 3067 3147 hominemque
3124 3070 3224 3129 Dei
3270 3077 3333 3129 ut
3385 3086 3509 3129 suae
3563 3070 3777 3128 domus

274 3176 409 3220 cum
460 3158 816 3232 emptoribus
866 3155 937 3215 de
988 3155 1169 3230 pretio
1226 3155 1454 3229 penitus
1497 3155 1809 3213 convenire
1864 3155 2623 3232 nonusubiredignaretur
2654 3159 2971 3234 hospitium
2997 3159 3143 3219 fusis
3173 3160 3476 3219 humiliter
3501 3159 3774 3233 precibus

274 3251 502 3326 potuit,
554 3264 661 3307 nec
716 3249 868 3306 inter
911 3247 1323 3306 distrahentem
1370 3254 1427 3304 et
1481 3255 1839 3306 coementem
1887 3264 1983 3322 pa—

272 3339 411 3399 cisci
455 3336 638 3397 valuit
678 3336 883 3394 venale
914 3336 1345 3399 commercium.
1382 3338 1519 3410 quia
1550 3337 1751 3395 divina
1793 3336 1979 3410 dispo-

277 3427 408 3486 sitio
456 3426 758 3485 conatibns
801 3423 1108 3484 hominum
1143 3425 1374 3496 negavit
1420 3425 1706 3485 effectum.
1757 3424 1983 3491 Interea

274 3516 507 3576 sceleris
555 3516 737 3589 hujus
788 3523 1080 3575 auctorem
1135 3515 1278 3574 ultio
1332 3516 1529 3575 divina
1577 3516 1874 3589 corripuit,
1926 3523 1983 3574 et

276 3619 504 3673 manus,
553 3618 687 3677 quae
739 3600 1105 3675 sacrilegium
1145 3609 1627 3675 perpetraverant,
1676 3617 1743 3659 ac
1770 3602 1977 3675 pedes,

271 3693 487 3768 quibus
535 3699 726 3766 raptor
767 3690 1120 3762 aufugerat,
1182 3690 1505 3749 arefaciens
1538 3734 1552 3762 ,
1622 3690 1980 3748 intolerabili

273 3781 470 3841 dolore
517 3780 886 3841 constrinxit.
932 3779 1069 3838 Mox
1098 3780 1295 3852 itaque
1335 3781 1667 3853 compulsus
1703 3780 1982 3854 languore

271 3871 344 3930 ad
376 3871 674 3930 ecclesiam
701 3870 851 3929 beati
881 3867 1076 3927 Maiolt
1109 3869 1381 3927 manibus
1403 3869 1609 3927 alienis
1635 3870 1944 3929 advehitur
1962 3913 1978 3941 ,

272 3959 512 4019 mantile
539 3957 835 4018 sublatum
871 3956 944 4016 ad
972 3963 1167 4015 reatus
1214 3956 1503 4015 indicium
1533 3973 1722 4016 coram
1758 3957 1981 4016 cunctis

268 4050 633 4125 appenditur,
664 4054 721 4107 et
747 4045 949 4106 divina
980 4045 1286 4104 clementia
1318 4046 1392 4104 ab
1419 4046 1581 4104 omni
1616 4046 1850 4121 p0pulo,
1878 4048 1980 4120 qui

271 4140 520 4213 percitus
564 4139 742 4210 hujus
780 4138 951 4195 famae
995 4151 1229 4195 rumore
1272 4137 1653 4207 conﬂuxerat,
1697 4137 1978 4211 implora-

268 4236 382 4285 tur.
416 4226 511 4285 Sic
538 4226 733 4299 itaque
767 4223 919 4282 beati
952 4223 1150 4282 Maioli
1189 4224 1415 4283 meritis
1450 4240 1516 4283 ac
1551 4226 1817 4297 precibus
1857 4227 1977 4284 fra-

270 4326 422 4375 trum
473 4314 586 4373 sibi
634 4312 1013 4373 servientium
1082 4328 1263 4373 sanus
1315 4321 1370 4373 et
1423 4314 1738 4374 incolumis
1791 4316 1977 4374 factus

2064 3246 2413 3322 impetravit.

2134 3334 2500 3410 Intempesta;
2545 3336 2691 3395 alias
2730 3338 2914 3397 noctis
2964 3338 3196 3397 silentio
3239 3337 3329 3396 vis
3380 3339 3539 3397 venti
3591 3339 3772 3397 vehe-

2064 3424 2313 3483 mentior
2366 3423 2537 3502 irruit
2586 3433 2640 3485 et
2690 3425 3005 3496 lucernam,
3060 3442 3194 3501 quas
3237 3428 3296 3484 in
3353 3427 3770 3487 dormientium

2063 3512 2334 3572 cubiculo
2365 3513 2742 3588 dependebat,
2773 3514 3074 3573 exstinxit.
3101 3515 3548 3590 Expergefactus
3570 3523 3768 3575 autem

2065 3600 2476 3670 cubicularius,
2509 3617 2643 3661 cum
2681 3603 2879 3662 lumen
2919 3604 3249 3676 agnovisset
3284 3604 3656 3676 exstinctum,
3692 3605 3771 3663 ad

2062 3689 2406 3762 abigendam
2444 3690 2627 3749 noctis
2661 3692 2973 3750 tenebrosae.
3015 3690 3344 3764 caliginem,
3372 3691 3558 3750 divini
3586 3690 3772 3750 lumi-

2063 3779 2157 3838 nis
2231 3780 2519 3853 infulgere
2587 3780 2835 3855 postulat
2907 3781 3248 3842 claritatem.
3306 3783 3500 3849 Deus,
3555 3782 3769 3859 inquit,

2062 3868 2452 3942 omnipotens,
2497 3870 2600 3945 qui
2640 3870 2837 3929 lumen
2874 3887 2935 3931 es
2980 3888 3207 3945 verum,
3245 3888 3346 3948 pro
3384 3888 3580 3932 amore
3612 3872 3770 3932 servi

2064 3959 2149 4018 tui
2192 3958 2472 4030 Odilonis,
2509 3959 2582 4018 ab
2620 3960 2728 4019 hac
2756 3961 2926 4020 domo
2957 3962 3223 4022 tenebras
3256 3963 3487 4022 dimove
3522 3978 3776 4037 eamque

2059 4048 2260 4123 gratim
2309 4055 2423 4105 tuae
2474 4046 2605 4107 luce
2648 4048 2954 4121 perfunde.
3008 4050 3322 4111 Confestim
3369 4053 3443 4111 de
3491 4051 3638 4110 ccelo
3681 4068 3777 4111 co-

2061 4151 2245 4194 ruscae
2283 4135 2428 4194 lucis
2465 4136 2738 4208 splendor
2776 4138 3039 4210 emicuit,
3071 4148 3127 4198 et
3164 4146 3338 4199 totam
3385 4139 3624 4199 domum
3660 4156 3773 4207 su-

2060 4224 2221 4298 perni
2286 4224 2613 4298 splendoris
2668 4226 2899 4286 claritas
2954 4228 3292 4287 illustravit.
3355 4228 3418 4289 Si
3472 4244 3609 4303 ergo
3661 4230 3774 4289 hoc

2056 4314 2259 4390 agebat
2284 4315 2450 4376 Odilo
2481 4323 2618 4377 tunc
2660 4333 2861 4392 sopore
2888 4319 3213 4393 depressus,
3242 4319 3385 4394 quid
3413 4327 3582 4394 putas
3610 4336 3774 4380 nunc

272 4402 532 4462 velamen
581 4401 830 4461 reddidit
874 4401 1153 4472 alienum,
1204 4410 1261 4460 et
1310 4403 1524 4477 recepit
1574 4404 2026 4481 semetipsum._
2057 4403 2213 4478 apud
2282 4405 2473 4466 Deum
2530 4412 2713 4481 potest
2771 4407 3021 4467 carnalis
3087 4409 3331 4467 sarcinae
3395 4408 3773 4479 corruptione

264 4491 535 4552 Probavit
570 4506 705 4566 ergo
733 4507 848 4567 quo
877 4491 1119 4566 praemio
1160 4490 1371 4565 dignus
1397 4476 1546 4550 esset
1585 4492 1687 4566 qui
1736 4476 1971 4551 beatum
1989 4476 2317 4554 Dsolutus?

262 4581 578 4641 oﬂ‘enderet
608 4579 930 4640 Odilonem.

333 4668 502 4730 Alius
549 4684 783 4746 quoque
828 4669 941 4739 fur,
988 4685 1122 4729 cum
1180 4670 1270 4729 vir
1316 4670 1420 4729 Dei
1472 4670 1532 4729 in
1581 4671 1781 4730 eadem
1834 4673 1977 4733 urbe

264 4757 646 4827 consisteret,
700 4757 994 4817 stabulum
1066 4758 1193 4831 ejus
1246 4766 1566 4819 nocturnus
1618 4761 1874 4836 irrupit,
1926 4770 1980 4822 et

2130 4584 2309 4643 Paulo
2363 4590 2496 4643 ante
2550 4585 2907 4645 nativitatem
2962 4587 3217 4660 Domini,
3273 4604 3374 4664 per
3423 4587 3767 4647 hiemalium

2060 4674 2489 4734 inclementiam
2522 4675 2801 4735 imbrium
2839 4686 3072 4739 sanctus
3105 4694 3286 4739 senex
3317 4677 3387 4737 ad
3427 4677 3579 4738 beati
3609 4676 3766 4737 Mar-

2063 4763 2193 4822 celli
2232 4764 2499 4840 martyris
2548 4765 2960 4826 monasterium
3015 4767 3167 4839 (I30)
3208 4768 3537 4829 festinabat.
3584 4766 3768 4826 Vene-

1280 4901 1612 4962 ANDREJE
1652 4903 1954 4964 CHESNII
1991 4904 2087 4965 ET
2125 4904 2470 4966 ANONYMI
2509 4903 2750 4966 NOTAE.

334 5005 468 5072 (130)
501 5003 645 5067 Quod
670 5003 1100 5073 Guntchramnus
1129 5005 1447 5070 Burgundiae
1478 5021 1572 5062 rex
1594 5010 1750 5073 juxta
1774 5009 1973 5061 Cabilo-

272 5090 395 5131 nem
442 5077 698 5139 condidit,
739 5082 797 5128 ut
844 5081 991 5129 notat
1033 5072 1385 5141 Fredegarius
1440 5082 1494 5129 In
1542 5072 1847 5145 Appendice
1903 5080 1970 5134 ad

271 5147 582 5211 Gregorium
616 5148 700 5199 his
739 5148 952 5200 verbis:
981 5151 1134 5200 Anno
1160 5149 1222 5199 ‘24
1256 5148 1409 5213 regni
1431 5149 1535 5211 sui,
1573 5151 1760 5203 divino
1787 5165 1971 5204 amore

269 5217 543 5270 ecclesiam
565 5218 711 5270 beati
731 5217 984 5275 Marcelli.
1027 5218 1121 5271 ubi
1148 5219 1258 5282 ipse
1288 5222 1550 5283 pretiosus
1593 5223 1875 5289 requiescit
1910 5223 1969 5275 in

267 5298 504 5350 corpore.
543 5303 659 5353 qua
697 5290 756 5340 in
790 5289 1095 5341 suburbano
1129 5292 1347 5356 quidem
1375 5289 1731 5351 Gabilonensi,
1762 5295 1855 5344 sed
1886 5295 1969 5346 la-

268 5370 390 5409 men
412 5357 475 5430 in
496 5358 747 5424 Sequano
771 5366 846 5413 est
872 5363 1082 5413 territo:
1102 5361 1170 5423 io,
1204 5363 1432 5427 miriﬁce
1471 5373 1520 5417 et
1554 5365 1775 5416 solerter
1806 5364 1968 5430 aediﬁ'

270 5440 397 5480 care
426 5428 610 5500 jussit,
654 5430 833 5497 ibiqae
875 5431 1152 5485 monachis
1194 5436 1528 5500 congregatis
1576 5428 1972 5489 monasterium

269 5498 530 5571 condidit,
583 5499 861 5567 ipsamque
919 5504 1193 5556 ecclesiam
1234 5498 1399 5557 rebus
1444 5508 1696 5571 plurimis
1745 5507 1967 5562 ditavit.

276 5570 455 5635 Longe
488 5582 620 5624 vero
648 5578 829 5637 postea
858 5572 1219 5628 nobilissimus
1247 5589 1416 5628 comes
1444 5570 1812 5630 ’Cubilonensis
1835 5575 1971 5630 Gau-

2071 5010 2277 5075 fredus,
2314 5011 2482 5074 inquit
2536 5011 2889 5073 Theobaldns,
2929 5015 2984 5064 et
3026 5012 3145 5076 ipse
3186 5024 3369 5065 comes
3403 5015 3773 5069 Cabilonensis

2073 5083 2127 5132 in
2157 5086 2422 5145 praecepto
2446 5081 2591 5145 quod
2613 5096 2665 5145 p.
2700 5083 2791 5135 3M
2813 5082 2898 5147 (in
2917 5080 3164 5136 Bibliolh.
3201 5084 3466 5151 Cluniae.)
3498 5087 3772 5149 integrum

2071 5153 2363 5215 posuimus,
2431 5152 2647 5205 accessit
2707 5154 2780 5204 at
2827 5153 2992 5206 beata:
3055 5155 3454 5208 recordationis
3522 5158 3773 5209 abbatem

2070 5220 2329 5273 Maiolum
2359 5225 2408 5275 et
2431 5221 2827 5276 commendavit
2855 5223 2935 5275 illi
2953 5225 3347 5277 monasterium
3365 5226 3479 5285 hoc,
3498 5227 3558 5278 in
3585 5226 3774 5278 subur-

2072 5292 2157 5344 bio
2199 5288 2562 5343 Babilonensis
2598 5291 2842 5346 civitatis
2883 5307 2918 5345 a
2951 5291 3361 5348 Guntchramno
3390 5298 3648 5359 praedicto
3672 5310 3769 5349 no-

2071 5363 2333 5416 bilissimo
2360 5366 2411 5415 et
2451 5362 2700 5426 religioso
2736 5376 2856 5427 rege
2905 5366 3189 5430 magnifice
3233 5372 3628 5426 constrictum.
3681 5367 3774 5420 ubi

2071 5435 2356 5501 requiescit
2394 5446 2588 5496 corpus
2625 5434 2768 5486 beati
2800 5435 3037 5489 Marcelli
3068 5438 3352 5504 martyris,
3389 5453 3450 5491 eo
3485 5444 3670 5493 leuare
3706 5444 3768 5491 ut

2069 5505 2382 5571 religionem
2419 5504 2710 5557 monastici
2751 5506 2984 5567 ordinis,
3015 5521 3131 5572 qua
3161 5521 3293 5571 pene
3333 5509 3533 5563 abolita
3565 5508 3767 5573 fuerat.

2071 5577 2418 5641 reformarel,
2440 5577 2582 5641 jura
2613 5580 2662 5628 et
2686 5581 3032 5639 possessiones
3060 5581 3134 5631 ad
3161 5582 3339 5643 ipsum
3383 5584 3557 5633 locant
3598 5582 3768 5645 perti-
