4108 6206
228 281 336 343 933
1635 274 1814 337 VITA
1856 279 1916 338 S.
1959 272 2328 337 ODILONIS.
3632 281 3736 343 934

229 413 374 465 runt
401 411 597 463 autem
637 405 709 462 ad
748 404 1036 479 quoddam
1067 405 1307 476 ﬂumen,
1348 405 1502 480 quod
1549 406 1628 463 ita
1674 405 2012 464 fluctibusA
2032 409 2135 471 est,
2188 401 2428 458 omnino
2486 401 2596 458 tale
2647 402 2854 460 vinum
2895 401 3118 460 deesset
3152 404 3305 477 quod
3353 412 3550 465 sancto
3608 408 3732 468 viro

230 493 671 554 exundantibus
695 494 1083 564 inhorruerat,
1113 501 1177 554 ut
1213 511 1450 569 prorsus
1475 495 1949 554 intransmeabile
2032 489 2248 563 saporis
2282 489 2578 549 habilitate
2615 499 2973 565 congrueret.
3015 492 3266 568 Inquirit
3301 511 3434 568 ergo
3467 496 3730 557 abbatem

233 583 548 642 videretur.
607 581 875 641 Conﬁsus
912 592 1105 641 autem
1150 584 1212 641 in
1262 583 1510 641 Domino
1558 584 1755 658 dirigit
1797 599 1950 658 prae-
2033 579 2141 637 loci
2191 588 2384 638 utrum
2418 581 2625 640 melius
2668 582 2892 640 habeat.
2943 582 3053 652 Qui
3087 601 3147 642 se
3179 587 3479 645 confestim
3512 596 3566 646 et
3596 606 3727 662 pro-

234 671 422 740 vium,
452 671 554 743 qui
587 671 732 728 vada
775 677 1095 745 prmtentet,
1127 679 1180 729 et
1207 671 1330 745 ipse
1368 687 1505 730 mox
1538 688 1671 730 cum
1723 674 1949 732 comiti-
2034 669 2232 726 fitetur
2263 670 2494 741 habere,
2534 679 2590 728 et
2629 680 2912 744 quantum
2954 673 3073 745 ipse
3117 677 3449 747 praeceperit
3491 678 3733 740 libenter

233 761 349 820 bus
378 761 761 834 subsequens,
792 762 1161 832 pertransivit
1197 762 1438 821 illaesus.
1477 763 1584 822 Sed
1618 762 1676 820 in
1708 764 1816 822 hoc
1850 779 1950 821 va-
2034 758 2258 815 afferre.
2304 757 2406 815 Vir
2449 768 2644 817 autem
2681 759 2913 818 Domini
2956 761 3270 834 modicum,
3321 764 3471 837 quod
3511 775 3643 826 ante
3680 785 3741 826 se

241 853 511 912 dantium
544 854 787 912 transitu
810 853 959 911 illud
981 852 1246 910 mirabile
1273 853 1400 922 fuit,
1425 855 1712 928 quiacum
1733 855 1955 913 caeteris
2035 856 2156 905 erat
2215 847 2534 915 vasculum.
2593 848 2787 918 dedit;
2847 858 2910 908 ut
2966 850 3076 908 Sibi
3129 851 3366 924 plenum
3421 854 3740 916 deferretur

240 960 394 1018 aqua
424 944 770 1017 pertingeret
801 959 990 1017 usque
1009 943 1082 1001 ad
1109 944 1346 1013 femora,
1372 944 1495 1001 viro
1515 944 1618 1002 Dei
1650 961 1752 1003 nec
1774 945 1952 1004 corri-

241 1030 337 1104 gia
365 1031 602 1103 quidem
631 1031 795 1103 pedis
831 1045 1118 1103 aquarum
1157 1038 1242 1088 est
1280 1031 1662 1090 inundatione
1699 1032 1950 1104 perfusa.

241 1117 315 1176 In
341 1116 445 1175 illo
471 1117 690 1176 scilicet
718 1117 838 1176 solo
873 1117 1125 1176 madoris
1155 1119 1246 1176 sui
1278 1119 1526 1192 perdidit
1556 1119 1714 1177 unda
1754 1119 1909 1177 vires
1936 1139 1949 1178 ε

241 1206 307 1264 in
332 1205 572 1281 reliquis
595 1215 791 1266 autem
815 1207 1138 1265 naturalem
1157 1207 1432 1279 ingenitae
1454 1208 1596 1266 viris
1623 1208 1762 1279 (l3l)
1784 1208 1958 1266 exhi-

244 1295 374 1353 buit
401 1295 750 1354 facultatem.
782 1296 966 1354 Istum
991 1312 1142 1368 aqua
1164 1303 1396 1370 tangere
1418 1297 1626 1370 potuit,
1655 1296 1959 1354 humidare

244 1400 362 1445 non
393 1387 578 1459 potuit
605 1405 618 1454 ;
650 1385 795 1442 407
826 1386 957 1444 illos
984 1395 1200 1456 autem,
1222 1386 1378 1460 quod
1401 1396 1606 1444 natura
1627 1386 1955 1455 dictaverat,

251 1473 514 1550 undique
544 1475 864 1534 madefecit.
1489 1505 1496 1508 -

320 1563 603 1623 Praeterea
675 1565 816 1624 dum
890 1566 978 1623 vir
1038 1566 1268 1624 Domini
1322 1566 1476 1639 apud
1541 1565 1956 1624 monasterium

245 1653 396 1711 beati
427 1653 684 1726 Martini,
727 1657 881 1730 quod
909 1656 982 1714 ad
1018 1655 1318 1715 Publicam
1349 1656 1495 1724 (I32)
1527 1663 1760 1714 stratam
1812 1655 1956 1714 dici-

2036 936 2296 1009 eXpetiit.
2348 937 2608 995 Allatum
2637 953 2768 1010 ergo
2804 946 2938 996 ante
2985 955 3046 996 se
3084 941 3291 1012 posuit,
3323 949 3378 998 et
3405 943 3528 1015 ipse
3554 947 3736 1016 potis-

2038 1025 2252 1082 simum
2295 1040 2454 1082 more
2499 1025 2790 1098 pincernaa
2829 1026 2939 1084 sibi
2978 1027 3262 1087 duntaxat
3297 1037 3352 1087 et
3388 1032 3600 1104 abbati,
3639 1037 3743 1108 qui

2032 1116 2204 1188 juxta
2265 1131 2326 1172 se
2385 1115 2799 1185 discumbebat,
2866 1118 3161 1191 expendit.
3221 1118 3484 1193 Cumque
3528 1124 3648 1196 jam
3709 1143 3740 1183 a

2039 1219 2241 1262 mensa
2312 1205 2668 1274 surgendum
2728 1206 2959 1264 refectio
3021 1206 3302 1281 completa
3366 1209 3622 1277 dictaret,
3689 1224 3743 1272 et

2040 1290 2341 1364 paululum
2388 1292 2580 1350 adhuc
2627 1292 2750 1350 vini
2794 1293 2856 1350 in
2906 1295 3139 1354 vasculo
3189 1307 3528 1370 superesset,
3581 1301 3743 1360 Pater

2041 1388 2274 1440 sanctus
2300 1381 2508 1440 blande
2536 1382 2842 1440 subridens
2875 1407 2886 1440 :
2920 1383 3070 1454 Non,
3111 1384 3324 1460 inquit,
3371 1388 3571 1447 fratres
3599 1389 3745 1446 408

2042 1468 2177 1538 mei,
2212 1470 2378 1543 plene
2411 1469 2559 1526 circa
2589 1485 2688 1527 vos
2713 1470 2971 1528 ofﬁcium
3014 1472 3307 1532 charitatis
3337 1475 3602 1546 exhibui,
3633 1479 3740 1552 qui

2041 1557 2268 1628 vinum,
2298 1557 2452 1630 quod
2478 1557 2626 1616 mihi
2657 1559 2865 1632 sapuit,
2907 1560 3206 1619 vobiscum
3249 1563 3589 1637 participare
3637 1583 3740 1624 ne-

2039 1647 2218 1722 glexi.
2258 1648 2559 1722 Arripiens
2595 1664 2730 1722 ergo
2757 1650 3054 1721 cyathum,
3090 1651 3306 1708 infudit
3337 1668 3582 1723 merum,
3620 1655 3744 1713 sin-

173 1757 184 1763 ·
245 1749 358 1812 tur,
423 1751 682 1818 receptus
728 1752 875 1804 esset
934 1745 1200 1820 hospitio,
1263 1747 1409 1804 sicut
1471 1746 1648 1804 moris
1699 1755 1838 1815 erat,
1895 1740 2192 1819 uthulis
2214 1739 2513 1813 singultim
2541 1757 2641 1814 pro
2666 1741 3062 1800 benedictione
3090 1742 3355 1815 largitur.
3401 1746 3513 1804 Res
3543 1747 3734 1805 mira:

244 1833 582 1909 ubicunque
636 1844 893 1894 maneret
943 1852 1292 1910 quocunque
1332 1854 1391 1894 se
1443 1843 1704 1906 verteret,
1755 1851 1954 1895 mona-

237 1922 484 1982 chorum
538 1924 696 1982 illico
751 1926 1073 1999 frequentia
1134 1942 1247 1984 non
1295 1926 1534 1994 deesset,
1579 1942 1696 1983 non
1742 1942 1957 1999 parvus

236 2010 289 2068 ei
334 2019 520 2070 cmtus
565 2013 807 2071 fratrum
851 2013 1098 2071 aflluxit.
1138 2012 1292 2082 Quos
1337 2014 1437 2072 ille
1485 2031 1614 2073 cum
1667 2012 1956 2071 alacritate

237 2102 581 2176 suscipiens,
632 2109 688 2160 et
725 2103 888 2175 prius
932 2103 1016 2161 eis
1055 2102 1368 2160 iueffabilis
1405 2102 1621 2177 eloquii
1656 2104 1954 2161 familiari-

235 2194 348 2246 tate
395 2189 786 2248 communicat
825 2197 880 2247 et
919 2190 1304 2263 postmodum,
1354 2197 1416 2248 ut
1463 2190 1573 2247 sibi
1614 2207 1716 2263 pro
1763 2191 1955 2248 chari-

241 2284 352 2336 tate
384 2285 802 2337 convescantur
831 2278 1057 2338 invitat.
1088 2278 1196 2338 Sed
1232 2279 1371 2337 dum
1403 2279 1462 2336 in
1497 2279 1738 2352 longum
1770 2294 1958 2337 sermo

246 2368 616 2438 protrahitur,
673 2369 939 2426 semotim
1003 2367 1284 2440 quosdam
1351 2384 1426 2426 ex
1487 2368 1704 2425 familia
1761 2383 1957 2425 servos

245 2455 450 2529 accipit
478 2476 492 2527 ;
524 2465 718 2516 utrum
759 2457 832 2515 sit
860 2457 1016 2515 unde
1043 2457 1200 2514 refici
1240 2457 1442 2515 fratres
1474 2457 1704 2514 valeant
1730 2456 1957 2514 invitati

250 2543 486 2602 solerter
528 2545 790 2619 inquirit.
828 2545 940 2613 Qui
992 2546 1063 2603 de
1108 2545 1330 2603 caeteris
1380 2545 1615 2620 quidem
1667 2544 1960 2603 alimentis

247 2642 509 2690 constare
555 2633 855 2706 perhibent
912 2634 1313 2706 quantitatem,
1365 2634 1435 2692 de
1477 2635 1729 2709 piscibus
1765 2642 1959 2693 autem

246 2737 396 2795 pene
444 2723 591 2780 nihil
621 2738 743 2781 esse
779 2723 931 2796 quod
961 2724 1031 2779 ad
1073 2729 1290 2781 tantam
1324 2724 1630 2782 hominum
1663 2724 1978 2796 perveniat»

247 2812 706 2872 multitudinem.
743 2813 831 2872 Ad
860 2830 1004 2887 quos
1030 2815 1151 2884 ille,
1183 2815 1242 2872 in
1274 2816 1530 2885 nomine,
1560 2815 1769 2888 inquit,
1801 2815 1961 2874 illius

245 2901 351 2975 qui
380 2900 542 2959 novit
580 2901 842 2976 quinque
882 2903 1062 2960 millia
1099 2902 1403 2961 hominum
1441 2919 1515 2961 ex
1555 2919 1703 2976 pane
1739 2903 1960 2962 modico

245 3000 303 3048 et
348 2991 579 3063 gemino
638 2991 788 3063 pisce
836 2992 1068 3049 reficere
1120 2996 1270 3060 (Luc.
1322 3005 1423 3061 Ix;
1472 2997 1630 3051 Joan.
1693 2998 1795 3060 Vl),
1842 3007 1958 3050 non

245 3079 411 3154 quasi
455 3079 622 3150 nihil,
667 3087 729 3137 ut
767 3080 976 3149 dicitis,
1019 3082 1116 3139 sed
1163 3081 1515 3140 uberrimam
1566 3081 1732 3140 nobis
1764 3091 1818 3139 et
1854 3082 1956 3141 ho-

2040 1831 2187 1890 Cum
2221 1832 2421 1888 fratres
2464 1836 2654 1888 essent
2690 1830 2808 1888 fere
2836 1830 3162 1902 duodecim,
3199 1840 3255 1891 et
3289 1833 3373 1891 eis
3410 1834 3745 1894 bibentibus

2039 1924 2205 1991 potus
2235 1917 2397 1990 copia
2429 1933 2543 1974 non
2582 1917 2809 1983 defecit,
2855 1925 2910 1976 et
2955 1935 3155 1978 eorum
3186 1921 3466 1995 completo
3504 1938 3746 1981 numero

2040 2005 2122 2062 nil
2153 2007 2392 2062 omnino
2425 2005 2730 2078 superfuit.
2764 2005 2888 2064 Illis
2914 2007 3106 2081 itaque
3131 2012 3282 2080 quod
3314 2005 3527 2068 factum
3559 2011 3746 2069 fuerat

2039 2093 2489 2163 admirantibus,
2552 2095 2644 2152 vir
2696 2113 2849 2154 verae
2904 2099 3249 2162 humilitatis
3303 2109 3510 2170 custos,
3566 2108 3632 2160 ut
3679 2102 3741 2159 in

2039 2181 2224 2242 alium
2255 2182 2474 2240 divinm
2504 2185 2701 2257 grati-ce
2728 2201 2945 2245 munus
2970 2188 3287 2262 impelleret
3325 2198 3379 2246 et
3415 2190 3539 2264 ipse
3581 2192 3742 2249 favo-

2041 2273 2119 2330 ris
2174 2273 2416 2329 humani
2471 2273 2714 2344 gloriam
2764 2275 3098 2346 declinaret,
3151 2277 3409 2336 charitati
3467 2279 3747 2338 duntaxat

2041 2359 2200 2418 illius
2237 2361 2338 2434 qui
2377 2361 2578 2420 vinum
2620 2362 2774 2420 dedit
2825 2365 3173 2423 miraculum
3206 2382 3471 2440 superum
3508 2369 3746 2427 benedi-

2041 2450 2248 2508 ctionis
2273 2451 2571 2524 applicuit.

2111 2541 2332 2599 Dehinc
2369 2542 2510 2600 dum
2551 2559 2817 2616 egressus
2862 2545 3043 2603 Roma
3085 2555 3466 2606 reverteretur
3501 2549 3571 2605 ad
3615 2564 3747 2622 pro-

2043 2631 2186 2704 pria,
2243 2631 2479 2705 quidam
2545 2632 2696 2689 intra
2758 2631 3176 2691 Taurinensem
3233 2635 3436 2694 urbem
3499 2638 3744 2697 nimium

2043 2720 2219 2778 febris
2249 2719 2568 2793 patiebatur
2595 2720 2880 2778 ardorem.
2913 2721 3022 2778 Hic
3071 2722 3279 2780 furtive
3320 2740 3420 2796 per
3460 2727 3751 2786 ministros

2046 2825 2277 2883 aquam,
2323 2826 2437 2881 qua
2489 2811 2580 2867 vir
2627 2809 2858 2867 Domini
2903 2826 3110 2868 manus
3164 2811 3450 2886 abluebat,
3511 2817 3747 2889 accepit,

2048 2898 2291 2955 fideliter
2339 2897 2504 2966 bibit,
2550 2905 2604 2955 et
2645 2897 2726 2956 sic
2764 2898 2979 2972 absque
3025 2913 3182 2957 mora
3224 2899 3474 2974 deposita
3518 2917 3751 2973 prorsus

2044 2985 2202 3043 omni
2236 2985 2649 3044 l‘ebricitatione
2672 2985 2985 3044 convaluit.

2114 3073 2360 3144 Jamque
2399 3072 2595 3132 Jovini
2638 3073 2850 3132 montis
2888 3083 3176 3148 praerupta
3213 3079 3603 3138 conscendens
3647 3081 3750 3139 ob-

249 3168 496 3243 spitibus
554 3171 765 3228 nostris
829 3173 1071 3244 piscium
1127 3173 1350 3246 copiam
1410 3173 1749 3232 ministrate.
1811 3174 1957 3232 Cum

2056 3161 2171 3218 vios
2220 3161 2421 3219 habuit
2467 3178 2765 3236 pauperes,
2806 3179 2927 3236 pra:
2965 3162 3216 3223 difﬁcilis
3256 3167 3368 3224 vias
3406 3168 3748 3228 lassitudine.

247 3257 429 3329 igitur
451 3272 664 3315 mensae
692 3257 1183 3316 discumbentium
1211 3259 1377 3332 pauci
1397 3262 1500 3334 qui
1521 3261 1759 3318 aderant
1779 3263 1962 3335 pisces

251 3359 284 3401 a
333 3343 603 3416 dapiferis
638 3345 995 3415 inferuntur,
1037 3346 1206 3420 ccepit
1242 3362 1369 3404 esca
1416 3346 1479 3403 in
1523 3349 1793 3406 manibus
1839 3349 1959 3406 dis-

2045 3259 2240 3325 polum
2301 3252 2570 3310 aestuanti
2613 3252 2900 3311 desiderio
2949 3255 3290 3326 flagitantes.
3363 3257 3503 3317 Pius
3552 3260 3750 3333 itaque

2047 3341 2213 3398 Pater
2239 3341 2328 3399 sui
2363 3341 2676 3413 negligens,
2720 3340 2851 3397 aliis
2893 3341 2955 3398 in
3003 3345 3335 3402 necessitate
3372 3348 3747 3420 compatiens,

253 3434 656 3494 cumbentium
704 3452 978 3505 crescere,
1032 3444 1086 3495 et
1126 3452 1244 3511 quo
1290 3437 1474 3510 magis
1524 3453 1558 3494 a
1609 3453 1960 3497 convescen-
2039 3429 2214 3501 jussit
2251 3437 2312 3486 ut
2351 3427 2634 3501 quidquid
2674 3429 2796 3486 vini
2836 3429 3080 3503 propriis
3110 3431 3420 3491 haberetur
3449 3433 3507 3491 in
3541 3451 3750 3494 vascu-

255 3523 401 3581 tium
440 3523 603 3582 turba
631 3525 996 3583 consumitur
1025 3526 1444 3585 exuberantius
1472 3526 1788 3599 abundare,
1821 3529 1963 3586 adeo

253 3620 316 3670 ut
365 3611 580 3670 satiatis
627 3614 898 3672 omnibus
937 3615 1187 3686 plurima
1225 3623 1611 3688 superessent,
1661 3632 1794 3689 quae
1844 3632 1962 3675 non

253 3699 424 3758 modo
461 3701 839 3760 servitoribus
877 3703 1120 3772 cunctis,
1162 3703 1258 3760 sed
1299 3711 1354 3761 et
1396 3704 1544 3774 aliis,
1589 3704 1637 3761 si
1683 3721 1961 3778 superve-

251 3789 465 3856 nirent,
493 3788 682 3847 oblata
711 3789 1058 3848 suﬂicerent.
1103 3791 1208 3848 Cui
1249 3793 1511 3862 protinus
1541 3793 1770 3866 famuli,
1808 3810 1958 3865 ecce,

253 3875 437 3946 Pater,
469 3876 767 3950 inquiunt,
807 3878 960 3951 quod
995 3878 1440 3950 pusillanimitas
1474 3886 1668 3938 nostra
1694 3898 1811 3940 non
1838 3899 1962 3941 cre-

247 3965 415 4035 didit,
452 3975 653 4024 vestra)
675 3966 806 4025 ﬁdei
837 3967 1110 4024 meritum
1134 3966 1419 4026 divinitus
1452 3968 1799 4042 impetravit.
1830 3971 1960 4031 Jam

252 4068 370 4112 non
417 4054 680 4114 dubitare
726 4053 1056 4125 didicimus,
1108 4054 1158 4112 si
1210 4057 1648 4129 promissionem
1710 4068 1958 4118 vestram

249 4142 312 4199 in
341 4142 583 4200 articulo
621 4143 930 4216 cujuslibet
966 4143 1321 4201 difficultatis
1372 4144 1664 4204 audimus.
1707 4151 1782 4206 At
1837 4149 1954 4218 ille,

249 4236 318 4288 ut
347 4245 572 4303 semper
611 4239 729 4288 erat
767 4232 924 4289 mitis
949 4241 1002 4290 et
1042 4231 1305 4303 humilis,
1339 4247 1455 4292 non
1485 4250 1608 4293 sum
1645 4237 1780 4294 fidei
1805 4239 1959 4312 quod

249 4316 537 4377 divinitus
578 4322 793 4378 factum
842 4328 961 4379 erat
999 4321 1282 4394 ascripsit,
1334 4323 1433 4380 sed
1483 4323 1717 4383 illorum
1773 4329 1962 4400 potius

251 4407 600 4467 obedientim
653 4417 707 4468 et
760 4417 1088 4469 sanctorum
1153 4409 1445 4483 hospitum
1496 4414 1718 4473 meritis
1768 4417 1963 4491 impu-

254 4496 417 4555 tavit.

332 4587 481 4647 Huic
529 4589 700 4647 etiam
736 4589 884 4648 illud
926 4606 1042 4649 non
1072 4591 1356 4650 dissimile
1384 4599 1467 4650 est
1495 4594 1653 4667 quia,
1692 4610 1825 4653 cum
1860 4596 1963 4655 Dei

252 4679 516 4736 famulus
543 4678 603 4736 in
633 4678 891 4738 Romana
921 4681 1064 4738 urbe
1097 4681 1433 4738 consisteret
1466 4689 1519 4739 et
1552 4681 1868 4756 hospitium
1901 4685 1963 4742 in

252 4774 449 4826 monte
487 4767 774 4826 Aventino
799 4768 952 4840 apud
994 4771 1408 4829 monasterium
1436 4770 1616 4829 beatae
1648 4771 1748 4829 Dei
1783 4773 1960 4831 Geni-

249 4857 414 4916 tricis
440 4858 694 4931 haberet,
729 4858 965 4932 contigit
993 4867 1076 4930 ut,
1121 4861 1268 4917 sicut
1303 4859 1464 4918 illius
1487 4860 1650 4919 urbis
1680 4860 1964 4922 familiare

2048 3521 2120 3578 lis
2171 3520 2388 3592 absque
2447 3517 2567 3576 ulla
2619 3520 3023 3577 reservationis
3075 3519 3376 3594 industria,
3438 3525 3529 3582 vel
3586 3532 3753 3597 potus

2043 3609 2382 3677 difﬁdentia,
2424 3607 2777 3682 praeberetur
2819 3609 3037 3681 egenis.
3086 3610 3265 3669 Paulo
3309 3620 3452 3685 post,
3500 3614 3748 3672 necessi-

2047 3707 2155 3758 tate
2197 3707 2422 3758 naturze
2466 3704 2724 3772 cogente,
2765 3699 3143 3759 discumbunt
3179 3716 3381 3760 omnes
3428 3708 3492 3760 ut
3523 3704 3752 3777 capiant

2045 3791 2262 3850 cibum.
2307 3790 2378 3847 Et
2415 3804 2543 3847 ecce
2580 3796 2756 3858 utres,
2791 3789 2890 3861 qui
2931 3791 3120 3848 studio
3174 3792 3399 3850 fuerant
3437 3793 3549 3866 piae
3591 3810 3750 3853 com-

2044 3880 2330 3954 passionis
2382 3878 2674 3947 exhausti,
2733 3878 2869 3937 vino
2927 3880 3313 3953 reperiuntur,
3366 3883 3484 3942 Deo
3536 3884 3752 3942 scilicet

2043 3969 2303 4026 debitum
2359 3967 2738 4040 persolvente,
2795 3968 3012 4039 repleti.
3064 3969 3229 4037 Nam,
3273 3972 3441 4044 juxta
3491 3970 3750 4046 Scriptu-

2044 4074 2164 4116 ram
2198 4077 2210 4116 :
2245 4060 2350 4125 Qui
2376 4059 2474 4112 dat
2495 4061 2750 4128 pauperi,
2783 4061 3007 4114 Domino
3043 4063 3346 4128 fmneratur
3375 4065 3552 4134 (Prov.
3600 4066 3745 4135 XIX).

2043 4147 2111 4206 In
2141 4147 2250 4205 hoc
2278 4161 2413 4218 ergo
2452 4145 2605 4204 felici
2654 4147 3020 4218 commercio,
3062 4148 3160 4207 ubi
3200 4149 3492 4214 Dominus,
3529 4152 3752 4212 debitor

2045 4238 2300 4296 famulus
2359 4237 2544 4294 fuerat
2610 4236 2933 4306 fmnerator,
2997 4239 3150 4311 quod
3202 4255 3235 4297 a
3289 4256 3454 4300 servo
3508 4241 3755 4301 fideliter

2045 4334 2129 4386 est
2157 4324 2480 4398 depositum
2519 4340 2553 4382 a
2588 4323 2736 4382 bono
2776 4324 3030 4384 debitore
3057 4342 3171 4384 nou
3213 4331 3572 4402 segniter'est
3598 4331 3756 4391 solu-

2047 4423 2191 4474 tum.

2124 4501 2453 4578 Aliquando
2471 4501 2781 4574 imperator
2802 4501 3087 4562 Henricus
3112 4505 3255 4562 dum
3273 4509 3530 4580 apposita
3556 4527 3755 4570 mensa

2049 4593 2458 4660 discumberet,
2513 4606 2612 4648 vas
2654 4590 2741 4648 illi
2791 4591 3180 4651 holovitreum
3234 4594 3396 4653 valde
3439 4599 3752 4670 pretiosum

2046 4691 2102 4742 et
2147 4681 2527 4742 Alexandrini
2578 4679 2766 4753 operis
2801 4688 2921 4737 arte
2969 4683 3370 4756 compositum,
3422 4702 3555 4744 cum
3605 4687 3754 4746 tritis

2046 4781 2130 4831 est
2161 4771 2468 4848 pigmentis
2496 4769 2758 4828 allatum.
2791 4769 2926 4829 Mox
2956 4771 3194 4830 advocat
3227 4769 3372 4845 duos
3398 4775 3548 4835 aulae
3577 4777 3751 4852 regite

2045 4862 2391 4936 capellanos,
2470 4859 2803 4918 Albericum
2879 4859 3146 4918 videlicet
3195 4869 3250 4920 et
3309 4862 3749 4938 Laudulphum,

1262 4981 1590 5042 ANDRE/E
1630 4983 1932 5046 CHESNII
1971 4985 2067 5044 ET
2106 4982 2452 5044 ANONYMI
2491 4980 2733 5063 NOTAE.

245 5085 439 5135 nentes
489 5082 763 5138 (ποιεί-ει,
819 5085 868 5133 et
923 5086 983 5134 ut
1051 5083 1159 5146 ipse
1206 5087 1252 5134 et
1299 5095 1616 5135 successores
1671 5084 1788 5148 ejus
1831 5084 1956 5136 Glu-

247 5153 528 5206 niacenses
579 5151 792 5204 abbales
822 5159 1204 5215 perpetuatiter
1237 5153 1489 5204 haberent
1526 5157 1575 5206 el
1603 5156 1958 5217 possiderent.

248 5228 531 5280 Ducussa.
929 5260 932 5263 -

317 5298 456 5359 (tsi)
480 5293 630 5348 Vilis
663 5297 875 5348 videtur
903 5308 1195 5360 usurpasse
1226 5309 1323 5358 pro
1354 5311 1404 5361 ge
1426 5296 1593 5347 nitivo
1623 5295 1724 5347 vis.

318 5369 455 5432 (13‘2)
521 5368 576 5417 ln
654 5368 763 5418 Vita
830 5369 1052 5420 Jutsaldi
1114 5369 1332 5430 legitur,
1391 5367 1480 5418 lib.
1542 5379 1601 5427 it,
1651 5379 1698 5419 c.
1750 5369 1829 5419 8:
1868 5364 1960 5420 Est

253 5451 422 5501 prape
471 5443 722 5491 sanctum
781 5439 1101 5504 Dionysium
1148 5437 1596 5490 monasteriolum
1649 5439 1712 5489 in
1766 5438 1962 5489 honore

251 5509 315 5560 S.
377 5509 602 5560 Martini
646 5515 1034 5566 consecratum,
1091 5514 1140 5562 et
1194 5511 1502 5573 uulgariter
1555 5509 1630 5560 ad
1689 5508 1962 5561 Publicam

255 5576 512 5632 Stratum
550 5581 772 5632 dictum.
817 5583 1014 5640 Qulbas
1060 5581 1242 5633 verbis
1288 5581 1400 5633 haec
1443 5582 1717 5632 adnotavit
1770 5579 1961 5633 erudi-

2061 5085 2300 5136 tissimus
2397 5083 2732 5134 Mabillonus
2777 5098 2788 5134 :
2842 5082 3097 5135 Subsistil
3201 5083 3457 5150 hodieque
3539 5087 3752 5140 ecclesia

2062 5155 2120 5206 ις.
2161 5154 2399 5221 Dionysii
2453 5154 2518 5205 de
2567 5153 2781 5213 Strata,
2824 5158 2978 5218 vulgo
3017 5156 3344 5209 Saint-Denis
3395 5160 3461 5208 de
3515 5156 3754 5222 l’Estrée,

2063 5225 2154 5277 ubi
2204 5231 2460 5278 visuntur
2526 5224 2892 5276 vetustissima
2943 5228 3190 5290 sepulcra
3255 5226 3355 5279 SS.
3412 5226 3659 5294 Dionysii
3700 5235 3750 5283 el

2063 5297 2344 5348 sociorum.
2376 5296 2525 5347 Nulli
2553 5295 2630 5347 ibi
2658 5294 2908 5347 habitant
2949 5297 3216 5356 monachi,
3260 5299 3508 5362 quamvis
3550 5300 3757 5353 reditus

2063 5367 2406 5431 pinguissimi
2448 5366 2576 5422 sint.
2613 5366 2708 5431 qui
2756 5380 2791 5417 a
2836 5366 3018 5429 priore
3066 5369 3532 5421 commendatario
3578 5373 3755 5434 perci‘

2060 5439 2310 5502 piantur.
2369 5441 2537 5490 Juxta
2568 5436 2708 5489 hanc
2745 5439 3018 5489 ecclesiam
3055 5441 3170 5491 alia
3199 5439 3429 5492 habetur
3455 5442 3758 5502 parochiali

2061 5509 2218 5561 titulo
2269 5510 2551 5573 insignala
2597 5508 2691 5560 sub
2737 5510 2916 5560 sancti
2965 5508 3194 5562 Martini
3243 5511 3566 5575 patrocinio.
3616 5517 3752 5566 two-

2061 5592 2263 5634 Μωυε.
