4088 6210
346 297 452 358 935

810 295 870 358 S.
914 295 1134 357 PETRI
1172 295 1690 357 DAMIANI--OPP.
1737 294 1926 355 PARS
1973 293 2110 356 SEU
2151 292 2402 354 TOMUS
2439 291 2516 354 II.
2558 326 2621 338 —
2666 289 3121 354 SANCTORUM
3159 290 3387 352 VITIE.

3762 293 3871 354 936

349 441 602 501 quorum
627 425 773 483 alter
807 423 1085 485 Cumanae
1115 423 1278 496 (I33),
1305 423 1446 481 alter
1477 437 1611 481 vero
1655 421 2462 496 TaurinensisAquamdam,
2507 393 2632 479 sive
2681 437 2905 495 rupem,
2951 420 3054 478 ubi
3097 426 3333 478 sanctus
3372 420 3612 494 quidam
3658 433 3872 476 servus

351 514 626 574 Ecclesiae
660 515 1025 589 postmodum
1050 513 1297 587 episcopi
1340 511 1473 570 facti
1501 519 1657 570 sunt.
1695 511 1800 570 His
1859 512 2054 585 itaque

349 606 652 663 vasculum
679 602 928 675 tradidit,
965 611 1021 660 et
1049 619 1149 676 per
1179 617 1275 660 eos
1316 603 1479 659 beato
1509 601 1635 659 viro
1660 599 1891 659 Odiloni
1917 600 2053 658 odo-

351 691 512 752 riferi
543 693 786 752 nectaris
811 693 1052 752 xenium
1091 692 1422 750 destinavit.
1465 689 1626 761 Quod
1660 691 1906 764 profecto
1949 705 2056 747 va-

352 782 581 842 sculum
605 781 882 854 capellani
911 789 1106 840 sancto
1120 783 1265 849 viro,
1290 788 1456 852 prout
1475 780 1725 842 decebat.
1756 778 2059 838 humiliter

351 872 622 943 offerunt,
655 887 719 930 ac
748 886 850 945 pro
877 885 944 928 eo
988 869 1355 943 postmodum
1396 868 1638 929 redituri
1670 867 1740 926 ad
1778 868 1930 941 regis
1963 867 2057 924 in-

349 961 517 1020 terim
564 959 900 1017 convivium
931 966 1320 1018 revertuntur.
1355 957 1534 1016 Paulo
1576 973 1710 1016 vero
1742 962 1882 1030 post,
1912 956 2060 1014 sicut

348 1049 629 1108 humanm
671 1047 1026 1106 curiositatis
1069 1062 1196 1106 mos
1242 1047 1350 1118 est,
1401 1053 1467 1106 ut
1512 1063 1662 1105 nova
1693 1044 1968 1120 quaelibet
2003 1050 2060 1102 et

347 1138 578 1198 insueta
613 1137 908 1198 inhianter
943 1135 1200 1210 aspiciat,
1241 1143 1542 1209 coeperunt
1589 1134 1859 1193 monachi
1909 1149 2056 1206 pra:-

349 1227 532 1286 fatum
576 1243 677 1285 vas
719 1225 827 1285 sub
868 1224 1268 1283 admirationis
1314 1224 1534 1283 intuitu
1568 1231 1940 1292 contrectare,
2003 1228 2060 1278 et

233 1335 242 1338 ·
347 1315 420 1375 de
464 1331 642 1374 manu
695 1315 757 1374 in
802 1329 1043 1374 manum
1096 1313 1334 1372 solerter
1388 1312 1749 1386 inspiciendo
1805 1319 2061 1384 transpo-

349 1421 507 1474 nere,
551 1420 688 1464 cum
730 1419 860 1462 ecce
899 1403 969 1462 de
1014 1401 1283 1460 manibus
1334 1401 1564 1460 incaute
1626 1417 1686 1459 se
1735 1401 2058 1458 tenentium

350 1493 590 1565 labitur,
641 1500 697 1551 et
744 1499 810 1551 ut
875 1492 1098 1564 fragilis
1150 1499 1234 1550 est
1281 1488 1428 1545 409
1479 1497 1724 1558 natura),
1780 1489 2056 1547 continuo

348 1581 658 1653 frangitur.
700 1579 866 1649 Quod
912 1595 1050 1657 mox;
1098 1586 1164 1637 ut
1215 1578 1305 1636 vir
1354 1587 1587 1638 sanctus
1630 1577 1908 1637 accidisse
1957 1593 2054 1636 co-

341 1667 564 1742 gnovit,
596 1667 844 1742 graviter
883 1668 1014 1726 tulit
1054 1676 1108 1725 et
1153 1668 1474 1741 praesertim
1524 1667 1768 1737 clericis,
1810 1667 1912 1741 qui
1951 1667 2053 1724 de-

2137 510 2237 569 Dei
2291 511 2558 568 manebat
2593 510 2876 568 inclusus.
2930 509 3275 567 Botenensis
3332 509 3532 584 itaque
3569 508 3685 578 vir,
3745 506 3873 566 illic

2135 600 2479 675 aliquandiu
2533 615 2897 659 commorans
2961 597 3559 688 egtranquillitatem
3619 595 3871 656 sedandi

2139 691 2316 748 maris
2356 697 2716 765 exspectans,
2768 685 3162 747 delectabatur
3205 703 3340 746 cum
3378 702 3549 745 servo
3592 685 3694 744 Dei
3752 687 3873 744 fre-

2139 785 2384 853 quenter
2408 778 2621 837 habere
2649 777 3032 852 colloquium.
3067 775 3178 836 Sed
3222 776 3364 834 dum
3407 775 3547 833 hinc
3576 774 3870 832 nonnulla

2139 867 2432 940 dicuntur,
2497 867 2664 926 illinc
2744 866 2995 939 plurima
3079 867 3433 934 referuntur,
3507 863 3869 938 perquisitas

2142 957 2345 1029 hospes
2367 972 2400 1014 a
2427 954 2552 1014 viro
2579 953 2737 1013 unde
2763 968 2947 1026 genus
2972 952 3231 1022 duceret,
3273 949 3637 1025 originaliter
3673 951 3866 1026 Aqui-

2140 1056 2345 1106 tanum
2385 1061 2448 1104 se
2491 1061 2616 1104 esse
2647 1045 2956 1119 respondit.
2996 1043 3339 1118 Requisitus
3383 1041 3624 1115 insuper
3660 1047 3862 1098 utrum

2139 1135 2470 1193 coenobium
2515 1135 2682 1206 illud,
2715 1135 2870 1208 quod
2911 1134 3128 1193 dicitur
3153 1131 3528 1201 Cluuiacum,
3573 1138 3629 1188 et
3676 1127 3865 1188 Odilo-

2141 1239 2276 1281 nem
2301 1223 2560 1298 ejusdem
2595 1223 2702 1282 loci
2731 1231 2923 1282 nosset
2952 1223 3242 1289 abbatem,
3275 1220 3492 1292 Optime
3524 1218 3680 1292 quod
3711 1234 3868 1293 quas

2140 1313 2299 1371 rebat
2348 1328 2409 1370 se
2459 1328 2624 1372 nosse
2667 1312 2981 1388 perhibuit.
3032 1310 3368 1370 Sciscitatur
3396 1309 3569 1366 homo
3607 1323 3716 1366 cur
3759 1308 3868 1366 hoc

2140 1404 2242 1462 Dei
2278 1421 2480 1463 servus
2516 1407 2590 1463 ab
2629 1421 2698 1463 eo
2743 1405 3017 1480 requirat.
3060 1403 3150 1463 Ad
3181 1417 3356 1476 quem
3384 1401 3485 1460 ille
3515 1420 3527 1457 :
3561 1399 3735 1464 Sunt,
3787 1399 3868 1456 in-

2139 1494 2285 1567 quit,
2323 1495 2514 1553 vicina
2544 1494 2712 1553 nobis
2751 1497 2894 1567 loca,
2935 1511 3010 1554 ex
3039 1494 3256 1569 quibus
3305 1489 3654 1564 gravissima
3710 1486 3865 1542 410

2139 1583 2506 1641 flammarum
2556 1584 2880 1642 furentium
2957 1589 3310 1642 evomuntur
3361 1577 3638 1636 incendia
3695 1576 3863 1647 (1341,

2137 1675 2202 1732 in
2249 1673 2462 1748 quibus
2499 1674 2675 1732 etiam
2707 1673 2850 1732 locis
2891 1673 3041 1743 (135)
3082 1674 3299 1731 animm
3349 1667 3729 1742 reproborum
3775 1665 3866 1724 di-

348 1754 680 1830 Ῑίαυθτὶιῐὶεν
734 1764 974 1831 Paterna
1022 1755 1230 1830 ρίείὶιῐθ
1271 1757 1568 1846 οφοάοιιιίι
1597 1801 1612 1828 .
1668 1772 1741 1815 ne
1789 1756 2118 1846 Videlicet};
2142 1780 2305 1822 versa
2343 1763 2520 1823 luunt
2569 1778 2671 1837 pro
2709 1762 3050 1820 meritorum
3099 1761 3378 1836 qualitate
3418 1766 3726 1816 tormenta.
3775 1757 3863 1846 ad

345 1847 676 1918 Augustum
726 1847 1064 1904 innocentes
1137 1845 1498 1904 Offeﬂderent
1527 1892 1542 1918 ,
1595 1852 1650 1903 et
1702 1861 1820 1904 non
1886 1842 2110 1904 modow
2139 1866 2391 1926 quorum
2413 1866 2640 1925 semper
2658 1850 3063 1924 exaggeranda
3090 1847 3377 1922 supplicia
3399 1842 3866 1903 innumerabiles

335 1936 624 2012 jacturam
666 1936 887 2010 gratim,
917 1935 1014 1994 sed
1062 1942 1118 1995 et
1148 1935 1290 2009 regii
1340 1941 1536 1994 motus
1571 1936 1894 2009 periculum
1925 1952 2058 1995 sus-

347 2023 615 2084 tinereut.
668 2022 804 2082 Mox
853 2039 987 2098 ergo
1032 2039 1169 2083 cum
1238 2024 1518 2083 fratribus
1570 2024 1874 2083 ecclesiam
1926 2024 2058 2099 pius

343 2113 510 2174 Pater
564 2113 909 2188 ingreditur,
968 2122 1024 2172 et
1080 2129 1154 2172 ne
1204 2113 1264 2171 bi
1317 2113 1419 2186 qui
1471 2120 1633 2170 erant
1678 2113 1973 2171 immunes
2026 2129 2060 2170 a

340 2203 513 2276 culpa
557 2210 780 2262 motum
829 2205 1004 2277 regiae
1036 2201 1456 2276 indignationis
1495 2202 1813 2274 incurrant,
1847 2202 2064 2260 oratio-

349 2290 529 2350 nibus
569 2300 625 2351 et
668 2293 876 2366 palmis
922 2291 1292 2363 incumbens,
1332 2291 1702 2350 clementiam
1739 2291 2064 2349 divinitatis

345 2378 637 2453 implorat.
693 2381 824 2440 Jam
895 2382 1095 2456 igitur,
1154 2383 1410 2440 oratione
1466 2380 1766 2455 completa,
1823 2379 1912 2440 vir
1960 2380 2063 2439 Dei

349 2469 594 2527 fractum
639 2469 748 2528 sibi
801 2485 899 2528 vas
937 2469 1101 2544 jubet
1148 2469 1374 2537 afferri;
1421 2469 1694 2528 manibus
1725 2474 2057 2543 contrectat,

347 2556 530 2616 oculis
582 2557 840 2632 undique
896 2557 1189 2618 subtiliter
1253 2556 1536 2630 inspicit,
1599 2565 1653 2616 et
1708 2573 1837 2615 ecce
1891 2556 2059 2615 nulla

348 2659 587 2721 prorsus
628 2645 690 2704 in
737 2662 804 2705 eo
848 2647 1116 2705 fracturae
1167 2646 1413 2719 vestigia
1459 2645 1859 2721 deprehendit.
1897 2646 2063 2712 Tunc

349 2733 684 2807 indignatus
730 2733 792 2792 in
829 2735 1051 2807 fratres,
1089 2751 1188 2793 eos
1226 2750 1363 2795 cum
1397 2735 1728 2794 austeritate
1763 2735 2059 2808 redarguit

349 2835 456 2880 cur
512 2837 614 2880 vas
661 2829 1087 2894 couquercntur
1158 2823 1517 2882 confractum
1602 2823 1758 2896 quod
1823 2824 2065 2882 omnino

356 2915 751 2983 permanserat
788 2909 1104 2968 illibatum.
1138 2909 1230 2968 Illi
1259 2926 1415 2984 vero,
1451 2912 1820 2970 vehementer
1836 2910 2064 2970 attoniti

360 3005 476 3057 tam
527 2999 812 3058 evidentis
858 3000 1186 3058 ostensione
1234 2999 1523 3071 miraculi,
1571 3009 1626 3060 et
1673 3001 2064 3060 austeritatem

354 3088 716 3163 corripientis
773 3089 1020 3148 libenter
1081 3088 1376 3163 accipiunt
1420 3133 1436 3162 ,
1493 3099 1551 3150 et
1599 3090 1673 3149 ad
1739 3091 2066 3150 referendas

352 3177 735 3252 omnipotenti
771 3177 889 3237 Deo
917 3177 1129 3252 gratias
1160 3179 1484 3240 ferventius
1511 3180 1932 3240 accenduntur.

431 3358 715 3420 Praeterea
746 3359 1054 3432 religiosus
1091 3359 1332 3434 quidam
1367 3359 1458 3419 vir
1491 3359 1776 3420 oriundus
1804 3361 1875 3420 de
1922 3378 2069 3438 pago

360 3445 680 3508 Rotenensi
707 3447 790 3522 [de
815 3449 1050 3520 Rodez],
1083 3446 1476 3507 revertebatur
1505 3447 1578 3508 ab
1606 3447 2027 3525 Hierosolymis
2051 3501 2067 3525 ,

359 3537 464 3610 qui
515 3535 659 3596 dum
718 3553 877 3596 mare
935 3536 1249 3608 transiret,
1304 3536 1458 3611 quod
1515 3552 1548 3594 a
1607 3535 1809 3596 Sicilia
1867 3555 2069 3600 versus

361 3623 835 3686 Thessalonicam
865 3643 966 3702 per
989 3626 1243 3702 plurima
1275 3627 1562 3686 ﬂuctuum
1593 3627 1916 3699 periculosa
1943 3629 2066 3689 loca

360 3717 742 3792 protenditur,
763 3734 1014 3793 eumque
1033 3734 1170 3778 cum
1197 3717 1402 3777 multis
1423 3717 1555 3775 aliis
1579 3717 1899 3777 furentium
1931 3736 2066 3780 ven-

356 3811 547 3866 torum
590 3807 794 3866 liorror
837 3807 1181 3882 impelleret,
1226 3805 1633 3881 applicuerunt
1685 3807 1757 3866 ad
1811 3810 2062 3868 insulam

2139 1948 2277 2000 sunt
2303 1942 2599 2000 daemones
2628 1938 2909 2015 deputati,
2941 1938 3045 2012 qui
3070 1937 3470 1997 intolerabiles
3499 1948 3707 1992 eorum
3736 1948 3865 2007 pw-

2140 2045 2246 2087 nas
2286 2029 2542 2103 quotidie
2590 2035 2911 2100 renovant;
2948 2035 3003 2086 et
3038 2043 3136 2086 eos
3161 2027 3229 2086 ad
3263 2025 3523 2085 rediviva
3571 2025 3864 2098 supplicia

2143 2117 2540 2177 indesinenter
2582 2119 2930 2178 instaurant.
2974 2117 3128 2186 Quos
3166 2124 3359 2175 tamen
3389 2128 3494 2188 ego
3528 2113 3866 2186 frequenter

2143 2209 2343 2268 audivi
2389 2210 2649 2283 querulis
2692 2206 3208 2267 lamentationibus
3255 2205 3540 2279 ejulantes
3577 2210 3634 2262 et
3674 2204 3866 2276 lacry-

2143 2298 2345 2356 mabili
2404 2299 2816 2358 vociferatione
2859 2297 3163 2368 deflentes,
3208 2295 3364 2369 quod
3403 2292 3770 2352 orationibus
3814 2299 3870 2348 et

2143 2385 2528 2461 eleemosynis
2557 2387 2948 2462 quorumdam
2977 2384 3265 2444 adversus
3292 2399 3388 2442 eos
3433 2379 3865 2440 infmderabili-

2145 2481 2231 2531 ter
2281 2477 2736 2534 concertantium
2810 2476 3140 2548 frequenter
3193 2488 3263 2530 ex
3325 2486 3524 2529 eorum
3587 2469 3869 2526 manibus

2143 2563 2505 2638 eriperentur
2546 2564 2764 2622 animae
2801 2563 3210 2620 damnatorum
3253 2560 3414 2633 (I36).
3456 2557 3612 2616 Inter
3658 2565 3868 2615 caetera

2142 2649 2214 2709 de
2243 2651 2717 2711 Cluniacensium
2748 2659 2898 2710 coetu
2923 2650 3350 2724 permaximam
3378 2653 3435 2706 et
3461 2661 3662 2706 eorum
3682 2643 3865 2703 abba-

2145 2747 2199 2799 te
2253 2741 2678 2815 querimouiam
2727 2741 2968 2812 faciunt,
3011 2740 3150 2815 quia
3186 2755 3363 2813 quam
3403 2753 3557 2811 saepe
3612 2753 3716 2810 per
3769 2750 3868 2793 eos

2147 2831 2237 2888 sui
2290 2831 2440 2906 juris
2477 2832 2788 2890 vernaculo
2826 2829 3098 2905 perdunt.
3151 2829 3537 2899 Quamobrem
3599 2841 3704 2898 per
3759 2831 3867 2880 ter-

2147 2918 2318 2977 ribile
2356 2921 2459 2978 Dei
2507 2935 2716 2979 nomen
2754 2921 3022 2987 obtestor,
3067 2925 3132 2976 ut
3177 2916 3390 2976 sanctis
3426 2915 3699 2974 fratribus
3742 2912 3868 2971 illic

2148 3009 2273 3066 haec
2299 3023 2432 3082 qua:
2465 3007 2566 3065 tibi
2600 3007 2726 3064 dixi
2758 3005 3005 3064 fideliter
3031 3005 3264 3072 referas,
3300 3010 3356 3060 et
3375 3017 3448 3060 ex
3491 3007 3686 3057 nostra
3718 3013 3864 3071 quo-

2149 3112 2264 3172 que
2290 3096 2409 3154 illis
2435 3101 2592 3169 parte
2621 3094 2933 3152 denunties
2962 3100 3026 3150 ut
3057 3089 3445 3165 eleemosynis
3481 3096 3536 3147 et
3585 3085 3865 3146 orationi-

2153 3186 2264 3245 bus
2306 3184 2490 3257 magis
2537 3198 2602 3242 ac
2638 3183 2825 3256 magis
2871 3182 3159 3250 insistant,
3209 3195 3276 3238 ac
3318 3177 3640 3252 praesertim
3684 3177 3869 3251 hujus

2150 3274 2366 3334 intuitu
2413 3280 2478 3330 ut
2525 3271 2597 3330 de
2640 3270 2914 3330 manibus
2951 3269 3288 3328 daemonum
3326 3281 3424 3326 eos
3467 3267 3566 3340 qui
3613 3265 3691 3324 ab
3747 3264 3869 3324 illis

2152 3362 2488 3422 cruciantur
2529 3360 2776 3419 educant
2819 3366 3110 3434 quatenus
3153 3358 3224 3416 de
3265 3356 3624 3433 quotidianis
3663 3369 3867 3413 eorum

2154 3450 2374 3525 rapinis
2412 3455 2468 3506 et
2516 3447 2710 3507 luctus
2755 3447 3040 3507 inferatur
3075 3445 3312 3522 generis
3345 3445 3590 3504 humani
3627 3444 3869 3503 inimico

2150 3548 2205 3601 et
2265 3538 2548 3614 gaudium
2591 3537 3011 3613 multiplicetur
3052 3537 3116 3596 iu
3163 3537 3328 3596 ccelo.
3380 3535 3700 3612 Aliquanto
3745 3544 3872 3610 post

2150 3631 2324 3690 homo
2375 3643 2671 3702 regressus
2715 3627 2778 3686 in
2830 3627 3097 3702 patriam,
3144 3626 3432 3702 quidquid
3479 3642 3554 3684 ex
3598 3624 3714 3682 viri
3761 3623 3867 3682 Dei

2147 3719 2420 3780 relatione
2456 3717 2751 3787 didicerat,
2793 3717 2957 3776 beato
3006 3716 3153 3792 patri
3197 3723 3253 3774 et
3301 3723 3514 3776 sancite
3554 3731 3870 3790 congrega-

2147 3809 2288 3870 tioni
2339 3807 2588 3866 fideliter
2634 3814 2846 3866 narrat.
2895 3807 3063 3866 Tunc
3102 3805 3450 3864 venerabilis
3495 3815 3655 3880 pater
3702 3803 3873 3866 Odilo

1372 3931 1703 3991 ANDBEIE
1742 3933 2045 3995 CHESNII
2085 3936 2180 4020 ΕΤ
2219 3932 2564 3995 ANONYMI
2605 3932 2845 3993 ΝΟΤίΕ.

423 4034 557 4094 (133)
593 4033 808 4099 Nempe,
833 4030 1121 4095 Comensis,
1158 4031 1249 4096 qui
1286 4035 1340 4084 et
1378 4033 1655 4084 Cumanus
1687 4035 1884 4098 sapius
1918 4035 2056 4088 dici-

359 4105 466 4157 tur.
513 4105 747 4163 Comum,
802 4103 960 4168 vulgo
1013 4105 1188 4163 Como,
1266 4103 1525 4155 lusubriae
1580 4103 1712 4155 urbs
1777 4112 1858 4157 est
1876 4121 1889 4168 ;
1948 4107 2054 4158 Cu-

363 4185 469 4228 mae
508 4187 661 4238 vero,
716 4175 896 4226 italice
954 4175 1144 4234 Cuma,
1191 4175 1509 4236 Campaniae.
1570 4174 1712 4226 lnter
1770 4177 2058 4240 episcOpos

363 4245 630 4297 Cumanos
709 4244 893 4296 nullus
971 4245 1210 4297 occurrit
1282 4245 1594 4306 Albericus;
1666 4258 1833 4302 secus
1921 4251 2063 4300 inter

363 4313 672 4367 Comenses.
736 4315 1012 4366 Albericus
1073 4315 1215 4365 enim
1258 4325 1358 4379 per
1412 4326 1477 4366 ea
1534 4319 1778 4378 tempora
1832 4318 2064 4370 celebris

366 4390 468 4443 est,
538 4389 722 4447 utpote
785 4385 852 4437 de
932 4384 1171 4436 Ecclesia
1241 4389 1297 4438 et
1363 4385 1432 4437 de
1494 4389 1799 4440 monastico
1872 4387 2066 4441 ordine

2156 4047 2308 4087 mare
2343 4033 2646 4086 descendat.
2686 4031 2782 4084 Ubi
2827 4031 3026 4084 scilicet
3064 4032 3422 4095 corporaliter
3462 4029 3635 4083 videri
3676 4033 3871 4093 potest,

2157 4107 2300 4172 quod
2342 4105 2404 4157 in
2453 4104 2771 4170 Apocalypsi
2805 4102 3028 4156 Joannis
3075 4103 3139 4154 de
3191 4101 3430 4164 reprobis
3465 4102 3692 4152 dicitur.
3722 4100 3869 4172 Quia

2158 4191 2288 4240 pars
2332 4176 2553 4227 illorum
2591 4177 2698 4227 erit
2749 4179 2809 4226 in
2845 4179 3034 4238 stagno
3077 4172 3299 4226 ardenti
3343 4174 3467 4238 igne
3505 4177 3554 4223 et
3589 4171 3866 4234 sulphure,

2162 4249 2306 4312 quod
2357 4252 2431 4314 est
2480 4260 2628 4298 mors
2674 4247 2930 4298 secunda.
2974 4247 3031 4298 Et
3080 4246 3239 4310 paulo
3293 4252 3449 4308 post:
3478 4243 3765 4295 Enimvero
3818 4245 3872 4294 et

2164 4319 2550 4372 Salernitanus
2603 4319 2851 4380 princeps
2895 4331 3020 4370 cum
3061 4317 3248 4382 procul
3287 4319 3578 4380 aspexisset
3623 4315 3871 4378 quadam

2166 4389 2252 4440 die
2277 4390 2336 4440 de
2364 4389 2618 4453 pradicto
2663 4393 2842 4440 monte
2886 4390 3096 4440 Vesuvio
3137 4389 3318 4448 piceas
3343 4394 3507 4451 atque
3550 4384 3872 4446 sutphureas

364 4457 569 4538 optime
638 4457 882 4510 meritus.
962 4457 1086 4508 Vide
1159 4455 1271 4509 ltal.
1323 4455 1469 4511 Sacr.
1526 4456 1758 4521 Ugbelli,
1818 4462 1946 4515 tom.
2009 4460 2062 4510 V.
2092 4464 2389 4538 Drepente
2419 4460 2680 4538 [laminas
2716 4473 3016 4538 erumpere,
3048 4459 3416 4538 protinus‘at'l.
3441 4477 3454 4504 :
3482 4455 3873 4538 Proculdubifo

361 4531 608 4586 Mansit.

430 4601 566 4668 (134)
617 4600 840 4654 Narrant
883 4599 1028 4652 idem
1077 4598 1408 4662 Sigebertus,
1460 4599 1778 4660 Vincentius,
1835 4602 2072 4656 Joannes

369 4673 702 4732 Parisiensis,
775 4672 1083 4724 Bernardus
1168 4670 1441 4731 Guidonis,
1507 4675 1562 4722 et
1633 4671 1744 4724 alii.
1822 4674 1924 4726 Sed
2001 4674 2071 4726 ad

367 4744 745 4798 illustrandam
797 4755 919 4794 cum
973 4755 1180 4802 eorum,
1235 4745 1349 4793 tum
1411 4741 1649 4794 Damiani
1707 4748 1878 4797 nostri
1943 4758 2066 4796 nar-

368 4818 652 4877 rationem,
711 4815 778 4866 de
829 4814 1058 4866 ﬂammis
1104 4814 1228 4876 illis,
1283 4814 1339 4864 in
1392 4815 1585 4878 quibus
1634 4817 1843 4868 animas
1889 4829 2073 4880 repro-

367 4888 563 4943 bortim
636 4885 854 4940 diversa
918 4897 1022 4950 pro
1087 4889 1404 4936 meritorum
1481 4886 1735 4947 qualitate
1803 4892 2072 4940 tormenta

369 4957 526 5013 luere
572 4956 836 5020 referunt,
879 4957 1030 5007 milia
1069 4954 1267 5008 melius
1315 4954 1498 5008 facere
1539 4960 1769 5018 possunt
1798 4957 2072 5022 exempla,

368 5043 535 5096 quam
577 5041 696 5092 quas
748 5029 1030 5080 Damianus
1083 5027 1204 5090 ipse
1253 5027 1652 5091 iecitat'epist.
1691 5027 1740 5087 9,
1784 5028 1876 5081 lib.
1925 5041 1962 5092 ι,
2005 5031 2074 5082 de

370 5099 682 5165 Pandulpbo
747 5099 937 5164 Capua:
992 5100 1239 5163 principe
1296 5103 1348 5151 et
1403 5096 1610 5150 Joanne
1666 5100 1924 5164 magistro
1980 5101 2075 5151 mi-

366 5173 521 5226 litum
596 5173 954 5234 Neapolitana:
1020 5171 1266 5221 civitatis.
1343 5169 1562 5221 Mortuis
1608 5183 1755 5223 enim
1819 5170 1942 5233 illis,
1994 5171 2073 5224 iu-

366 5246 501 5309 qult,
549 5243 743 5295 Sicilia
797 5255 950 5294 mons
1015 5241 1277 5302 Vesuvius,
1346 5241 1492 5290 unde
1529 5242 1774 5296 videlicet
1831 5242 2072 5306 gehenna

367 5315 676 5379 frequenter
725 5319 954 5370 eructat.
1006 5312 1070 5365 in
1099 5312 1354 5377 ftmnnas
1387 5315 1585 5375 erupit.
1620 5313 1770 5366 Num
1816 5313 2068 5380 quando-

368 5396 578 5448 cunque
609 5385 671 5438 in
706 5385 815 5437 illis
849 5384 1095 5446 partibus
1139 5383 1394 5449 reprobus
1439 5383 1586 5436 dives
1631 5385 1885 5446 moritur,
1926 5387 2069 5449 ignis

368 5467 649 5518 erumpere
697 5457 952 5520 praedicto
1011 5457 1077 5508 de
1132 5462 1310 5508 monte
1373 5459 1608 5520 videtur,
1649 5461 1912 5523 tantaque
1953 5458 2069 5508 sut-

366 5527 582 5592 phurea
645 5527 834 5581 resina
896 5529 1166 5593 congeries
1233 5542 1300 5580 ea
1368 5531 1484 5595 ipso
1555 5530 1766 5582 Vesuvio
1811 5529 2066 5594 protinus

364 5600 510 5667 ﬁuit,
544 5601 604 5651 ut
645 5603 942 5652 torrentem
989 5602 1156 5664 faciat
1189 5604 1349 5664 atque
1387 5601 1705 5655 decurrente
1753 5601 1958 5666 impetu
2000 5601 2063 5654 in

2168 4531 2454 4582 sceleratus
2505 4530 2704 4595 aliquis
2747 4531 2893 4582 dives
2925 4530 3227 4583 moriturus
3257 4533 3327 4581 est
3361 4531 3520 4592 atque
3555 4526 3629 4578 ad
3670 4526 3879 4589 inferos

2171 4605 2548 4661 descensurus;
2579 4601 2672 4653 sed
2695 4615 2724 4653 ο
2752 4613 3054 4653 cacumen:
3086 4600 3301 4665 reprobi
3325 4599 3589 4650 hominis!
3613 4612 3873 4661 superve-

2169 4674 2352 4727 niente
2377 4673 2642 4738 siquidem
2664 4678 2914 4738 proxima
2951 4675 3120 4730 nocte.
3145 4674 3277 4724 dum
3302 4684 3520 4725 securus
3548 4683 3676 4722 cum
3701 4682 3874 4721 mere-

2172 4745 2304 4798 trice
2337 4744 2724 4802 concumberet,
2753 4743 3044 4808 expiravit.
3083 4743 3360 4796 Ducnssn.

2231 4817 2366 4881 (135)
2390 4817 2512 4867 Hinc
2544 4826 2660 4868 ioca
2703 4815 2953 4868 Vesuvius
2991 4828 3143 4867 mons
3171 4817 3239 4868 ab
3269 4816 3459 4867 eodem
3493 4814 3752 4865 Damiano
3779 4824 3873 4864 vo-

2171 4894 2365 4940 cantur
2382 4890 2543 4951 epist.
2570 4888 2618 4950 9,
2645 4885 2738 4939 lib.
2755 4889 2947 4950 primo,
2982 4890 3120 4939 sicut
3146 4899 3215 4938 ex
3239 4886 3565 4950 praecedenti
3589 4886 3880 4936 notatione

2172 4963 2364 5080 patet,l
2387 4959 2457 5010 ab
2500 4959 2698 5012 incolis
2745 4965 2926 5012 autem
2974 4964 3033 5011 ut
3091 4959 3402 5022 Slgebertus
3442 4963 3532 5019 ait,
3581 4955 3706 5008 οιιε
3767 4956 3882 5005 γυι-

2172 5041 2316 5080 cani.
2371 5042 2424 5080 υ.

2171 5041 2316 5082 cam.
2345 5041 2424 5081 ID.

2235 5100 2369 5164 (136)
2396 5101 2507 5153 Non
2532 5102 2585 5152 in
2619 5104 2961 5166 perpetuum,
2991 5099 3217 5161 scilicet,
3239 5100 3336 5152 sed
3368 5098 3436 5151 ad
3460 5102 3690 5160 tempus,
3721 5095 3878 5147 dam-

2173 5180 2438 5229 natorum,
2468 5185 2564 5226 seu
2594 5174 2922 5236 purgatoriis
2953 5177 3133 5237 potius
3163 5172 3500 5224 addit-torum
3527 5181 3725 5234 poenis.
3761 5180 3880 5231 qua

2173 5256 2561 5310 nonnunquam
2603 5248 2762 5296 etiam
2794 5243 3094 5308 infernates
3124 5246 3488 5306 appellantur,
3531 5249 3590 5291 ut
3620 5241 3769 5303 apud
3801 5241 3872 5310 Si-

2172 5308 2472 5380 gebertum,
2515 5314 2818 5378 Stephanus
2862 5328 3008 5379 papa
3041 5314 3182 5366 discit
3213 5327 3266 5365 se
3298 5312 3662 5376 infernalibus
3709 5308 3878 5376 panis

2170 5386 2428 5446 cruciari,
2457 5393 2550 5437 sed
2581 5400 2801 5450 sperare
2837 5400 2892 5437 se
2937 5387 3249 5438 interventu
3277 5385 3517 5437 Unitonis
3549 5382 3768 5435 abbatis
3795 5394 3876 5432 os-

2168 5459 2324 5510 niam
2358 5471 2506 5522 posse
2529 5458 2795 5522 consequi.
2835 5459 2896 5511 lit
2933 5462 3012 5510 sic
3040 5470 3256 5523 quoque
3279 5458 3494 5509 beatum
3517 5457 3873 5520 Augustinum

2169 5530 2438 5582 interdum
2462 5542 2713 5602 accipere
2745 5531 3253 5585 condemnationem
3287 5529 3486 5580 dicitur
3509 5539 3578 5578 ex
3609 5537 3743 5592 cap.
3787 5523 3874 5576 tio

2169 5599 2479 5654 Encniridii.
2511 5601 2591 5653 ιι).

2209 5601 2479 5654 ncliiridii;
2511 5601 2591 5653 ιι).
