4088 6210
215 312 322 372 937

1622 304 1803 365 VITA
1844 305 1901 365 S.
1944 304 2311 366 ODILONIS.

3615 317 3721 378 938

219 454 320 513 per
374 434 571 495 omnia
626 431 971 492 monasteria
1019 447 1121 490 sua
1170 430 1467 491 constituit
1512 430 1780 504 generale
1821 430 2202 503 de—Aitaque
2242 429 2592 488 venerabilis
2647 429 2810 489 Pater
2840 447 2940 505 pro
2988 392 3088 492 illo
3124 435 3472 508 psalmodias
3507 446 3564 497 et
3598 456 3722 501 ora-

219 531 437 587 cretum
480 522 619 595 (I37)
654 530 739 591 ut,
770 522 921 581 sicut
960 521 1144 595 primo
1178 519 1274 578 die
1312 519 1529 577 mensis
1566 517 1929 587 Novembris,

214 618 386 691 juxta
412 612 760 672 universalis
792 611 1062 670 Ecclesiae
1092 609 1375 683 regulam,
1405 608 1668 667 omnium
1697 605 1928 687 Sancto-

222 719 355 763 rum
402 701 736 761 solemnitas
780 701 992 774 agitur,
1032 699 1110 758 ita
1149 697 1414 771 sequenti
1459 696 1551 755 die
1587 698 1649 755 in
1693 696 1935 769 psalmis

218 802 275 855 et
300 793 688 868 eleemosynis
713 798 768 851 et
801 792 1090 866 praecipue
1128 790 1437 849 missarum
1471 788 1770 847 solemniis
1806 803 1934 846 om-

222 887 390 947 nium
452 885 516 944 in
574 883 801 943 Christo
858 882 1283 958 quiescentium
1333 876 1615 940 memoria
1682 879 1932 938 celebre-

222 983 317 1036 tur
345 976 362 1040 (
373 974 511 1045 138).

294 1066 357 1127 Si
406 1065 539 1139 quis
593 1069 786 1123 autem
839 1077 957 1121 non
1008 1062 1380 1136 generalitate
1440 1066 1762 1129 contentus,
1802 1059 1934 1132 quis

222 1153 549 1230 specialiter
586 1167 688 1226 per
724 1150 788 1210 B.
823 1149 1127 1210 Odilonem
1169 1150 1241 1208 de
1287 1149 1473 1223 pcenis
1512 1148 1816 1207 ultricibus
1860 1147 1936 1205 sit

224 1250 454 1318 ereptus
505 1241 775 1316 inquirit,
801 1239 942 1316 quid
996 1240 1067 1298 de
1119 1239 1361 1315 reliquis
1414 1238 1642 1308 sentiat,
1674 1238 1735 1295 in
1792 1252 1937 1311 papa

225 1330 536 1390 Benedicto
573 1329 723 1399 (139)
762 1325 1058 1388 evidenter
1094 1327 1351 1386 addiscat
1389 1352 1402 1385 :
1443 1333 1509 1386 ut
1544 1327 1605 1384 in
1644 1326 1934 1384 Romano-

226 1435 357 1480 rum
386 1419 674 1494 pontiﬂce,
705 1417 808 1492 qui
839 1417 1109 1475 omnium
1148 1414 1609 1474 Christianorum
1635 1419 1804 1488 caput
1828 1418 1932 1480 est,

228 1509 415 1570 valeat
454 1507 679 1582 liquido
712 1506 921 1580 conjici
959 1505 1103 1580 quid
1127 1506 1198 1563 de
1225 1504 1447 1563 caeteris
1486 1503 1692 1561 merito
1734 1503 1937 1560 debeat

230 1598 526 1658 aestimari.
574 1594 940 1669 Apostolicus
997 1591 1147 1663 (HO)
1191 1592 1332 1648 411
1373 1593 1554 1667 igitur
1594 1594 1700 1650 iste
1758 1606 1935 1665 quem

229 1687 513 1757 diximus,
541 1686 682 1744 dum
709 1684 899 1743 adhuc
924 1683 1165 1751 viveret,
1193 1683 1422 1741 beatum
1446 1682 1638 1740 virum
1669 1680 1940 1738 aﬂ'ectuo-

2016 521 2200 579 tiones
2227 519 2301 578 ab
2327 517 2601 578 omnibus
2630 520 2899 593 privatim
2933 537 2997 579 ac
3026 523 3251 595 publice
3284 525 3427 597 fieri,
3467 527 3721 590 elecmo—

2015 625 2189 683 synas
2217 607 2617 681 indigentibus
2652 610 2897 681 erogari,
2935 612 3282 672 sacriﬁcium
3319 615 3432 674 Deo
3460 621 3720 694 mysterii

2015 696 2280 755 salutaris
2330 695 2542 755 oti‘erri.
2605 695 2722 754 Nec
2764 698 2825 755 in
2877 698 2979 756 illo
3025 699 3312 760 duntaxat
3350 703 3472 763 loco
3510 706 3567 764 id
3607 715 3725 767 sta-

2020 790 2179 843 tuere
2223 789 2526 843 contentus
2580 784 2713 856 fuit,
2743 786 2839 844 sed
2892 793 2947 844 et
2998 803 3099 861 per
3131 793 3327 850 omnia
3366 794 3456 851 sui
3497 795 3726 869 regimi-

2017 871 2109 929 nis
2148 872 2492 930 monasteria
2531 872 2787 947 ejusdem
2829 877 3141 935 sanctionis
3185 879 3369 938 edicta
3407 884 3701 943 mandavit

2015 958 2280 1034 Cumque
2318 961 2428 1019 hoc
2467 961 2670 1019 fratres
2709 960 3099 1023 intentissima
3157 966 3461 1028 devotione
3507 979 3726 1047 satage-
3776 996 3779 1005 ·

2016 1053 2164 1120 rent,
2194 1053 2250 1105 et
2279 1063 2354 1106 ex
2380 1064 2480 1107 ara
2510 1054 2840 1108 sanctorum
2890 1060 3187 1125 pectorum
3228 1055 3497 1116 fraternae
3535 1060 3725 1120 chari-

2018 1137 2150 1195 tatis
2188 1137 2422 1195 ﬂamma
2455 1136 2758 1211 prosiliens
2793 1138 3009 1198 divinae
3045 1141 3367 1202 clementiae
3410 1150 3725 1209 sacrarium

2016 1232 2359 1300 penetraret,
2407 1227 2527 1301 jam
2574 1227 2802 1300 praefixi
2848 1232 3118 1303 temporis
3168 1233 3451 1295 terminus
3486 1240 3724 1314 pr0pin-

2016 1317 2287 1392 quabat;
2360 1326 2415 1373 et
2486 1332 2616 1375 ecce
2674 1317 2912 1391 quidam
2979 1328 3193 1381 sanctae
3272 1330 3725 1391 conversationis

2018 1406 2357 1475 monachus,
2412 1404 2792 1465 Heldebertus
2867 1412 3126 1483 nomine,
3152 1414 3256 1487 qui
3308 1417 3569 1478 videlicet
3622 1420 3729 1480 hoc

2017 1496 2360 1554 obedientiae
2390 1496 2743 1566 fungebatur
2770 1497 2956 1557 oﬂicio
2988 1508 3052 1559 ut
3094 1502 3295 1577 inopes
3334 1508 3533 1579 aleret,
3575 1510 3727 1569 indi-

2017 1586 2288 1675 gentibus
2331 1586 2585 1644 subsidia
2617 1586 3008 1661 ministraret;
3052 1593 3146 1650 hic
3191 1594 3383 1670 itaque
3421 1614 3522 1672 per
3559 1615 3730 1675 sopo-

2021 1690 2142 1733 rem
2168 1673 2317 1732 vidit
2335 1675 2488 1748 quod
2510 1676 2749 1748 quidam
2771 1679 3027 1750 pulcher,
3059 1694 3125 1739 ac
3140 1699 3382 1745 serenus
3397 1673 3651 1762 aspectu,
3663 1707 3730 1749 ac

228 1794 292 1838 se
317 1775 542 1845 dilexit,
577 1778 907 1833 reverenter
933 1770 1210 1841 excoluit,
1228 1776 1285 1830 et
1312 1769 1701 1845 apostolorum
1730 1769 1937 1828 limina
1958 1768 2266 1848 Bsolemni
2306 1768 2555 1844 quodam
2593 1762 2740 1826 412
2781 1768 2967 1829 nitore
3017 1773 3362 1846 conspicuus
3412 1777 3731 1840 claustrum

228 1862 623 1940 frequentanti
657 1858 965 1919 necessarii
1007 1864 1272 1931 sumptus
1309 1858 1523 1932 optima
1562 1872 1713 1931 saepe
1741 1857 1936 1915 subsi-

226 1954 324 2012 dia
376 1949 744 2010 ministravit.
793 1948 945 2007 Huic
981 1947 1153 2021 plane
1194 1963 1353 2016 mox,
1395 1953 1458 2005 ut
1511 1946 1674 2018 obiit,
1710 1962 1939 2019 germa-

229 2061 344 2106 nus
382 2044 513 2117 ejus
559 2041 811 2101 Joannes
856 2039 920 2097 in
973 2036 1279 2112 apostolica
1326 2035 1603 2110 dignitate
1644 2037 1934 2095 successit.

224 2135 358 2195 Jam
414 2146 552 2189 vero
580 2133 892 2204 postquam
932 2123 1209 2184 humanis
1248 2124 1419 2183 rebus
1474 2129 1778 2197 exemptus
1832 2130 1936 2195 est,

229 2235 348 2279 non
408 2217 572 2292 parvi
629 2213 899 2287 temporis
952 2212 1182 2271 evoluto
1232 2210 1544 2283 curriculo,
1581 2213 1703 2286 jam
1751 2210 1942 2269 dictus

227 2323 379 2384 papa
435 2303 649 2366 Joanni
706 2301 1010 2362 Portuensi
1063 2299 1347 2375 episc0po,
1407 2307 1461 2359 et
1510 2300 1641 2360 aliis
1693 2300 1941 2369 duobus,

229 2410 483 2471 quorum
535 2393 773 2451 nomina
814 2390 980 2449 nobis
1024 2398 1160 2449 nota
1207 2406 1325 2449 non
1370 2396 1528 2459 sunt,
1557 2405 1658 2463 per
1695 2389 1942 2464 speciem

232 2493 538 2545 nocturnae
576 2482 820 2541 visionis
868 2481 1155 2555 apparuit,
1203 2482 1404 2554 eisque
1441 2482 1580 2556 quia
1618 2481 1946 2555 pmnalibus

233 2582 386 2636 esset
419 2574 762 2633 constitutus
796 2572 860 2630 in
901 2570 1172 2641 tenebris,
1209 2570 1487 2629 indicavit
1518 2590 1529 2629 :
1567 2572 1676 2629 hoc
1695 2572 1948 2643 insuper

235 2661 482 2727 addens,
540 2659 791 2733 qualiter
832 2658 897 2717 B.
947 2656 1208 2717 Odilonis
1254 2658 1686 2717 venerabilibus
1729 2659 1950 2717 meritis

236 2768 377 2813 cum
418 2766 669 2825 superna
720 2763 963 2808 censura
1002 2747 1245 2806 liberare
1272 2747 1588 2807 decreverit
1623 2764 1657 2806 a
1692 2753 1947 2807 tormen-

241 2844 335 2903 tis.
373 2840 641 2901 Ohsecrat
686 2839 881 2913 itaque
914 2853 1016 2912 per
1054 2852 1151 2896 eos
1187 2841 1244 2894 et
1289 2835 1587 2895 humiliter
1625 2837 1839 2910 ﬂagitat
1888 2842 1954 2895 ut

243 2933 417 2991 frater
443 2931 569 3005 ejus
599 2927 673 2987 ad
698 2927 1003 3002 praefatum
1041 2924 1233 2985 unicae
1270 2924 1498 2999 pietatis
1523 2925 1720 2984 virum
1744 2925 1953 2999 agilem

240 3016 589 3094 quantocius
636 3013 1005 3074 veredarium
1049 3013 1278 3086 dirigat,
1326 3029 1579 3088 eumque
1621 3013 1957 3087 suppliciter

239 3109 569 3171 obsecrans,
617 3120 722 3179 pro
778 3120 839 3163 se
900 3118 1062 3162 orare
1116 3103 1401 3176 deposcat.
1460 3100 1731 3159 Protinus
1800 3100 1953 3158 idem

238 3196 495 3257 Joannes
545 3194 880 3255 Portuensis
936 3194 1258 3267 episcopus,
1321 3192 1676 3250 auctoritatis
1727 3199 1956 3266 aposto-

246 3287 375 3346 lica
429 3285 613 3344 fultus
662 3283 935 3357 epistolis,
974 3283 1195 3341 concito
1244 3280 1429 3355 gradu
1488 3281 1716 3354 Papiam
1774 3296 1957 3354 usque

245 3373 532 3451 pervenit.
566 3372 679 3430 Ubi
738 3372 908 3445 longo
950 3376 1005 3428 et
1051 3369 1424 3429 immoderate
1462 3368 1716 3426 fortassis
1747 3367 1956 3426 accele-

241 3473 371 3526 rato
420 3465 634 3524 fractus
678 3463 903 3532 itinere,
935 3477 1035 3535 per
1081 3460 1395 3520 monachos
1436 3458 1687 3517 coenobii
1727 3458 1793 3517 B.
1832 3458 1956 3516 Ma-

235 3555 347 3630 joli
396 3553 533 3625 1141)
561 3550 889 3626 apostolica
936 3548 1240 3623 legationis
1285 3547 1530 3621 apochas
1575 3546 1791 3618 dirigit,
1831 3563 1958 3604 om-

247 3659 508 3718 nemque
546 3658 649 3716 per
685 3656 782 3701 eos
819 3645 1015 3698 sancto
1052 3640 1178 3698 viro
1224 3637 1431 3697 seriem
1471 3654 1505 3696 a
1542 3653 1602 3696 se
1640 3642 1960 3710 conspectae

254 3734 502 3794 visionis
539 3730 797 3806 exponit.
834 3727 1149 3786 Enimvero
1186 3726 1386 3786 divino
1422 3726 1635 3784 factum
1674 3741 1797 3783 esse
1820 3742 1958 3784 con-

2022 1857 2358 1917 monasterii
2386 1873 2596 1931 magno
2624 1860 3061 1918 candidatorum
3110 1864 3343 1935 agmine
3379 1870 3733 1942 constipatus

2020 1947 2439 2021 ingrederetur.
2464 1947 2531 2005 In
2572 1949 2889 2022 capitulum
2930 1951 3161 2021 deinde,
3202 1954 3303 2012 ubi
3349 1956 3519 2015 frater
3566 1957 3733 2019 Odilo

2021 2051 2154 2094 cum
2190 2034 2462 2093 fratribus
2502 2037 2806 2107 residebat,
2842 2037 3100 2109 intravit,
3136 2039 3206 2097 ad
3241 2043 3365 2115 ejus
3410 2060 3602 2118 genua
3639 2062 3730 2105 ca-

2024 2129 2126 2197 put
2164 2122 2465 2182 humiliter
2509 2125 2694 2195 ﬂexit,
2726 2127 2918 2202 eique,
2952 2128 3101 2187 sicut
3144 2129 3203 2186 in
3262 2139 3428 2203 gestu
3482 2137 3738 2210 corporis

2025 2213 2345 2281 videbatur,
2380 2213 2591 2286 gratias
2625 2214 2758 2288 egit.
2808 2214 3070 2289 Cumque
3119 2218 3295 2277 frater
3336 2221 3456 2291 ille,
3485 2224 3587 2297 qui
3627 2225 3734 2284 hoc

2024 2303 2088 2360 in
2118 2300 2341 2359 visione
2367 2304 2885 2376 contemplabatur,
2918 2305 3237 2380 inquireret
3273 2309 3543 2381 quisnam
3588 2322 3738 2373 esset

2026 2389 2126 2449 ille
2157 2396 2269 2447 tam
2303 2389 2545 2447 decorus
2582 2406 2647 2449 ac
2681 2391 2958 2465 fulgidus,
2989 2393 3092 2467 qui
3132 2403 3329 2454 sancto
3362 2398 3486 2458 viro
3522 2401 3737 2461 saluta-

2030 2480 2204 2538 tionis
2240 2478 2498 2537 oﬂicium
2536 2480 2857 2550 exhiberet,
2898 2498 3237 2556 responsum
3271 2492 3355 2543 est
3384 2488 3437 2545 ei
3467 2490 3605 2564 quia
3642 2491 3743 2549 ille

2029 2573 2176 2626 esset
2208 2566 2570 2638 Benedictus,
2602 2583 2849 2627 summie
2881 2571 3032 2629 sedis
3061 2572 3378 2647 episcopus,
3430 2577 3531 2649 qui
3562 2579 3743 2638 nimi-

2031 2672 2161 2715 rum
2213 2656 2423 2714 idcirco
2466 2658 2590 2715 viro
2641 2658 2742 2716 Dei
2776 2660 2989 2732 gratias
3030 2669 3240 2733 ageret,
3273 2664 3409 2738 quia
3460 2666 3572 2740 piis
3619 2670 3745 2744 ejus

2032 2751 2479 2819 sanctorumque
2536 2747 2781 2805 fratrum
2840 2749 3109 2821 precibus
3169 2754 3396 2812 tartarei
3452 2756 3746 2817 cruciatus

2033 2833 2306 2893 evasisset
2363 2835 2686 2904 interitum,
2712 2842 2928 2895 etcum
2958 2837 3138 2896 beatis
3173 2839 3402 2900 civibus
3436 2844 3748 2917 quieturus

2034 2940 2302 2998 supernae
2333 2924 2699 2984 Hierusalem
2732 2928 3033 2987 meruisset
3062 2930 3412 3002 ingressum.

2106 3015 2173 3073 In
2224 3016 2329 3072 hoc
2379 3017 2526 3075 valet
2575 3017 2800 3091 liquido
2842 3018 3193 3092 deprehendi
3233 3036 3367 3094 quas
3409 3022 3482 3080 de
3526 3025 3749 3084 meritis

2039 3103 2102 3161 B.
2136 3101 2393 3161 Odilonis
2430 3104 2626 3178 opinio
2659 3106 2792 3180 jure
2828 3108 3005 3180 possit
3052 3109 3271 3179 haberi,
3303 3128 3437 3171 cum
3489 3112 3538 3172 is
3584 3116 3750 3174 nimi-

2042 3207 2173 3249 rum
2226 3193 2351 3266 qui,
2400 3195 2571 3266 juxta
2624 3195 2997 3269 privilegium
3051 3200 3378 3273 apostolica:
3429 3202 3746 3276 dignitatis,

2038 3281 2228 3339 claves
2274 3281 2547 3341 Ecclesiae
2592 3301 2708 3356 prae
2747 3289 2968 3344 cunctis
3012 3289 3355 3348 mortalibus
3399 3295 3605 3363 tenuit,
3645 3294 3748 3369 qui

2038 3370 2257 3443 ligandi
2314 3376 2485 3445 atque
2534 3372 2795 3430 solvendi
2850 3373 3003 3431 vires
3054 3379 3449 3447 praeeminenti
3501 3382 3749 3456 quodam

2035 3461 2165 3532 jure
2190 3459 2459 3533 possedit,
2494 3459 2554 3517 in
2604 3460 2705 3518 illo
2744 3461 2865 3534 jam
2903 3464 3187 3523 invisibili
3228 3470 3498 3528 examine
3535 3472 3751 3530 consti-

2045 3554 2222 3616 tutus,
2259 3562 2373 3605 non
2403 3547 2570 3605 aliter
2608 3564 2781 3623 quam
2828 3551 3092 3621 precibus
3124 3554 3291 3612 istius
3330 3557 3419 3615 vel
3449 3575 3482 3615 a
3513 3559 3755 3632 peccatis

2042 3635 2209 3704 solvi,
2244 3636 2334 3693 vel
2368 3636 2439 3694 de
2469 3638 2683 3710 pmnali
2709 3641 2893 3711 potuit
2921 3641 3205 3714 supplicio
3235 3644 3487 3704 liberari.

2117 3723 2291 3782 Porro
2331 3732 2521 3782 autem
2573 3726 2715 3784 dum
2768 3728 3078 3801 aliquando
3118 3731 3175 3787 in
3229 3737 3575 3795 monasterio
3632 3752 3754 3797 mo-

247 3829 365 3881 stat
397 3819 731 3895 judicio,ut
769 3833 905 3876 eum
940 3816 1093 3891 apud
1133 3815 1510 3875 Cluniacense
1549 3815 1963 3873 monasterium
2046 3820 2272 3870 raretur
2327 3812 2481 3886 quod
2537 3813 2938 3874 Paterniacum
3001 3818 3142 3886 (112)
3194 3819 3428 3894 dicitur,
3488 3833 3605 3883 erat
3674 3826 3751 3885 ibi

247 3909 583 3986 apostolicus
649 3906 953 3979 legationis
1021 3906 1253 3981 bajulus
1327 3904 1633 3963 inveniret.
1692 3903 1967 3977 Praecepit
2047 3902 2287 3977 quidam
2334 3903 2616 3977 puerulus
2680 3907 3016 3976 monachus,
3085 3908 3321 3970 nomine
3387 3910 3754 3987 Rodulphus,

1265 4023 1596 4089 ANDREEE
1636 4027 1939 4089 CHESNII
1976 4027 2072 4086 ET
2112 4028 2459 4088 ANONYMI
2498 4028 2738 4089 NOTIE.

316 4135 454 4195 (137)
498 4132 783 4186 Decretum
810 4130 914 4183 hoc
952 4130 1330 4182 Cluniacenses
1364 4132 1651 4182 Statulum
1682 4128 1744 4179 de
1771 4126 1967 4191 delun-

251 4206 359 4330 gtis
398 4205 689 4270 appellant,
728 4203 1061 4265 habeturque
1100 4213 1224 4266 pag.
1270 4203 1362 4255 330
1408 4201 1570 4266 hujus
1610 4199 1961 4253 Bibliotheca.

300 4289 543 4330 ucnnsn.

300 4289 543 4331 UGBBSN.

2052 4127 2109 4179 Et
2200 4127 2515 4181 Guillelmus
2595 4130 2663 4181 de
2750 4130 3019 4194 Nangtaco
3099 4133 3154 4184 in
3231 4135 3508 4190 Chronicis
3540 4151 3554 4190 :
3584 4137 3759 4193 Ichest

2050 4197 2161 4265 Roy
2209 4200 2278 4274 de
2314 4197 2512 4274 France
2556 4201 2727 4274 Pepin
2768 4204 2998 4274 enoinst,
3050 4208 3100 4257 et
3142 4218 3424 4260 couronna
3467 4210 3757 4274 primiera-

2051 4274 2198 4343 ment
2238 4270 2429 4343 Sainct
2477 4272 2732 4334 Boniface
2764 4273 2795 4323 ι’
2805 4272 3036 4339 Evesque
3068 4276 3131 4326 de
3164 4276 3415 4343 Majance
3460 4270 3566 4343 par
3613 4281 3755 4335 Γανι-

318 4350 459 4414 (138)
495 4350 655 4407 Ritus,
700 4347 809 4408 qui,
857 4349 916 4398 nt
957 4346 1296 4417 Slgrbertus_
1321 4344 1484 4417 addit,
1535 4359 1571 4396 a
1621 4346 1967 4398 monasteriis
2048 4341 2246 4417 thorité
2274 4343 2337 4393 de
2369 4342 2646 4417 t’Apostole
2691 4343 2968 4417 Zacharie.
3005 4348 3105 4398 Sed
3138 4341 3375 4401 lioc'tam
3411 4341 3673 4417 frequens
3700 4358 3756 4404 et

258 4419 629 4471 Cluniacensi:
671 4417 883 4470 ordinis
911 4418 985 4468 ad
1012 4418 1212 4469 multas
1252 4414 1509 4467 Ecclesias
1552 4421 1734 4478 postea
1772 4420 1963 4468 trans-

249 4492 392 4549 iens,
414 4490 669 4625 fj‘ldetiiltm
715 4488 1099 4554 defunctorum
1125 4487 1451 4539 memoriam
1484 4486 1679 4552 ubique
1711 4487 1959 4540 solemni-

250 4562 384 4613 xori
442 4562 560 4614 ecit.
609 4575 661 4613 ι).

2048 4416 2322 4472 usitatum,
2351 4418 2411 4464 ut
2454 4413 2557 4465 alia
2588 4416 2905 4477 probatione
2940 4416 3188 4479 indigere
3223 4432 3330 4469 non
3365 4413 3632 4473 videatur.
3676 4423 3750 4474 In.

2110 4485 2244 4547 (141)
2277 4484 2548 4547 Papiensis
2587 4496 2800 4547 nempe,
2832 4489 2975 4550 quod
3006 4488 3176 4550 ipsius
3210 4490 3448 4541 Odilonis
3483 4492 3749 4545 industria

2049 4568 2156 4607 non
2193 4568 2381 4618 parum
2412 4559 2628 4607 auctum
2663 4562 2767 4612 est,
2801 4563 2860 4606 ut
2904 4561 3102 4608 asserit
3136 4572 3443 4624 anonymus
3478 4562 3753 4616 Silvlniact

305 4610 849 4698 tidéjvlienedictum
893 4629 1001 4682 vm
1045 4630 1263 4681 nomine
1313 4628 1583 4693 intelligit,
1630 4630 1698 4681 de
1749 4642 1858 4694 quo
1907 4610 2359 4686 etDmonachus,
2389 4626 2492 4698 qui
2531 4624 2587 4677 S.
2642 4610 2831 4691 Majoli
2879 4610 3756 4698 nobaasimum'apaa’aaaaa

250 4696 436 4757 idem'
471 4704 756 4755 Damianus
817 4703 972 4767 epist.
1028 4701 1077 4763 9,
1146 4700 1235 4751 lib.
1301 4703 1494 4764 primo,
1552 4703 1606 4751 et
1658 4700 1967 4762 Sigebtrtus
2049 4698 2225 4749 locum
2246 4696 2498 4761 appellat.
2531 4698 2600 4748 10.

246 4775 309 4827 111
353 4773 649 4836 Chronicis,
695 4772 786 4826 ubi
830 4776 1010 4825 tamen
1060 4770 1202 4823 male
1256 4771 1585 4835 Stephanum
1634 4783 1735 4835 pro
1795 4770 1963 4823 Bene-

246 4845 397 4898 dicto
441 4844 697 4909 appellat.
727 4846 964 4896 Joannes
1006 4846 1151 4895 enim
1192 4842 1495 4894 Portuensis
1525 4843 1838 4905 epis:opus,
1876 4843 1964 4893 cui

244 4921 372 4981 post
402 4915 608 4967 obitum
641 4915 908 4980 apparuit,
941 4926 1051 4966 non
1093 4912 1193 4964 fuit
1222 4911 1393 4963 frater
1422 4913 1699 4976 Stephani,
1730 4918 1829 4964 sed
1861 4913 1961 4965 Be-

244 4986 450 5039 nedicti
484 4987 607 5047 Vlll,
641 4990 784 5038 sicut
812 4987 969 5038 docet
1003 4984 1256 5035 Batonius
1291 4982 1357 5034 ad
1393 4996 1592 5035 annum
1622 4984 1760 5034 1024.
1798 4983 1874 5035 ln.

313 5057 452 5122 (140)
484 5058 542 5109 111
577 5062 659 5109 est
692 5069 849 5121 papa,
875 5058 994 5108 sive
1021 5054 1257 5119 pontifex
1296 5054 1581 5106 Romanus.
1619 5060 1815 5107 Auctor
1838 5055 1962 5108 Vi'aa

244 5128 425 5180 Caroli
459 5128 650 5193 Magni,
684 5129 776 5180 sed
807 5131 922 5190 post
951 5126 1152 5183 laudes,
1185 5139 1219 5175 a
1245 5125 1444 5176 domno
1491 5126 1781 5186 apostolico
1812 5139 1961 5178 more

251 5198 617 5264 antiquorum
668 5200 980 5263 principum
1036 5199 1296 5249 adoratus
1352 5199 1446 5249 est.
1515 5197 1570 5248 Et
1625 5197 1839 5261 Pipiuus
1905 5200 1957 5247 in

242 5271 408 5323 1111111.
452 5271 665 5335 Figtaci,
713 5271 925 5323 Placuit
981 5270 1150 5321 etiam
1193 5267 1365 5327 nobis,
1417 5272 1465 5319 et
1529 5268 1749 5320 domino
1806 5281 1960 5319 reve—

242 5342 422 5395 renda
458 5343 764 5407 apostolico.
799 5343 945 5394 Unde
978 5341 1108 5393 olim
1146 5340 1506 5403 scriptoribus
1538 5341 1738 5391 nostris
1772 5353 1963 5391 verna-

244 5414 394 5538 ἓῗῧῗ
450 5415 686 5479 apostole
741 5419 788 5466 et
839 5412 1096 5478 apostoile
1138 5410 1267 5463 olim
1309 5409 1487 5462 dictus
1544 5413 1647 5463 est.
1708 5410 1962 5462 Guidonis

389 5496 459 5538 ιε
1588 5514 1595 5517 -

294 5486 424 5538 111111
444 5500 459 5538 :
1588 5514 1595 5517 -

428 5555 508 5608 De
537 5565 710 5608 nostra
742 5571 866 5622 pere
897 5555 1182 5621 l'apostoile

434 5627 709 5681 Voulsisse
731 5629 856 5694 qu'il
878 5627 1127 5679 semblast
1156 5626 1389 5679 l’estoile.

560 5734 819 5797 PATROL.
851 5733 1100 5796 CXLIV.

2107 4768 2638 4829 (142)Monasterium
2674 4770 2777 4823 hoc
2810 4772 2875 4823 ab
2918 4770 3203 4825 Adalhelda
3246 4773 3591 4836 imperatrice
3633 4786 3758 4830 con-

2047 4840 2222 4892 ditum
2278 4840 2332 4889 in
2368 4840 2696 4892 Lausanensi
2758 4844 3000 4906 dioecesi,
3062 4848 3117 4895 et
3166 4845 3355 4897 Maiolo
3414 4845 3756 4900 Cluniacensl

2047 4910 2244 4968 abbati,
2298 4912 2526 4973 suisque
2575 4915 2990 4966 successoribus
3041 4916 3409 4975 commissum,
3456 4919 3535 4969 uti
3585 4917 3753 4970 refert

2044 4981 2188 5033 idem
2222 4983 2335 5045 ipse
2377 4981 2527 5032 Odilo
2563 4983 2616 5033 in
2662 4984 2768 5035 Vita
2800 4991 3001 5037 sancta:
3042 4985 3347 5038 Adalheidas
3395 4987 3478 5038 his
3528 4987 3746 5040 verbis:

2044 5054 2110 5103 In
2142 5053 2319 5121 patris
2357 5064 2502 5112 vero,
2551 5053 2812 5115 Rodulphi
2852 5056 3095 5108 videlicet
3137 5055 3460 5109 nobilissimi
3492 5058 3651 5121 regis.
3701 5062 3756 5113 et

2044 5124 2231 5175 damni
2287 5120 2603 5176 Ghuonradi
2670 5125 2872 5189 fratris
2936 5140 3119 5192 regno,
3171 5126 3282 5179 loco
3351 5120 3597 5180 videlicet
3653 5132 3755 5181 Pa-

2043 5195 2299 5251 terniaco,
2335 5194 2425 5245 ubi
2464 5199 2701 5248 matrem
2744 5198 2998 5262 reginam
3052 5201 3303 5251 vocabulo
3366 5198 3587 5252 Bertam
3647 5200 3753 5253 Deo

2043 5265 2105 5317 in
2139 5265 2293 5318 omni
2319 5265 2559 5318 bonitate
2588 5266 2838 5320 devotam
2870 5270 3154 5332 sepultura
3187 5270 3444 5331 tradidit,
3484 5270 3546 5322 in
3584 5269 3750 5325 hono-

2043 5348 2163 5390 rem
2190 5335 2287 5388 Dei
2316 5333 2601 5390 Genitricis
2626 5340 3019 5393 monasterium
3039 5341 3300 5403 condidit,
3330 5346 3382 5395 et
3411 5341 3756 5397 sanctissimo

2042 5409 2196 5476 patri
2236 5409 2447 5473 Najoto,
2482 5408 2698 5475 suisque
2720 5411 3103 5463 successoribus
3136 5425 3236 5463 sua
3270 5412 3665 5477 munificentia,
3703 5419 3754 5469 et

2046 5480 2249 5543 fratris
2279 5479 2368 5531 sui
2412 5479 2726 5533 Chuonradi
2772 5482 2914 5546 regis
2944 5489 3205 5548 praecepto
3236 5485 3609 5538 ordinandum
3640 5499 3759 5550 per-

2048 5555 2210 5619 petuo
2231 5552 2516 5603 commisit.
2544 5551 2602 5602 Et
2629 5552 2920 5617 aliquando
2945 5558 3066 5617 post
3090 5570 3102 5605 :
3126 5555 3193 5606 In
3237 5556 3353 5619 ipso
3380 5569 3585 5621 quoque
3613 5559 3758 5609 tem-

2049 5634 2183 5688 pore
2205 5623 2610 5676 monasterium
2641 5622 3034 5678 Paterniacum
3054 5626 3214 5688 adiit,
3235 5627 3382 5694 quod
3410 5629 3535 5695 ipsa
3565 5628 3644 5680 ad
3669 5627 3763 5681 11οο

3402 5732 3474 5791 30
