  <div class='ocr_page' id='page_1' title='image "/cluster/home/n/w/nwhite01/storage/ocr_20150623/144/hvd.32044054760046/475.png"; bbox 0 0 4108 6206; ppageno 0'>
   <div class='ocr_carea' id='block_1_1' title="bbox 382 290 492 352">
    <p class='ocr_par' dir='ltr' id='par_1_1' title="bbox 382 290 492 352">
     <span class='ocr_line' id='line_1_1' title="bbox 382 290 492 352; baseline -0.009 0"><span class='ocrx_word' id='word_1_1' title='bbox 382 290 492 352; x_wconf 81' lang='lat'>939</span> 
     </span>
    </p>
   </div>
   <div class='ocr_carea' id='block_1_2' title="bbox 850 274 3420 351">
    <p class='ocr_par' dir='ltr' id='par_1_2' title="bbox 850 274 3420 351">
     <span class='ocr_line' id='line_1_2' title="bbox 850 274 3420 351; baseline -0.004 -5"><span class='ocrx_word' id='word_1_2' title='bbox 850 286 911 346; x_wconf 92' lang='lat' dir='ltr'>S.</span> <span class='ocrx_word' id='word_1_3' title='bbox 954 285 1173 345; x_wconf 78' lang='lat' dir='ltr'>PETRI</span> <span class='ocrx_word' id='word_1_4' title='bbox 1211 280 1537 342; x_wconf 87' lang='lat' dir='ltr'><strong>DAMIANI</strong></span> <span class='ocrx_word' id='word_1_5' title='bbox 1577 278 1734 341; x_wconf 91' lang='lat' dir='ltr'>OPP.</span> <span class='ocrx_word' id='word_1_6' title='bbox 1777 276 1971 339; x_wconf 78' lang='lat' dir='ltr'>PARS</span> <span class='ocrx_word' id='word_1_7' title='bbox 2011 274 2445 351; x_wconf 77' lang='lat' dir='ltr'>SEUTOMUS</span> <span class='ocrx_word' id='word_1_8' title='bbox 2482 276 2557 336; x_wconf 91' lang='grc' dir='ltr'>Π.</span> <span class='ocrx_word' id='word_1_9' title='bbox 2599 309 2670 327; x_wconf 66' lang='grc' dir='ltr'>μ-</span> <span class='ocrx_word' id='word_1_10' title='bbox 2707 276 3161 338; x_wconf 82' lang='lat' dir='ltr'>SANCTORUM</span> <span class='ocrx_word' id='word_1_11' title='bbox 3199 276 3420 338; x_wconf 65' lang='lat' dir='ltr'>VITE.</span> 
     </span>
    </p>
   </div>
   <div class='ocr_carea' id='block_1_3' title="bbox 3784 281 3897 342">
    <p class='ocr_par' dir='ltr' id='par_1_3' title="bbox 3784 281 3897 342">
     <span class='ocr_line' id='line_1_3' title="bbox 3784 281 3897 342; baseline -0.009 0"><span class='ocrx_word' id='word_1_12' title='bbox 3784 281 3897 342; x_wconf 59' lang='grc'>940</span> 
     </span>
    </p>
   </div>
   <div class='ocr_carea' id='block_1_4' title="bbox 332 399 3891 489">
    <p class='ocr_par' dir='ltr' id='par_1_4' title="bbox 332 399 3891 489">
     <span class='ocr_line' id='line_1_4' title="bbox 332 399 3891 489; baseline -0.001 -22"><span class='ocrx_word' id='word_1_13' title='bbox 332 464 341 467; x_wconf 85' lang='lat'>_</span> <span class='ocrx_word' id='word_1_14' title='bbox 386 430 560 489; x_wconf 86' lang='lat' dir='ltr'>quem</span> <span class='ocrx_word' id='word_1_15' title='bbox 587 416 809 471; x_wconf 82' lang='lat' dir='ltr'>struma</span> <span class='ocrx_word' id='word_1_16' title='bbox 831 408 1098 486; x_wconf 65' lang='lat' dir='ltr'>quaedam</span> <span class='ocrx_word' id='word_1_17' title='bbox 1127 407 1376 480; x_wconf 73' lang='lat' dir='ltr'>gutturis</span> <span class='ocrx_word' id='word_1_18' title='bbox 1406 406 1800 463; x_wconf 89' lang='lat' dir='ltr'>intumescens</span> <span class='ocrx_word' id='word_1_19' title='bbox 1829 400 2382 489; x_wconf 84' lang='lat' dir='ltr'>deturpa-Adelicet</span> <span class='ocrx_word' id='word_1_20' title='bbox 2416 416 2551 475; x_wconf 75' lang='lat' dir='ltr'>quae</span> <span class='ocrx_word' id='word_1_21' title='bbox 2575 399 2737 458; x_wconf 86' lang='lat' dir='ltr'>ablui</span> <span class='ocrx_word' id='word_1_22' title='bbox 2769 400 3132 474; x_wconf 76' lang='lat' dir='ltr'>frequentius</span> <span class='ocrx_word' id='word_1_23' title='bbox 3164 399 3445 474; x_wconf 76' lang='lat' dir='ltr'>indigent,</span> <span class='ocrx_word' id='word_1_24' title='bbox 3489 402 3725 463; x_wconf 77' lang='lat' dir='ltr'>madere</span> <span class='ocrx_word' id='word_1_25' title='bbox 3761 418 3891 477; x_wconf 51' lang='lat' dir='ltr'>per.</span> 
     </span>
    </p>
   </div>
   <div class='ocr_carea' id='block_1_5' title="bbox 385 488 3893 576">
    <p class='ocr_par' dir='ltr' id='par_1_5' title="bbox 385 488 3893 576">
     <span class='ocr_line' id='line_1_5' title="bbox 385 488 3893 576; baseline -0.003 -13"><span class='ocrx_word' id='word_1_26' title='bbox 385 488 547 563; x_wconf 88' lang='lat' dir='ltr'>verat</span> <span class='ocrx_word' id='word_1_27' title='bbox 598 516 784 576; x_wconf 89' lang='lat' dir='ltr'>usque</span> <span class='ocrx_word' id='word_1_28' title='bbox 835 500 976 558; x_wconf 91' lang='lat' dir='ltr'>adeo</span> <span class='ocrx_word' id='word_1_29' title='bbox 1022 504 1087 556; x_wconf 92' lang='lat' dir='ltr'>ut</span> <span class='ocrx_word' id='word_1_30' title='bbox 1134 496 1450 555; x_wconf 83' lang='lat' dir='ltr'>claritatem</span> <span class='ocrx_word' id='word_1_31' title='bbox 1510 495 1666 553; x_wconf 85' lang='lat' dir='ltr'>vocis</span> <span class='ocrx_word' id='word_1_32' title='bbox 1717 494 1985 563; x_wconf 81' lang='lat' dir='ltr'>auferret,</span> <span class='ocrx_word' id='word_1_33' title='bbox 2040 497 2097 550; x_wconf 91' lang='lat' dir='ltr'>et</span> <span class='ocrx_word' id='word_1_34' title='bbox 2178 488 2449 559; x_wconf 84' lang='lat' dir='ltr'>mitteret,</span> <span class='ocrx_word' id='word_1_35' title='bbox 2490 504 2625 563; x_wconf 72' lang='lat' dir='ltr'>quas</span> <span class='ocrx_word' id='word_1_36' title='bbox 2662 503 2800 547; x_wconf 87' lang='lat' dir='ltr'>vero</span> <span class='ocrx_word' id='word_1_37' title='bbox 2838 488 3133 547; x_wconf 83' lang='lat' dir='ltr'>madefieri</span> <span class='ocrx_word' id='word_1_38' title='bbox 3175 489 3299 548; x_wconf 86' lang='lat' dir='ltr'>sine</span> <span class='ocrx_word' id='word_1_39' title='bbox 3337 490 3551 549; x_wconf 89' lang='lat' dir='ltr'>damno</span> <span class='ocrx_word' id='word_1_40' title='bbox 3598 508 3716 550; x_wconf 90' lang='lat' dir='ltr'>non</span> <span class='ocrx_word' id='word_1_41' title='bbox 3760 509 3893 567; x_wconf 85' lang='lat' dir='ltr'>pos-</span> 
     </span>
    </p>
   </div>
   <div class='ocr_carea' id='block_1_6' title="bbox 388 583 2094 667">
    <p class='ocr_par' dir='ltr' id='par_1_6' title="bbox 388 583 2094 667">
     <span class='ocr_line' id='line_1_6' title="bbox 388 583 2094 667; baseline -0.007 -14"><span class='ocrx_word' id='word_1_42' title='bbox 388 594 628 667; x_wconf 91' lang='lat' dir='ltr'>insuper</span> <span class='ocrx_word' id='word_1_43' title='bbox 689 588 1112 666; x_wconf 89' lang='lat' dir='ltr'>quodammodo</span> <span class='ocrx_word' id='word_1_44' title='bbox 1174 586 1499 645; x_wconf 86' lang='lat' dir='ltr'><strong>minaretur</strong></span> <span class='ocrx_word' id='word_1_45' title='bbox 1550 585 1703 661; x_wconf 91' lang='lat' dir='ltr'>quod</span> <span class='ocrx_word' id='word_1_46' title='bbox 1758 584 1869 643; x_wconf 87' lang='lat' dir='ltr'>sibi</span> <span class='ocrx_word' id='word_1_47' title='bbox 1920 583 2094 641; x_wconf 88' lang='lat' dir='ltr'>etiam</span> 
     </span>
    </p>
   </div>
   <div class='ocr_carea' id='block_1_7' title="bbox 386 672 2094 757">
    <p class='ocr_par' dir='ltr' id='par_1_7' title="bbox 386 672 2094 757">
     <span class='ocr_line' id='line_1_7' title="bbox 386 672 2094 757; baseline -0.006 -15"><span class='ocrx_word' id='word_1_48' title='bbox 386 682 698 757; x_wconf 90' lang='lat' dir='ltr'>aliquando</span> <span class='ocrx_word' id='word_1_49' title='bbox 731 679 996 739; x_wconf 89' lang='lat' dir='ltr'>auditum</span> <span class='ocrx_word' id='word_1_50' title='bbox 1034 676 1414 751; x_wconf 86' lang='lat' dir='ltr'><strong>interciperet.</strong></span> <span class='ocrx_word' id='word_1_51' title='bbox 1458 675 1641 745; x_wconf 87' lang='lat' dir='ltr'>Quem</span> <span class='ocrx_word' id='word_1_52' title='bbox 1669 673 1740 732; x_wconf 89' lang='lat' dir='ltr'>ad</span> <span class='ocrx_word' id='word_1_53' title='bbox 1781 688 1843 732; x_wconf 91' lang='lat' dir='ltr'>se</span> <span class='ocrx_word' id='word_1_54' title='bbox 1869 672 1959 731; x_wconf 89' lang='lat' dir='ltr'>vir</span> <span class='ocrx_word' id='word_1_55' title='bbox 1992 672 2094 731; x_wconf 89' lang='lat' dir='ltr'>Dei</span> 
     </span>
    </p>
   </div>
   <div class='ocr_carea' id='block_1_8' title="bbox 387 763 2092 840">
    <p class='ocr_par' dir='ltr' id='par_1_8' title="bbox 387 763 2092 840">
     <span class='ocr_line' id='line_1_8' title="bbox 387 763 2092 840; baseline -0.006 -7"><span class='ocrx_word' id='word_1_56' title='bbox 387 789 527 834; x_wconf 87' lang='lat' dir='ltr'><strong>vere</strong></span> <span class='ocrx_word' id='word_1_57' title='bbox 569 769 895 830; x_wconf 87' lang='lat' dir='ltr'>misericors</span> <span class='ocrx_word' id='word_1_58' title='bbox 940 768 1199 837; x_wconf 84' lang='lat' dir='ltr'>advocat,</span> <span class='ocrx_word' id='word_1_59' title='bbox 1225 767 1492 840; x_wconf 88' lang='lat' dir='ltr'>palpante</span> <span class='ocrx_word' id='word_1_60' title='bbox 1540 780 1719 823; x_wconf 90' lang='lat' dir='ltr'>manu</span> <span class='ocrx_word' id='word_1_61' title='bbox 1757 763 1949 823; x_wconf 92' lang='lat' dir='ltr'>locum</span> <span class='ocrx_word' id='word_1_62' title='bbox 1999 768 2092 823; x_wconf 88' lang='lat' dir='ltr'>tu-</span> 
     </span>
    </p>
   </div>
   <div class='ocr_carea' id='block_1_9' title="bbox 386 854 2091 931">
    <p class='ocr_par' dir='ltr' id='par_1_9' title="bbox 386 854 2091 931">
     <span class='ocr_line' id='line_1_9' title="bbox 386 854 2091 931; baseline -0.008 -7"><span class='ocrx_word' id='word_1_63' title='bbox 386 863 567 924; x_wconf 87' lang='lat' dir='ltr'>moris</span> <span class='ocrx_word' id='word_1_64' title='bbox 612 863 889 931; x_wconf 87' lang='lat' dir='ltr'><strong>attrectat,</strong></span> <span class='ocrx_word' id='word_1_65' title='bbox 925 857 1132 917; x_wconf 88' lang='lat' dir='ltr'>deinde</span> <span class='ocrx_word' id='word_1_66' title='bbox 1166 856 1398 930; x_wconf 86' lang='lat' dir='ltr'>signum</span> <span class='ocrx_word' id='word_1_67' title='bbox 1439 854 1626 914; x_wconf 92' lang='lat' dir='ltr'>crucis</span> <span class='ocrx_word' id='word_1_68' title='bbox 1664 854 1847 928; x_wconf 65' lang='lat' dir='ltr'>plagae</span> <span class='ocrx_word' id='word_1_69' title='bbox 1891 860 2091 927; x_wconf 88' lang='lat' dir='ltr'>guttu-</span> 
     </span>
    </p>
   </div>
   <div class='ocr_carea' id='block_1_10' title="bbox 387 945 2092 1028">
    <p class='ocr_par' dir='ltr' id='par_1_10' title="bbox 387 945 2092 1028">
     <span class='ocr_line' id='line_1_10' title="bbox 387 945 2092 1028; baseline -0.009 -11"><span class='ocrx_word' id='word_1_70' title='bbox 387 958 468 1016; x_wconf 87' lang='lat' dir='ltr'>ris</span> <span class='ocrx_word' id='word_1_71' title='bbox 513 951 817 1028; x_wconf 87' lang='lat' dir='ltr'>imprimit,</span> <span class='ocrx_word' id='word_1_72' title='bbox 847 954 903 1008; x_wconf 92' lang='lat' dir='ltr'>et</span> <span class='ocrx_word' id='word_1_73' title='bbox 944 948 1145 1007; x_wconf 90' lang='lat' dir='ltr'>divina</span> <span class='ocrx_word' id='word_1_74' title='bbox 1181 948 1447 1022; x_wconf 70' lang='lat' dir='ltr'>quaedam</span> <span class='ocrx_word' id='word_1_75' title='bbox 1495 946 1671 1005; x_wconf 91' lang='lat' dir='ltr'>verba</span> <span class='ocrx_word' id='word_1_76' title='bbox 1704 945 1921 1014; x_wconf 87' lang='lat' dir='ltr'>dicens,</span> <span class='ocrx_word' id='word_1_77' title='bbox 1953 958 2092 1003; x_wconf 86' lang='lat' dir='ltr'>mox</span> 
     </span>
    </p>
   </div>
   <div class='ocr_carea' id='block_1_11' title="bbox 387 1032 2092 1116">
    <p class='ocr_par' dir='ltr' id='par_1_11' title="bbox 387 1032 2092 1116">
     <span class='ocr_line' id='line_1_11' title="bbox 387 1032 2092 1116; baseline -0.009 -11"><span class='ocrx_word' id='word_1_78' title='bbox 387 1045 548 1105; x_wconf 88' lang='lat' dir='ltr'>abire</span> <span class='ocrx_word' id='word_1_79' title='bbox 592 1039 889 1116; x_wconf 89' lang='lat' dir='ltr'><strong>permittit.</strong></span> <span class='ocrx_word' id='word_1_80' title='bbox 939 1037 1158 1096; x_wconf 87' lang='lat' dir='ltr'>Deinde</span> <span class='ocrx_word' id='word_1_81' title='bbox 1204 1038 1423 1097; x_wconf 91' lang='lat' dir='ltr'>mirum</span> <span class='ocrx_word' id='word_1_82' title='bbox 1453 1036 1514 1094; x_wconf 92' lang='lat' dir='ltr'>in</span> <span class='ocrx_word' id='word_1_83' title='bbox 1544 1035 1804 1105; x_wconf 90' lang='lat' dir='ltr'>modum,</span> <span class='ocrx_word' id='word_1_84' title='bbox 1845 1033 1993 1092; x_wconf 87' lang='lat' dir='ltr'>sicut</span> <span class='ocrx_word' id='word_1_85' title='bbox 2029 1032 2092 1090; x_wconf 93' lang='lat' dir='ltr'>in</span> 
     </span>
    </p>
   </div>
   <div class='ocr_carea' id='block_1_12' title="bbox 385 1120 2093 1201">
    <p class='ocr_par' dir='ltr' id='par_1_12' title="bbox 385 1120 2093 1201">
     <span class='ocr_line' id='line_1_12' title="bbox 385 1120 2093 1201; baseline -0.009 -7"><span class='ocrx_word' id='word_1_86' title='bbox 385 1133 518 1194; x_wconf 86' lang='lat' dir='ltr'>aliis</span> <span class='ocrx_word' id='word_1_87' title='bbox 553 1131 791 1191; x_wconf 89' lang='lat' dir='ltr'>morbus</span> <span class='ocrx_word' id='word_1_88' title='bbox 827 1127 947 1196; x_wconf 91' lang='lat' dir='ltr'>ille,</span> <span class='ocrx_word' id='word_1_89' title='bbox 987 1132 1289 1201; x_wconf 88' lang='lat' dir='ltr'>postquam</span> <span class='ocrx_word' id='word_1_90' title='bbox 1327 1126 1503 1185; x_wconf 88' lang='lat' dir='ltr'>semel</span> <span class='ocrx_word' id='word_1_91' title='bbox 1554 1124 1833 1194; x_wconf 88' lang='lat' dir='ltr'>oboritur,</span> <span class='ocrx_word' id='word_1_92' title='bbox 1872 1122 1934 1179; x_wconf 92' lang='lat' dir='ltr'>in</span> <span class='ocrx_word' id='word_1_93' title='bbox 1969 1120 2093 1179; x_wconf 88' lang='lat' dir='ltr'>dies</span> 
     </span>
    </p>
   </div>
   <div class='ocr_carea' id='block_1_13' title="bbox 385 1216 2092 1294">
    <p class='ocr_par' dir='ltr' id='par_1_13' title="bbox 385 1216 2092 1294">
     <span class='ocr_line' id='line_1_13' title="bbox 385 1216 2092 1294; baseline -0.009 -7"><span class='ocrx_word' id='word_1_94' title='bbox 385 1227 531 1288; x_wconf 89' lang='lat' dir='ltr'>solet</span> <span class='ocrx_word' id='word_1_95' title='bbox 557 1237 887 1285; x_wconf 81' lang='lat' dir='ltr'>excrescere</span> <span class='ocrx_word' id='word_1_96' title='bbox 918 1226 1218 1294; x_wconf 90' lang='lat' dir='ltr'>totumque</span> <span class='ocrx_word' id='word_1_97' title='bbox 1243 1225 1443 1292; x_wconf 82' lang='lat' dir='ltr'>guttur</span> <span class='ocrx_word' id='word_1_98' title='bbox 1476 1216 1883 1277; x_wconf 82' lang='lat' dir='ltr'>miserabiliter</span> <span class='ocrx_word' id='word_1_99' title='bbox 1919 1229 2092 1273; x_wconf 92' lang='lat' dir='ltr'>occu-</span> 
     </span>
    </p>
   </div>
   <div class='ocr_carea' id='block_1_14' title="bbox 381 1302 2094 1393">
    <p class='ocr_par' dir='ltr' id='par_1_14' title="bbox 381 1302 2094 1393">
     <span class='ocr_line' id='line_1_14' title="bbox 381 1302 2094 1393; baseline -0.009 -17"><span class='ocrx_word' id='word_1_100' title='bbox 381 1332 540 1393; x_wconf 89' lang='lat' dir='ltr'>pare,</span> <span class='ocrx_word' id='word_1_101' title='bbox 587 1315 670 1373; x_wconf 92' lang='lat' dir='ltr'>sic</span> <span class='ocrx_word' id='word_1_102' title='bbox 712 1313 776 1371; x_wconf 90' lang='lat' dir='ltr'>in</span> <span class='ocrx_word' id='word_1_103' title='bbox 814 1311 925 1369; x_wconf 90' lang='lat' dir='ltr'>isto</span> <span class='ocrx_word' id='word_1_104' title='bbox 972 1325 1138 1368; x_wconf 90' lang='lat' dir='ltr'>versa</span> <span class='ocrx_word' id='word_1_105' title='bbox 1188 1309 1329 1368; x_wconf 88' lang='lat' dir='ltr'>vice&#39;</span> <span class='ocrx_word' id='word_1_106' title='bbox 1365 1308 1537 1382; x_wconf 72' lang='lat' dir='ltr'>mepit</span> <span class='ocrx_word' id='word_1_107' title='bbox 1578 1323 1651 1365; x_wconf 83' lang='lat' dir='ltr'>ex</span> <span class='ocrx_word' id='word_1_108' title='bbox 1696 1312 1833 1364; x_wconf 92' lang='lat' dir='ltr'>tunc</span> <span class='ocrx_word' id='word_1_109' title='bbox 1876 1302 2094 1363; x_wconf 89' lang='lat' dir='ltr'>sensim</span> 
     </span>
    </p>
   </div>
   <div class='ocr_carea' id='block_1_15' title="bbox 330 1394 2092 1484">
    <p class='ocr_par' dir='ltr' id='par_1_15' title="bbox 330 1394 2092 1484">
     <span class='ocr_line' id='line_1_15' title="bbox 330 1394 2092 1484; baseline -0.009 -19"><span class='ocrx_word' id='word_1_110' title='bbox 330 1433 356 1447; x_wconf 73' lang='grc' dir='ltr'><em>ι</em></span> <span class='ocrx_word' id='word_1_111' title='bbox 382 1404 642 1484; x_wconf 89' lang='lat' dir='ltr'>quotidie</span> <span class='ocrx_word' id='word_1_112' title='bbox 676 1402 1090 1471; x_wconf 89' lang='lat' dir='ltr'>detumescere,</span> <span class='ocrx_word' id='word_1_113' title='bbox 1117 1399 1296 1458; x_wconf 91' lang='lat' dir='ltr'>donec</span> <span class='ocrx_word' id='word_1_114' title='bbox 1323 1397 1498 1473; x_wconf 88' lang='lat' dir='ltr'>pestis</span> <span class='ocrx_word' id='word_1_115' title='bbox 1525 1394 1627 1454; x_wconf 93' lang='lat' dir='ltr'>illa</span> <span class='ocrx_word' id='word_1_116' title='bbox 1654 1395 1920 1454; x_wconf 87' lang='lat' dir='ltr'>funditus</span> <span class='ocrx_word' id='word_1_117' title='bbox 1954 1408 2092 1484; x_wconf 72' lang='lat' dir='ltr'>eva~</span> 
     </span>
    </p>
   </div>
   <div class='ocr_carea' id='block_1_16' title="bbox 384 1481 2091 1565">
    <p class='ocr_par' dir='ltr' id='par_1_16' title="bbox 384 1481 2091 1565">
     <span class='ocr_line' id='line_1_16' title="bbox 384 1481 2091 1565; baseline -0.008 -11"><span class='ocrx_word' id='word_1_118' title='bbox 384 1481 660 1565; x_wconf 82' lang='lat' dir='ltr'>nesceret,</span> <span class='ocrx_word' id='word_1_119' title='bbox 693 1496 748 1550; x_wconf 90' lang='lat' dir='ltr'>et</span> <span class='ocrx_word' id='word_1_120' title='bbox 798 1494 996 1565; x_wconf 84' lang='lat' dir='ltr'>guttur</span> <span class='ocrx_word' id='word_1_121' title='bbox 1038 1487 1203 1564; x_wconf 92' lang='lat' dir='ltr'>pueri</span> <span class='ocrx_word' id='word_1_122' title='bbox 1252 1486 1325 1546; x_wconf 89' lang='lat' dir='ltr'>ad</span> <span class='ocrx_word' id='word_1_123' title='bbox 1365 1485 1693 1546; x_wconf 88' lang='lat' dir='ltr'>naturalem</span> <span class='ocrx_word' id='word_1_124' title='bbox 1732 1498 1793 1542; x_wconf 91' lang='lat' dir='ltr'>se</span> <span class='ocrx_word' id='word_1_125' title='bbox 1843 1481 2091 1556; x_wconf 89' lang='lat' dir='ltr'>speciem</span> 
     </span>
    </p>
   </div>
   <div class='ocr_carea' id='block_1_17' title="bbox 381 1579 1088 1658">
    <p class='ocr_par' dir='ltr' id='par_1_17' title="bbox 381 1579 1088 1658">
     <span class='ocr_line' id='line_1_17' title="bbox 381 1579 1088 1658; baseline -0.01 -16"><span class='ocrx_word' id='word_1_126' title='bbox 381 1598 486 1658; x_wconf 89' lang='lat' dir='ltr'>per</span> <span class='ocrx_word' id='word_1_127' title='bbox 509 1579 708 1641; x_wconf 87' lang='lat' dir='ltr'>omnia</span> <span class='ocrx_word' id='word_1_128' title='bbox 731 1579 1088 1638; x_wconf 83' lang='lat' dir='ltr'>reformaret.</span> 
     </span>
    </p>
   </div>
   <div class='ocr_carea' id='block_1_18' title="bbox 452 1662 2091 1744">
    <p class='ocr_par' dir='ltr' id='par_1_18' title="bbox 452 1662 2091 1744">
     <span class='ocr_line' id='line_1_18' title="bbox 452 1662 2091 1744; baseline -0.005 -14"><span class='ocrx_word' id='word_1_129' title='bbox 452 1671 587 1730; x_wconf 85' lang='lat' dir='ltr'>Alio</span> <span class='ocrx_word' id='word_1_130' title='bbox 645 1683 880 1744; x_wconf 89' lang='lat' dir='ltr'>quoque</span> <span class='ocrx_word' id='word_1_131' title='bbox 926 1672 1180 1739; x_wconf 90' lang='lat' dir='ltr'>tempore</span> <span class='ocrx_word' id='word_1_132' title='bbox 1213 1665 1284 1723; x_wconf 92' lang='lat' dir='ltr'>de</span> <span class='ocrx_word' id='word_1_133' title='bbox 1322 1662 1669 1723; x_wconf 89' lang='lat' dir='ltr'>monasterio</span> <span class='ocrx_word' id='word_1_134' title='bbox 1724 1663 1872 1733; x_wconf 84' lang='grc'>(143)</span> <span class='ocrx_word' id='word_1_135' title='bbox 1934 1662 2091 1736; x_wconf 91' lang='lat' dir='ltr'>quod</span> 
     </span>
    </p>
   </div>
   <div class='ocr_carea' id='block_1_19' title="bbox 2177 580 3695 654">
    <p class='ocr_par' dir='ltr' id='par_1_19' title="bbox 2177 580 3695 654">
     <span class='ocr_line' id='line_1_19' title="bbox 2177 580 3695 654; baseline 0.001 -13"><span class='ocrx_word' id='word_1_136' title='bbox 2177 586 2333 654; x_wconf 91' lang='lat' dir='ltr'>sunt,</span> <span class='ocrx_word' id='word_1_137' title='bbox 2362 597 2396 640; x_wconf 88' lang='lat' dir='ltr'>a</span> <span class='ocrx_word' id='word_1_138' title='bbox 2424 584 2688 641; x_wconf 88' lang='lat' dir='ltr'>contactu</span> <span class='ocrx_word' id='word_1_139' title='bbox 2714 580 3005 641; x_wconf 89' lang='lat' dir='ltr'>ﬂuctuum</span> <span class='ocrx_word' id='word_1_140' title='bbox 3043 580 3330 641; x_wconf 89' lang='lat' dir='ltr'>immunia</span> <span class='ocrx_word' id='word_1_141' title='bbox 3358 582 3695 642; x_wconf 85' lang='lat' dir='ltr'>custodiret.</span> 
     </span>
    </p>
   </div>
   <div class='ocr_carea' id='block_1_20' title="bbox 2246 671 3894 747">
    <p class='ocr_par' dir='ltr' id='par_1_20' title="bbox 2246 671 3894 747">
     <span class='ocr_line' id='line_1_20' title="bbox 2246 671 3894 747; baseline 0.002 -16"><span class='ocrx_word' id='word_1_142' title='bbox 2246 672 2315 731; x_wconf 91' lang='lat' dir='ltr'>In</span> <span class='ocrx_word' id='word_1_143' title='bbox 2356 673 2556 732; x_wconf 90' lang='lat' dir='ltr'>eodem</span> <span class='ocrx_word' id='word_1_144' title='bbox 2595 687 2829 747; x_wconf 87' lang='lat' dir='ltr'>quoque</span> <span class='ocrx_word' id='word_1_145' title='bbox 2864 671 3098 733; x_wconf 83' lang='lat' dir='ltr'>Jurensi</span> <span class='ocrx_word' id='word_1_146' title='bbox 3138 674 3488 733; x_wconf 88' lang='lat' dir='ltr'>monasterio</span> <span class='ocrx_word' id='word_1_147' title='bbox 3527 674 3617 733; x_wconf 90' lang='lat' dir='ltr'>vir</span> <span class='ocrx_word' id='word_1_148' title='bbox 3654 675 3894 735; x_wconf 89' lang='lat' dir='ltr'>Domini</span> 
     </span>
    </p>
   </div>
   <div class='ocr_carea' id='block_1_21' title="bbox 2175 760 3896 837">
    <p class='ocr_par' dir='ltr' id='par_1_21' title="bbox 2175 760 3896 837">
     <span class='ocr_line' id='line_1_21' title="bbox 2175 760 3896 837; baseline 0.001 -14"><span class='ocrx_word' id='word_1_149' title='bbox 2175 761 2342 823; x_wconf 91' lang='lat' dir='ltr'>Odilo</span> <span class='ocrx_word' id='word_1_150' title='bbox 2377 762 2692 837; x_wconf 86' lang='lat' dir='ltr'>aliquando</span> <span class='ocrx_word' id='word_1_151' title='bbox 2727 763 3093 837; x_wconf 87' lang='lat' dir='ltr'>constitutus,</span> <span class='ocrx_word' id='word_1_152' title='bbox 3120 760 3333 837; x_wconf 75' lang='lat' dir='ltr'>reperit</span> <span class='ocrx_word' id='word_1_153' title='bbox 3369 778 3616 837; x_wconf 90' lang='lat' dir='ltr'>puerum</span> <span class='ocrx_word' id='word_1_154' title='bbox 3651 766 3896 826; x_wconf 87' lang='lat' dir='ltr'>nomine</span> 
     </span>
    </p>
   </div>
   <div class='ocr_carea' id='block_1_22' title="bbox 2174 854 3895 928">
    <p class='ocr_par' dir='ltr' id='par_1_22' title="bbox 2174 854 3895 928">
     <span class='ocr_line' id='line_1_22' title="bbox 2174 854 3895 928; baseline 0 -14"><span class='ocrx_word' id='word_1_155' title='bbox 2174 854 2494 914; x_wconf 86' lang='lat' dir='ltr'>Gerardum</span> <span class='ocrx_word' id='word_1_156' title='bbox 2546 855 2791 915; x_wconf 90' lang='lat' dir='ltr'>terribili</span> <span class='ocrx_word' id='word_1_157' title='bbox 2841 854 3072 914; x_wconf 61' lang='lat' dir='ltr'>caducae</span> <span class='ocrx_word' id='word_1_158' title='bbox 3130 854 3409 928; x_wconf 87' lang='lat' dir='ltr'>passionis</span> <span class='ocrx_word' id='word_1_159' title='bbox 3460 854 3743 927; x_wconf 85' lang='lat' dir='ltr'>languore</span> <span class='ocrx_word' id='word_1_160' title='bbox 3786 855 3895 914; x_wconf 89' lang='lat' dir='ltr'>de-</span> 
     </span>
    </p>
   </div>
   <div class='ocr_carea' id='block_1_23' title="bbox 2175 945 3895 1021">
    <p class='ocr_par' dir='ltr' id='par_1_23' title="bbox 2175 945 3895 1021">
     <span class='ocr_line' id='line_1_23' title="bbox 2175 945 3895 1021; baseline 0.003 -20"><span class='ocrx_word' id='word_1_161' title='bbox 2175 950 2419 1004; x_wconf 89' lang='lat' dir='ltr'>tentum.</span> <span class='ocrx_word' id='word_1_162' title='bbox 2450 945 2560 1016; x_wconf 87' lang='lat' dir='ltr'>Qui</span> <span class='ocrx_word' id='word_1_163' title='bbox 2589 946 2908 1021; x_wconf 71' lang='lat' dir='ltr'>saepissime</span> <span class='ocrx_word' id='word_1_164' title='bbox 2947 946 3112 1020; x_wconf 91' lang='lat' dir='ltr'>quasi</span> <span class='ocrx_word' id='word_1_165' title='bbox 3152 945 3443 1006; x_wconf 90' lang='lat' dir='ltr'>lunaticus</span> <span class='ocrx_word' id='word_1_166' title='bbox 3480 946 3804 1015; x_wconf 86' lang='lat' dir='ltr'>corruebat,</span> <span class='ocrx_word' id='word_1_167' title='bbox 3835 953 3895 1006; x_wconf 89' lang='lat' dir='ltr'>et</span> 
     </span>
    </p>
   </div>
   <div class='ocr_carea' id='block_1_24' title="bbox 2174 1032 3894 1108">
    <p class='ocr_par' dir='ltr' id='par_1_24' title="bbox 2174 1032 3894 1108">
     <span class='ocr_line' id='line_1_24' title="bbox 2174 1032 3894 1108; baseline 0.003 -17"><span class='ocrx_word' id='word_1_168' title='bbox 2174 1033 2256 1092; x_wconf 90' lang='lat' dir='ltr'>sic</span> <span class='ocrx_word' id='word_1_169' title='bbox 2293 1050 2431 1095; x_wconf 90' lang='lat' dir='ltr'>eum</span> <span class='ocrx_word' id='word_1_170' title='bbox 2474 1035 2702 1094; x_wconf 89' lang='lat' dir='ltr'>occidui</span> <span class='ocrx_word' id='word_1_171' title='bbox 2743 1034 3042 1108; x_wconf 86' lang='lat' dir='ltr'>languoris</span> <span class='ocrx_word' id='word_1_172' title='bbox 3077 1034 3330 1108; x_wconf 89' lang='lat' dir='ltr'>impetus</span> <span class='ocrx_word' id='word_1_173' title='bbox 3366 1032 3613 1094; x_wconf 87' lang='lat' dir='ltr'>obruere</span> <span class='ocrx_word' id='word_1_174' title='bbox 3644 1051 3894 1095; x_wconf 84' lang='lat' dir='ltr'>consue-</span> 
     </span>
    </p>
   </div>
   <div class='ocr_carea' id='block_1_25' title="bbox 2173 1122 3896 1197">
    <p class='ocr_par' dir='ltr' id='par_1_25' title="bbox 2173 1122 3896 1197">
     <span class='ocr_line' id='line_1_25' title="bbox 2173 1122 3896 1197; baseline 0.001 -16"><span class='ocrx_word' id='word_1_175' title='bbox 2173 1128 2354 1192; x_wconf 84' lang='lat' dir='ltr'>verat,</span> <span class='ocrx_word' id='word_1_176' title='bbox 2402 1129 2467 1183; x_wconf 91' lang='lat' dir='ltr'>ut</span> <span class='ocrx_word' id='word_1_177' title='bbox 2501 1126 2563 1182; x_wconf 89' lang='lat' dir='ltr'>in</span> <span class='ocrx_word' id='word_1_178' title='bbox 2601 1138 2670 1182; x_wconf 85' lang='lat' dir='ltr'>eo</span> <span class='ocrx_word' id='word_1_179' title='bbox 2706 1139 2897 1197; x_wconf 90' lang='lat' dir='ltr'>neque</span> <span class='ocrx_word' id='word_1_180' title='bbox 2942 1138 3079 1193; x_wconf 84' lang='lat' dir='ltr'>vox,</span> <span class='ocrx_word' id='word_1_181' title='bbox 3125 1137 3314 1197; x_wconf 90' lang='lat' dir='ltr'>neque</span> <span class='ocrx_word' id='word_1_182' title='bbox 3356 1122 3656 1192; x_wconf 86' lang='lat' dir='ltr'>memoria,</span> <span class='ocrx_word' id='word_1_183' title='bbox 3699 1139 3896 1197; x_wconf 86' lang='lat' dir='ltr'>neque</span> 
     </span>
    </p>
   </div>
   <div class='ocr_carea' id='block_1_26' title="bbox 2172 1211 3897 1288">
    <p class='ocr_par' dir='ltr' id='par_1_26' title="bbox 2172 1211 3897 1288">
     <span class='ocr_line' id='line_1_26' title="bbox 2172 1211 3897 1288; baseline 0.003 -19"><span class='ocrx_word' id='word_1_184' title='bbox 2172 1226 2408 1285; x_wconf 85' lang='lat' dir='ltr'>prorsus</span> <span class='ocrx_word' id='word_1_185' title='bbox 2459 1211 2659 1288; x_wconf 90' lang='lat' dir='ltr'>aliqua</span> <span class='ocrx_word' id='word_1_186' title='bbox 2703 1213 3105 1272; x_wconf 89' lang='lat' dir='ltr'>membrorum</span> <span class='ocrx_word' id='word_1_187' title='bbox 3147 1212 3337 1273; x_wconf 85' lang='lat' dir='ltr'>oﬂicia</span> <span class='ocrx_word' id='word_1_188' title='bbox 3380 1223 3767 1285; x_wconf 89' lang='lat' dir='ltr'>remanerent,</span> <span class='ocrx_word' id='word_1_189' title='bbox 3829 1232 3897 1275; x_wconf 89' lang='lat' dir='ltr'>ac</span> 
     </span>
    </p>
   </div>
   <div class='ocr_carea' id='block_1_27' title="bbox 2173 1303 3894 1366">
    <p class='ocr_par' dir='ltr' id='par_1_27' title="bbox 2173 1303 3894 1366">
     <span class='ocr_line' id='line_1_27' title="bbox 2173 1303 3894 1366; baseline 0.003 -6"><span class='ocrx_word' id='word_1_190' title='bbox 2173 1303 2293 1361; x_wconf 86' lang='lat' dir='ltr'>fere</span> <span class='ocrx_word' id='word_1_191' title='bbox 2320 1320 2355 1361; x_wconf 88' lang='lat' dir='ltr'>a</span> <span class='ocrx_word' id='word_1_192' title='bbox 2386 1307 2617 1363; x_wconf 91' lang='lat' dir='ltr'>mortuo</span> <span class='ocrx_word' id='word_1_193' title='bbox 2648 1303 2803 1363; x_wconf 87' lang='lat' dir='ltr'>nihil</span> <span class='ocrx_word' id='word_1_194' title='bbox 2837 1304 3092 1363; x_wconf 87' lang='lat' dir='ltr'>distaret.</span> <span class='ocrx_word' id='word_1_195' title='bbox 3133 1303 3287 1364; x_wconf 89' lang='lat' dir='ltr'>Huic</span> <span class='ocrx_word' id='word_1_196' title='bbox 3322 1305 3497 1366; x_wconf 92' lang='lat' dir='ltr'>homo</span> <span class='ocrx_word' id='word_1_197' title='bbox 3526 1307 3632 1365; x_wconf 92' lang='lat' dir='ltr'>Dei</span> <span class='ocrx_word' id='word_1_198' title='bbox 3661 1306 3894 1366; x_wconf 80' lang='lat' dir='ltr'>miseri-</span> 
     </span>
    </p>
   </div>
   <div class='ocr_carea' id='block_1_28' title="bbox 2173 1394 3892 1472">
    <p class='ocr_par' dir='ltr' id='par_1_28' title="bbox 2173 1394 3892 1472">
     <span class='ocr_line' id='line_1_28' title="bbox 2173 1394 3892 1472; baseline 0.003 -19"><span class='ocrx_word' id='word_1_199' title='bbox 2173 1394 2423 1453; x_wconf 91' lang='lat' dir='ltr'>corditer</span> <span class='ocrx_word' id='word_1_200' title='bbox 2459 1394 2948 1467; x_wconf 88' lang='lat' dir='ltr'>condescendens,</span> <span class='ocrx_word' id='word_1_201' title='bbox 2989 1396 3269 1455; x_wconf 89' lang='lat' dir='ltr'>fratribus</span> <span class='ocrx_word' id='word_1_202' title='bbox 3301 1402 3366 1456; x_wconf 90' lang='lat' dir='ltr'>ut</span> <span class='ocrx_word' id='word_1_203' title='bbox 3402 1413 3507 1472; x_wconf 92' lang='lat' dir='ltr'>pro</span> <span class='ocrx_word' id='word_1_204' title='bbox 3539 1414 3607 1457; x_wconf 89' lang='lat' dir='ltr'>eo</span> <span class='ocrx_word' id='word_1_205' title='bbox 3642 1397 3749 1457; x_wconf 92' lang='lat' dir='ltr'>Dei</span> <span class='ocrx_word' id='word_1_206' title='bbox 3787 1399 3892 1458; x_wconf 87' lang='lat' dir='ltr'>de-</span> 
     </span>
    </p>
   </div>
   <div class='ocr_carea' id='block_1_29' title="bbox 2172 1485 3889 1562">
    <p class='ocr_par' dir='ltr' id='par_1_29' title="bbox 2172 1485 3889 1562">
     <span class='ocr_line' id='line_1_29' title="bbox 2172 1485 3889 1562; baseline 0.005 -20"><span class='ocrx_word' id='word_1_207' title='bbox 2172 1485 2449 1544; x_wconf 90' lang='lat' dir='ltr'>mentiam</span> <span class='ocrx_word' id='word_1_208' title='bbox 2502 1486 2882 1560; x_wconf 88' lang='lat' dir='ltr'>deprecentur</span> <span class='ocrx_word' id='word_1_209' title='bbox 2924 1486 3200 1562; x_wconf 73' lang='lat' dir='ltr'>iniungit,</span> <span class='ocrx_word' id='word_1_210' title='bbox 3233 1488 3359 1562; x_wconf 89' lang='lat' dir='ltr'>ipse</span> <span class='ocrx_word' id='word_1_211' title='bbox 3398 1504 3535 1548; x_wconf 90' lang='lat' dir='ltr'>vero</span> <span class='ocrx_word' id='word_1_212' title='bbox 3580 1489 3655 1547; x_wconf 91' lang='lat' dir='ltr'>ad</span> <span class='ocrx_word' id='word_1_213' title='bbox 3697 1506 3889 1550; x_wconf 88' lang='lat' dir='ltr'>sacro-</span> 
     </span>
    </p>
   </div>
   <div class='ocr_carea' id='block_1_30' title="bbox 2172 1574 3891 1652">
    <p class='ocr_par' dir='ltr' id='par_1_30' title="bbox 2172 1574 3891 1652">
     <span class='ocr_line' id='line_1_30' title="bbox 2172 1574 3891 1652; baseline 0.004 -21"><span class='ocrx_word' id='word_1_214' title='bbox 2172 1581 2436 1633; x_wconf 91' lang='lat' dir='ltr'>sanctum</span> <span class='ocrx_word' id='word_1_215' title='bbox 2475 1574 2677 1647; x_wconf 89' lang='lat' dir='ltr'>altare,</span> <span class='ocrx_word' id='word_1_216' title='bbox 2716 1575 2955 1635; x_wconf 88' lang='lat' dir='ltr'>missam</span> <span class='ocrx_word' id='word_1_217' title='bbox 2993 1576 3406 1649; x_wconf 86' lang='lat' dir='ltr'>celebraturus,</span> <span class='ocrx_word' id='word_1_218' title='bbox 3449 1578 3705 1647; x_wconf 88' lang='lat' dir='ltr'>accedit;</span> <span class='ocrx_word' id='word_1_219' title='bbox 3735 1594 3891 1652; x_wconf 55' lang='lat' dir='ltr'>aeger</span> 
     </span>
    </p>
   </div>
   <div class='ocr_carea' id='block_1_31' title="bbox 2171 1663 3891 1726">
    <p class='ocr_par' dir='ltr' id='par_1_31' title="bbox 2171 1663 3891 1726">
     <span class='ocr_line' id='line_1_31' title="bbox 2171 1663 3891 1726; baseline 0.003 -5"><span class='ocrx_word' id='word_1_220' title='bbox 2171 1663 2342 1721; x_wconf 90' lang='lat' dir='ltr'>etiam</span> <span class='ocrx_word' id='word_1_221' title='bbox 2384 1669 2450 1723; x_wconf 91' lang='lat' dir='ltr'><strong>ut</strong></span> <span class='ocrx_word' id='word_1_222' title='bbox 2485 1663 2789 1723; x_wconf 88' lang='lat' dir='ltr'>interesset</span> <span class='ocrx_word' id='word_1_223' title='bbox 2823 1663 3147 1724; x_wconf 86' lang='lat' dir='ltr'>admonuit.</span> <span class='ocrx_word' id='word_1_224' title='bbox 3189 1663 3295 1724; x_wconf 89' lang='lat' dir='ltr'>Cui</span> <span class='ocrx_word' id='word_1_225' title='bbox 3335 1680 3474 1725; x_wconf 77' lang='lat' dir='ltr'>mox</span> <span class='ocrx_word' id='word_1_226' title='bbox 3520 1666 3891 1726; x_wconf 76' lang='lat' dir='ltr'>eucharistias</span> 
     </span>
    </p>
   </div>
   <div class='ocr_carea' id='block_1_32' title="bbox 382 1752 3893 1833">
    <p class='ocr_par' dir='ltr' id='par_1_32' title="bbox 382 1752 3893 1833">
     <span class='ocr_line' id='line_1_32' title="bbox 382 1752 3893 1833; baseline -0.001 -15"><span class='ocrx_word' id='word_1_227' title='bbox 382 1764 469 1818; x_wconf 88' lang='lat' dir='ltr'>est</span> <span class='ocrx_word' id='word_1_228' title='bbox 518 1759 581 1817; x_wconf 89' lang='lat' dir='ltr'>in</span> <span class='ocrx_word' id='word_1_229' title='bbox 623 1756 858 1817; x_wconf 87' lang='lat' dir='ltr'>Jurensi</span> <span class='ocrx_word' id='word_1_230' title='bbox 912 1754 1199 1814; x_wconf 91' lang='lat' dir='ltr'>territorio</span> <span class='ocrx_word' id='word_1_231' title='bbox 1252 1753 1653 1822; x_wconf 85' lang='lat' dir='ltr'>constitutum,</span> <span class='ocrx_word' id='word_1_232' title='bbox 1715 1753 1805 1811; x_wconf 92' lang='lat' dir='ltr'>vir</span> <span class='ocrx_word' id='word_1_233' title='bbox 1858 1752 2444 1833; x_wconf 83' lang='lat' dir='ltr'>sanctusBsalutaris</span> <span class='ocrx_word' id='word_1_234' title='bbox 2493 1768 2715 1813; x_wconf 91' lang='lat' dir='ltr'>munus</span> <span class='ocrx_word' id='word_1_235' title='bbox 2764 1753 3031 1825; x_wconf 90' lang='lat' dir='ltr'>tradidit;</span> <span class='ocrx_word' id='word_1_236' title='bbox 3073 1753 3303 1825; x_wconf 91' lang='lat' dir='ltr'>deinde,</span> <span class='ocrx_word' id='word_1_237' title='bbox 3362 1754 3516 1813; x_wconf 90' lang='lat' dir='ltr'>sicut</span> <span class='ocrx_word' id='word_1_238' title='bbox 3554 1754 3666 1814; x_wconf 90' lang='lat' dir='ltr'>sibi</span> <span class='ocrx_word' id='word_1_239' title='bbox 3708 1758 3893 1816; x_wconf 87' lang='lat' dir='ltr'>moris</span> 
     </span>
    </p>
   </div>
   <div class='ocr_carea' id='block_1_33' title="bbox 380 1843 2090 1920">
    <p class='ocr_par' dir='ltr' id='par_1_33' title="bbox 380 1843 2090 1920">
     <span class='ocr_line' id='line_1_33' title="bbox 380 1843 2090 1920; baseline -0.001 -14"><span class='ocrx_word' id='word_1_240' title='bbox 380 1847 529 1906; x_wconf 83' lang='lat'>413</span> <span class='ocrx_word' id='word_1_241' title='bbox 554 1847 796 1917; x_wconf 88' lang='lat' dir='ltr'>exierat,</span> <span class='ocrx_word' id='word_1_242' title='bbox 826 1850 882 1904; x_wconf 91' lang='lat' dir='ltr'><strong>et</strong></span> <span class='ocrx_word' id='word_1_243' title='bbox 910 1844 981 1903; x_wconf 88' lang='lat' dir='ltr'>ad</span> <span class='ocrx_word' id='word_1_244' title='bbox 1012 1843 1453 1904; x_wconf 89' lang='lat' dir='ltr'>Gebennensem</span> <span class='ocrx_word' id='word_1_245' title='bbox 1491 1843 1639 1913; x_wconf 74' lang='grc'>(144)</span> <span class='ocrx_word' id='word_1_246' title='bbox 1660 1843 1867 1903; x_wconf 90' lang='lat' dir='ltr'>urbem</span> <span class='ocrx_word' id='word_1_247' title='bbox 1904 1849 2090 1920; x_wconf 76' lang='lat' dir='ltr'>empto</span> 
     </span>
    </p>
   </div>
   <div class='ocr_carea' id='block_1_34' title="bbox 379 1932 2091 2004">
    <p class='ocr_par' dir='ltr' id='par_1_34' title="bbox 379 1932 2091 2004">
     <span class='ocr_line' id='line_1_34' title="bbox 379 1932 2091 2004; baseline -0.004 -5"><span class='ocrx_word' id='word_1_248' title='bbox 379 1939 589 1998; x_wconf 90' lang='lat' dir='ltr'>itinere</span> <span class='ocrx_word' id='word_1_249' title='bbox 623 1934 1020 1995; x_wconf 89' lang='lat' dir='ltr'>contendebat.</span> <span class='ocrx_word' id='word_1_250' title='bbox 1068 1934 1208 1993; x_wconf 81' lang='lat' dir='ltr'>Cum</span> <span class='ocrx_word' id='word_1_251' title='bbox 1258 1937 1450 1993; x_wconf 88' lang='lat' dir='ltr'>autem</span> <span class='ocrx_word' id='word_1_252' title='bbox 1490 1932 1559 1990; x_wconf 89' lang='lat' dir='ltr'>ad</span> <span class='ocrx_word' id='word_1_253' title='bbox 1599 1933 1909 2004; x_wconf 90' lang='lat' dir='ltr'>quemdam</span> <span class='ocrx_word' id='word_1_254' title='bbox 1949 1949 2091 1993; x_wconf 90' lang='lat' dir='ltr'>con-</span> 
     </span>
    </p>
   </div>
   <div class='ocr_carea' id='block_1_35' title="bbox 274 2022 2093 2105">
    <p class='ocr_par' dir='ltr' id='par_1_35' title="bbox 274 2022 2093 2105">
     <span class='ocr_line' id='line_1_35' title="bbox 274 2022 2093 2105; baseline -0.002 -17"><span class='ocrx_word' id='word_1_255' title='bbox 274 2099 279 2105; x_wconf 33' lang='grc'><em>,</em></span> <span class='ocrx_word' id='word_1_256' title='bbox 376 2043 536 2088; x_wconf 69' lang='lat' dir='ltr'>cavae</span> <span class='ocrx_word' id='word_1_257' title='bbox 587 2023 992 2101; x_wconf 85' lang='lat' dir='ltr'>profunditatis</span> <span class='ocrx_word' id='word_1_258' title='bbox 1045 2022 1291 2081; x_wconf 83' lang='lat' dir='ltr'>ﬂuvium</span> <span class='ocrx_word' id='word_1_259' title='bbox 1360 2022 1706 2092; x_wconf 90' lang='lat' dir='ltr'>devenisset,</span> <span class='ocrx_word' id='word_1_260' title='bbox 1763 2024 1972 2083; x_wconf 91' lang='lat' dir='ltr'>accidit</span> <span class='ocrx_word' id='word_1_261' title='bbox 2024 2032 2093 2084; x_wconf 92' lang='lat' dir='ltr'>ut</span> 
     </span>
    </p>
   </div>
   <div class='ocr_carea' id='block_1_36' title="bbox 376 2110 2086 2189">
    <p class='ocr_par' dir='ltr' id='par_1_36' title="bbox 376 2110 2086 2189">
     <span class='ocr_line' id='line_1_36' title="bbox 376 2110 2086 2189; baseline -0.004 -11"><span class='ocrx_word' id='word_1_262' title='bbox 376 2117 582 2178; x_wconf 90' lang='lat' dir='ltr'>mulus</span> <span class='ocrx_word' id='word_1_263' title='bbox 624 2114 729 2189; x_wconf 91' lang='lat' dir='ltr'>qui</span> <span class='ocrx_word' id='word_1_264' title='bbox 774 2112 1028 2172; x_wconf 89' lang='lat' dir='ltr'>hominis</span> <span class='ocrx_word' id='word_1_265' title='bbox 1074 2111 1177 2170; x_wconf 92' lang='lat' dir='ltr'>Dei</span> <span class='ocrx_word' id='word_1_266' title='bbox 1229 2110 1666 2186; x_wconf 89' lang='lat' dir='ltr'>supellectilem,</span> <span class='ocrx_word' id='word_1_267' title='bbox 1711 2112 1888 2173; x_wconf 89' lang='lat' dir='ltr'>libros</span> <span class='ocrx_word' id='word_1_268' title='bbox 1932 2114 2086 2174; x_wconf 91' lang='lat' dir='ltr'>scili-</span> 
     </span>
    </p>
   </div>
   <div class='ocr_carea' id='block_1_37' title="bbox 375 2201 2089 2277">
    <p class='ocr_par' dir='ltr' id='par_1_37' title="bbox 375 2201 2089 2277">
     <span class='ocr_line' id='line_1_37' title="bbox 375 2201 2089 2277; baseline -0.003 -8"><span class='ocrx_word' id='word_1_269' title='bbox 375 2214 464 2269; x_wconf 85' lang='lat' dir='ltr'>cet</span> <span class='ocrx_word' id='word_1_270' title='bbox 518 2221 585 2265; x_wconf 91' lang='lat' dir='ltr'>ac</span> <span class='ocrx_word' id='word_1_271' title='bbox 639 2202 940 2271; x_wconf 87' lang='lat' dir='ltr'>lectulum,</span> <span class='ocrx_word' id='word_1_272' title='bbox 990 2201 1299 2271; x_wconf 86' lang='lat' dir='ltr'>deferebat,</span> <span class='ocrx_word' id='word_1_273' title='bbox 1352 2217 1387 2259; x_wconf 91' lang='lat' dir='ltr'>a</span> <span class='ocrx_word' id='word_1_274' title='bbox 1430 2201 1663 2274; x_wconf 87' lang='lat' dir='ltr'>publico</span> <span class='ocrx_word' id='word_1_275' title='bbox 1706 2202 1853 2263; x_wconf 90' lang='lat' dir='ltr'>vado</span> <span class='ocrx_word' id='word_1_276' title='bbox 1887 2205 2089 2277; x_wconf 91' lang='lat' dir='ltr'>procul</span> 
     </span>
    </p>
   </div>
   <div class='ocr_carea' id='block_1_38' title="bbox 372 2288 2085 2367">
    <p class='ocr_par' dir='ltr' id='par_1_38' title="bbox 372 2288 2085 2367">
     <span class='ocr_line' id='line_1_38' title="bbox 372 2288 2085 2367; baseline -0.003 -11"><span class='ocrx_word' id='word_1_277' title='bbox 372 2297 667 2363; x_wconf 88' lang='lat' dir='ltr'>aberrans,</span> <span class='ocrx_word' id='word_1_278' title='bbox 698 2293 761 2351; x_wconf 90' lang='lat' dir='ltr'>in</span> <span class='ocrx_word' id='word_1_279' title='bbox 790 2290 1228 2367; x_wconf 83' lang='lat' dir='ltr'>profundiorem</span> <span class='ocrx_word' id='word_1_280' title='bbox 1269 2288 1421 2349; x_wconf 88' lang='lat' dir='ltr'>alvei</span> <span class='ocrx_word' id='word_1_281' title='bbox 1459 2290 1798 2363; x_wconf 88' lang='lat' dir='ltr'>voraginem</span> <span class='ocrx_word' id='word_1_282' title='bbox 1839 2292 2085 2361; x_wconf 87' lang='lat' dir='ltr'>caderet,</span> 
     </span>
    </p>
   </div>
   <div class='ocr_carea' id='block_1_39' title="bbox 372 2378 2087 2459">
    <p class='ocr_par' dir='ltr' id='par_1_39' title="bbox 372 2378 2087 2459">
     <span class='ocr_line' id='line_1_39' title="bbox 372 2378 2087 2459; baseline -0.001 -16"><span class='ocrx_word' id='word_1_283' title='bbox 372 2385 572 2459; x_wconf 90' lang='lat' dir='ltr'>sicque</span> <span class='ocrx_word' id='word_1_284' title='bbox 619 2386 873 2456; x_wconf 89' lang='lat' dir='ltr'>raptatus</span> <span class='ocrx_word' id='word_1_285' title='bbox 905 2396 938 2438; x_wconf 91' lang='lat' dir='ltr'>a</span> <span class='ocrx_word' id='word_1_286' title='bbox 993 2379 1240 2453; x_wconf 82' lang='lat' dir='ltr'>gurgite,</span> <span class='ocrx_word' id='word_1_287' title='bbox 1290 2378 1456 2437; x_wconf 92' lang='lat' dir='ltr'>nullo</span> <span class='ocrx_word' id='word_1_288' title='bbox 1501 2379 1918 2445; x_wconf 82' lang='lat' dir='ltr'>membrorum;</span> <span class='ocrx_word' id='word_1_289' title='bbox 1971 2382 2087 2441; x_wconf 91' lang='lat' dir='ltr'>nisi</span> 
     </span>
    </p>
   </div>
   <div class='ocr_carea' id='block_1_40' title="bbox 373 2465 2084 2546">
    <p class='ocr_par' dir='ltr' id='par_1_40' title="bbox 373 2465 2084 2546">
     <span class='ocr_line' id='line_1_40' title="bbox 373 2465 2084 2546; baseline -0.003 -14"><span class='ocrx_word' id='word_1_290' title='bbox 373 2473 494 2533; x_wconf 89' lang='lat' dir='ltr'>solo</span> <span class='ocrx_word' id='word_1_291' title='bbox 530 2471 733 2546; x_wconf 91' lang='lat' dir='ltr'>capite,</span> <span class='ocrx_word' id='word_1_292' title='bbox 782 2468 1055 2529; x_wconf 88' lang='lat' dir='ltr'>ﬂuctibus</span> <span class='ocrx_word' id='word_1_293' title='bbox 1092 2468 1395 2527; x_wconf 85' lang='lat' dir='ltr'>emineret.</span> <span class='ocrx_word' id='word_1_294' title='bbox 1437 2465 1549 2536; x_wconf 87' lang='lat' dir='ltr'>Qui</span> <span class='ocrx_word' id='word_1_295' title='bbox 1587 2467 1819 2526; x_wconf 89' lang='lat' dir='ltr'>tandem</span> <span class='ocrx_word' id='word_1_296' title='bbox 1858 2485 1889 2527; x_wconf 92' lang='lat' dir='ltr'>e</span> <span class='ocrx_word' id='word_1_297' title='bbox 1929 2484 2084 2527; x_wconf 89' lang='lat' dir='ltr'>nau-</span> 
     </span>
    </p>
   </div>
   <div class='ocr_carea' id='block_1_41' title="bbox 373 2558 2082 2637">
    <p class='ocr_par' dir='ltr' id='par_1_41' title="bbox 373 2558 2082 2637">
     <span class='ocr_line' id='line_1_41' title="bbox 373 2558 2082 2637; baseline -0.002 -15"><span class='ocrx_word' id='word_1_298' title='bbox 373 2563 557 2635; x_wconf 84' lang='lat' dir='ltr'>fragio</span> <span class='ocrx_word' id='word_1_299' title='bbox 592 2567 912 2637; x_wconf 88' lang='lat' dir='ltr'>protractus</span> <span class='ocrx_word' id='word_1_300' title='bbox 949 2558 1235 2628; x_wconf 90' lang='lat' dir='ltr'>educitur,</span> <span class='ocrx_word' id='word_1_301' title='bbox 1269 2558 1341 2616; x_wconf 91' lang='lat' dir='ltr'>ad</span> <span class='ocrx_word' id='word_1_302' title='bbox 1370 2558 1850 2631; x_wconf 83' lang='lat' dir='ltr'>perscrutandum</span> <span class='ocrx_word' id='word_1_303' title='bbox 1884 2565 2082 2618; x_wconf 92' lang='lat' dir='ltr'>utrum</span> 
     </span>
    </p>
   </div>
   <div class='ocr_carea' id='block_1_42' title="bbox 370 2647 2084 2722">
    <p class='ocr_par' dir='ltr' id='par_1_42' title="bbox 370 2647 2084 2722">
     <span class='ocr_line' id='line_1_42' title="bbox 370 2647 2084 2722; baseline -0.004 -9"><span class='ocrx_word' id='word_1_304' title='bbox 370 2669 463 2713; x_wconf 87' lang='lat' dir='ltr'>res</span> <span class='ocrx_word' id='word_1_305' title='bbox 515 2658 570 2712; x_wconf 92' lang='lat' dir='ltr'><strong>et</strong></span> <span class='ocrx_word' id='word_1_306' title='bbox 625 2652 884 2711; x_wconf 88' lang='lat' dir='ltr'>maxime</span> <span class='ocrx_word' id='word_1_307' title='bbox 941 2648 1075 2707; x_wconf 86' lang='lat' dir='ltr'>libri</span> <span class='ocrx_word' id='word_1_308' title='bbox 1130 2647 1426 2722; x_wconf 90' lang='lat' dir='ltr'>perierint,</span> <span class='ocrx_word' id='word_1_309' title='bbox 1480 2650 1866 2721; x_wconf 86' lang='lat' dir='ltr'>desagmatur.</span> <span class='ocrx_word' id='word_1_310' title='bbox 1936 2648 2084 2708; x_wconf 89' lang='lat' dir='ltr'>Miro</span> 
     </span>
    </p>
   </div>
   <div class='ocr_carea' id='block_1_43' title="bbox 372 2736 2081 2816">
    <p class='ocr_par' dir='ltr' id='par_1_43' title="bbox 372 2736 2081 2816">
     <span class='ocr_line' id='line_1_43' title="bbox 372 2736 2081 2816; baseline -0.003 -14"><span class='ocrx_word' id='word_1_311' title='bbox 372 2746 567 2816; x_wconf 90' lang='lat' dir='ltr'>itaque</span> <span class='ocrx_word' id='word_1_312' title='bbox 627 2755 894 2814; x_wconf 81' lang='lat' dir='ltr'>superum</span> <span class='ocrx_word' id='word_1_313' title='bbox 949 2738 1396 2811; x_wconf 89' lang='lat' dir='ltr'>dispensationis</span> <span class='ocrx_word' id='word_1_314' title='bbox 1452 2737 1676 2806; x_wconf 88' lang='lat' dir='ltr'>ordine,</span> <span class='ocrx_word' id='word_1_315' title='bbox 1718 2736 1851 2794; x_wconf 91' lang='lat' dir='ltr'>libri</span> <span class='ocrx_word' id='word_1_316' title='bbox 1906 2737 2081 2797; x_wconf 88' lang='lat' dir='ltr'>simul</span> 
     </span>
    </p>
   </div>
   <div class='ocr_carea' id='block_1_44' title="bbox 370 2825 2083 2897">
    <p class='ocr_par' dir='ltr' id='par_1_44' title="bbox 370 2825 2083 2897">
     <span class='ocr_line' id='line_1_44' title="bbox 370 2825 2083 2897; baseline -0.004 -6"><span class='ocrx_word' id='word_1_317' title='bbox 370 2847 507 2891; x_wconf 90' lang='lat' dir='ltr'>cum</span> <span class='ocrx_word' id='word_1_318' title='bbox 556 2830 769 2889; x_wconf 90' lang='lat' dir='ltr'>lectulo</span> <span class='ocrx_word' id='word_1_319' title='bbox 808 2829 889 2885; x_wconf 91' lang='lat' dir='ltr'>ita</span> <span class='ocrx_word' id='word_1_320' title='bbox 937 2844 972 2885; x_wconf 90' lang='lat' dir='ltr'>a</span> <span class='ocrx_word' id='word_1_321' title='bbox 1019 2825 1291 2885; x_wconf 87' lang='lat' dir='ltr'>ﬂuctibus</span> <span class='ocrx_word' id='word_1_322' title='bbox 1340 2825 1712 2897; x_wconf 89' lang='lat' dir='ltr'>reperiuntur</span> <span class='ocrx_word' id='word_1_323' title='bbox 1761 2825 1982 2897; x_wconf 89' lang='lat' dir='ltr'>intacti,</span> <span class='ocrx_word' id='word_1_324' title='bbox 2017 2832 2083 2886; x_wconf 89' lang='lat' dir='ltr'>ut</span> 
     </span>
    </p>
   </div>
   <div class='ocr_carea' id='block_1_45' title="bbox 372 2913 2081 2992">
    <p class='ocr_par' dir='ltr' id='par_1_45' title="bbox 372 2913 2081 2992">
     <span class='ocr_line' id='line_1_45' title="bbox 372 2913 2081 2992; baseline -0.003 -13"><span class='ocrx_word' id='word_1_325' title='bbox 372 2936 449 2979; x_wconf 90' lang='lat' dir='ltr'>ne</span> <span class='ocrx_word' id='word_1_326' title='bbox 477 2917 639 2977; x_wconf 87' lang='lat' dir='ltr'>tenui</span> <span class='ocrx_word' id='word_1_327' title='bbox 667 2917 901 2992; x_wconf 92' lang='lat' dir='ltr'>quidem</span> <span class='ocrx_word' id='word_1_328' title='bbox 932 2930 1103 2989; x_wconf 72' lang='lat' dir='ltr'>aqua)</span> <span class='ocrx_word' id='word_1_329' title='bbox 1132 2913 1285 2972; x_wconf 90' lang='lat' dir='ltr'>stilla</span> <span class='ocrx_word' id='word_1_330' title='bbox 1314 2913 1622 2972; x_wconf 87' lang='lat' dir='ltr'>videantur</span> <span class='ocrx_word' id='word_1_331' title='bbox 1644 2915 1880 2987; x_wconf 88' lang='lat' dir='ltr'>aspersi.</span> <span class='ocrx_word' id='word_1_332' title='bbox 1915 2915 2081 2975; x_wconf 87' lang='lat' dir='ltr'>Man-</span> 
     </span>
    </p>
   </div>
   <div class='ocr_carea' id='block_1_46' title="bbox 371 3003 2079 3078">
    <p class='ocr_par' dir='ltr' id='par_1_46' title="bbox 371 3003 2079 3078">
     <span class='ocr_line' id='line_1_46' title="bbox 371 3003 2079 3078; baseline -0.003 -10"><span class='ocrx_word' id='word_1_333' title='bbox 371 3010 496 3069; x_wconf 84' lang='lat' dir='ltr'>tilia</span> <span class='ocrx_word' id='word_1_334' title='bbox 538 3024 675 3068; x_wconf 89' lang='lat' dir='ltr'>vero</span> <span class='ocrx_word' id='word_1_335' title='bbox 712 3007 889 3067; x_wconf 90' lang='lat' dir='ltr'>simul</span> <span class='ocrx_word' id='word_1_336' title='bbox 922 3012 978 3065; x_wconf 93' lang='lat' dir='ltr'>et</span> <span class='ocrx_word' id='word_1_337' title='bbox 1016 3003 1379 3078; x_wconf 88' lang='lat' dir='ltr'>manutergia</span> <span class='ocrx_word' id='word_1_338' title='bbox 1408 3019 1647 3076; x_wconf 90' lang='lat' dir='ltr'>prorsus</span> <span class='ocrx_word' id='word_1_339' title='bbox 1690 3004 1953 3078; x_wconf 90' lang='lat' dir='ltr'>undique</span> <span class='ocrx_word' id='word_1_340' title='bbox 1988 3022 2079 3063; x_wconf 85' lang='lat' dir='ltr'>rc-</span> 
     </span>
    </p>
   </div>
   <div class='ocr_carea' id='block_1_47' title="bbox 371 3091 2076 3174">
    <p class='ocr_par' dir='ltr' id='par_1_47' title="bbox 371 3091 2076 3174">
     <span class='ocr_line' id='line_1_47' title="bbox 371 3091 2076 3174; baseline -0.004 -16"><span class='ocrx_word' id='word_1_341' title='bbox 371 3104 531 3174; x_wconf 90' lang='lat' dir='ltr'>perta</span> <span class='ocrx_word' id='word_1_342' title='bbox 583 3102 724 3156; x_wconf 89' lang='lat' dir='ltr'>sunt</span> <span class='ocrx_word' id='word_1_343' title='bbox 772 3093 1023 3153; x_wconf 87' lang='lat' dir='ltr'>madida.</span> <span class='ocrx_word' id='word_1_344' title='bbox 1060 3092 1168 3151; x_wconf 92' lang='lat' dir='ltr'>Ubi</span> <span class='ocrx_word' id='word_1_345' title='bbox 1224 3091 1543 3150; x_wconf 89' lang='lat' dir='ltr'>notandum</span> <span class='ocrx_word' id='word_1_346' title='bbox 1598 3107 1775 3164; x_wconf 91' lang='lat' dir='ltr'>quam</span> <span class='ocrx_word' id='word_1_347' title='bbox 1834 3094 2076 3166; x_wconf 79' lang='lat' dir='ltr'>pervigil</span> 
     </span>
    </p>
   </div>
   <div class='ocr_carea' id='block_1_48' title="bbox 371 3179 2077 3260">
    <p class='ocr_par' dir='ltr' id='par_1_48' title="bbox 371 3179 2077 3260">
     <span class='ocr_line' id='line_1_48' title="bbox 371 3179 2077 3260; baseline -0.004 -12"><span class='ocrx_word' id='word_1_348' title='bbox 371 3187 551 3248; x_wconf 88' lang='lat' dir='ltr'>fuerit</span> <span class='ocrx_word' id='word_1_349' title='bbox 591 3201 727 3260; x_wconf 90' lang='lat' dir='ltr'>erga</span> <span class='ocrx_word' id='word_1_350' title='bbox 758 3198 994 3243; x_wconf 85' lang='lat' dir='ltr'>servum</span> <span class='ocrx_word' id='word_1_351' title='bbox 1033 3196 1206 3240; x_wconf 88' lang='lat' dir='ltr'>suum</span> <span class='ocrx_word' id='word_1_352' title='bbox 1243 3179 1444 3238; x_wconf 91' lang='lat' dir='ltr'>divina</span> <span class='ocrx_word' id='word_1_353' title='bbox 1479 3179 1770 3254; x_wconf 91' lang='lat' dir='ltr'>protectio,</span> <span class='ocrx_word' id='word_1_354' title='bbox 1801 3187 1865 3240; x_wconf 91' lang='lat' dir='ltr'>ut</span> <span class='ocrx_word' id='word_1_355' title='bbox 1892 3197 1959 3239; x_wconf 91' lang='lat' dir='ltr'>ea</span> <span class='ocrx_word' id='word_1_356' title='bbox 1990 3183 2077 3241; x_wconf 92' lang='lat' dir='ltr'>vi-</span> 
     </span>
    </p>
   </div>
   <div class='ocr_carea' id='block_1_49' title="bbox 2171 1842 3893 1920">
    <p class='ocr_par' dir='ltr' id='par_1_49' title="bbox 2171 1842 3893 1920">
     <span class='ocr_line' id='line_1_49' title="bbox 2171 1842 3893 1920; baseline 0.001 -17"><span class='ocrx_word' id='word_1_357' title='bbox 2171 1850 2314 1916; x_wconf 90' lang='lat' dir='ltr'>erat,</span> <span class='ocrx_word' id='word_1_358' title='bbox 2342 1844 2755 1904; x_wconf 77' lang='lat' dir='ltr'>sanctiﬁcatum</span> <span class='ocrx_word' id='word_1_359' title='bbox 2807 1860 3020 1919; x_wconf 88' lang='lat' dir='ltr'>aquam</span> <span class='ocrx_word' id='word_1_360' title='bbox 3050 1842 3201 1898; x_wconf 82' lang='lat'>414</span> <span class='ocrx_word' id='word_1_361' title='bbox 3249 1858 3383 1903; x_wconf 91' lang='lat' dir='ltr'>cum</span> <span class='ocrx_word' id='word_1_362' title='bbox 3434 1844 3499 1903; x_wconf 92' lang='lat' dir='ltr'>B.</span> <span class='ocrx_word' id='word_1_363' title='bbox 3547 1845 3741 1920; x_wconf 81' lang='lat' dir='ltr'>Majoli</span> <span class='ocrx_word' id='word_1_364' title='bbox 3787 1862 3893 1905; x_wconf 68' lang='lat' dir='ltr'>m-</span> 
     </span>
    </p>
   </div>
   <div class='ocr_carea' id='block_1_50' title="bbox 2171 1934 3891 2010">
    <p class='ocr_par' dir='ltr' id='par_1_50' title="bbox 2171 1934 3891 2010">
     <span class='ocr_line' id='line_1_50' title="bbox 2171 1934 3891 2010; baseline 0.002 -17"><span class='ocrx_word' id='word_1_365' title='bbox 2171 1934 2284 1995; x_wconf 93' lang='lat' dir='ltr'>lice</span> <span class='ocrx_word' id='word_1_366' title='bbox 2318 1935 2672 2009; x_wconf 82' lang='lat' dir='ltr'>pmpinavit.</span> <span class='ocrx_word' id='word_1_367' title='bbox 2702 1936 2820 1994; x_wconf 90' lang='lat' dir='ltr'>Nec</span> <span class='ocrx_word' id='word_1_368' title='bbox 2852 1950 3033 2007; x_wconf 89' lang='lat' dir='ltr'>mora,</span> <span class='ocrx_word' id='word_1_369' title='bbox 3072 1934 3336 2009; x_wconf 89' lang='lat' dir='ltr'>protinus</span> <span class='ocrx_word' id='word_1_370' title='bbox 3360 1951 3395 1994; x_wconf 91' lang='lat' dir='ltr'>a</span> <span class='ocrx_word' id='word_1_371' title='bbox 3427 1950 3605 2009; x_wconf 90' lang='lat' dir='ltr'>puero</span> <span class='ocrx_word' id='word_1_372' title='bbox 3641 1936 3891 2010; x_wconf 86' lang='lat' dir='ltr'>languor</span> 
     </span>
    </p>
   </div>
   <div class='ocr_carea' id='block_1_51' title="bbox 2170 2022 3891 2099">
    <p class='ocr_par' dir='ltr' id='par_1_51' title="bbox 2170 2022 3891 2099">
     <span class='ocr_line' id='line_1_51' title="bbox 2170 2022 3891 2099; baseline 0.001 -16"><span class='ocrx_word' id='word_1_373' title='bbox 2170 2025 2364 2083; x_wconf 89' lang='lat' dir='ltr'>omnis</span> <span class='ocrx_word' id='word_1_374' title='bbox 2413 2023 2707 2096; x_wconf 87' lang='lat' dir='ltr'>abscessit,</span> <span class='ocrx_word' id='word_1_375' title='bbox 2769 2022 2928 2084; x_wconf 91' lang='lat' dir='ltr'>salus</span> <span class='ocrx_word' id='word_1_376' title='bbox 2974 2029 3165 2098; x_wconf 87' lang='lat' dir='ltr'>optata</span> <span class='ocrx_word' id='word_1_377' title='bbox 3211 2024 3496 2098; x_wconf 87' lang='lat' dir='ltr'>succedit;</span> <span class='ocrx_word' id='word_1_378' title='bbox 3546 2032 3602 2084; x_wconf 92' lang='lat' dir='ltr'><strong>et</strong></span> <span class='ocrx_word' id='word_1_379' title='bbox 3652 2025 3737 2084; x_wconf 90' lang='lat' dir='ltr'>sic</span> <span class='ocrx_word' id='word_1_380' title='bbox 3783 2041 3891 2099; x_wconf 88' lang='lat' dir='ltr'>per</span> 
     </span>
    </p>
   </div>
   <div class='ocr_carea' id='block_1_52' title="bbox 2173 2111 3892 2186">
    <p class='ocr_par' dir='ltr' id='par_1_52' title="bbox 2173 2111 3892 2186">
     <span class='ocr_line' id='line_1_52' title="bbox 2173 2111 3892 2186; baseline 0.001 -15"><span class='ocrx_word' id='word_1_381' title='bbox 2173 2112 2380 2171; x_wconf 89' lang='lat' dir='ltr'>merita</span> <span class='ocrx_word' id='word_1_382' title='bbox 2422 2113 2575 2172; x_wconf 88' lang='lat' dir='ltr'>beati</span> <span class='ocrx_word' id='word_1_383' title='bbox 2624 2113 2739 2172; x_wconf 91' lang='lat' dir='ltr'>viri</span> <span class='ocrx_word' id='word_1_384' title='bbox 2788 2112 3039 2172; x_wconf 90' lang='lat' dir='ltr'>restituti</span> <span class='ocrx_word' id='word_1_385' title='bbox 3087 2111 3200 2172; x_wconf 89' lang='lat' dir='ltr'>sibi</span> <span class='ocrx_word' id='word_1_386' title='bbox 3242 2112 3460 2186; x_wconf 88' lang='lat' dir='ltr'>vigoris</span> <span class='ocrx_word' id='word_1_387' title='bbox 3513 2112 3892 2174; x_wconf 85' lang='lat' dir='ltr'>incolumitas</span> 
     </span>
    </p>
   </div>
   <div class='ocr_carea' id='block_1_53' title="bbox 2169 2202 3693 2282">
    <p class='ocr_par' dir='ltr' id='par_1_53' title="bbox 2169 2202 3693 2282">
     <span class='ocr_line' id='line_1_53' title="bbox 2169 2202 3693 2282; baseline -0.001 -22"><span class='ocrx_word' id='word_1_388' title='bbox 2169 2202 2510 2275; x_wconf 88' lang='lat' dir='ltr'>permansit.</span> <span class='ocrx_word' id='word_1_389' title='bbox 3668 2261 3693 2282; x_wconf 51' lang='grc' dir='ltr'><strong><em>ο</em></strong></span> 
     </span>
    </p>
   </div>
   <div class='ocr_carea' id='block_1_54' title="bbox 2240 2289 3891 2364">
    <p class='ocr_par' dir='ltr' id='par_1_54' title="bbox 2240 2289 3891 2364">
     <span class='ocr_line' id='line_1_54' title="bbox 2240 2289 3891 2364; baseline 0.001 -16"><span class='ocrx_word' id='word_1_390' title='bbox 2240 2290 2576 2364; x_wconf 89' lang='lat' dir='ltr'>Aliquando</span> <span class='ocrx_word' id='word_1_391' title='bbox 2603 2290 2698 2348; x_wconf 91' lang='lat' dir='ltr'>vir</span> <span class='ocrx_word' id='word_1_392' title='bbox 2727 2290 2962 2350; x_wconf 92' lang='lat' dir='ltr'>Domini</span> <span class='ocrx_word' id='word_1_393' title='bbox 2988 2304 3093 2364; x_wconf 91' lang='lat' dir='ltr'>per</span> <span class='ocrx_word' id='word_1_394' title='bbox 3117 2295 3409 2364; x_wconf 66' lang='lat' dir='ltr'>praerupta</span> <span class='ocrx_word' id='word_1_395' title='bbox 3420 2289 3759 2351; x_wconf 90' lang='lat' dir='ltr'>Jurensium</span> <span class='ocrx_word' id='word_1_396' title='bbox 3780 2290 3891 2349; x_wconf 76' lang='grc' dir='ltr'>Αι-</span> 
     </span>
    </p>
   </div>
   <div class='ocr_carea' id='block_1_55' title="bbox 2167 2378 3893 2454">
    <p class='ocr_par' dir='ltr' id='par_1_55' title="bbox 2167 2378 3893 2454">
     <span class='ocr_line' id='line_1_55' title="bbox 2167 2378 3893 2454; baseline 0.002 -18"><span class='ocrx_word' id='word_1_397' title='bbox 2167 2379 2331 2453; x_wconf 91' lang='lat' dir='ltr'>pium</span> <span class='ocrx_word' id='word_1_398' title='bbox 2381 2380 2493 2439; x_wconf 90' lang='lat' dir='ltr'>iter</span> <span class='ocrx_word' id='word_1_399' title='bbox 2540 2378 2808 2452; x_wconf 88' lang='lat' dir='ltr'>habebat,</span> <span class='ocrx_word' id='word_1_400' title='bbox 2833 2386 2890 2440; x_wconf 92' lang='lat' dir='ltr'>et</span> <span class='ocrx_word' id='word_1_401' title='bbox 2925 2385 3158 2454; x_wconf 90' lang='lat' dir='ltr'>repente</span> <span class='ocrx_word' id='word_1_402' title='bbox 3210 2380 3533 2454; x_wconf 87' lang='lat' dir='ltr'>sagmarius</span> <span class='ocrx_word' id='word_1_403' title='bbox 3581 2380 3893 2441; x_wconf 82' lang='lat' dir='ltr'>nonnullis</span> 
     </span>
    </p>
   </div>
   <div class='ocr_carea' id='block_1_56' title="bbox 2167 2467 3893 2545">
    <p class='ocr_par' dir='ltr' id='par_1_56' title="bbox 2167 2467 3893 2545">
     <span class='ocr_line' id='line_1_56' title="bbox 2167 2467 3893 2545; baseline 0 -17"><span class='ocrx_word' id='word_1_404' title='bbox 2167 2473 2440 2529; x_wconf 91' lang='lat' dir='ltr'>oneratus</span> <span class='ocrx_word' id='word_1_405' title='bbox 2478 2468 2720 2529; x_wconf 90' lang='lat' dir='ltr'>sarcinis</span> <span class='ocrx_word' id='word_1_406' title='bbox 2755 2486 2860 2545; x_wconf 92' lang='lat' dir='ltr'>per</span> <span class='ocrx_word' id='word_1_407' title='bbox 2895 2468 3109 2528; x_wconf 89' lang='lat' dir='ltr'>montis</span> <span class='ocrx_word' id='word_1_408' title='bbox 3151 2469 3376 2528; x_wconf 78' lang='lat' dir='ltr'>devexa</span> <span class='ocrx_word' id='word_1_409' title='bbox 3423 2467 3747 2542; x_wconf 86' lang='lat' dir='ltr'>collabitur,</span> <span class='ocrx_word' id='word_1_410' title='bbox 3795 2478 3893 2529; x_wconf 83' lang='lat' dir='ltr'>at-</span> 
     </span>
    </p>
   </div>
   <div class='ocr_carea' id='block_1_57' title="bbox 2166 2557 3893 2634">
    <p class='ocr_par' dir='ltr' id='par_1_57' title="bbox 2166 2557 3893 2634">
     <span class='ocr_line' id='line_1_57' title="bbox 2166 2557 3893 2634; baseline 0.002 -18"><span class='ocrx_word' id='word_1_411' title='bbox 2166 2573 2280 2631; x_wconf 93' lang='lat' dir='ltr'>que</span> <span class='ocrx_word' id='word_1_412' title='bbox 2334 2574 2436 2632; x_wconf 86' lang='lat' dir='ltr'>per</span> <span class='ocrx_word' id='word_1_413' title='bbox 2489 2574 2689 2633; x_wconf 87' lang='lat' dir='ltr'>aspera</span> <span class='ocrx_word' id='word_1_414' title='bbox 2748 2560 2988 2633; x_wconf 90' lang='lat' dir='ltr'>rupium</span> <span class='ocrx_word' id='word_1_415' title='bbox 3038 2557 3527 2634; x_wconf 88' lang='lat' dir='ltr'>scopulorumque</span> <span class='ocrx_word' id='word_1_416' title='bbox 3561 2559 3893 2634; x_wconf 66' lang='lat' dir='ltr'>praecipitia</span> 
     </span>
    </p>
   </div>
   <div class='ocr_carea' id='block_1_58' title="bbox 2165 2648 3891 2724">
    <p class='ocr_par' dir='ltr' id='par_1_58' title="bbox 2165 2648 3891 2724">
     <span class='ocr_line' id='line_1_58' title="bbox 2165 2648 3891 2724; baseline 0.003 -19"><span class='ocrx_word' id='word_1_417' title='bbox 2165 2662 2354 2720; x_wconf 86' lang='lat' dir='ltr'>usque</span> <span class='ocrx_word' id='word_1_418' title='bbox 2390 2648 2462 2706; x_wconf 91' lang='lat' dir='ltr'>ad</span> <span class='ocrx_word' id='word_1_419' title='bbox 2499 2648 2671 2707; x_wconf 84' lang='lat' dir='ltr'>vallis</span> <span class='ocrx_word' id='word_1_420' title='bbox 2706 2648 2932 2708; x_wconf 66' lang='lat' dir='ltr'>infimae</span> <span class='ocrx_word' id='word_1_421' title='bbox 2969 2649 3262 2724; x_wconf 87' lang='lat' dir='ltr'>profunda</span> <span class='ocrx_word' id='word_1_422' title='bbox 3307 2656 3586 2724; x_wconf 90' lang='lat' dir='ltr'>raptatur.</span> <span class='ocrx_word' id='word_1_423' title='bbox 3628 2650 3891 2711; x_wconf 82' lang='lat' dir='ltr'>Ministri</span> 
     </span>
    </p>
   </div>
   <div class='ocr_carea' id='block_1_59' title="bbox 2165 2735 3890 2813">
    <p class='ocr_par' dir='ltr' id='par_1_59' title="bbox 2165 2735 3890 2813">
     <span class='ocr_line' id='line_1_59' title="bbox 2165 2735 3890 2813; baseline 0.004 -21"><span class='ocrx_word' id='word_1_424' title='bbox 2165 2737 2431 2807; x_wconf 88' lang='lat' dir='ltr'>protinus</span> <span class='ocrx_word' id='word_1_425' title='bbox 2460 2739 2519 2796; x_wconf 92' lang='lat' dir='ltr'>in</span> <span class='ocrx_word' id='word_1_426' title='bbox 2550 2735 2702 2796; x_wconf 90' lang='lat' dir='ltr'>illud</span> <span class='ocrx_word' id='word_1_427' title='bbox 2731 2736 2973 2797; x_wconf 74' lang='lat' dir='ltr'>lubricas</span> <span class='ocrx_word' id='word_1_428' title='bbox 2999 2739 3193 2797; x_wconf 68' lang='lat' dir='ltr'>ruinas</span> <span class='ocrx_word' id='word_1_429' title='bbox 3218 2738 3604 2813; x_wconf 69' lang='lat' dir='ltr'>praecipitium</span> <span class='ocrx_word' id='word_1_430' title='bbox 3633 2739 3890 2799; x_wconf 82' lang='lat' dir='ltr'>descen-</span> 
     </span>
    </p>
   </div>
   <div class='ocr_carea' id='block_1_60' title="bbox 2165 2823 3887 2901">
    <p class='ocr_par' dir='ltr' id='par_1_60' title="bbox 2165 2823 3887 2901">
     <span class='ocr_line' id='line_1_60' title="bbox 2165 2823 3887 2901; baseline 0.003 -20"><span class='ocrx_word' id='word_1_431' title='bbox 2165 2823 2384 2897; x_wconf 90' lang='lat' dir='ltr'>dentes,</span> <span class='ocrx_word' id='word_1_432' title='bbox 2424 2825 2714 2885; x_wconf 92' lang='lat' dir='ltr'>nonnulla</span> <span class='ocrx_word' id='word_1_433' title='bbox 2751 2827 2985 2899; x_wconf 90' lang='lat' dir='ltr'>quidem</span> <span class='ocrx_word' id='word_1_434' title='bbox 3028 2828 3099 2886; x_wconf 90' lang='lat' dir='ltr'>de</span> <span class='ocrx_word' id='word_1_435' title='bbox 3135 2827 3463 2896; x_wconf 91' lang='lat' dir='ltr'>sarcinulis,</span> <span class='ocrx_word' id='word_1_436' title='bbox 3493 2842 3625 2899; x_wconf 67' lang='lat' dir='ltr'>quae</span> <span class='ocrx_word' id='word_1_437' title='bbox 3662 2829 3887 2901; x_wconf 87' lang='lat' dir='ltr'>passim</span> 
     </span>
    </p>
   </div>
   <div class='ocr_carea' id='block_1_61' title="bbox 2163 2910 3890 2988">
    <p class='ocr_par' dir='ltr' id='par_1_61' title="bbox 2163 2910 3890 2988">
     <span class='ocr_line' id='line_1_61' title="bbox 2163 2910 3890 2988; baseline 0.005 -22"><span class='ocrx_word' id='word_1_438' title='bbox 2163 2910 2421 2985; x_wconf 84' lang='lat' dir='ltr'>dispersa</span> <span class='ocrx_word' id='word_1_439' title='bbox 2450 2913 2703 2984; x_wconf 87' lang='lat' dir='ltr'>fuerant,</span> <span class='ocrx_word' id='word_1_440' title='bbox 2736 2912 2921 2972; x_wconf 60' lang='lat' dir='ltr'>illaesa</span> <span class='ocrx_word' id='word_1_441' title='bbox 2949 2914 3269 2988; x_wconf 89' lang='lat' dir='ltr'>reperiunt,</span> <span class='ocrx_word' id='word_1_442' title='bbox 3300 2915 3519 2974; x_wconf 90' lang='lat' dir='ltr'>librum</span> <span class='ocrx_word' id='word_1_443' title='bbox 3548 2920 3744 2975; x_wconf 88' lang='lat' dir='ltr'>tamen</span> <span class='ocrx_word' id='word_1_444' title='bbox 3776 2915 3890 2975; x_wconf 83' lang='lat' dir='ltr'>Sa-</span> 
     </span>
    </p>
   </div>
   <div class='ocr_carea' id='block_1_62' title="bbox 2162 3002 3894 3083">
    <p class='ocr_par' dir='ltr' id='par_1_62' title="bbox 2162 3002 3894 3083">
     <span class='ocr_line' id='line_1_62' title="bbox 2162 3002 3894 3083; baseline 0.003 -25"><span class='ocrx_word' id='word_1_445' title='bbox 2162 3008 2590 3060; x_wconf 87' lang='lat' dir='ltr'>cramentorum</span> <span class='ocrx_word' id='word_1_446' title='bbox 2642 3002 2835 3061; x_wconf 89' lang='lat' dir='ltr'>aureis</span> <span class='ocrx_word' id='word_1_447' title='bbox 2888 3003 3094 3062; x_wconf 90' lang='lat' dir='ltr'>litteris</span> <span class='ocrx_word' id='word_1_448' title='bbox 3141 3009 3464 3083; x_wconf 80' lang='lat' dir='ltr'>exaratum,</span> <span class='ocrx_word' id='word_1_449' title='bbox 3490 3019 3626 3063; x_wconf 91' lang='lat' dir='ltr'>cum</span> <span class='ocrx_word' id='word_1_450' title='bbox 3681 3005 3894 3064; x_wconf 83' lang='lat' dir='ltr'>vitreis</span> 
     </span>
    </p>
   </div>
   <div class='ocr_carea' id='block_1_63' title="bbox 2165 3090 3891 3167">
    <p class='ocr_par' dir='ltr' id='par_1_63' title="bbox 2165 3090 3891 3167">
     <span class='ocr_line' id='line_1_63' title="bbox 2165 3090 3891 3167; baseline 0.001 -17"><span class='ocrx_word' id='word_1_451' title='bbox 2165 3090 2518 3164; x_wconf 90' lang='lat' dir='ltr'>quibusdam</span> <span class='ocrx_word' id='word_1_452' title='bbox 2549 3091 2802 3150; x_wconf 90' lang='lat' dir='ltr'>vasculis</span> <span class='ocrx_word' id='word_1_453' title='bbox 2828 3092 3158 3167; x_wconf 82' lang='lat' dir='ltr'>anaglypha</span> <span class='ocrx_word' id='word_1_454' title='bbox 3196 3092 3478 3152; x_wconf 87' lang='lat' dir='ltr'>fusilitate</span> <span class='ocrx_word' id='word_1_455' title='bbox 3514 3093 3752 3158; x_wconf 59' lang='lat' dir='ltr'>caelatis,</span> <span class='ocrx_word' id='word_1_456' title='bbox 3776 3093 3891 3152; x_wconf 81' lang='lat' dir='ltr'>de-</span> 
     </span>
    </p>
   </div>
   <div class='ocr_carea' id='block_1_64' title="bbox 2165 3180 3887 3256">
    <p class='ocr_par' dir='ltr' id='par_1_64' title="bbox 2165 3180 3887 3256">
     <span class='ocr_line' id='line_1_64' title="bbox 2165 3180 3887 3256; baseline 0.002 -16"><span class='ocrx_word' id='word_1_457' title='bbox 2165 3198 2288 3240; x_wconf 87' lang='lat' dir='ltr'>esse</span> <span class='ocrx_word' id='word_1_458' title='bbox 2316 3180 2699 3256; x_wconf 91' lang='lat' dir='ltr'>perpendunt.</span> <span class='ocrx_word' id='word_1_459' title='bbox 2732 3180 2957 3252; x_wconf 87' lang='lat' dir='ltr'>Quibus</span> <span class='ocrx_word' id='word_1_460' title='bbox 2983 3181 3217 3241; x_wconf 88' lang='lat' dir='ltr'>interim</span> <span class='ocrx_word' id='word_1_461' title='bbox 3254 3182 3582 3243; x_wconf 84' lang='lat' dir='ltr'>recedentes</span> <span class='ocrx_word' id='word_1_462' title='bbox 3620 3184 3887 3255; x_wconf 88' lang='lat' dir='ltr'>omissis,</span> 
     </span>
    </p>
   </div>
   <div class='ocr_carea' id='block_1_65' title="bbox 1386 3305 2858 3367">
    <p class='ocr_par' dir='ltr' id='par_1_65' title="bbox 1386 3305 2858 3367">
     <span class='ocr_line' id='line_1_65' title="bbox 1386 3305 2858 3367; baseline 0.003 -4"><span class='ocrx_word' id='word_1_463' title='bbox 1386 3305 1716 3365; x_wconf 66' lang='lat' dir='ltr'>ANDREZE</span> <span class='ocrx_word' id='word_1_464' title='bbox 1757 3306 2060 3367; x_wconf 82' lang='lat' dir='ltr'>CHESNII</span> <span class='ocrx_word' id='word_1_465' title='bbox 2097 3307 2193 3366; x_wconf 84' lang='lat' dir='ltr'>ET</span> <span class='ocrx_word' id='word_1_466' title='bbox 2232 3306 2579 3367; x_wconf 87' lang='lat' dir='ltr'>ANONYMI</span> <span class='ocrx_word' id='word_1_467' title='bbox 2617 3306 2858 3367; x_wconf 64' lang='lat' dir='ltr'>NOTlE.</span> 
     </span>
    </p>
   </div>
   <div class='ocr_carea' id='block_1_66' title="bbox 365 3401 2080 3469">
    <p class='ocr_par' dir='ltr' id='par_1_66' title="bbox 365 3401 2080 3469">
     <span class='ocr_line' id='line_1_66' title="bbox 365 3401 2080 3469; baseline -0.007 -2"><span class='ocrx_word' id='word_1_468' title='bbox 365 3425 553 3467; x_wconf 88' lang='lat' dir='ltr'>norem</span> <span class='ocrx_word' id='word_1_469' title='bbox 580 3410 675 3463; x_wconf 87' lang='lat' dir='ltr'>Dei</span> <span class='ocrx_word' id='word_1_470' title='bbox 697 3406 986 3462; x_wconf 87' lang='lat' dir='ltr'>Genitricis</span> <span class='ocrx_word' id='word_1_471' title='bbox 1015 3416 1114 3469; x_wconf 90' lang='lat' dir='ltr'>pro</span> <span class='ocrx_word' id='word_1_472' title='bbox 1140 3401 1379 3454; x_wconf 84' lang='lat' dir='ltr'>remedio</span> <span class='ocrx_word' id='word_1_473' title='bbox 1414 3401 1614 3453; x_wconf 65' lang='lat' dir='ltr'>animae</span> <span class='ocrx_word' id='word_1_474' title='bbox 1634 3416 1742 3454; x_wconf 65' lang='lat' dir='ltr'>suae</span> <span class='ocrx_word' id='word_1_475' title='bbox 1767 3405 1964 3456; x_wconf 87' lang='lat' dir='ltr'>matris</span> <span class='ocrx_word' id='word_1_476' title='bbox 2003 3404 2080 3457; x_wconf 92' lang='lat' dir='ltr'>ibi</span> 
     </span>
    </p>
   </div>
   <div class='ocr_carea' id='block_1_67' title="bbox 365 3473 2075 3553">
    <p class='ocr_par' dir='ltr' id='par_1_67' title="bbox 365 3473 2075 3553">
     <span class='ocr_line' id='line_1_67' title="bbox 365 3473 2075 3553; baseline -0.006 -15"><span class='ocrx_word' id='word_1_477' title='bbox 365 3480 769 3553; x_wconf 77' lang='lat' dir='ltr'>requiescentis,</span> <span class='ocrx_word' id='word_1_478' title='bbox 807 3483 926 3553; x_wconf 83' lang='lat' dir='ltr'>tam</span> <span class='ocrx_word' id='word_1_479' title='bbox 950 3489 1016 3553; x_wconf 65' lang='lat' dir='ltr'>es;</span> <span class='ocrx_word' id='word_1_480' title='bbox 1046 3475 1313 3553; x_wconf 77' lang='lat' dir='ltr'>maternis</span> <span class='ocrx_word' id='word_1_481' title='bbox 1341 3473 1496 3553; x_wconf 64' lang='lat' dir='ltr'>rebus</span> <span class='ocrx_word' id='word_1_482' title='bbox 1528 3473 1783 3553; x_wconf 70' lang='lat' dir='ltr'>nobiliter</span> <span class='ocrx_word' id='word_1_483' title='bbox 1810 3475 2075 3553; x_wconf 74' lang='lat' dir='ltr'>condidit.</span> 
     </span>
    </p>
   </div>
   <div class='ocr_carea' id='block_1_68' title="bbox 364 3543 2077 3610">
    <p class='ocr_par' dir='ltr' id='par_1_68' title="bbox 364 3543 2077 3610">
     <span class='ocr_line' id='line_1_68' title="bbox 364 3543 2077 3610; baseline -0.007 1"><span class='ocrx_word' id='word_1_484' title='bbox 364 3543 478 3610; x_wconf 56' lang='lat' dir='ltr'>lm&#39;o</span> <span class='ocrx_word' id='word_1_485' title='bbox 526 3559 581 3609; x_wconf 91' lang='lat' dir='ltr'><strong>et</strong></span> <span class='ocrx_word' id='word_1_486' title='bbox 631 3550 864 3606; x_wconf 84' lang='lat' dir='ltr'>Odilonis</span> <span class='ocrx_word' id='word_1_487' title='bbox 915 3546 1122 3601; x_wconf 86' lang='lat' dir='ltr'>abbatis</span> <span class='ocrx_word' id='word_1_488' title='bbox 1156 3550 1403 3608; x_wconf 89' lang='lat' dir='ltr'>tempore</span> <span class='ocrx_word' id='word_1_489' title='bbox 1450 3543 1807 3597; x_wconf 85' lang='lat' dir='ltr'>Palemiacus</span> <span class='ocrx_word' id='word_1_490' title='bbox 1844 3548 1964 3607; x_wconf 89' lang='lat' dir='ltr'>iste,</span> <span class='ocrx_word' id='word_1_491' title='bbox 2009 3548 2077 3599; x_wconf 83' lang='lat' dir='ltr'>si-</span> 
     </span>
    </p>
   </div>
   <div class='ocr_carea' id='block_1_69' title="bbox 362 3613 2073 3682">
    <p class='ocr_par' dir='ltr' id='par_1_69' title="bbox 362 3613 2073 3682">
     <span class='ocr_line' id='line_1_69' title="bbox 362 3613 2073 3682; baseline -0.007 -1"><span class='ocrx_word' id='word_1_492' title='bbox 362 3630 454 3682; x_wconf 90' lang='lat' dir='ltr'>cut</span> <span class='ocrx_word' id='word_1_493' title='bbox 504 3628 577 3678; x_wconf 87' lang='lat' dir='ltr'>ait</span> <span class='ocrx_word' id='word_1_494' title='bbox 624 3622 923 3677; x_wconf 85' lang='lat' dir='ltr'>monachus</span> <span class='ocrx_word' id='word_1_495' title='bbox 968 3618 1332 3677; x_wconf 84' lang='lat' dir='ltr'>Silviacensis,</span> <span class='ocrx_word' id='word_1_496' title='bbox 1388 3613 1451 3665; x_wconf 90' lang='lat' dir='ltr'>ob</span> <span class='ocrx_word' id='word_1_497' title='bbox 1511 3614 1606 3666; x_wconf 91' lang='lat' dir='ltr'>Dei</span> <span class='ocrx_word' id='word_1_498' title='bbox 1673 3629 1918 3669; x_wconf 87' lang='lat' dir='ltr'>amorem</span> <span class='ocrx_word' id='word_1_499' title='bbox 1968 3615 2073 3670; x_wconf 86' lang='lat' dir='ltr'>Ge-</span> 
     </span>
    </p>
   </div>
   <div class='ocr_carea' id='block_1_70' title="bbox 361 3686 2076 3752">
    <p class='ocr_par' dir='ltr' id='par_1_70' title="bbox 361 3686 2076 3752">
     <span class='ocr_line' id='line_1_70' title="bbox 361 3686 2076 3752; baseline -0.007 1"><span class='ocrx_word' id='word_1_500' title='bbox 361 3698 579 3752; x_wconf 86' lang='lat' dir='ltr'>nitricis</span> <span class='ocrx_word' id='word_1_501' title='bbox 627 3694 729 3746; x_wconf 88' lang='lat' dir='ltr'>sibi</span> <span class='ocrx_word' id='word_1_502' title='bbox 784 3688 1111 3744; x_wconf 85' lang='lat' dir='ltr'>delectabilis</span> <span class='ocrx_word' id='word_1_503' title='bbox 1149 3689 1310 3751; x_wconf 77' lang='lat' dir='ltr'>locus,</span> <span class='ocrx_word' id='word_1_504' title='bbox 1366 3687 1431 3739; x_wconf 83' lang='lat' dir='ltr'>in</span> <span class='ocrx_word' id='word_1_505' title='bbox 1476 3686 1733 3751; x_wconf 66' lang='lat' dir='ltr'>adiﬁciis,</span> <span class='ocrx_word' id='word_1_506' title='bbox 1777 3692 1837 3739; x_wconf 89' lang='lat' dir='ltr'>in</span> <span class='ocrx_word' id='word_1_507' title='bbox 1880 3701 2076 3752; x_wconf 88' lang='lat' dir='ltr'>posses-</span> 
     </span>
    </p>
   </div>
   <div class='ocr_carea' id='block_1_71' title="bbox 360 3757 2072 3828">
    <p class='ocr_par' dir='ltr' id='par_1_71' title="bbox 360 3757 2072 3828">
     <span class='ocr_line' id='line_1_71' title="bbox 360 3757 2072 3828; baseline -0.006 -5"><span class='ocrx_word' id='word_1_508' title='bbox 360 3769 617 3828; x_wconf 85' lang='lat' dir='ltr'>sionibus,</span> <span class='ocrx_word' id='word_1_509' title='bbox 688 3775 739 3820; x_wconf 86' lang='lat' dir='ltr'>et</span> <span class='ocrx_word' id='word_1_510' title='bbox 804 3759 1141 3816; x_wconf 87' lang='lat' dir='ltr'>ornamentis</span> <span class='ocrx_word' id='word_1_511' title='bbox 1186 3757 1523 3823; x_wconf 78' lang='lat' dir='ltr'>amplissime</span> <span class='ocrx_word' id='word_1_512' title='bbox 1569 3758 1831 3813; x_wconf 87' lang='lat' dir='ltr'>dilatatus</span> <span class='ocrx_word' id='word_1_513' title='bbox 1881 3761 2072 3813; x_wconf 84' lang='lat' dir='ltr'>crevit.</span> 
     </span>
    </p>
   </div>
   <div class='ocr_carea' id='block_1_72' title="bbox 364 3844 646 3895">
    <p class='ocr_par' dir='ltr' id='par_1_72' title="bbox 364 3844 646 3895">
     <span class='ocr_line' id='line_1_72' title="bbox 364 3844 646 3895; baseline -0.014 0"><span class='ocrx_word' id='word_1_514' title='bbox 364 3844 646 3895; x_wconf 72' lang='lat' dir='ltr'>Ducnssu.</span> 
     </span>
    </p>
   </div>
   <div class='ocr_carea' id='block_1_73' title="bbox 395 3901 2076 3978">
    <p class='ocr_par' dir='ltr' id='par_1_73' title="bbox 395 3901 2076 3978">
     <span class='ocr_line' id='line_1_73' title="bbox 395 3901 2076 3978; baseline -0.004 -14"><span class='ocrx_word' id='word_1_515' title='bbox 395 3912 564 3978; x_wconf 57' lang='lat'>.(143)</span> <span class='ocrx_word' id='word_1_516' title='bbox 618 3911 910 3963; x_wconf 77' lang='lat' dir='ltr'>Romanum</span> <span class='ocrx_word' id='word_1_517' title='bbox 954 3902 1343 3978; x_wconf 74' lang='lat' dir='ltr'>monasterium</span> <span class='ocrx_word' id='word_1_518' title='bbox 1377 3901 1565 3978; x_wconf 72' lang='lat' dir='ltr'>notari</span> <span class='ocrx_word' id='word_1_519' title='bbox 1618 3902 1868 3978; x_wconf 78' lang='lat' dir='ltr'>suspicor</span> <span class='ocrx_word' id='word_1_520' title='bbox 1926 3902 2076 3978; x_wconf 80' lang='lat' dir='ltr'>quod</span> 
     </span>
    </p>
   </div>
   <div class='ocr_carea' id='block_1_74' title="bbox 366 3974 2073 4050">
    <p class='ocr_par' dir='ltr' id='par_1_74' title="bbox 366 3974 2073 4050">
     <span class='ocr_line' id='line_1_74' title="bbox 366 3974 2073 4050; baseline -0.012 -11"><span class='ocrx_word' id='word_1_521' title='bbox 366 3974 647 4050; x_wconf 46' lang='lat' dir='ltr'>et&#39;ipsum</span> <span class='ocrx_word' id='word_1_522' title='bbox 692 3978 1016 4050; x_wconf 85' lang='lat' dir='ltr'>Lausanensi</span> <span class='ocrx_word' id='word_1_523' title='bbox 1068 3975 1292 4027; x_wconf 76' lang='lat' dir='ltr'>dimcesi</span> <span class='ocrx_word' id='word_1_524' title='bbox 1343 3974 1509 4050; x_wconf 76' lang='lat' dir='ltr'>situm</span> <span class='ocrx_word' id='word_1_525' title='bbox 1549 3977 1651 4034; x_wconf 79' lang='lat' dir='ltr'>est,</span> <span class='ocrx_word' id='word_1_526' title='bbox 1686 3979 1752 4050; x_wconf 77' lang='lat' dir='ltr'>et</span> <span class='ocrx_word' id='word_1_527' title='bbox 1797 3974 2073 4050; x_wconf 35' lang='grc' dir='ltr'>εδ-ᾼᾳαιτ</span> 
     </span>
    </p>
   </div>
   <div class='ocr_carea' id='block_1_75' title="bbox 364 4044 2076 4114">
    <p class='ocr_par' dir='ltr' id='par_1_75' title="bbox 364 4044 2076 4114">
     <span class='ocr_line' id='line_1_75' title="bbox 364 4044 2076 4114; baseline -0.007 -5"><span class='ocrx_word' id='word_1_528' title='bbox 364 4044 526 4111; x_wconf 76' lang='lat' dir='ltr'>heide</span> <span class='ocrx_word' id='word_1_529' title='bbox 581 4050 846 4114; x_wconf 82' lang='lat' dir='ltr'>Rodulphi</span> <span class='ocrx_word' id='word_1_530' title='bbox 899 4049 1047 4111; x_wconf 87' lang='lat' dir='ltr'>regis</span> <span class='ocrx_word' id='word_1_531' title='bbox 1113 4058 1306 4097; x_wconf 86' lang='lat' dir='ltr'>sorore</span> <span class='ocrx_word' id='word_1_532' title='bbox 1357 4044 1586 4097; x_wconf 77' lang='lat' dir='ltr'>forsitan</span> <span class='ocrx_word' id='word_1_533' title='bbox 1646 4046 1808 4097; x_wconf 86' lang='lat' dir='ltr'>etiam</span> <span class='ocrx_word' id='word_1_534' title='bbox 1867 4046 2076 4099; x_wconf 87' lang='lat' dir='ltr'>Odiloni</span> 
     </span>
    </p>
   </div>
   <div class='ocr_carea' id='block_1_76' title="bbox 365 4116 2068 4192">
    <p class='ocr_par' dir='ltr' id='par_1_76' title="bbox 365 4116 2068 4192">
     <span class='ocr_line' id='line_1_76' title="bbox 365 4116 2068 4192; baseline -0.007 -11"><span class='ocrx_word' id='word_1_535' title='bbox 365 4129 590 4192; x_wconf 88' lang='lat' dir='ltr'>suisque</span> <span class='ocrx_word' id='word_1_536' title='bbox 640 4124 695 4174; x_wconf 91' lang='lat' dir='ltr'>iu</span> <span class='ocrx_word' id='word_1_537' title='bbox 740 4116 1382 4192; x_wconf 64' lang='lat' dir='ltr'>Cluniacensicmuobio</span> <span class='ocrx_word' id='word_1_538' title='bbox 1439 4116 1852 4192; x_wconf 63' lang='lat' dir='ltr'>successoribus</span> <span class='ocrx_word' id='word_1_539' title='bbox 1885 4129 2068 4192; x_wconf 31' lang='lat' dir='ltr'>.com-</span> 
     </span>
    </p>
   </div>
   <div class='ocr_carea' id='block_1_77' title="bbox 366 4185 2070 4250">
    <p class='ocr_par' dir='ltr' id='par_1_77' title="bbox 366 4185 2070 4250">
     <span class='ocr_line' id='line_1_77' title="bbox 366 4185 2070 4250; baseline -0.006 -1"><span class='ocrx_word' id='word_1_540' title='bbox 366 4185 611 4250; x_wconf 78' lang='lat' dir='ltr'>missum.</span> <span class='ocrx_word' id='word_1_541' title='bbox 682 4191 740 4243; x_wconf 92' lang='lat' dir='ltr'>In</span> <span class='ocrx_word' id='word_1_542' title='bbox 825 4185 1156 4239; x_wconf 82' lang='lat' dir='ltr'>Ghartulario</span> <span class='ocrx_word' id='word_1_543' title='bbox 1234 4197 1472 4249; x_wconf 88' lang='lat' dir='ltr'>namque</span> <span class='ocrx_word' id='word_1_544' title='bbox 1557 4185 1898 4239; x_wconf 81' lang='lat' dir='ltr'>Cluniacensi</span> <span class='ocrx_word' id='word_1_545' title='bbox 1974 4199 2070 4239; x_wconf 90' lang='lat' dir='ltr'>re-</span> 
     </span>
    </p>
   </div>
   <div class='ocr_carea' id='block_1_78' title="bbox 368 4255 2071 4331">
    <p class='ocr_par' dir='ltr' id='par_1_78' title="bbox 368 4255 2071 4331">
     <span class='ocr_line' id='line_1_78' title="bbox 368 4255 2071 4331; baseline -0.014 -12"><span class='ocrx_word' id='word_1_546' title='bbox 368 4266 492 4331; x_wconf 85' lang='lat' dir='ltr'>gale</span> <span class='ocrx_word' id='word_1_547' title='bbox 540 4263 873 4331; x_wconf 66' lang='lat' dir='ltr'>praeceptum</span> <span class='ocrx_word' id='word_1_548' title='bbox 902 4260 1134 4331; x_wconf 27' lang='lat' dir='ltr'>“exstat,</span> <span class='ocrx_word' id='word_1_549' title='bbox 1188 4269 1300 4331; x_wconf 83' lang='lat' dir='ltr'>quo</span> <span class='ocrx_word' id='word_1_550' title='bbox 1348 4255 1658 4319; x_wconf 81' lang='lat' dir='ltr'>Rodulpbus</span> <span class='ocrx_word' id='word_1_551' title='bbox 1717 4270 1816 4331; x_wconf 82' lang='lat' dir='ltr'>rex</span> <span class='ocrx_word' id='word_1_552' title='bbox 1851 4269 2071 4331; x_wconf 74' lang='lat' dir='ltr'>mons-</span> 
     </span>
    </p>
   </div>
   <div class='ocr_carea' id='block_1_79' title="bbox 367 4327 2073 4391">
    <p class='ocr_par' dir='ltr' id='par_1_79' title="bbox 367 4327 2073 4391">
     <span class='ocr_line' id='line_1_79' title="bbox 367 4327 2073 4391; baseline -0.005 -2"><span class='ocrx_word' id='word_1_553' title='bbox 367 4327 593 4391; x_wconf 72' lang='lat' dir='ltr'>steriurn</span> <span class='ocrx_word' id='word_1_554' title='bbox 643 4333 745 4385; x_wconf 87' lang='lat' dir='ltr'>hoc</span> <span class='ocrx_word' id='word_1_555' title='bbox 789 4328 1063 4383; x_wconf 73' lang='lat' dir='ltr'>Adalheidi</span> <span class='ocrx_word' id='word_1_556' title='bbox 1125 4327 1302 4379; x_wconf 89' lang='lat' dir='ltr'>sorori</span> <span class='ocrx_word' id='word_1_557' title='bbox 1355 4338 1472 4378; x_wconf 84' lang='lat' dir='ltr'>suae</span> <span class='ocrx_word' id='word_1_558' title='bbox 1516 4329 1788 4380; x_wconf 87' lang='lat' dir='ltr'>concessit</span> <span class='ocrx_word' id='word_1_559' title='bbox 1848 4329 1902 4379; x_wconf 90' lang='lat' dir='ltr'>in</span> <span class='ocrx_word' id='word_1_560' title='bbox 1963 4331 2073 4380; x_wconf 82' lang='lat' dir='ltr'>vlta</span> 
     </span>
    </p>
   </div>
   <div class='ocr_carea' id='block_1_80' title="bbox 368 4397 2073 4467">
    <p class='ocr_par' dir='ltr' id='par_1_80' title="bbox 368 4397 2073 4467">
     <span class='ocr_line' id='line_1_80' title="bbox 368 4397 2073 4467; baseline -0.008 -4"><span class='ocrx_word' id='word_1_561' title='bbox 368 4421 486 4467; x_wconf 84' lang='lat' dir='ltr'>sua,</span> <span class='ocrx_word' id='word_1_562' title='bbox 541 4408 594 4459; x_wconf 89' lang='lat' dir='ltr'>et</span> <span class='ocrx_word' id='word_1_563' title='bbox 642 4407 703 4456; x_wconf 92' lang='lat' dir='ltr'>ut</span> <span class='ocrx_word' id='word_1_564' title='bbox 760 4401 984 4453; x_wconf 79' lang='lat' dir='ltr'>haberet</span> <span class='ocrx_word' id='word_1_565' title='bbox 1035 4403 1160 4462; x_wconf 87' lang='lat' dir='ltr'>post</span> <span class='ocrx_word' id='word_1_566' title='bbox 1210 4397 1499 4449; x_wconf 88' lang='lat' dir='ltr'>decessum</span> <span class='ocrx_word' id='word_1_567' title='bbox 1545 4410 1703 4450; x_wconf 90' lang='lat' dir='ltr'>suum</span> <span class='ocrx_word' id='word_1_568' title='bbox 1728 4402 2073 4462; x_wconf 61' lang='lat' dir='ltr'>“potestatem</span> 
     </span>
    </p>
   </div>
   <div class='ocr_carea' id='block_1_81' title="bbox 368 4469 2008 4542">
    <p class='ocr_par' dir='ltr' id='par_1_81' title="bbox 368 4469 2008 4542">
     <span class='ocr_line' id='line_1_81' title="bbox 368 4469 2008 4542; baseline -0.008 -10"><span class='ocrx_word' id='word_1_569' title='bbox 368 4475 714 4542; x_wconf 83' lang='lat' dir='ltr'>relinquendi</span> <span class='ocrx_word' id='word_1_570' title='bbox 744 4475 1051 4534; x_wconf 87' lang='lat' dir='ltr'>cuicunque</span> <span class='ocrx_word' id='word_1_571' title='bbox 1082 4469 1268 4521; x_wconf 84' lang='lat' dir='ltr'>vellet.</span> <span class='ocrx_word' id='word_1_572' title='bbox 1304 4469 1557 4542; x_wconf 79' lang='lat' dir='ltr'>Praecepti</span> <span class='ocrx_word' id='word_1_573' title='bbox 1589 4472 1745 4522; x_wconf 87' lang='lat' dir='ltr'>tenor</span> <span class='ocrx_word' id='word_1_574' title='bbox 1775 4470 1863 4522; x_wconf 88' lang='lat' dir='ltr'>hic</span> <span class='ocrx_word' id='word_1_575' title='bbox 1894 4474 2008 4522; x_wconf 89' lang='lat' dir='ltr'>est:</span> 
     </span>
    </p>
   </div>
   <div class='ocr_carea' id='block_1_82' title="bbox 866 4538 1581 4593">
    <p class='ocr_par' dir='ltr' id='par_1_82' title="bbox 866 4538 1581 4593">
     <span class='ocr_line' id='line_1_82' title="bbox 866 4538 1581 4593; baseline -0.01 0"><span class='ocrx_word' id='word_1_576' title='bbox 866 4542 939 4592; x_wconf 90' lang='lat' dir='ltr'>De</span> <span class='ocrx_word' id='word_1_577' title='bbox 962 4542 1204 4593; x_wconf 80' lang='lat' dir='ltr'>Romano</span> <span class='ocrx_word' id='word_1_578' title='bbox 1226 4538 1581 4591; x_wconf 86' lang='lat' dir='ltr'>monasterio.</span> 
     </span>
    </p>
   </div>
   <div class='ocr_carea' id='block_1_83' title="bbox 434 4607 2079 4675">
    <p class='ocr_par' dir='ltr' id='par_1_83' title="bbox 434 4607 2079 4675">
     <span class='ocr_line' id='line_1_83' title="bbox 434 4607 2079 4675; baseline -0.007 -2"><span class='ocrx_word' id='word_1_579' title='bbox 434 4620 502 4673; x_wconf 87' lang='lat' dir='ltr'>In</span> <span class='ocrx_word' id='word_1_580' title='bbox 527 4615 748 4671; x_wconf 83' lang='lat' dir='ltr'>nomine</span> <span class='ocrx_word' id='word_1_581' title='bbox 779 4615 981 4665; x_wconf 67' lang='lat' dir='ltr'>sanctae</span> <span class='ocrx_word' id='word_1_582' title='bbox 1007 4615 1057 4664; x_wconf 88' lang='lat' dir='ltr'>et</span> <span class='ocrx_word' id='word_1_583' title='bbox 1090 4608 1390 4663; x_wconf 68' lang='lat' dir='ltr'>indiuiduae</span> <span class='ocrx_word' id='word_1_584' title='bbox 1430 4607 1736 4671; x_wconf 80' lang='lat' dir='ltr'>Trinitatis,</span> <span class='ocrx_word' id='word_1_585' title='bbox 1772 4609 2079 4675; x_wconf 80' lang='lat' dir='ltr'>Rodulphus</span> 
     </span>
    </p>
   </div>
   <div class='ocr_carea' id='block_1_84' title="bbox 370 4679 2081 4754">
    <p class='ocr_par' dir='ltr' id='par_1_84' title="bbox 370 4679 2081 4754">
     <span class='ocr_line' id='line_1_84' title="bbox 370 4679 2081 4754; baseline -0.009 -7"><span class='ocrx_word' id='word_1_586' title='bbox 370 4693 563 4746; x_wconf 86' lang='lat' dir='ltr'>divina</span> <span class='ocrx_word' id='word_1_587' title='bbox 609 4688 829 4754; x_wconf 80' lang='lat' dir='ltr'>favente</span> <span class='ocrx_word' id='word_1_588' title='bbox 872 4684 1161 4754; x_wconf 87' lang='lat' dir='ltr'>clementia</span> <span class='ocrx_word' id='word_1_589' title='bbox 1198 4681 1493 4754; x_wconf 45' lang='lat' dir='ltr'>rentum</span> <span class='ocrx_word' id='word_1_590' title='bbox 1532 4679 1821 4754; x_wconf 81' lang='lat' dir='ltr'>conveniat</span> <span class='ocrx_word' id='word_1_591' title='bbox 1871 4682 2081 4745; x_wconf 79' lang='lat' dir='ltr'>regiam</span> 
     </span>
    </p>
   </div>
   <div class='ocr_carea' id='block_1_85' title="bbox 370 4750 2080 4819">
    <p class='ocr_par' dir='ltr' id='par_1_85' title="bbox 370 4750 2080 4819">
     <span class='ocr_line' id='line_1_85' title="bbox 370 4750 2080 4819; baseline -0.009 -1"><span class='ocrx_word' id='word_1_592' title='bbox 370 4750 730 4818; x_wconf 81' lang='lat' dir='ltr'>eminentiam</span> <span class='ocrx_word' id='word_1_593' title='bbox 763 4758 826 4808; x_wconf 88' lang='lat' dir='ltr'>ut</span> <span class='ocrx_word' id='word_1_594' title='bbox 866 4766 997 4819; x_wconf 85' lang='lat' dir='ltr'>erga</span> <span class='ocrx_word' id='word_1_595' title='bbox 1035 4753 1297 4818; x_wconf 75' lang='lat' dir='ltr'>subjectos</span> <span class='ocrx_word' id='word_1_596' title='bbox 1330 4751 1621 4816; x_wconf 85' lang='lat' dir='ltr'>benignum</span> <span class='ocrx_word' id='word_1_597' title='bbox 1648 4750 1880 4813; x_wconf 70' lang='lat' dir='ltr'>praebeat</span> <span class='ocrx_word' id='word_1_598' title='bbox 1911 4753 2080 4804; x_wconf 86' lang='lat' dir='ltr'>audi-</span> 
     </span>
    </p>
   </div>
   <div class='ocr_carea' id='block_1_86' title="bbox 371 4823 2079 4898">
    <p class='ocr_par' dir='ltr' id='par_1_86' title="bbox 371 4823 2079 4898">
     <span class='ocr_line' id='line_1_86' title="bbox 371 4823 2079 4898; baseline -0.008 -8"><span class='ocrx_word' id='word_1_599' title='bbox 371 4841 513 4898; x_wconf 88' lang='lat' dir='ltr'>tum,</span> <span class='ocrx_word' id='word_1_600' title='bbox 536 4837 586 4886; x_wconf 88' lang='lat' dir='ltr'>et</span> <span class='ocrx_word' id='word_1_601' title='bbox 608 4833 825 4897; x_wconf 86' lang='lat' dir='ltr'>justam</span> <span class='ocrx_word' id='word_1_602' title='bbox 861 4826 1179 4891; x_wconf 81' lang='lat' dir='ltr'>petitionem</span> <span class='ocrx_word' id='word_1_603' title='bbox 1211 4836 1400 4898; x_wconf 85' lang='lat' dir='ltr'>eorum</span> <span class='ocrx_word' id='word_1_604' title='bbox 1429 4823 1503 4875; x_wconf 83' lang='lat' dir='ltr'>ad</span> <span class='ocrx_word' id='word_1_605' title='bbox 1530 4825 1771 4898; x_wconf 74' lang='lat' dir='ltr'>effectum</span> <span class='ocrx_word' id='word_1_606' title='bbox 1794 4823 2079 4898; x_wconf 76' lang='lat' dir='ltr'>perducat,</span> 
     </span>
    </p>
   </div>
   <div class='ocr_carea' id='block_1_87' title="bbox 371 4892 2082 4962">
    <p class='ocr_par' dir='ltr' id='par_1_87' title="bbox 371 4892 2082 4962">
     <span class='ocr_line' id='line_1_87' title="bbox 371 4892 2082 4962; baseline -0.007 -2"><span class='ocrx_word' id='word_1_607' title='bbox 371 4892 515 4960; x_wconf 83' lang='lat' dir='ltr'>decet</span> <span class='ocrx_word' id='word_1_608' title='bbox 552 4892 790 4955; x_wconf 67' lang='lat' dir='ltr'>matrima</span> <span class='ocrx_word' id='word_1_609' title='bbox 835 4902 896 4951; x_wconf 89' lang='lat' dir='ltr'>ut</span> <span class='ocrx_word' id='word_1_610' title='bbox 938 4898 1032 4962; x_wconf 86' lang='lat' dir='ltr'>qui</span> <span class='ocrx_word' id='word_1_611' title='bbox 1079 4895 1489 4962; x_wconf 85' lang='lat' dir='ltr'>promptissima</span> <span class='ocrx_word' id='word_1_612' title='bbox 1530 4892 1808 4946; x_wconf 83' lang='lat' dir='ltr'>devotione</span> <span class='ocrx_word' id='word_1_613' title='bbox 1855 4894 1917 4946; x_wconf 89' lang='lat' dir='ltr'>in</span> <span class='ocrx_word' id='word_1_614' title='bbox 1964 4898 2082 4961; x_wconf 85' lang='lat' dir='ltr'>ejus</span> 
     </span>
    </p>
   </div>
   <div class='ocr_carea' id='block_1_88' title="bbox 372 4964 2083 5035">
    <p class='ocr_par' dir='ltr' id='par_1_88' title="bbox 372 4964 2083 5035">
     <span class='ocr_line' id='line_1_88' title="bbox 372 4964 2083 5035; baseline -0.011 0"><span class='ocrx_word' id='word_1_615' title='bbox 372 4978 592 5035; x_wconf 79' lang='lat' dir='ltr'>servitio</span> <span class='ocrx_word' id='word_1_616' title='bbox 642 4971 956 5032; x_wconf 82' lang='lat' dir='ltr'>intendunt,</span> <span class='ocrx_word' id='word_1_617' title='bbox 1011 4966 1395 5020; x_wconf 85' lang='lat' dir='ltr'>liberalitatem</span> <span class='ocrx_word' id='word_1_618' title='bbox 1442 4966 1730 5035; x_wconf 84' lang='lat' dir='ltr'>clementer</span> <span class='ocrx_word' id='word_1_619' title='bbox 1775 4964 2083 5028; x_wconf 81' lang='lat' dir='ltr'>impertiat.</span> 
     </span>
    </p>
   </div>
   <div class='ocr_carea' id='block_1_89' title="bbox 376 5034 2084 5113">
    <p class='ocr_par' dir='ltr' id='par_1_89' title="bbox 376 5034 2084 5113">
     <span class='ocr_line' id='line_1_89' title="bbox 376 5034 2084 5113; baseline -0.007 -11"><span class='ocrx_word' id='word_1_620' title='bbox 376 5053 450 5106; x_wconf 79' lang='lat' dir='ltr'>Ac</span> <span class='ocrx_word' id='word_1_621' title='bbox 475 5062 571 5113; x_wconf 88' lang='lat' dir='ltr'>per</span> <span class='ocrx_word' id='word_1_622' title='bbox 591 5045 685 5098; x_wconf 82' lang='lat' dir='ltr'>hac</span> <span class='ocrx_word' id='word_1_623' title='bbox 705 5041 916 5096; x_wconf 85' lang='lat' dir='ltr'>nouerit</span> <span class='ocrx_word' id='word_1_624' title='bbox 950 5039 1198 5113; x_wconf 75' lang='lat' dir='ltr'>omnium</span> <span class='ocrx_word' id='word_1_625' title='bbox 1225 5036 1543 5113; x_wconf 59' lang='lat' dir='ltr'>sanctaeDei</span> <span class='ocrx_word' id='word_1_626' title='bbox 1566 5034 1813 5113; x_wconf 60' lang='lat' dir='ltr'>Ecclesia</span> <span class='ocrx_word' id='word_1_627' title='bbox 1838 5037 2084 5113; x_wconf 75' lang='lat' dir='ltr'>ﬁdelium</span> 
     </span>
    </p>
   </div>
   <div class='ocr_carea' id='block_1_90' title="bbox 378 5106 2087 5184">
    <p class='ocr_par' dir='ltr' id='par_1_90' title="bbox 378 5106 2087 5184">
     <span class='ocr_line' id='line_1_90' title="bbox 378 5106 2087 5184; baseline -0.008 -9"><span class='ocrx_word' id='word_1_628' title='bbox 378 5106 495 5175; x_wconf 81' lang='lat' dir='ltr'>tam</span> <span class='ocrx_word' id='word_1_629' title='bbox 524 5116 869 5184; x_wconf 69' lang='lat' dir='ltr'>praesentium</span> <span class='ocrx_word' id='word_1_630' title='bbox 896 5123 1062 5184; x_wconf 82' lang='lat' dir='ltr'>quam</span> <span class='ocrx_word' id='word_1_631' title='bbox 1101 5108 1345 5184; x_wconf 81' lang='lat' dir='ltr'>uidelicet</span> <span class='ocrx_word' id='word_1_632' title='bbox 1396 5110 1447 5159; x_wconf 90' lang='lat' dir='ltr'>et</span> <span class='ocrx_word' id='word_1_633' title='bbox 1488 5106 2087 5184; x_wconf 71' lang='lat' dir='ltr'>futurorum_solertia,</span> 
     </span>
    </p>
   </div>
   <div class='ocr_carea' id='block_1_91' title="bbox 380 5177 2090 5259">
    <p class='ocr_par' dir='ltr' id='par_1_91' title="bbox 380 5177 2090 5259">
     <span class='ocr_line' id='line_1_91' title="bbox 380 5177 2090 5259; baseline -0.008 -14"><span class='ocrx_word' id='word_1_634' title='bbox 380 5177 646 5259; x_wconf 79' lang='lat' dir='ltr'>quoniam</span> <span class='ocrx_word' id='word_1_635' title='bbox 691 5184 908 5259; x_wconf 78' lang='lat' dir='ltr'>accessit</span> <span class='ocrx_word' id='word_1_636' title='bbox 946 5182 1020 5259; x_wconf 69' lang='lat' dir='ltr'>ad</span> <span class='ocrx_word' id='word_1_637' title='bbox 1063 5180 1430 5259; x_wconf 42' lang='lat' dir='ltr'>praesentiam.</span> <span class='ocrx_word' id='word_1_638' title='bbox 1449 5177 1855 5259; x_wconf 65' lang='lat' dir='ltr'>magnitudinis</span> <span class='ocrx_word' id='word_1_639' title='bbox 1893 5182 2090 5259; x_wconf 64' lang='lat' dir='ltr'>nostra</span> 
     </span>
    </p>
   </div>
   <div class='ocr_carea' id='block_1_92' title="bbox 383 5249 2091 5316">
    <p class='ocr_par' dir='ltr' id='par_1_92' title="bbox 383 5249 2091 5316">
     <span class='ocr_line' id='line_1_92' title="bbox 383 5249 2091 5316; baseline -0.008 0"><span class='ocrx_word' id='word_1_640' title='bbox 383 5249 696 5316; x_wconf 67' lang='lat' dir='ltr'>didcissima</span> <span class='ocrx_word' id='word_1_641' title='bbox 731 5272 795 5310; x_wconf 89' lang='lat' dir='ltr'>ac</span> <span class='ocrx_word' id='word_1_642' title='bbox 825 5254 1173 5309; x_wconf 83' lang='lat' dir='ltr'>dilectissima</span> <span class='ocrx_word' id='word_1_643' title='bbox 1199 5249 1508 5304; x_wconf 76' lang='lat' dir='ltr'>Adalheidis</span> <span class='ocrx_word' id='word_1_644' title='bbox 1545 5263 1703 5301; x_wconf 84' lang='lat' dir='ltr'>soror</span> <span class='ocrx_word' id='word_1_645' title='bbox 1736 5263 1877 5309; x_wconf 88' lang='lat' dir='ltr'>mea.</span> <span class='ocrx_word' id='word_1_646' title='bbox 1908 5255 2091 5314; x_wconf 85' lang='lat' dir='ltr'>petens</span> 
     </span>
    </p>
   </div>
   <div class='ocr_carea' id='block_1_93' title="bbox 384 5320 2092 5397">
    <p class='ocr_par' dir='ltr' id='par_1_93' title="bbox 384 5320 2092 5397">
     <span class='ocr_line' id='line_1_93' title="bbox 384 5320 2092 5397; baseline -0.009 -12"><span class='ocrx_word' id='word_1_647' title='bbox 384 5338 433 5386; x_wconf 88' lang='lat' dir='ltr'>et</span> <span class='ocrx_word' id='word_1_648' title='bbox 481 5331 806 5397; x_wconf 83' lang='lat' dir='ltr'>supplicans.</span> <span class='ocrx_word' id='word_1_649' title='bbox 854 5331 914 5378; x_wconf 87' lang='lat' dir='ltr'>ut</span> <span class='ocrx_word' id='word_1_650' title='bbox 972 5322 1252 5397; x_wconf 78' lang='lat' dir='ltr'>abbatiam</span> <span class='ocrx_word' id='word_1_651' title='bbox 1296 5321 1529 5397; x_wconf 75' lang='lat' dir='ltr'>Romani</span> <span class='ocrx_word' id='word_1_652' title='bbox 1552 5320 1932 5397; x_wconf 35' lang='lat' dir='ltr'>‘monasterii,</span> <span class='ocrx_word' id='word_1_653' title='bbox 1977 5334 2092 5387; x_wconf 68' lang='lat' dir='ltr'>quae</span> 
     </span>
    </p>
   </div>
   <div class='ocr_carea' id='block_1_94' title="bbox 385 5391 2093 5454">
    <p class='ocr_par' dir='ltr' id='par_1_94' title="bbox 385 5391 2093 5454">
     <span class='ocr_line' id='line_1_94' title="bbox 385 5391 2093 5454; baseline -0.006 0"><span class='ocrx_word' id='word_1_654' title='bbox 385 5391 697 5454; x_wconf 72' lang='lat' dir='ltr'>constructa</span> <span class='ocrx_word' id='word_1_655' title='bbox 726 5396 953 5450; x_wconf 86' lang='lat' dir='ltr'>habetur</span> <span class='ocrx_word' id='word_1_656' title='bbox 983 5395 1045 5445; x_wconf 86' lang='lat' dir='ltr'>in</span> <span class='ocrx_word' id='word_1_657' title='bbox 1075 5392 1333 5445; x_wconf 85' lang='lat' dir='ltr'>honorem</span> <span class='ocrx_word' id='word_1_658' title='bbox 1359 5392 1505 5443; x_wconf 84' lang='lat' dir='ltr'>beati</span> <span class='ocrx_word' id='word_1_659' title='bbox 1542 5391 1690 5443; x_wconf 87' lang='lat' dir='ltr'>Petri</span> <span class='ocrx_word' id='word_1_660' title='bbox 1730 5391 2093 5454; x_wconf 83' lang='lat' dir='ltr'>apostolorum</span> 
     </span>
    </p>
   </div>
   <div class='ocr_carea' id='block_1_95' title="bbox 389 5461 2094 5540">
    <p class='ocr_par' dir='ltr' id='par_1_95' title="bbox 389 5461 2094 5540">
     <span class='ocr_line' id='line_1_95' title="bbox 389 5461 2094 5540; baseline -0.008 -15"><span class='ocrx_word' id='word_1_661' title='bbox 389 5470 676 5540; x_wconf 75' lang='lat' dir='ltr'>principis,</span> <span class='ocrx_word' id='word_1_662' title='bbox 719 5473 770 5522; x_wconf 89' lang='lat' dir='ltr'>et</span> <span class='ocrx_word' id='word_1_663' title='bbox 810 5470 887 5520; x_wconf 88' lang='lat' dir='ltr'>est</span> <span class='ocrx_word' id='word_1_664' title='bbox 927 5466 1038 5540; x_wconf 81' lang='lat' dir='ltr'>sita</span> <span class='ocrx_word' id='word_1_665' title='bbox 1078 5466 1146 5540; x_wconf 73' lang='lat' dir='ltr'>in</span> <span class='ocrx_word' id='word_1_666' title='bbox 1181 5463 1450 5540; x_wconf 68' lang='lat' dir='ltr'>comitatu</span> <span class='ocrx_word' id='word_1_667' title='bbox 1493 5461 1787 5540; x_wconf 69' lang='lat' dir='ltr'>Waldense,</span> <span class='ocrx_word' id='word_1_668' title='bbox 1835 5476 1931 5527; x_wconf 88' lang='lat' dir='ltr'>per</span> <span class='ocrx_word' id='word_1_669' title='bbox 1964 5476 2094 5540; x_wconf 53' lang='lat' dir='ltr'>prs.</span> 
     </span>
    </p>
   </div>
   <div class='ocr_carea' id='block_1_96' title="bbox 388 5533 2095 5609">
    <p class='ocr_par' dir='ltr' id='par_1_96' title="bbox 388 5533 2095 5609">
     <span class='ocr_line' id='line_1_96' title="bbox 388 5533 2095 5609; baseline -0.014 -11"><span class='ocrx_word' id='word_1_670' title='bbox 388 5533 606 5609; x_wconf 76' lang='lat' dir='ltr'>ceptum</span> <span class='ocrx_word' id='word_1_671' title='bbox 636 5542 830 5593; x_wconf 73' lang='lat' dir='ltr'>nostrae</span> <span class='ocrx_word' id='word_1_672' title='bbox 854 5538 1051 5603; x_wconf 85' lang='lat' dir='ltr'>regalis</span> <span class='ocrx_word' id='word_1_673' title='bbox 1085 5535 1371 5609; x_wconf 79' lang='lat' dir='ltr'>dignitatis</span> <span class='ocrx_word' id='word_1_674' title='bbox 1398 5533 1450 5586; x_wconf 88' lang='lat' dir='ltr'>ei</span> <span class='ocrx_word' id='word_1_675' title='bbox 1481 5533 1545 5586; x_wconf 88' lang='lat' dir='ltr'>in</span> <span class='ocrx_word' id='word_1_676' title='bbox 1575 5534 1695 5609; x_wconf 77' lang='lat' dir='ltr'>vita</span> <span class='ocrx_word' id='word_1_677' title='bbox 1720 5546 1824 5609; x_wconf 80' lang='lat' dir='ltr'>sua</span> <span class='ocrx_word' id='word_1_678' title='bbox 1850 5536 2095 5609; x_wconf 56' lang='grc' dir='ltr'>οοπωᾳο.</span> 
     </span>
    </p>
   </div>
   <div class='ocr_carea' id='block_1_97' title="bbox 387 5604 2094 5671">
    <p class='ocr_par' dir='ltr' id='par_1_97' title="bbox 387 5604 2094 5671">
     <span class='ocr_line' id='line_1_97' title="bbox 387 5604 2094 5671; baseline -0.004 -5"><span class='ocrx_word' id='word_1_679' title='bbox 387 5604 571 5670; x_wconf 78' lang='lat' dir='ltr'>remus</span> <span class='ocrx_word' id='word_1_680' title='bbox 621 5615 671 5664; x_wconf 89' lang='lat' dir='ltr'>et</span> <span class='ocrx_word' id='word_1_681' title='bbox 719 5614 780 5662; x_wconf 86' lang='lat' dir='ltr'>ut</span> <span class='ocrx_word' id='word_1_682' title='bbox 824 5609 1039 5661; x_wconf 84' lang='lat' dir='ltr'>haberet</span> <span class='ocrx_word' id='word_1_683' title='bbox 1083 5611 1199 5671; x_wconf 83' lang='lat' dir='ltr'>post</span> <span class='ocrx_word' id='word_1_684' title='bbox 1251 5604 1521 5659; x_wconf 82' lang='lat' dir='ltr'>decessum</span> <span class='ocrx_word' id='word_1_685' title='bbox 1563 5607 1883 5669; x_wconf 83' lang='lat' dir='ltr'>potestatem</span> <span class='ocrx_word' id='word_1_686' title='bbox 1934 5608 2094 5660; x_wconf 80' lang='lat' dir='ltr'>relin-</span> 
     </span>
    </p>
   </div>
   <div class='ocr_carea' id='block_1_98' title="bbox 2161 3403 3882 3474">
    <p class='ocr_par' dir='ltr' id='par_1_98' title="bbox 2161 3403 3882 3474">
     <span class='ocr_line' id='line_1_98' title="bbox 2161 3403 3882 3474; baseline 0.003 -19"><span class='ocrx_word' id='word_1_687' title='bbox 2161 3404 2367 3470; x_wconf 84' lang='lat' dir='ltr'>quendi</span> <span class='ocrx_word' id='word_1_688' title='bbox 2423 3403 2723 3470; x_wconf 84' lang='lat' dir='ltr'>cuicunque</span> <span class='ocrx_word' id='word_1_689' title='bbox 2785 3406 3016 3458; x_wconf 82' lang='lat' dir='ltr'>uoluerit</span> <span class='ocrx_word' id='word_1_690' title='bbox 3063 3404 3337 3458; x_wconf 63' lang='lat' dir='ltr'>haeredum</span> <span class='ocrx_word' id='word_1_691' title='bbox 3384 3419 3628 3458; x_wconf 89' lang='lat' dir='ltr'>suorum.</span> <span class='ocrx_word' id='word_1_692' title='bbox 3696 3407 3882 3474; x_wconf 80' lang='lat' dir='ltr'>Quam</span> 
     </span>
    </p>
   </div>
   <div class='ocr_carea' id='block_1_99' title="bbox 2159 3476 3888 3543">
    <p class='ocr_par' dir='ltr' id='par_1_99' title="bbox 2159 3476 3888 3543">
     <span class='ocr_line' id='line_1_99' title="bbox 2159 3476 3888 3543; baseline 0.003 -18"><span class='ocrx_word' id='word_1_693' title='bbox 2159 3476 2477 3540; x_wconf 85' lang='lat' dir='ltr'>petitionem</span> <span class='ocrx_word' id='word_1_694' title='bbox 2529 3476 2730 3529; x_wconf 87' lang='lat' dir='ltr'>intimo</span> <span class='ocrx_word' id='word_1_695' title='bbox 2782 3490 2848 3529; x_wconf 74' lang='lat' dir='ltr'>es:</span> <span class='ocrx_word' id='word_1_696' title='bbox 2911 3477 3071 3529; x_wconf 84' lang='lat' dir='ltr'>corde</span> <span class='ocrx_word' id='word_1_697' title='bbox 3125 3479 3470 3543; x_wconf 84' lang='lat' dir='ltr'>suscepimus,</span> <span class='ocrx_word' id='word_1_698' title='bbox 3518 3482 3567 3531; x_wconf 89' lang='lat' dir='ltr'>et</span> <span class='ocrx_word' id='word_1_699' title='bbox 3632 3492 3732 3542; x_wconf 83' lang='lat' dir='ltr'>per</span> <span class='ocrx_word' id='word_1_700' title='bbox 3782 3492 3888 3531; x_wconf 84' lang='lat' dir='ltr'>au-</span> 
     </span>
    </p>
   </div>
   <div class='ocr_carea' id='block_1_100' title="bbox 2160 3546 3888 3615">
    <p class='ocr_par' dir='ltr' id='par_1_100' title="bbox 2160 3546 3888 3615">
     <span class='ocr_line' id='line_1_100' title="bbox 2160 3546 3888 3615; baseline 0.003 -17"><span class='ocrx_word' id='word_1_701' title='bbox 2160 3548 2490 3610; x_wconf 84' lang='lat' dir='ltr'>ctoritatem,</span> <span class='ocrx_word' id='word_1_702' title='bbox 2556 3560 2726 3612; x_wconf 86' lang='lat' dir='ltr'>quam</span> <span class='ocrx_word' id='word_1_703' title='bbox 2765 3546 3024 3600; x_wconf 83' lang='lat' dir='ltr'>habemus</span> <span class='ocrx_word' id='word_1_704' title='bbox 3069 3549 3446 3612; x_wconf 85' lang='lat' dir='ltr'>principalem,</span> <span class='ocrx_word' id='word_1_705' title='bbox 3487 3550 3617 3615; x_wconf 84' lang='lat' dir='ltr'>jam</span> <span class='ocrx_word' id='word_1_706' title='bbox 3665 3550 3888 3604; x_wconf 71' lang='lat' dir='ltr'>dictum</span> 
     </span>
    </p>
   </div>
   <div class='ocr_carea' id='block_1_101' title="bbox 2159 3617 3886 3685">
    <p class='ocr_par' dir='ltr' id='par_1_101' title="bbox 2159 3617 3886 3685">
     <span class='ocr_line' id='line_1_101' title="bbox 2159 3617 3886 3685; baseline 0.003 -15"><span class='ocrx_word' id='word_1_707' title='bbox 2159 3617 2439 3671; x_wconf 88' lang='lat' dir='ltr'>abbatiam</span> <span class='ocrx_word' id='word_1_708' title='bbox 2501 3619 2810 3672; x_wconf 83' lang='lat' dir='ltr'>Romanam</span> <span class='ocrx_word' id='word_1_709' title='bbox 2864 3620 3039 3673; x_wconf 86' lang='lat' dir='ltr'>eidem</span> <span class='ocrx_word' id='word_1_710' title='bbox 3110 3621 3384 3685; x_wconf 79' lang='lat' dir='ltr'>largimur</span> <span class='ocrx_word' id='word_1_711' title='bbox 3455 3622 3590 3673; x_wconf 84' lang='lat' dir='ltr'>dum</span> 
     </span>
    </p>
   </div>
   <div class='ocr_carea' id='block_1_102' title="bbox 2163 3690 3888 3757">
    <p class='ocr_par' dir='ltr' id='par_1_102' title="bbox 2163 3690 3888 3757">
     <span class='ocr_line' id='line_1_102' title="bbox 2163 3690 3888 3757; baseline 0.003 -17"><span class='ocrx_word' id='word_1_712' title='bbox 2163 3690 2298 3742; x_wconf 80' lang='lat' dir='ltr'>Cum</span> <span class='ocrx_word' id='word_1_713' title='bbox 2363 3692 2551 3742; x_wconf 87' lang='lat' dir='ltr'>autem</span> <span class='ocrx_word' id='word_1_714' title='bbox 2617 3693 2753 3742; x_wconf 87' lang='lat' dir='ltr'>Deus</span> <span class='ocrx_word' id='word_1_715' title='bbox 2819 3704 2941 3743; x_wconf 89' lang='lat' dir='ltr'>eam</span> <span class='ocrx_word' id='word_1_716' title='bbox 2982 3704 3019 3743; x_wconf 89' lang='lat' dir='ltr'>a</span> <span class='ocrx_word' id='word_1_717' title='bbox 3082 3704 3305 3755; x_wconf 89' lang='lat' dir='ltr'>corpore</span> <span class='ocrx_word' id='word_1_718' title='bbox 3355 3704 3550 3744; x_wconf 82' lang='lat' dir='ltr'>vocare</span> <span class='ocrx_word' id='word_1_719' title='bbox 3613 3692 3888 3757; x_wconf 81' lang='lat' dir='ltr'>dignatus</span> 
     </span>
    </p>
   </div>
   <div class='ocr_carea' id='block_1_103' title="bbox 2158 3759 3884 3825">
    <p class='ocr_par' dir='ltr' id='par_1_103' title="bbox 2158 3759 3884 3825">
     <span class='ocr_line' id='line_1_103' title="bbox 2158 3759 3884 3825; baseline 0.002 -14"><span class='ocrx_word' id='word_1_720' title='bbox 2158 3759 2348 3824; x_wconf 85' lang='lat' dir='ltr'>fuerit,</span> <span class='ocrx_word' id='word_1_721' title='bbox 2405 3760 2599 3814; x_wconf 84' lang='lat' dir='ltr'>habeat</span> <span class='ocrx_word' id='word_1_722' title='bbox 2649 3761 2932 3814; x_wconf 86' lang='lat' dir='ltr'>licentiam</span> <span class='ocrx_word' id='word_1_723' title='bbox 2984 3765 3035 3813; x_wconf 87' lang='lat' dir='ltr'>et</span> <span class='ocrx_word' id='word_1_724' title='bbox 3078 3775 3295 3815; x_wconf 88' lang='lat' dir='ltr'>omnem</span> <span class='ocrx_word' id='word_1_725' title='bbox 3339 3762 3659 3825; x_wconf 80' lang='lat' dir='ltr'>facultatem</span> <span class='ocrx_word' id='word_1_726' title='bbox 3704 3764 3884 3815; x_wconf 82' lang='lat' dir='ltr'>relin-</span> 
     </span>
    </p>
   </div>
   <div class='ocr_carea' id='block_1_104' title="bbox 2159 3831 3886 3900">
    <p class='ocr_par' dir='ltr' id='par_1_104' title="bbox 2159 3831 3886 3900">
     <span class='ocr_line' id='line_1_104' title="bbox 2159 3831 3886 3900; baseline 0.003 -18"><span class='ocrx_word' id='word_1_727' title='bbox 2159 3843 2323 3896; x_wconf 89' lang='lat' dir='ltr'>quere</span> <span class='ocrx_word' id='word_1_728' title='bbox 2364 3844 2487 3883; x_wconf 87' lang='lat' dir='ltr'>eam</span> <span class='ocrx_word' id='word_1_729' title='bbox 2521 3831 2821 3898; x_wconf 86' lang='lat' dir='ltr'>cuicunque</span> <span class='ocrx_word' id='word_1_730' title='bbox 2855 3833 3071 3896; x_wconf 84' lang='lat' dir='ltr'>elegerit</span> <span class='ocrx_word' id='word_1_731' title='bbox 3110 3834 3175 3886; x_wconf 85' lang='lat' dir='ltr'>de</span> <span class='ocrx_word' id='word_1_732' title='bbox 3206 3834 3321 3886; x_wconf 87' lang='lat' dir='ltr'>suis</span> <span class='ocrx_word' id='word_1_733' title='bbox 3353 3832 3666 3886; x_wconf 75' lang='lat' dir='ltr'>lueredibus.</span> <span class='ocrx_word' id='word_1_734' title='bbox 3701 3838 3886 3900; x_wconf 76' lang='lat' dir='ltr'>Atque</span> 
     </span>
    </p>
   </div>
   <div class='ocr_carea' id='block_1_105' title="bbox 2156 3902 3889 3969">
    <p class='ocr_par' dir='ltr' id='par_1_105' title="bbox 2156 3902 3889 3969">
     <span class='ocr_line' id='line_1_105' title="bbox 2156 3902 3889 3969; baseline 0.002 -16"><span class='ocrx_word' id='word_1_735' title='bbox 2156 3905 2218 3954; x_wconf 87' lang='lat' dir='ltr'>ut</span> <span class='ocrx_word' id='word_1_736' title='bbox 2271 3902 2378 3953; x_wconf 74' lang='lat' dir='ltr'>haec</span> <span class='ocrx_word' id='word_1_737' title='bbox 2425 3907 2615 3956; x_wconf 87' lang='lat' dir='ltr'>nostra</span> <span class='ocrx_word' id='word_1_738' title='bbox 2654 3904 2875 3968; x_wconf 82' lang='lat' dir='ltr'>largitio</span> <span class='ocrx_word' id='word_1_739' title='bbox 2916 3904 3134 3969; x_wconf 76' lang='lat' dir='ltr'>ﬁrmior</span> <span class='ocrx_word' id='word_1_740' title='bbox 3179 3903 3463 3967; x_wconf 76' lang='lat' dir='ltr'>habeatur,</span> <span class='ocrx_word' id='word_1_741' title='bbox 3513 3908 3565 3959; x_wconf 81' lang='lat' dir='ltr'>et</span> <span class='ocrx_word' id='word_1_742' title='bbox 3613 3918 3715 3969; x_wconf 82' lang='lat' dir='ltr'>per</span> <span class='ocrx_word' id='word_1_743' title='bbox 3750 3918 3889 3957; x_wconf 69' lang='lat' dir='ltr'>cun-</span> 
     </span>
    </p>
   </div>
   <div class='ocr_carea' id='block_1_106' title="bbox 2157 3973 3887 4037">
    <p class='ocr_par' dir='ltr' id='par_1_106' title="bbox 2157 3973 3887 4037">
     <span class='ocr_line' id='line_1_106' title="bbox 2157 3973 3887 4037; baseline 0.002 -12"><span class='ocrx_word' id='word_1_744' title='bbox 2157 3977 2244 4026; x_wconf 90' lang='lat' dir='ltr'>eta</span> <span class='ocrx_word' id='word_1_745' title='bbox 2292 3973 2484 4025; x_wconf 62' lang='lat' dir='ltr'>sacula</span> <span class='ocrx_word' id='word_1_746' title='bbox 2527 3977 2836 4028; x_wconf 83' lang='lat' dir='ltr'>inconuulse</span> <span class='ocrx_word' id='word_1_747' title='bbox 2877 3980 3139 4037; x_wconf 83' lang='lat' dir='ltr'>servetur,</span> <span class='ocrx_word' id='word_1_748' title='bbox 3200 3986 3371 4029; x_wconf 87' lang='lat' dir='ltr'>manu</span> <span class='ocrx_word' id='word_1_749' title='bbox 3420 3980 3612 4029; x_wconf 86' lang='lat' dir='ltr'>nostra</span> <span class='ocrx_word' id='word_1_750' title='bbox 3657 3976 3887 4029; x_wconf 74' lang='lat' dir='ltr'>subter-</span> 
     </span>
    </p>
   </div>
   <div class='ocr_carea' id='block_1_107' title="bbox 2157 4044 3887 4125">
    <p class='ocr_par' dir='ltr' id='par_1_107' title="bbox 2157 4044 3887 4125">
     <span class='ocr_line' id='line_1_107' title="bbox 2157 4044 3887 4125; baseline 0.003 -31"><span class='ocrx_word' id='word_1_751' title='bbox 2157 4044 2521 4125; x_wconf 74' lang='lat' dir='ltr'>ﬁrmavimus,</span> <span class='ocrx_word' id='word_1_752' title='bbox 2583 4047 2633 4098; x_wconf 90' lang='lat' dir='ltr'>et</span> <span class='ocrx_word' id='word_1_753' title='bbox 2680 4045 2746 4097; x_wconf 87' lang='lat' dir='ltr'>de</span> <span class='ocrx_word' id='word_1_754' title='bbox 2783 4047 2985 4100; x_wconf 83' lang='lat' dir='ltr'>annuli</span> <span class='ocrx_word' id='word_1_755' title='bbox 3030 4047 3207 4100; x_wconf 89' lang='lat' dir='ltr'>nostri</span> <span class='ocrx_word' id='word_1_756' title='bbox 3247 4046 3600 4111; x_wconf 80' lang='lat' dir='ltr'>impressione</span> <span class='ocrx_word' id='word_1_757' title='bbox 3634 4047 3887 4111; x_wconf 67' lang='grc' dir='ltr'>εἰναλίη-ἰ</span> 
     </span>
    </p>
   </div>
   <div class='ocr_carea' id='block_1_108' title="bbox 2161 4126 2535 4178">
    <p class='ocr_par' dir='ltr' id='par_1_108' title="bbox 2161 4126 2535 4178">
     <span class='ocr_line' id='line_1_108' title="bbox 2161 4126 2535 4178; baseline 0.003 -13"><span class='ocrx_word' id='word_1_758' title='bbox 2161 4126 2509 4178; x_wconf 68' lang='lat' dir='ltr'>praecipimus</span> <span class='ocrx_word' id='word_1_759' title='bbox 2520 4151 2535 4166; x_wconf 91' lang='lat'>.</span> 
     </span>
    </p>
   </div>
   <div class='ocr_carea' id='block_1_109' title="bbox 2219 4185 3220 4253">
    <p class='ocr_par' dir='ltr' id='par_1_109' title="bbox 2219 4185 3220 4253">
     <span class='ocr_line' id='line_1_109' title="bbox 2219 4185 3220 4253; baseline 0.004 -16"><span class='ocrx_word' id='word_1_760' title='bbox 2219 4185 2452 4249; x_wconf 84' lang='lat' dir='ltr'>Signum</span> <span class='ocrx_word' id='word_1_761' title='bbox 2492 4185 2758 4249; x_wconf 81' lang='lat' dir='ltr'>Rodulphi</span> <span class='ocrx_word' id='word_1_762' title='bbox 2790 4186 3027 4250; x_wconf 85' lang='lat' dir='ltr'>piissimi</span> <span class='ocrx_word' id='word_1_763' title='bbox 3060 4189 3220 4253; x_wconf 84' lang='lat' dir='ltr'>regis.</span> 
     </span>
    </p>
   </div>
   <div class='ocr_carea' id='block_1_110' title="bbox 2219 4254 3883 4327">
    <p class='ocr_par' dir='ltr' id='par_1_110' title="bbox 2219 4254 3883 4327">
     <span class='ocr_line' id='line_1_110' title="bbox 2219 4254 3883 4327; baseline 0.006 -22"><span class='ocrx_word' id='word_1_764' title='bbox 2219 4254 2580 4327; x_wconf 78' lang='lat' dir='ltr'>Berengarius</span> <span class='ocrx_word' id='word_1_765' title='bbox 2629 4261 2882 4311; x_wconf 87' lang='lat' dir='ltr'>notarius</span> <span class='ocrx_word' id='word_1_766' title='bbox 2915 4262 2989 4312; x_wconf 85' lang='lat' dir='ltr'>ad</span> <span class='ocrx_word' id='word_1_767' title='bbox 3027 4261 3199 4313; x_wconf 83' lang='lat' dir='ltr'>vicem</span> <span class='ocrx_word' id='word_1_768' title='bbox 3249 4258 3562 4314; x_wconf 80' lang='lat' dir='ltr'>Theoderici</span> <span class='ocrx_word' id='word_1_769' title='bbox 3594 4260 3883 4327; x_wconf 63' lang='lat' dir='ltr'>erdriepi-</span> 
     </span>
    </p>
   </div>
   <div class='ocr_carea' id='block_1_111' title="bbox 2155 4326 3970 4396">
    <p class='ocr_par' dir='ltr' id='par_1_111' title="bbox 2155 4326 3970 4396">
     <span class='ocr_line' id='line_1_111' title="bbox 2155 4326 3970 4396; baseline 0.004 -17"><span class='ocrx_word' id='word_1_770' title='bbox 2155 4326 2303 4389; x_wconf 88' lang='lat' dir='ltr'>scopi</span> <span class='ocrx_word' id='word_1_771' title='bbox 2328 4331 2376 4379; x_wconf 88' lang='lat' dir='ltr'>et</span> <span class='ocrx_word' id='word_1_772' title='bbox 2411 4329 2727 4380; x_wconf 80' lang='lat' dir='ltr'>canceltarii</span> <span class='ocrx_word' id='word_1_773' title='bbox 2757 4331 3056 4396; x_wconf 81' lang='lat' dir='ltr'>recognovi.</span> <span class='ocrx_word' id='word_1_774' title='bbox 3964 4372 3970 4377; x_wconf 68' lang='lat'>.</span> 
     </span>
    </p>
   </div>
   <div class='ocr_carea' id='block_1_112' title="bbox 2221 4397 3881 4467">
    <p class='ocr_par' dir='ltr' id='par_1_112' title="bbox 2221 4397 3881 4467">
     <span class='ocr_line' id='line_1_112' title="bbox 2221 4397 3881 4467; baseline 0.003 -18"><span class='ocrx_word' id='word_1_775' title='bbox 2221 4397 2426 4450; x_wconf 87' lang='lat' dir='ltr'>Datum</span> <span class='ocrx_word' id='word_1_776' title='bbox 2457 4412 2511 4450; x_wconf 84' lang='lat' dir='ltr'>Iv</span> <span class='ocrx_word' id='word_1_777' title='bbox 2539 4400 2668 4451; x_wconf 86' lang='lat' dir='ltr'>Idus</span> <span class='ocrx_word' id='word_1_778' title='bbox 2687 4401 2884 4454; x_wconf 76' lang='lat' dir='ltr'>Junius</span> <span class='ocrx_word' id='word_1_779' title='bbox 2920 4414 3067 4454; x_wconf 87' lang='lat' dir='ltr'>anno</span> <span class='ocrx_word' id='word_1_780' title='bbox 3095 4403 3152 4453; x_wconf 89' lang='lat' dir='ltr'>lO</span> <span class='ocrx_word' id='word_1_781' title='bbox 3177 4402 3417 4466; x_wconf 85' lang='lat' dir='ltr'>propitio</span> <span class='ocrx_word' id='word_1_782' title='bbox 3446 4403 3713 4466; x_wconf 81' lang='lat' dir='ltr'>Rodutphi</span> <span class='ocrx_word' id='word_1_783' title='bbox 3742 4403 3881 4467; x_wconf 80' lang='lat' dir='ltr'>piis-</span> 
     </span>
    </p>
   </div>
   <div class='ocr_carea' id='block_1_113' title="bbox 2158 4467 3882 4535">
    <p class='ocr_par' dir='ltr' id='par_1_113' title="bbox 2158 4467 3882 4535">
     <span class='ocr_line' id='line_1_113' title="bbox 2158 4467 3882 4535; baseline 0.004 -15"><span class='ocrx_word' id='word_1_784' title='bbox 2158 4467 2289 4520; x_wconf 86' lang='lat' dir='ltr'>simi</span> <span class='ocrx_word' id='word_1_785' title='bbox 2329 4470 2470 4533; x_wconf 87' lang='lat' dir='ltr'>regis</span> <span class='ocrx_word' id='word_1_786' title='bbox 2522 4473 2565 4531; x_wconf 89' lang='grc' dir='ltr'>Ι,</span> <span class='ocrx_word' id='word_1_787' title='bbox 2623 4484 2770 4523; x_wconf 88' lang='lat' dir='ltr'>anno</span> <span class='ocrx_word' id='word_1_788' title='bbox 2817 4472 2884 4524; x_wconf 89' lang='lat' dir='ltr'>ab</span> <span class='ocrx_word' id='word_1_789' title='bbox 2928 4473 3321 4526; x_wconf 82' lang='lat' dir='ltr'>Incamatione</span> <span class='ocrx_word' id='word_1_790' title='bbox 3364 4474 3586 4528; x_wconf 80' lang='lat' dir='ltr'>Domini</span> <span class='ocrx_word' id='word_1_791' title='bbox 3625 4476 3743 4535; x_wconf 80' lang='lat'>988,</span> <span class='ocrx_word' id='word_1_792' title='bbox 3779 4477 3882 4527; x_wconf 77' lang='lat' dir='ltr'>In-</span> 
     </span>
    </p>
   </div>
   <div class='ocr_carea' id='block_1_114' title="bbox 2090 4516 3512 4598">
    <p class='ocr_par' dir='ltr' id='par_1_114' title="bbox 2090 4516 3512 4598">
     <span class='ocr_line' id='line_1_114' title="bbox 2090 4516 3512 4598; baseline 0.005 -7"><span class='ocrx_word' id='word_1_793' title='bbox 2090 4516 2140 4575; x_wconf 84' lang='lat' dir='ltr'>D</span> <span class='ocrx_word' id='word_1_794' title='bbox 2160 4516 2285 4595; x_wconf 63' lang='lat' dir='ltr'>aith</span> <span class='ocrx_word' id='word_1_795' title='bbox 2320 4516 2613 4593; x_wconf 37' lang='lat' dir='ltr'>viiii—ctum</span> <span class='ocrx_word' id='word_1_796' title='bbox 2624 4516 2910 4595; x_wconf 42' lang='lat' dir='ltr'>“Virbius—in</span> 
     </span>
    </p>
   </div>
   <div class='ocr_carea' id='block_1_115' title="bbox 2224 4613 3879 4679">
    <p class='ocr_par' dir='ltr' id='par_1_115' title="bbox 2224 4613 3879 4679">
     <span class='ocr_line' id='line_1_115' title="bbox 2224 4613 3879 4679; baseline 0.004 -16"><span class='ocrx_word' id='word_1_797' title='bbox 2224 4614 2489 4677; x_wconf 87' lang='lat' dir='ltr'>Quidquid</span> <span class='ocrx_word' id='word_1_798' title='bbox 2512 4613 2597 4672; x_wconf 91' lang='lat' dir='ltr'>sit,</span> <span class='ocrx_word' id='word_1_799' title='bbox 2631 4617 2683 4665; x_wconf 91' lang='lat' dir='ltr'>et</span> <span class='ocrx_word' id='word_1_800' title='bbox 2717 4613 2841 4665; x_wconf 78' lang='lat' dir='ltr'>data</span> <span class='ocrx_word' id='word_1_801' title='bbox 2869 4619 3120 4679; x_wconf 81' lang='lat' dir='ltr'>praecepti</span> <span class='ocrx_word' id='word_1_802' title='bbox 3151 4616 3443 4668; x_wconf 75' lang='lat' dir='ltr'>Romanum</span> <span class='ocrx_word' id='word_1_803' title='bbox 3476 4619 3879 4670; x_wconf 76' lang='lat' dir='ltr'>monasterium</span> 
     </span>
    </p>
   </div>
   <div class='ocr_carea' id='block_1_116' title="bbox 2161 4684 3875 4751">
    <p class='ocr_par' dir='ltr' id='par_1_116' title="bbox 2161 4684 3875 4751">
     <span class='ocr_line' id='line_1_116' title="bbox 2161 4684 3875 4751; baseline 0.004 -15"><span class='ocrx_word' id='word_1_804' title='bbox 2161 4685 2271 4738; x_wconf 76' lang='lat' dir='ltr'>alio</span> <span class='ocrx_word' id='word_1_805' title='bbox 2294 4698 2456 4751; x_wconf 86' lang='lat' dir='ltr'>quam</span> <span class='ocrx_word' id='word_1_806' title='bbox 2491 4684 2729 4736; x_wconf 86' lang='lat' dir='ltr'>Odilonls</span> <span class='ocrx_word' id='word_1_807' title='bbox 2763 4688 3011 4749; x_wconf 87' lang='lat' dir='ltr'>tempore</span> <span class='ocrx_word' id='word_1_808' title='bbox 3034 4685 3402 4738; x_wconf 84' lang='lat' dir='ltr'>Cluniacensis</span> <span class='ocrx_word' id='word_1_809' title='bbox 3427 4688 3658 4740; x_wconf 77' lang='lat' dir='ltr'>cmuobil</span> <span class='ocrx_word' id='word_1_810' title='bbox 3684 4701 3875 4742; x_wconf 88' lang='lat' dir='ltr'>mem-</span> 
     </span>
    </p>
   </div>
   <div class='ocr_carea' id='block_1_117' title="bbox 2162 4754 3879 4824">
    <p class='ocr_par' dir='ltr' id='par_1_117' title="bbox 2162 4754 3879 4824">
     <span class='ocr_line' id='line_1_117' title="bbox 2162 4754 3879 4824; baseline 0.003 -18"><span class='ocrx_word' id='word_1_811' title='bbox 2162 4754 2319 4808; x_wconf 85' lang='lat' dir='ltr'>brum</span> <span class='ocrx_word' id='word_1_812' title='bbox 2344 4756 2463 4808; x_wconf 86' lang='lat' dir='ltr'>fierl</span> <span class='ocrx_word' id='word_1_813' title='bbox 2488 4768 2597 4807; x_wconf 90' lang='lat' dir='ltr'>non</span> <span class='ocrx_word' id='word_1_814' title='bbox 2632 4756 2877 4819; x_wconf 86' lang='lat' dir='ltr'>potuisse</span> <span class='ocrx_word' id='word_1_815' title='bbox 2908 4756 3257 4816; x_wconf 87' lang='lat' dir='ltr'>demonstrat,</span> <span class='ocrx_word' id='word_1_816' title='bbox 3292 4763 3347 4809; x_wconf 87' lang='lat' dir='ltr'>et</span> <span class='ocrx_word' id='word_1_817' title='bbox 3374 4769 3682 4824; x_wconf 72' lang='lat' dir='ltr'>auonymus</span> <span class='ocrx_word' id='word_1_818' title='bbox 3709 4760 3879 4812; x_wconf 72' lang='lat' dir='ltr'>Silvi—</span> 
     </span>
    </p>
   </div>
   <div class='ocr_carea' id='block_1_118' title="bbox 2164 4825 3883 4893">
    <p class='ocr_par' dir='ltr' id='par_1_118' title="bbox 2164 4825 3883 4893">
     <span class='ocr_line' id='line_1_118' title="bbox 2164 4825 3883 4893; baseline 0.003 -15"><span class='ocrx_word' id='word_1_819' title='bbox 2164 4826 2307 4878; x_wconf 87' lang='lat' dir='ltr'>niaci</span> <span class='ocrx_word' id='word_1_820' title='bbox 2339 4825 2636 4877; x_wconf 86' lang='lat' dir='ltr'>monachus</span> <span class='ocrx_word' id='word_1_821' title='bbox 2674 4826 2740 4877; x_wconf 84' lang='lat' dir='ltr'>ab</span> <span class='ocrx_word' id='word_1_822' title='bbox 2774 4827 2964 4879; x_wconf 90' lang='lat' dir='ltr'>eodem</span> <span class='ocrx_word' id='word_1_823' title='bbox 3011 4828 3131 4893; x_wconf 90' lang='lat' dir='ltr'>ipso</span> <span class='ocrx_word' id='word_1_824' title='bbox 3175 4826 3398 4880; x_wconf 80' lang='lat' dir='ltr'>Odilone</span> <span class='ocrx_word' id='word_1_825' title='bbox 3428 4829 3817 4883; x_wconf 74' lang='lat' dir='ltr'>resediﬁcatum</span> <span class='ocrx_word' id='word_1_826' title='bbox 3844 4844 3883 4883; x_wconf 77' lang='grc' dir='ltr'><strong><em>ι</em></strong></span> 
     </span>
    </p>
   </div>
   <div class='ocr_carea' id='block_1_119' title="bbox 2167 4896 2721 4950">
    <p class='ocr_par' dir='ltr' id='par_1_119' title="bbox 2167 4896 2721 4950">
     <span class='ocr_line' id='line_1_119' title="bbox 2167 4896 2721 4950; baseline 0 -1"><span class='ocrx_word' id='word_1_827' title='bbox 2167 4896 2335 4950; x_wconf 85' lang='lat' dir='ltr'>fundo</span> <span class='ocrx_word' id='word_1_828' title='bbox 2357 4900 2606 4948; x_wconf 87' lang='lat' dir='ltr'>testatur.</span> <span class='ocrx_word' id='word_1_829' title='bbox 2640 4896 2721 4949; x_wconf 84' lang='lat' dir='ltr'>In.</span> 
     </span>
    </p>
   </div>
   <div class='ocr_carea' id='block_1_120' title="bbox 2233 4967 3886 5034">
    <p class='ocr_par' dir='ltr' id='par_1_120' title="bbox 2233 4967 3886 5034">
     <span class='ocr_line' id='line_1_120' title="bbox 2233 4967 3886 5034; baseline 0.002 -14"><span class='ocrx_word' id='word_1_830' title='bbox 2233 4970 2362 5030; x_wconf 74' lang='grc'><strong>(144)</strong></span> <span class='ocrx_word' id='word_1_831' title='bbox 2414 4967 2473 5018; x_wconf 90' lang='lat' dir='ltr'>lu</span> <span class='ocrx_word' id='word_1_832' title='bbox 2531 4981 2638 5033; x_wconf 89' lang='lat' dir='ltr'>qua</span> <span class='ocrx_word' id='word_1_833' title='bbox 2677 4969 2900 5034; x_wconf 81' lang='lat' dir='ltr'>antiqua</span> <span class='ocrx_word' id='word_1_834' title='bbox 2943 4971 2999 5021; x_wconf 88' lang='lat' dir='ltr'>et</span> <span class='ocrx_word' id='word_1_835' title='bbox 3036 4967 3236 5021; x_wconf 87' lang='lat' dir='ltr'>nobilis</span> <span class='ocrx_word' id='word_1_836' title='bbox 3283 4972 3456 5022; x_wconf 88' lang='lat' dir='ltr'>sancti</span> <span class='ocrx_word' id='word_1_837' title='bbox 3500 4970 3734 5023; x_wconf 82' lang='lat' dir='ltr'>Victoris</span> <span class='ocrx_word' id='word_1_838' title='bbox 3776 4983 3886 5024; x_wconf 85' lang='lat' dir='ltr'>ec-</span> 
     </span>
    </p>
   </div>
   <div class='ocr_carea' id='block_1_121' title="bbox 2168 5038 3886 5105">
    <p class='ocr_par' dir='ltr' id='par_1_121' title="bbox 2168 5038 3886 5105">
     <span class='ocr_line' id='line_1_121' title="bbox 2168 5038 3886 5105; baseline 0.002 -14"><span class='ocrx_word' id='word_1_839' title='bbox 2168 5038 2352 5103; x_wconf 83' lang='lat' dir='ltr'>clesia,</span> <span class='ocrx_word' id='word_1_840' title='bbox 2401 5051 2521 5103; x_wconf 83' lang='lat' dir='ltr'>quae</span> <span class='ocrx_word' id='word_1_841' title='bbox 2572 5045 2625 5092; x_wconf 91' lang='lat' dir='ltr'>et</span> <span class='ocrx_word' id='word_1_842' title='bbox 2677 5042 2794 5105; x_wconf 87' lang='lat' dir='ltr'>ipsa</span> <span class='ocrx_word' id='word_1_843' title='bbox 2829 5041 2970 5103; x_wconf 83' lang='lat' dir='ltr'>juris</span> <span class='ocrx_word' id='word_1_844' title='bbox 3013 5039 3397 5103; x_wconf 86' lang='lat' dir='ltr'>Cluniacensis,</span> <span class='ocrx_word' id='word_1_845' title='bbox 3450 5045 3504 5095; x_wconf 85' lang='lat' dir='ltr'>et</span> <span class='ocrx_word' id='word_1_846' title='bbox 3555 5040 3624 5093; x_wconf 80' lang='lat' dir='ltr'>ab</span> <span class='ocrx_word' id='word_1_847' title='bbox 3683 5043 3886 5095; x_wconf 85' lang='lat' dir='ltr'>eodem</span> 
     </span>
    </p>
   </div>
   <div class='ocr_carea' id='block_1_122' title="bbox 2170 5110 3885 5176">
    <p class='ocr_par' dir='ltr' id='par_1_122' title="bbox 2170 5110 3885 5176">
     <span class='ocr_line' id='line_1_122' title="bbox 2170 5110 3885 5176; baseline 0.002 -14"><span class='ocrx_word' id='word_1_848' title='bbox 2170 5123 2360 5163; x_wconf 90' lang='lat' dir='ltr'>rursus</span> <span class='ocrx_word' id='word_1_849' title='bbox 2411 5110 2635 5164; x_wconf 82' lang='lat' dir='ltr'>Odilone</span> <span class='ocrx_word' id='word_1_850' title='bbox 2683 5116 2951 5176; x_wconf 85' lang='lat' dir='ltr'>reparata,</span> <span class='ocrx_word' id='word_1_851' title='bbox 3004 5110 3145 5163; x_wconf 86' lang='lat' dir='ltr'>sicut</span> <span class='ocrx_word' id='word_1_852' title='bbox 3204 5112 3346 5164; x_wconf 73' lang='lat' dir='ltr'>ldrm</span> <span class='ocrx_word' id='word_1_853' title='bbox 3397 5111 3698 5166; x_wconf 82' lang='lat' dir='ltr'>monachus</span> <span class='ocrx_word' id='word_1_854' title='bbox 3735 5113 3885 5165; x_wconf 71' lang='lat' dir='ltr'>amr-</span> 
     </span>
    </p>
   </div>
   <div class='ocr_carea' id='block_1_123' title="bbox 2168 5182 2404 5234">
    <p class='ocr_par' dir='ltr' id='par_1_123' title="bbox 2168 5182 2404 5234">
     <span class='ocr_line' id='line_1_123' title="bbox 2168 5182 2404 5234; baseline -0.013 0"><span class='ocrx_word' id='word_1_855' title='bbox 2168 5185 2296 5234; x_wconf 89' lang='lat' dir='ltr'>mat.</span> <span class='ocrx_word' id='word_1_856' title='bbox 2328 5182 2404 5233; x_wconf 84' lang='lat' dir='ltr'>In.</span> 
     </span>
    </p>
   </div>
   <div class='ocr_carea' id='block_1_124' title="bbox 2235 5249 3890 5321">
    <p class='ocr_par' dir='ltr' id='par_1_124' title="bbox 2235 5249 3890 5321">
     <span class='ocr_line' id='line_1_124' title="bbox 2235 5249 3890 5321; baseline 0.001 -16"><span class='ocrx_word' id='word_1_857' title='bbox 2235 5251 2572 5305; x_wconf 86' lang='lat' dir='ltr'>Dnchesnius</span> <span class='ocrx_word' id='word_1_858' title='bbox 2606 5251 2738 5321; x_wconf 76' lang='lat' dir='ltr'>legit</span> <span class='ocrx_word' id='word_1_859' title='bbox 2777 5253 2846 5305; x_wconf 80' lang='lat' dir='ltr'>ad</span> <span class='ocrx_word' id='word_1_860' title='bbox 2899 5249 3230 5308; x_wconf 88' lang='lat' dir='ltr'>Genuensem</span> <span class='ocrx_word' id='word_1_861' title='bbox 3278 5254 3486 5316; x_wconf 87' lang='lat' dir='ltr'>urbem,</span> <span class='ocrx_word' id='word_1_862' title='bbox 3543 5267 3665 5321; x_wconf 68' lang='lat' dir='ltr'>qua</span> <span class='ocrx_word' id='word_1_863' title='bbox 3717 5253 3890 5306; x_wconf 83' lang='lat' dir='ltr'>intel-</span> 
     </span>
    </p>
   </div>
   <div class='ocr_carea' id='block_1_125' title="bbox 2172 5323 3887 5390">
    <p class='ocr_par' dir='ltr' id='par_1_125' title="bbox 2172 5323 3887 5390">
     <span class='ocr_line' id='line_1_125' title="bbox 2172 5323 3887 5390; baseline 0 -13"><span class='ocrx_word' id='word_1_864' title='bbox 2172 5324 2267 5389; x_wconf 87' lang='lat' dir='ltr'>ligi</span> <span class='ocrx_word' id='word_1_865' title='bbox 2303 5326 2479 5388; x_wconf 88' lang='lat' dir='ltr'>potest</span> <span class='ocrx_word' id='word_1_866' title='bbox 2522 5335 2620 5386; x_wconf 88' lang='lat' dir='ltr'>pro</span> <span class='ocrx_word' id='word_1_867' title='bbox 2651 5323 2855 5388; x_wconf 84' lang='lat' dir='ltr'>Genua,</span> <span class='ocrx_word' id='word_1_868' title='bbox 2890 5336 2985 5378; x_wconf 86' lang='lat' dir='ltr'>seu</span> <span class='ocrx_word' id='word_1_869' title='bbox 3024 5328 3211 5378; x_wconf 74' lang='lat' dir='ltr'>Ianua</span> <span class='ocrx_word' id='word_1_870' title='bbox 3244 5326 3405 5388; x_wconf 82' lang='lat' dir='ltr'>dicta,</span> <span class='ocrx_word' id='word_1_871' title='bbox 3441 5325 3606 5390; x_wconf 80' lang='lat' dir='ltr'>vulgo</span> <span class='ocrx_word' id='word_1_872' title='bbox 3643 5323 3887 5378; x_wconf 67' lang='lat' dir='ltr'>Genava.</span> 
     </span>
    </p>
   </div>
   <div class='ocr_carea' id='block_1_126' title="bbox 2174 5393 3893 5463">
    <p class='ocr_par' dir='ltr' id='par_1_126' title="bbox 2174 5393 3893 5463">
     <span class='ocr_line' id='line_1_126' title="bbox 2174 5393 3893 5463; baseline 0.002 -16"><span class='ocrx_word' id='word_1_873' title='bbox 2174 5397 2414 5449; x_wconf 76' lang='lat' dir='ltr'>Attamen</span> <span class='ocrx_word' id='word_1_874' title='bbox 2471 5393 2538 5447; x_wconf 90' lang='lat' dir='ltr'>de</span> <span class='ocrx_word' id='word_1_875' title='bbox 2601 5394 2939 5448; x_wconf 89' lang='lat' dir='ltr'>Gebennensl</span> <span class='ocrx_word' id='word_1_876' title='bbox 3006 5396 3162 5459; x_wconf 81' lang='lat' dir='ltr'>urbe,</span> <span class='ocrx_word' id='word_1_877' title='bbox 3235 5399 3403 5463; x_wconf 74' lang='lat' dir='ltr'>vulgo</span> <span class='ocrx_word' id='word_1_878' title='bbox 3468 5393 3726 5455; x_wconf 80' lang='lat' dir='ltr'>Gineura,</span> <span class='ocrx_word' id='word_1_879' title='bbox 3794 5393 3893 5450; x_wconf 71' lang='lat' dir='ltr'>hic</span> 
     </span>
    </p>
   </div>
   <div class='ocr_carea' id='block_1_127' title="bbox 2175 5467 3892 5522">
    <p class='ocr_par' dir='ltr' id='par_1_127' title="bbox 2175 5467 3892 5522">
     <span class='ocr_line' id='line_1_127' title="bbox 2175 5467 3892 5522; baseline 0.001 -3"><span class='ocrx_word' id='word_1_880' title='bbox 2175 5477 2484 5520; x_wconf 88' lang='lat' dir='ltr'>sermonem</span> <span class='ocrx_word' id='word_1_881' title='bbox 2536 5477 2660 5520; x_wconf 87' lang='lat' dir='ltr'>esse</span> <span class='ocrx_word' id='word_1_882' title='bbox 2705 5468 2838 5518; x_wconf 86' lang='lat' dir='ltr'>satis</span> <span class='ocrx_word' id='word_1_883' title='bbox 2891 5471 3103 5521; x_wconf 87' lang='lat' dir='ltr'>constat</span> <span class='ocrx_word' id='word_1_884' title='bbox 3155 5480 3225 5521; x_wconf 82' lang='lat' dir='ltr'>ex</span> <span class='ocrx_word' id='word_1_885' title='bbox 3275 5469 3433 5522; x_wconf 85' lang='lat' dir='ltr'>dictis</span> <span class='ocrx_word' id='word_1_886' title='bbox 3485 5480 3520 5520; x_wconf 74' lang='grc' dir='ltr'>ι</span> <span class='ocrx_word' id='word_1_887' title='bbox 3576 5467 3892 5521; x_wconf 65' lang='lat' dir='ltr'>[abilloqu</span> 
     </span>
    </p>
   </div>
   <div class='ocr_carea' id='block_1_128' title="bbox 2175 5537 3892 5604">
    <p class='ocr_par' dir='ltr' id='par_1_128' title="bbox 2175 5537 3892 5604">
     <span class='ocr_line' id='line_1_128' title="bbox 2175 5537 3892 5604; baseline 0 -14"><span class='ocrx_word' id='word_1_888' title='bbox 2175 5537 2234 5590; x_wconf 88' lang='lat' dir='ltr'>in</span> <span class='ocrx_word' id='word_1_889' title='bbox 2282 5537 2465 5602; x_wconf 82' lang='lat' dir='ltr'>Elogio</span> <span class='ocrx_word' id='word_1_890' title='bbox 2507 5539 2676 5593; x_wconf 89' lang='lat' dir='ltr'>sancti</span> <span class='ocrx_word' id='word_1_891' title='bbox 2719 5537 2973 5601; x_wconf 86' lang='lat' dir='ltr'>Odilonis,</span> <span class='ocrx_word' id='word_1_892' title='bbox 3010 5552 3068 5591; x_wconf 89' lang='lat' dir='ltr'>n.</span> <span class='ocrx_word' id='word_1_893' title='bbox 3116 5538 3198 5598; x_wconf 74' lang='grc'>74,</span> <span class='ocrx_word' id='word_1_894' title='bbox 3247 5551 3373 5593; x_wconf 64' lang='lat' dir='ltr'>saec.</span> <span class='ocrx_word' id='word_1_895' title='bbox 3417 5551 3496 5602; x_wconf 75' lang='lat' dir='ltr'>vr,</span> <span class='ocrx_word' id='word_1_896' title='bbox 3542 5551 3597 5604; x_wconf 73' lang='grc' dir='ltr'>ι).</span> <span class='ocrx_word' id='word_1_897' title='bbox 3646 5551 3689 5592; x_wconf 75' lang='grc' dir='ltr'>ι.</span> <span class='ocrx_word' id='word_1_898' title='bbox 3732 5540 3892 5591; x_wconf 77' lang='grc' dir='ltr'>Διω-</span> 
     </span>
    </p>
   </div>
   <div class='ocr_carea' id='block_1_129' title="bbox 2176 5620 2380 5663">
    <p class='ocr_par' dir='ltr' id='par_1_129' title="bbox 2176 5620 2380 5663">
     <span class='ocr_line' id='line_1_129' title="bbox 2176 5620 2380 5663; baseline -0.02 0"><span class='ocrx_word' id='word_1_899' title='bbox 2176 5620 2380 5663; x_wconf 79' lang='lat' dir='ltr'>mus.</span> 
     </span>
    </p>
   </div>
  </div>
