4108 6206
292 318 395 380 941
1688 322 1883 387 ,νΙΤΑ
1925 322 1983 383 S.

2127 323 2396 386 ILONIS.
3410 354 3411 357 ‘
3596 390 3601 396 .
3699 339 3803 398 942

295 444 609 519 hospitium
644 444 917 517 subeunt,
949 450 1186 520 cerpora
1219 447 1365 505 fessa
1388 447 1675 517 reﬁciunt,
1709 454 1764 505 et
1788 450 2078 509 uoctur-A
2100 447 2215 506 rire
2255 456 2575 508 creaturam
2606 467 2771 510 suam
2810 452 2919 512 sub
2961 453 3135 527 hujus
3172 456 3385 516 furoris
3416 458 3647 518 insania
3687 478 3801 521 non

292 549 371 593 no
416 532 665 606 soporati
703 533 936 594 silentio
977 534 1343 608 quieverunt.
1387 534 1554 592 Mane
1595 540 1787 595 autem
1847 536 2010 606 facto,
2095 538 2403 610 permittat.
2438 540 2591 598 Hinc
2620 541 2693 599 ab
2730 543 2990 601 oratione
3018 559 3409 620 consurgens,
3430 548 3501 606 ad
3532 566 3667 608 eum
3699 554 3805 625 qui

295 629 522 683 mature
548 629 871 697 surgentes,
902 624 975 681 ad
1014 625 1206 683 locum
1236 623 1406 695 illum
1445 624 1707 684 celeriter
1746 624 2007 695 redeunt,
2092 626 2417 697 patiebatur
2451 629 2687 699 accedit,
2718 646 2868 703 aqua
2899 632 3369 692 sanctilicationis
3410 639 3682 712 aspergit,
3713 623 3800 697 at-

295 720 352 771 et
397 713 689 772 curiosius
726 728 976 789 quaeque
1021 712 1369 773 diverticula
1402 714 1840 786 perlustrantes,
1880 731 2009 773 om-

296 806 397 864 nia
433 821 567 880 quae
593 806 833 880 periisse
870 805 1314 880 suspicabantur
1341 805 1656 864 inveniunt
1689 824 1701 863 :
1748 822 1881 864 vasa
1912 806 2001 863 ni-

295 896 517 954 mirum
568 895 753 954 vitrea
799 893 1173 968 reperiuntur
1214 892 1434 962 illaesa;
1472 893 1780 954 deauratus
1833 897 2007 954 etiam

298 984 467 1055 liber,
501 999 634 1043 cum
691 989 919 1056 tempus
966 982 1185 1041 scilicet
1223 981 1595 1042 imbriferum
1644 984 2006 1043 inhorresce-

296 1080 403 1141 ret,
465 1089 499 1131 a
556 1072 718 1132 nulla
773 1087 1010 1146 prorsus
1066 1080 1149 1132 est
1219 1072 1554 1145 pluviarum
1625 1073 2007 1131 inundatione

294 1171 610 1224 contactus.
673 1164 768 1225 Sic
807 1165 1006 1239 itaque
1043 1163 1191 1223 beati
1253 1162 1365 1222 viri
1409 1162 1652 1233 meritis,
1694 1170 1748 1221 et
1790 1163 2006 1223 vitrum

298 1253 565 1329 frangere
616 1268 870 1328 praaceps
904 1254 1077 1311 ruina
1121 1267 1242 1310 non
1291 1251 1498 1326 potuit,
1555 1246 1609 1310 et
1658 1252 2009 1326 perfundere

293 1343 550 1402 codicem
580 1340 1004 1400 inundantium
1031 1339 1315 1400 imbrium
1343 1340 1599 1399 densitas
1626 1340 1931 1414 ignoravit.

368 1433 593 1492 Nobilis
630 1432 867 1508 quidam
906 1433 1017 1505 vir,
1055 1432 1197 1490 dum
1222 1431 1438 1506 jaceret
1473 1432 1584 1490 sub
1615 1431 1839 1503 arbore,
1871 1447 2004 1504 par-

296 1524 478 1584 ticula
515 1523 743 1582 corticis
781 1523 843 1581 in
873 1518 1002 1591 ejus
1033 1522 1271 1582 oculum
1308 1520 1532 1593 cecidit,
1561 1520 1658 1579 cui
1689 1536 1806 1581 non
1843 1520 2012 1579 modo

298 1613 501 1673 lumen
528 1614 768 1673 omnino
804 1613 1083 1686 turbavit,
1114 1614 1215 1672 sed
1244 1619 1301 1671 et
1337 1612 1586 1671 aliarum
1617 1609 2012 1670 calamitatum

298 1699 611 1774 multiplex
648 1701 877 1773 pondus
913 1700 1163 1759 invexit.
1205 1699 1351 1759 Nam
1390 1713 1525 1758 cum
1564 1698 1623 1756 id
1651 1697 1805 1772 quod
1844 1696 2014 1755 oculo

297 1790 476 1850 semel
527 1791 814 1849 insederat
855 1790 1022 1851 nullo
1055 1790 1227 1849 modo
1260 1789 1542 1864 potuisset
1577 1789 1809 1865 expelli,
1867 1788 2016 1862 fugit

298 1895 545 1939 somnus
583 1880 657 1938 ab
685 1880 902 1951 oculis;
934 1886 991 1939 et
1019 1895 1137 1938 non
1169 1879 1339 1938 modo
1361 1881 1483 1955 jam
1522 1879 1697 1940 homo
1726 1895 1847 1937 non
1876 1877 2013 1936 dor-

298 1971 470 2042 mire,
519 1970 620 2029 sed
673 1985 780 2029 nec
824 1969 971 2025 415
1018 1972 1283 2030 ciborum
1335 1970 1574 2046 quidem
1628 1970 1855 2029 valebat
1904 1968 2015 2026 ali-

299 2065 495 2118 menta
532 2060 842 2133 percipere.
890 2058 1073 2129 Quem
1110 2074 1369 2119 seorsum
1420 2060 1513 2118 vir
1555 2065 1787 2117 sanctus
1831 2057 2013 2115 addu-

294 2163 459 2220 cens,
489 2148 727 2221 siguum
754 2148 866 2208 sibi
893 2149 1081 2208 crucis
1109 2148 1420 2222 impressit,
1450 2163 1517 2206 ac
1543 2163 1678 2207 mox
1710 2145 2015 2206 insulilans

300 2253 479 2313 super
513 2236 704 2297 locum
743 2238 956 2297 doloris
1015 2238 1265 2309 halavit;
1303 2237 1513 2295 deinde
1559 2237 1899 2311 promittens
1954 2252 2015 2293 se

304 2327 589 2386 salutares
644 2342 747 2400 pro
777 2342 844 2386 eo
885 2326 1149 2387 victimas
1193 2327 1549 2398 oblaturum,
1587 2326 1750 2384 abiit.
1799 2325 2012 2383 Absce-

296 2416 470 2474 dente
522 2416 717 2491 itaque
752 2415 879 2475 viro
931 2416 1054 2488 Dei,
1088 2417 1355 2491 protinus
1407 2417 1581 2476 homo
1620 2415 1877 2474 suaviter
1909 2415 2013 2473 ob-

300 2504 621 2565 dormivit:
675 2504 963 2579 evigilans
1012 2511 1230 2578 autem,
1274 2505 1620 2580 particulam
1675 2504 1903 2563 corticis
1941 2504 2014 2562 ab

300 2593 470 2653 oculo
495 2608 615 2651 non
647 2592 771 2652 sine
803 2593 1081 2668 lanugine
1115 2594 1364 2669 quadam
1408 2593 1665 2668 projecit,
1694 2598 1748 2651 et
1777 2608 1809 2651 e
1838 2593 2016 2650 vesti-

299 2683 398 2757 gio
431 2682 616 2740 factus
642 2682 971 2752 incolumis,
1004 2681 1232 2742 nullam
1262 2684 1334 2742 de
1361 2689 1570 2742 caetero
1597 2679 1812 2740 doloris
1840 2680 2017 2754 hujus

300 2774 631 2832 molestiam
661 2774 858 2833 sensit.

374 2865 621 2925 Cuidam
659 2865 1017 2925 Turonensis
1044 2865 1319 2924 Ecclesiaa
1357 2864 1566 2923 clerico
1604 2860 1815 2921 lethale
1846 2861 2016 2921 ulcus

300 2954 366 3013 in
405 2954 642 3016 brachio
687 2956 1024 3030 pestilenter
1061 2962 1416 3026 excreverat,
1461 2962 1527 3015 ut
1576 2955 1688 3013 sibi
1736 2955 1855 3029 jam
1896 2968 2013 3010 non

301 3045 603 3120 languoris
631 3047 1061 3121 aegritudinem,
1090 3047 1188 3106 sed
1221 3048 1407 3122 ipsam
1446 3049 1637 3122 potius
1665 3046 2014 3105 intermina-

302 3140 467 3193 retur
491 3142 546 3194 et
574 3140 837 3197 mortem.
866 3138 1129 3212 Cumque
1154 3138 1242 3196 vir
1264 3138 1365 3196 Dei
1397 3135 1647 3196 Lucensi
1677 3136 1818 3209 (145)
1848 3143 2012 3195 tene-

2090 732 2222 788 que,
2271 725 2333 774 ut
2369 734 2443 775 ex
2482 734 2548 775 ea
2586 718 2762 785 bibat,
2812 720 3107 779 suadendo
3161 725 3473 797 compellit.
3523 728 3632 795 Qui
3690 744 3802 786 non

2089 806 2273 864 multo
2307 816 2430 879 post
2472 809 2543 864 ad
2584 808 2924 867 Cluniacum
2965 826 3140 870 sanus
3178 820 3233 870 et
3266 813 3579 873 incolumis
3622 819 3802 889 venit,

2090 892 2265 950 xenia
2294 894 2538 966 piscium
2567 894 2790 968 detulit,
2820 904 2873 953 ct
2897 897 3035 969 quia
3048 898 3157 955 sibi
3175 899 3521 971 plenissime
3548 905 3803 963 redditus

2088 988 2256 1052 esset,
2287 983 2500 1055 gratias
2543 985 2814 1056 referens,
2849 986 3146 1044 indicavit.

2160 1070 2330 1129 Alius
2385 1088 2615 1145 quoque
2664 1074 2834 1131 miles
2898 1076 3211 1133 ellicaciam
3261 1078 3466 1137 edendi
3522 1082 3803 1140 sermonis

2087 1161 2375 1220 amiserat.
2432 1164 2541 1221 Hic
2596 1180 2696 1238 per
2760 1166 3043 1225 visionem
3092 1169 3427 1227 admonitus
3484 1177 3569 1229 est
3634 1180 3700 1230 ut
3755 1174 3805 1231 si

2088 1265 2299 1323 aquam
2332 1267 2447 1324 qua
2476 1268 2687 1312 manus
2718 1254 2866 1313 beati
2897 1254 3161 1315 Odilonis
3184 1256 3574 1317 abluebantur
3605 1261 3803 1318 hauri—

2092 1346 2192 1405 ret,
2218 1341 2324 1398 hac
2348 1341 2457 1399 sibi
2483 1342 2755 1415 loquendi
2780 1343 2929 1402 vires
2964 1352 3019 1403 et
3043 1346 3274 1405 amissae
3300 1346 3516 1420 lingua:
3545 1348 3800 1407 ofﬁcium

2094 1431 2291 1502 procul
2340 1431 2516 1490 dubio
2558 1434 2918 1493 ret‘ormaret.
2952 1438 3120 1511 Aqua
3162 1437 3342 1509 igitur
3373 1454 3475 1511 per
3508 1441 3804 1500 ministros

2093 1518 2251 1577 ﬁdeli
2288 1521 2441 1578 furto
2479 1522 2822 1595 subripitur,
2852 1524 3032 1582 altera
3069 1527 3241 1584 etiam
3286 1543 3438 1601 aqua
3482 1545 3516 1587 a
3547 1532 3672 1589 viro
3702 1532 3804 1591 Dei

2093 1606 2393 1666 benedicta
2424 1611 2495 1668 de
2521 1611 2698 1669 calice
2727 1614 2910 1671 sancti
2948 1613 3139 1673 Maioli
3185 1623 3345 1675 muto
3375 1620 3801 1679 transmittitur.

2094 1696 2248 1764 Quas
2299 1694 2401 1755 ille
2436 1712 2571 1756 cum
2614 1699 2795 1757 nimia
2826 1700 3147 1761 devotione
3181 1705 3520 1778 suscipiens,
3574 1710 3808 1767 mutatis

2030 1784 2355 1874 avestibus
2383 1784 2677 1859 ingressus
2713 1789 3035 1863 ecclesiam,
3062 1792 3201 1865 quia
3233 1793 3438 1866 lingua
3478 1809 3597 1852 non
3643 1802 3806 1867 pute-

2097 1882 2203 1947 rat,
2263 1891 2362 1934 ore
2408 1876 2597 1934 cordis
2646 1878 2877 1950 oravit;
2920 1885 2974 1936 et
3012 1880 3096 1937 sic
3132 1881 3338 1953 poculo
3385 1882 3807 1941 benedictionis

2094 1969 2345 2041 accepto,
2377 1969 2703 2037 reparatum
2735 1965 2847 2023 sibi
2887 1965 3197 2025 locutionis
3233 1968 3490 2027 ofﬁcium
3533 1986 3804 2044 recogno-

2099 2051 2201 2110 vit.
2236 2051 2374 2109 Mox
2402 2051 2576 2110 etiam
2611 2053 2879 2125 expedite
2921 2054 3182 2128 loquens,
3221 2056 3438 2114 mirum
3480 2057 3550 2115 de
3588 2074 3648 2116 se
3678 2074 3809 2131 spe-

2096 2133 2387 2199 ctaCulum
2440 2142 2813 2200 cernentibus
2862 2140 3011 2197 416
3071 2143 3244 2213 dedit,
3298 2152 3355 2203 et
3407 2146 3545 2219 quid
3610 2147 3811 2217 beatus

2097 2229 2262 2288 0dilo
2286 2229 2441 2303 apud
2474 2230 2661 2289 Deum
2689 2238 2879 2304 posset
2906 2232 3203 2291 evidenter
3233 2234 3507 2293 innotuit.

2166 2320 2450 2380 Prasterea
2482 2338 2617 2381 cum
2658 2325 2746 2381 vir
2783 2324 3132 2383 venerabilis
3168 2326 3321 2399 apud
3360 2326 3673 2400 quamdam
3715 2343 3807 2386 ec-

2095 2414 2331 2473 clesiam
2360 2416 2695 2474 monasterii
2739 2418 2895 2491 quod
2935 2418 3149 2477 dicitur
3184 2418 3366 2477 Vallis
3392 2420 3585 2479 Aurea
3610 2419 3808 2478 cibum

2097 2510 2341 2577 caperet,
2381 2505 2481 2564 sed
2512 2506 2705 2566 locum
2738 2523 2949 2581 magna
2986 2508 3110 2566 vini
3150 2508 3410 2567 laborare
3438 2510 3681 2583 penuria
3718 2509 3809 2566 di-

2099 2599 2351 2672 dicisset,
2388 2616 2462 2658 ne
2506 2608 2773 2674 gravaret
2818 2604 3053 2662 fratrem
3089 2606 3194 2679 qui
3242 2620 3377 2662 eum
3422 2620 3559 2663 cum
3602 2605 3806 2663 alacri-

2100 2692 2212 2745 tate
2234 2696 2581 2762 susceperat,
2610 2691 2721 2749 hoc
2747 2689 2807 2749 in
2832 2708 3139 2751 commune
3164 2692 3536 2765 praeﬁxit,_ut
3562 2692 3812 2766 quisque

2103 2776 2581 2837 decumbentium
2621 2796 2742 2840 uno
2784 2786 3008 2840 tantum
3056 2783 3271 2855 scypho
3311 2788 3617 2840 contentus
3641 2789 3809 2851 esset,

2096 2866 2235 2925 solis
2268 2873 2463 2926 autem
2507 2870 2807 2929 monachis
2837 2872 3111 2944 pincerna
3150 2872 3427 2945 poculum
3466 2871 3808 2944 geminaret.

2097 2958 2370 3017 Mensura
2424 2964 2613 3017 tamen
2666 2961 2985 3031 exceditur,
3048 2967 3100 3019 et
3147 2961 3343 3034 largus
3378 2962 3450 3020 ad
3494 2962 3810 3020 bibendum

2098 3052 2266 3120 potus
2298 3048 2520 3106 cunctis
2553 3050 2925 3123 epulantibus
2956 3050 3286 3110 exhibetur.
3329 3051 3644 3110 Enimvero
3675 3068 3808 3110 cum

2034 3150 2200 3235 Cvas
2238 3136 2385 3194 illud
2432 3136 2726 3235 vinarium
2768 3145 2824 3196 et
2846 3154 3050 3235 unum
3093 3140 3549 3235 duntaxatuesse
3589 3146 3646 3198 et
3684 3155 3811 3235 Ino-

302 3230 470 3284 retur
525 3226 798 3301 hospitio,
856 3227 1073 3286 accedit
1123 3226 1389 3298 clericus,
1435 3233 1490 3285 et
1530 3226 1857 3300 periculum
1902 3223 2319 3292 tam“dicum,
2353 3239 2467 3282 non
2512 3224 2680 3283 modo
2722 3231 2799 3283 tot
2841 3226 3149 3285 indiscrete
3187 3226 3520 3286 bibentibus
3565 3244 3679 3285 non
3712 3228 3811 3285 de-

299 3314 595 3388 p‘estil'erze
624 3316 968 3375 calamitatis
994 3316 1261 3375 ostendit.
1298 3316 1461 3386 Quod
1496 3314 1599 3373 ille
1629 3317 1795 3390 quasi
1823 3315 2019 3374 videre
2102 3313 2256 3385 fecit,
2288 3314 2387 3372 sed
2435 3321 2489 3372 et
2520 3315 2639 3372 illis
2678 3314 3099 3384 recedentibus,
3131 3316 3347 3390 absque
3384 3318 3505 3376 ulla
3547 3318 3811 3376 diminu-

303 3404 703 3477 dissimulans,
736 3405 976 3464 latenter
1003 3405 1311 3464 brachium
1339 3405 1735 3479 apprehendit,
1771 3406 2020 3464 viviﬁcae
2103 3403 2257 3461 tione
2300 3410 2590 3476 repertum
2622 3409 2708 3461 est
2736 3402 2999 3476 plenum,
3041 3409 3107 3462 ut
3146 3420 3248 3477 per
3297 3406 3405 3465 hoc
3449 3407 3816 3465 evidentibus

305 3494 499 3553 crucis
539 3495 906 3569 signaculum
944 3494 1248 3568 imprimit,
1294 3509 1547 3568 eumque
1587 3494 1904 3563 dimittens,
1958 3501 2022 3552 ut
2103 3492 2375 3549 clarescat
2419 3490 2649 3549 indiciis
2703 3491 2841 3567 quia
2894 3491 2986 3549 vir
3036 3492 3268 3551 Domini
3312 3509 3432 3552 non
3481 3500 3702 3553 tantum
3757 3495 3810 3553 id

306 3582 423 3640 sibi
460 3589 626 3640 caute
664 3582 959 3656 provideat
1009 3582 1289 3656 prmcipit.
1333 3580 1447 3651 Qui
1482 3581 1654 3654 paulo
1694 3590 1835 3655 post,
1873 3582 2015 3640 dum
2098 3581 2250 3656 apud
2280 3582 2683 3656 Deumpotuit
2713 3582 3023 3655 impetrare
3051 3582 3205 3656 quod
3234 3583 3417 3656 petiit,
3452 3585 3549 3642 sed
3580 3591 3637 3641 et
3664 3601 3811 3643 nou-
3912 3646 3915 3651 _

308 3670 504 3730 locum
533 3670 744 3729 ulceris
765 3670 1053 3731 curiosius
1081 3671 1374 3730 attendere
1399 3670 1642 3740 studuit,
1676 3670 1837 3729 nulla
1867 3687 2018 3743 pror-
2099 3671 2263 3729 nulla
2301 3687 2402 3745 per
2429 3686 2564 3730 eum
2594 3671 2881 3731 virtutum
2912 3672 3078 3745 signa
3102 3672 3385 3733 divinitus
3406 3680 3634 3733 ostensa
3653 3684 3812 3747 sunt,

306 3775 409 3819 sus
439 3760 680 3833 vestigia
705 3759 876 3818 deleti
912 3760 1208 3834 languoris
1232 3758 1479 3818 invenit.
1509 3757 1875 3832 Stupefactus
1905 3758 2018 3830 igi-
2100 3775 2231 3832 qua:
2269 3758 2535 3817 nescivit.
2578 3761 2648 3818 Et
2687 3762 2759 3819 de
2790 3763 2973 3836 signis
3013 3762 3250 3835 quidem
3288 3770 3461 3836 atque
3502 3764 3815 3823 virtutibus

312 3854 409 3908 tur
435 3850 687 3909 novitate
714 3849 1000 3918 miraculi,
1032 3851 1104 3908 ad
1134 3850 1433 3908 hominem
1462 3848 1563 3906 Dei
1596 3855 1804 3923 praasto
1835 3864 2020 3921 regre—
2106 3862 2251 3921 quas
2283 3848 2375 3906 vir
2402 3855 2635 3906 sanctus
2664 3850 2857 3909 adhuc
2882 3852 2945 3908 in
2974 3866 3211 3923 corpore
3242 3852 3588 3911 constitutus
3617 3860 3811 3911 osten-

307 3940 508 4012 ditur;
539 3941 682 4015 quid
720 3941 831 3999 sibi
861 3940 1187 4013 contigerit,
1230 3956 1348 4016 non
1389 3946 1504 3998 tam
1542 3938 1822 3997 relatione
1862 3937 2025 3997 verbi
2104 3934 2191 3994 dit
2240 3934 2349 3994 ista
2398 3936 2732 4009 suﬂiciunt;
2798 3953 2956 3996 nunc
2992 3939 3061 3996 ad
3119 3939 3533 4012 explicandum
3588 3943 3813 4002 felicem

308 4046 489 4104 quam
511 4030 838 4089 ostensione
865 4030 954 4089 sui
987 4030 1208 4088 brachii
1236 4027 1671 4088 evidentissime
1693 4028 2020 4087 confitetur.
2106 4024 2232 4098 ejus
2261 4024 2509 4094 obitum,
2538 4024 2862 4084 auxiliante
2891 4027 3160 4097 Domino,
3192 4029 3669 4102 propinquemus.

308 4119 478 4189 Quod
506 4118 610 4178 ille
638 4120 775 4179 satis
807 4120 1044 4180 moleste
1080 4118 1232 4190 tulit,
1261 4134 1516 4192 eumque
1552 4135 1586 4176 a
1627 4135 1731 4177 suo
1780 4134 2024 4191 conspe-
2178 4114 2495 4174 Enimvero
2551 4131 2889 4189 quanquam
2930 4117 3105 4175 homo
3143 4115 3245 4174 Dei
3286 4117 3614 4178 sublimiter
3655 4136 3715 4179 se
3752 4123 3809 4179 in

309 4215 410 4268 ctu
448 4225 583 4268 cum
613 4210 1011 4285 indignatione
1038 4211 1389 4270 exturbavit,
1434 4210 1578 4268 Nam
1615 4217 1888 4284 tanquam
1922 4225 2022 4269 ve-
2107 4200 2511 4274 spiritualibus
2533 4202 2739 4260 studiis
2766 4203 3043 4262 etdivina
3067 4206 3812 4283 contemplationesuspen-

310 4312 467 4356 nena
510 4299 888 4372 serpentium,
924 4299 1007 4357 sic
1060 4314 1325 4357 rumores
1381 4297 1690 4357 hominum
1741 4298 2018 4369 fugiebat.

309 4386 617 4446 Asserebat
673 4389 830 4447 enim
875 4388 1013 4461 quia
1062 4387 1492 4461 quantumlibet
1538 4387 1790 4446 sublime
1841 4389 2021 4445 sancti

307 4478 501 4551 operis
537 4478 853 4538 aedilicium
891 4493 992 4552 per
1020 4492 1186 4536 vanae
1212 4477 1415 4550 gloria:
1449 4475 1641 4535 subito
1677 4475 1894 4535 corruit
1919 4491 2023 4547 ap-

302 4567 573 4641 petitum.

379 4654 664 4715 Prmterea
698 4656 869 4715 miles
907 4656 1147 4732 quidam
1186 4661 1302 4714 tam
1348 4652 1556 4712 mentis
1589 4653 1754 4726 inops
1782 4658 1903 4710 erat
1932 4653 2019 4709 er-

304 4746 517 4819 fectus,
555 4752 622 4806 ut
657 4748 968 4821 postposita
1006 4747 1240 4820 penitus
1289 4744 1449 4804 omni
1488 4760 1628 4803 cura
1669 4743 1888 4817 privata
1929 4741 2019 4801 vel

303 4837 559 4911 publica,
616 4854 717 4913 per
766 4839 934 4898 devia
977 4838 1272 4911 solivagus
1329 4842 1385 4893 et
1423 4832 1617 4894 nudus
1653 4840 1886 4901 erraret,
1927 4832 2019 4890 in-

303 4926 568 4986 conditas
602 4942 772 4987 voces
816 4928 1122 4997 emitteret,
1168 4933 1223 4984 et
1266 4932 1542 4998 tanquam
1587 4924 2018 4982 dmmoniacum

303 5032 368 5076 se
389 5031 495 5091 per
529 5016 846 5075 inordinati
872 5022 1069 5091 gestus
1105 5014 1394 5073 insaniam
1435 5013 1756 5070 exhiberet.
1789 5011 1895 5070 Cui
1927 5011 2017 5070 vir

302 5104 544 5165 Domini
578 5111 815 5180 paterna
851 5105 1057 5179 pietate
1098 5103 1472 5178 compatiens,
1501 5100 1673 5159 simul
1726 5117 1859 5159 cum
1898 5101 2015 5159 fra-

2104 4291 2271 4362 derit,
2302 4292 2635 4366 incorpore
2668 4299 2861 4351 tamen
2903 4294 3175 4353 utilitatis
3214 4296 3501 4357 industria
3541 4315 3655 4357 non
3688 4316 3811 4357 me-

2104 4379 2372 4438 diocriter
2422 4381 2721 4440 laboravit.
2778 4383 3120 4441 Monasteria
3170 4385 3387 4442 scilicet
3438 4388 3721 4445 nonnulla
3780 4408 3812 4445 ει

2105 4468 2500 4527 fundamentis
2539 4471 2755 4540 erexit;
2791 4471 2905 4528 alia
2952 4472 3039 4530 vel
3069 4471 3189 4543 jam
3224 4473 3523 4542 semiruta,
3562 4475 3649 4533 vel
3689 4477 3811 4534 rui-

2031 4539 2081 4599 D
2107 4574 2243 4616 nam
2279 4558 2424 4617 forte
2454 4559 2759 4629 minantia,
2788 4539 3089 4633 reparavit.
3124 4560 3395 4620 Dilatavit
3423 4539 3540 4620 illis
3571 4564 3807 4636 praedia,

2103 4648 2406 4706 nonnullis
2451 4648 2619 4705 etiam
2684 4648 2936 4720 insignia
2976 4648 3219 4706 contulit
3270 4656 3623 4709 ornamenta.
3669 4654 3811 4722 Quae

2104 4751 2239 4793 vero
2288 4735 2632 4793 monasteria
2670 4751 2819 4793 nova
2873 4729 3211 4806 condiderit,
3257 4739 3476 4811 quibus
3529 4740 3805 4814 parietina

2103 4833 2350 4898 tantum,
2381 4832 2436 4884 et
2465 4833 2613 4885 sarta
2654 4832 2797 4883 tecta
2835 4824 3056 4883 collatis
3084 4828 3414 4901 sumptibus
3444 4830 3805 4889 iustaurave-

2104 4917 2198 4990 rit,
2253 4933 2594 4976 enumerare
2650 4932 2751 4989 per
2800 4917 3061 4975 ordinem
3114 4918 3329 4976 idcirco
3387 4921 3806 4993 postponimus,

2097 5022 2174 5066 ne
2244 5007 2575 5081 prolixitate
2638 5006 2775 5080 styli
2830 5005 3068 5063 lacinias
3121 5014 3426 5066 contexere
3480 5010 3806 5082 videamur,

2098 5096 2415 5173 prmsertim
2481 5110 2615 5153 cum
2666 5095 2726 5153 in
2797 5094 2938 5167 ipsis
2992 5094 3145 5152 vivis
3193 5096 3460 5170 operibus
3513 5107 3805 5169 gestorum

305 5194 495 5254 tribus
519 5202 653 5253 ante
687 5194 866 5253 altare
912 5194 1095 5252 sancti
1124 5192 1278 5252 Petri
1315 5190 1719 5266 prosternitur,
1753 5188 2015 5247 divinam
2100 5186 2276 5245 ﬁdem
2322 5184 2504 5243 multo
2548 5183 2760 5242 clarius
2812 5182 3192 5255 experiantur
3239 5186 3415 5253 oculi,
3459 5202 3632 5260 quam
3683 5191 3811 5265 ulla

303 5282 676 5342 clementiam
716 5298 854 5342 cum
884 5281 1121 5356 psalmis
1158 5286 1214 5340 et
1241 5279 1460 5339 litaniis
1488 5278 1779 5350 implorat,
1820 5284 1885 5335 ut
1911 5293 2015 5349 pe-
2099 5290 2362 5334 sermone
2401 5272 2629 5331 valeant
2666 5269 2906 5329 narrari.
2948 5268 3401 5344 Dispensatiouis
3439 5290 3668 5348 quoque
3703 5295 3802 5351 ge-

1318 5400 1650 5460 ANDRE/E
1689 5398 1992 5458 CHESNII
2033 5398 2130 5456 ET
2168 5396 2514 5457 ANONYMI
2554 5393 2797 5454 ΝΟΤίΈ.

366 5502 504 5567 (145)
538 5501 769 5557 Lucami
816 5504 969 5563 dixit,
1024 5502 1169 5570 quod
1214 5498 1407 5553 Glaber
1451 5495 1781 5571 godulphus,
1826 5499 1879 5547 et
1908 5497 2012 5571 alii
2095 5494 2429 5571 Mabillonius
2539 5489 2953 5571 intelligendum
3016 5489 3172 5571 .hicm
3210 5503 3335 5571 esse
3424 5497 3492 5571 de
3584 5498 3807 5552 anenst

308 5561 558 5639 Lucania,
611 5588 644 5628 ι
687 5576 859 5639 Lucis,
897 5561 995 5630 seu
1036 5561 1248 5634 Locbis,
1289 5571 1415 5635 pagi
1458 5561 1788 5621 Turonensis
1835 5566 2008 5619 urbe:
2093 5566 2259 5627 urbe,
2328 5578 2448 5630 quae
2514 5565 2823 5631 respublica
2873 5562 2960 5615 est
3015 5561 3069 5612 in
3123 5561 3344 5631 Etruria,
3403 5570 3568 5634 vulgo
3620 5572 3803 5625 Lusca.

302 5655 429 5708 qua:
512 5647 711 5702 Gallice
788 5645 973 5701 Laches
1053 5646 1267 5701 dicitur.
1336 5642 1610 5698 Ducassn.
1661 5666 1720 5678 -
1774 5639 2013 5691 Attamen
2095 5640 2344 5691 Anoavu.
