4108 6206
375 305 485 363 913

379 518 600 578 divinis
625 516 927 576 obtutibus
957 512 1136 582 fulsit,
1170 517 1224 571 et
1249 511 1310 570 in
1345 513 1555 570 terreni
1576 511 1787 571 laboris
1810 512 2092 570 industria

382 623 496 667 non
526 607 890 667 mediocriter
919 603 1130 662 ﬂoruit.

449 698 624 757 Porro
653 712 786 757 cum
819 695 910 753 vir
947 691 1179 752 Domini
1204 692 1325 764 jam
1354 692 1417 750 in
1446 693 1722 752 extremis
1749 700 1959 766 ageret,
1993 706 2093 765 per

377 786 856 862 quinquennium
901 783 1021 841 fere
1070 781 1406 854 compulsus
1449 789 1533 838 est
1587 782 1916 854 gravissimi
1969 782 2091 838 lan-

374 875 571 952 guoris
607 872 872 932 molestia
902 870 1168 929 cruciari.
1210 869 1347 927 Mox
1387 869 1582 944 itaque
1621 870 1920 928 beatorum
1959 887 2092 943 apo-

373 963 657 1022 stolorum
704 961 906 1019 limina
953 959 1184 1017 festinat
1220 957 1494 1029 invisere,
1534 963 1597 1016 ut
1641 959 1807 1031 quasi
1855 958 1964 1017 sub
1992 973 2087 1016 eo-

375 1071 506 1112 rutn
551 1053 816 1128 pedibus,
857 1051 904 1110 si
949 1050 1060 1108 sibi
1098 1049 1335 1108 daretur
1367 1049 1520 1120 quod
1563 1063 1786 1121 semper
1834 1049 1894 1105 in
1940 1047 2088 1106 votis

371 1143 672 1210 habuerat,
720 1147 908 1214 posset
951 1156 1023 1198 ex
1065 1140 1172 1197 hoc
1230 1138 1448 1197 mundo
1487 1138 1746 1195 transire.
1791 1137 2090 1195 Verumta-

376 1246 510 1290 men
549 1230 688 1305 quia
725 1246 834 1284 non
871 1231 1038 1284 estin
1076 1231 1287 1284 homine
1324 1231 1418 1284 via
1455 1230 1571 1298 ejus
1609 1231 1822 1299 (Jerem.
1861 1233 1944 1299 X),
1977 1225 2086 1284 ali-

371 1328 455 1378 ter
501 1319 614 1378 sibi
651 1318 891 1390 contigit
931 1334 1102 1390 quam
1162 1317 1432 1392 speravit.
1488 1317 1593 1375 Per
1632 1324 1881 1390 quatuor
1920 1316 2088 1390 plane

372 1423 600 1467 menses
634 1407 757 1466 illic
797 1406 1141 1481 aegritudine
1178 1406 1442 1463 detentus
1484 1405 1741 1479 elanguit
1771 1424 1784 1474 ;
1819 1405 2088 1480 deinceps

369 1507 566 1558 contra
610 1513 769 1570 spem
811 1495 1244 1569 aliquantulum
1279 1493 1704 1566 convalescens,
1737 1495 1808 1552 ad
1860 1496 2087 1568 propria

373 1586 670 1646 remeavit.
715 1584 1060 1643 Cluniacum
1111 1585 1302 1657 itaque
1341 1582 1670 1653 deveniens,
1710 1599 1811 1656 per
1861 1599 2084 1642 annum

369 1675 489 1735 fere
538 1683 687 1733 totus
722 1675 784 1731 in
825 1672 1083 1731 oratione
1124 1672 1465 1745 permansit,
1511 1687 1768 1745 seseque,
1801 1678 2084 1744 quantum

849 301 908 360 ὃ.
953 299 1172 358 PETRI
1208 299 1529 358 DAMIANI
1569 298 1725 358 OPP.
1771 297 1961 357 PARS
2003 295 2141 356 SEU
2182 296 2434 356 TOMUS
2475 299 2548 356 II.
2597 331 2661 338 —
2706 296 3158 358 SANCTORUM
3200 299 3417 360 νΙΤιλΕ.

383 431 558 488 mium
583 427 909 486 moderator
936 423 1206 497 insignis,
1237 430 1292 481 et
1314 422 1373 481 in
1407 423 1650 497 spiritali
1681 422 1870 480 studio
1897 436 2086 480 coram
2113 423 2311 482 Avoce
2373 422 2801 494 promptissima
2856 445 2867 478 :

3783 306 3890 367 944

2937 422 3104 491 Quid,
3166 423 3377 498 inquit,
3436 428 3604 501 agis,
3656 429 3895 492 domine

2175 509 2380 568 Pater?
2409 511 2480 569 Et
2508 511 2636 569 ille:
2671 511 2846 582 Bene,
2875 512 3071 584 frater,
3094 514 3395 587 etoptime.
3421 515 3709 580 Dominus
3732 523 3891 582 enim

2175 615 2339 659 meus
2385 601 2555 659 Jesus
2592 615 2757 658 servo
2796 615 2900 659 suo
2933 617 3034 674 per
3079 603 3448 677 semetipsum
3493 608 3766 682 dignatus
3805 622 3890 672 est

2172 691 2387 762 adesse,
2425 697 2482 748 et
2535 690 2626 749 sui
2675 691 3041 764 praesentiam
3088 693 3535 756 misericorditer
3583 701 3883 762 exhibere.

2175 775 2284 836 Sed
2329 779 2390 836 in
2427 779 2552 852 ipsa
2594 795 2739 838 mea:
2782 780 3129 838 decessionis
3180 781 3340 852 hora,
3393 783 3457 842 in
3512 785 3615 844 illo
3668 790 3887 848 scilicet

2170 865 2385 938 angulo
2433 866 2788 939 (ostendebat
2837 868 2993 925 enim
3040 870 3205 944 quasi
3260 871 3438 945 digito
3490 873 3704 948 locum)
3764 880 3886 936 vidi

2171 956 2420 1029 figuram
2469 957 2781 1029 quamdam
2825 963 3046 1016 trucem
3091 959 3266 1017 nimis
3312 968 3484 1034 atque
3543 965 3882 1036 terribilem,

2171 1060 2305 1117 quas
2347 1045 2495 1103 mihi
2547 1046 2850 1104 teterrima;
2894 1062 3017 1104 sua:
3059 1047 3302 1107 visionis
3357 1049 3654 1109 horrorem
3706 1062 3884 1129 atque

2170 1132 2543 1191 formidinem
2597 1134 2837 1193 tentavit
2892 1134 3188 1206 incutere;
3238 1137 3336 1194 sed
3387 1138 3598 1199 Christi
3650 1144 3883 1202 confor—

2174 1233 2324 1283 tante
2364 1225 2598 1297 virtute,
2633 1226 2794 1284 nulla
2828 1227 2974 1284 mihi
3011 1228 3200 1300 potuit
3237 1228 3607 1288 infestatione
3650 1247 3879 1290 nocere.

2241 1313 2512 1372 Proxima
2544 1330 2775 1389 quoque
2804 1313 3250 1390 Quadragesima
3279 1317 3637 1390 succedente,
3664 1331 3883 1381 sanctae

2168 1420 2234 1462 ac
2282 1405 2628 1464 veneranda
2680 1404 2979 1463 memoriae
3037 1405 3384 1465 Laurentius
3431 1406 3594 1476 (148),
3634 1408 3878 1467 Amalli-

2169 1501 2319 1551 tante
2348 1493 2500 1552 sedis
2543 1493 3028 1566 archiepiscopus,
3069 1493 3192 1568 qui,
3232 1502 3434 1567 potens
3475 1489 3537 1554 in
3569 1497 3773 1556 litteris
3817 1514 3885 1557 ac

2168 1581 2474 1654 biglossus,
2515 1580 2712 1640 Graece
2751 1590 2985 1639 noverat
3025 1588 3080 1639 et
3117 1581 3342 1654 Latine,
3397 1591 3472 1654 et,
3517 1586 3669 1659 quod
3709 1587 3883 1660 longe

2167 1669 2533 1742 praestantius
2583 1677 2686 1740 est,
2738 1668 3049 1728 laudabilis
3099 1669 3235 1728 vitae
3279 1671 3534 1731 claritate
3579 1673 3877 1748 pollebat;

372 1764 652 1837 egritudo
708 1763 986 1836 permisit,
1035 1760 1274 1835 jejuniis
1323 1778 1388 1819 ac
1445 1761 1660 1834 vigiliis
1716 1762 2138 1845 vehementerB
2167 1759 2260 1816 hic
2309 1759 2504 1833 itaque
2555 1765 2690 1816 tunc
2741 1757 2942 1816 Romae
2995 1761 3360 1831 constitutus,
3415 1761 3764 1820 obdormivit
3815 1762 3878 1820 in

370 1852 598 1912 afﬂixit.
627 1851 890 1909 Decrevit
917 1857 1108 1907 autem
1138 1857 1222 1920 ut,
1255 1856 1566 1922 antequam
1593 1849 1852 1908 debitum
1881 1852 2079 1910 condi-

373 1943 544 2002 tionis
583 1943 862 2000 humanae
898 1942 1267 2013 persolveret,
1301 1953 1546 2012 quisque
1586 1942 1932 2000 monasteria
1976 1959 2079 2002 sua

366 2031 717 2090 circumiens
742 2036 953 2088 sanctae
992 2028 1401 2087 admonitionis
1430 2028 1617 2087 studio
1644 2029 1920 2091 visitaret.
1957 2032 2080 2090 Ex-

365 2119 655 2194 peditione
694 2118 873 2191 igitur
919 2126 1129 2176 sanctae
1167 2117 1344 2190 hujus
1381 2117 1783 2177 mdilicationis
1829 2121 2075 2194 incepta,

371 2208 751 2269 Silviniacum
799 2206 945 2263 417
993 2208 1261 2278 devenit;
1307 2207 1504 2279 ibique
1556 2225 1614 2266 se
1663 2210 1811 2267 circa
1858 2210 2079 2269 festivi.

2164 1848 2428 1908 Domino.
2471 1850 2735 1924 Cumque
2777 1849 3020 1908 cadaver
3056 1851 3183 1923 ejus
3224 1852 3424 1910 fuisset
3467 1853 3530 1910 in
3572 1853 3879 1912 ecclesiam

2162 1939 2413 2012 illatum,
2460 1941 2736 1998 honestus
2772 1939 3014 2014 quidam
3054 1938 3320 2009 clericus,
3363 1941 3575 2000 Albero
3614 1943 3880 2013 nomine,

2161 2031 2222 2087 in
2265 2029 2523 2102 ejusdem
2562 2027 2817 2087 ecclesiae
2852 2028 3066 2101 angulo
3105 2029 3452 2089 lassabunda
3487 2031 3645 2090 dedit
3691 2046 3883 2089 mem.

2159 2118 2264 2175 bra
2293 2118 2517 2192 sopori;
2551 2133 2802 2192 cumque
2840 2117 3030 2176 subito
3069 2117 3258 2176 adhuc
3285 2135 3431 2192 pene
3468 2120 3731 2194 vigilanti
3786 2120 3884 2178 vir

2159 2206 2358 2265 beatus
2406 2206 2690 2279 apparuit,
2741 2205 2792 2264 ei
2847 2221 2984 2263 mox
3034 2205 3279 2265 clericus
3331 2207 3573 2266 intulit:
3629 2207 3885 2267 Domine

280 4837 284 4842 ’
361 4849 486 4887 rum
534 4839 698 4900 grata
744 4834 1007 4896 visitatio,
1043 4835 1188 4886 inter
1239 4849 1366 4901 quos
1407 4838 1597 4900 sapiu:
1648 4850 1770 4887 cum
1811 4839 2070 4891 revisebat
2155 4839 2242 4888 inti
2267 4847 2419 4899 grain
2496 4836 2736 4899 vulgavit
2814 4848 2928 4899 par.
3032 4846 3093 4895 ιι,

367 2305 542 2356 tatem
590 2296 910 2356 Dominicze
961 2294 1427 2353 Circumcisionis
1463 2310 1537 2352 ex
1577 2296 1794 2355 saeculo
1825 2299 1931 2356 hoc
1966 2299 2080 2357 mi-
2161 2295 2262 2366 Ini,
2319 2294 2549 2370 quando
2593 2295 2726 2366 huc,
2769 2301 2824 2352 et
2877 2311 2981 2352 cur
3018 2296 3356 2354 advenisti?
3395 2297 3483 2354 Ad
3523 2297 3884 2366 charissimi,

367 2394 672 2460 graturum
712 2385 1019 2443 manifeste
1053 2383 1221 2441 dixit.
1261 2382 1437 2442 Porro
1473 2393 1666 2442 autem
1693 2401 1824 2444 cum
1855 2374 1976 2461 jam
2016 2386 2077 2444 in
2159 2386 2372 2458 inquit,
2413 2385 2556 2444 olim
2604 2385 2776 2444 amici
2817 2385 2933 2444 mei
2983 2385 3204 2444 domini
3246 2385 3546 2445 Laurentii
3588 2388 3887 2461 pontiﬁcis

367 2477 570 2552 agonis
620 2481 766 2534 esset
812 2473 1079 2547 angustia
1123 2473 1488 2542 constitutus,
1545 2473 1839 2532 diabolum
1895 2483 2079 2534 astare
2160 2476 2470 2551 exsequias
2501 2477 2672 2548 veni;
2711 2476 2925 2550 quibus
2964 2476 3226 2550 expletis,
3275 2484 3588 2552 antequam
3617 2485 3670 2535 te
3711 2481 3883 2539 vide-

367 2565 686 2640 conspexit,
729 2579 982 2636 eumque
1032 2579 1130 2636 per
1163 2579 1374 2621 nomen
1419 2563 1700 2622 tremendi
1735 2563 1974 2636 Judicis,
2015 2571 2080 2623 ut
2158 2580 2280 2622 rem
2324 2564 2583 2622 recedere
2624 2565 2802 2622 nolui.
2843 2564 2910 2621 Et
2952 2565 3045 2622 his
3082 2564 3270 2634 dictis,
3319 2565 3537 2638 species
3578 2566 3881 2641 loquentis

367 2656 717 2724 abscederet,
755 2652 1085 2711 terribiliter
1113 2653 1448 2725 increpavit.
2159 2651 2415 2710 evanuit.
2455 2650 2602 2708 418
2641 2652 2744 2711 Vir
2779 2653 2975 2730 itaque
3015 2652 3270 2724 Domini,
3324 2655 3460 2727 quia
3499 2665 3648 2714 recte
3695 2657 3880 2731 vixit,

437 2748 608 2802 Anno
650 2743 846 2816 itaque
887 2741 1208 2798 Dominicae
1248 2741 1668 2802 Incarnationis
1718 2744 1854 2802 1048
1905 2743 2073 2816 (146),
2161 2743 2402 2801 feliciter
2447 2742 2630 2812 obiit;
2671 2751 2723 2800 et
2764 2744 2901 2816 quia
2937 2743 3114 2801 vitam
3155 2743 3482 2802 mirabilem
3516 2744 3702 2817 duxit,
3732 2746 3882 2819 jure

367 2834 554 2894 astatis
615 2839 808 2890 autem
879 2846 999 2889 sua:
1050 2828 1140 2898 87,
1203 2831 1580 2889 ordinationis
1650 2834 1822 2890 etiam
1865 2831 1954 2903 56,
2011 2848 2077 2890 ea
2159 2833 2456 2892 miraculis
2509 2835 2851 2891 coruscavit.
2905 2832 3038 2891 Vita
3082 2834 3297 2909 quippe
3334 2834 3482 2893 beati
3528 2836 3710 2909 hujus
3761 2838 3880 2896 viri

371 2931 532 2982 nocte
573 2936 710 2996 quae
748 2918 1065 2978 Dominicm
1113 2918 1571 2977 circumcisionis
1602 2920 1884 2978 solemnia
1922 2935 2076 2993 prae-
2161 2924 2315 2981 velut
2345 2938 2521 2981 aurea
2554 2922 2747 2981 tabula
2778 2930 2881 2993 est,
2912 2922 3006 2981 cui
3035 2922 3199 2996 quasi
3234 2923 3567 2997 margaritas
3590 2925 3880 2996 quasdam

364 3011 618 3078 cedebat,
668 3007 940 3066 salutaris
995 3007 1358 3064 eucharistia:
1401 3014 1755 3065 sacramenta
1806 3007 2072 3082 percepit,
2155 3029 2222 3072 ac
2298 3028 2557 3086 gemmas
2627 3012 2948 3085 infigimus,
3001 3012 3145 3070 dum
3221 3012 3396 3084 gestis
3464 3012 3594 3086 ejus
3637 3013 3885 3072 inter-lu-

364 3103 562 3174 sicque
612 3099 843 3158 beatum
880 3096 997 3155 Deo
1038 3096 1306 3170 spiritum
1348 3097 1612 3155 reddidit.
1665 3097 1843 3156 Paulo
1881 3107 2070 3158 autem
2093 3105 2343 3176 ncentia
2397 3103 2681 3160 virtutum
2718 3101 2997 3160 miracula
3034 3101 3465 3175 permiscemus.
3497 3101 3666 3176 Apud
3705 3103 3884 3175 cujus

361 3197 506 3264 post,
555 3189 757 3248 eadem
819 3187 1033 3244 scilicet
1083 3192 1269 3257 nocte,
1317 3202 1452 3244 cum
1498 3187 1650 3245 beati
1703 3188 1808 3245 viri
1862 3187 2549 3260 corpus“venerabilem
2601 3191 2898 3249 tumulum
2955 3191 3341 3250 nihilominus
3393 3189 3588 3247 adhuc
3632 3189 3881 3248 rutilant

360 3282 416 3338 in
480 3279 781 3338 ecclesiam
842 3279 962 3353 jam
1024 3277 1225 3334 fuisset
1270 3277 1546 3348 delatum,
1593 3282 1764 3336 frater
1810 3279 2068 3352 quidam,
2155 3296 2304 3338 nova
2334 3280 2501 3353 signa
2531 3279 2838 3352 virtutum,
2869 3295 3000 3354 quae
3039 3279 3320 3338 nimirum
3352 3294 3469 3336 non
3498 3278 3589 3336 his
3617 3278 3883 3338 inserere

359 3368 672 3442 Gregorius
722 3367 978 3435 nomine,
1040 3365 1324 3424 Juveneta
1389 3368 1550 3438 [forte
1605 3364 1870 3434 Venetus]
1933 3366 2070 3438 (147)
2153 3370 2519 3442 superﬂuum
2558 3369 2853 3439 ducimus,
2884 3384 3017 3427 cum
3042 3384 3145 3441 per
3175 3367 3321 3426 alios
3350 3367 3614 3441 apicibus
3639 3378 3883 3425 exarata

362 3457 613 3528 natione,
665 3463 888 3513 naturae
925 3454 1202 3526 simplicis
1237 3461 1287 3510 et
1346 3454 1671 3512 innocentis
1712 3455 1863 3524 vita},
1905 3471 2073 3513 exse-
2156 3476 2484 3518 cernamus.
2528 3460 2877 3533 Legentium
2921 3460 3100 3533 igitur
3149 3458 3317 3518 taedio
3357 3459 3747 3532 consulentes,
3779 3460 3886 3517 his

362 3545 634 3620 quiarum
716 3545 1060 3604 funebrium
1143 3545 1481 3602 lassitudine
1544 3553 1958 3618 prmgravatus,
2006 3547 2066 3604 in
2150 3548 2402 3607 contenti
2463 3564 2689 3618 sumus,
2740 3565 2874 3622 quae
2925 3547 3212 3606 succincta
3262 3547 3541 3606 brevitate
3592 3550 3880 3621 perstrin-

359 3635 557 3692 eadem
615 3632 758 3691 cella
821 3635 880 3690 in
959 3648 1075 3705 qua
1143 3638 1374 3689 sanctus
1451 3632 1690 3702 obierat,
1769 3633 2067 3707 proprium
2155 3639 2371 3708 ximus,
2413 3637 2484 3695 ad
2534 3638 2817 3696 honorem
2853 3644 2907 3696 et
2942 3637 3185 3710 gloriam
3238 3635 3637 3709 Redemptoris
3688 3637 3882 3696 nostri

359 3729 608 3782 stratum
657 3721 840 3796 petiit,
887 3719 948 3777 in
995 3735 1110 3792 quo
1161 3736 1222 3777 se
1272 3719 1602 3792 projiciens,
1648 3722 1899 3780 dormire
1943 3731 2066 3781 ten-
2149 3727 2287 3787 Jesu
2334 3728 2573 3798 Christi,
2623 3729 2726 3802 qui
2772 3744 2902 3788 cum
2945 3727 3060 3785 Deo
3109 3727 3276 3784 Patre
3313 3733 3370 3784 et
3413 3725 3632 3800 Spiritu
3672 3737 3884 3785 sancto

361 3815 518 3872 tavit.
556 3813 673 3872 Sed
703 3813 951 3870 necdum
985 3811 1155 3884 plane
1201 3812 1487 3870 resolutus
1518 3813 1580 3869 in
1612 3830 1904 3884 somnum,
1941 3816 2068 3874 bea—
2150 3815 2298 3875 vivit
2324 3823 2380 3872 et
2405 3815 2682 3889 gloriatur
2712 3815 2770 3872 in
2813 3816 3028 3874 saecula
3066 3812 3437 3873 saeculorum.
3469 3815 3656 3873 Amen
3698 3813 3881 3885 (149).

357 3912 478 3966 tum
535 3905 840 3965 0dilonem
889 3903 1000 3962 sibi
1051 3904 1203 3961 videt
1245 3910 1547 3962 astantem.
1590 3905 1679 3962 Ad
1718 3922 1890 3980 quem
1930 3923 2068 3966 mox

1371 4027 1700 4086 ANDBEIE
1740 4029 2042 4089 CHESNII
2081 4029 2176 4087 ET
2215 4025 2564 4086 ANONYMI
2605 4025 2844 4085 NOTJE.

419 4129 559 4193 (146)
588 4127 659 4178 Ab
691 4126 927 4178 Jotsaldo
955 4127 1003 4177 S.
1031 4125 1270 4177 0dilonis
1303 4127 1482 4178 obitus
1519 4129 1584 4179 ad
1622 4134 1940 4192 sequentem
1969 4142 2068 4180 an—
2217 4127 2352 4188 (149)
2375 4126 2646 4177 Fusiorem
2679 4126 2726 4175 S.
2755 4123 2993 4175 0dilonis
3024 4121 3191 4174 Vitam
3222 4122 3288 4174 ab
3314 4121 3558 4175 Jotsaldo
3586 4121 3724 4193 (non
3770 4123 3883 4176 Lo—

359 4192 485 4250 nn'm
515 4198 608 4248 949
648 4198 987 4262 producitur.
1015 4201 1265 4249 ANONYM.
2153 4197 2302 4250 taldo
2353 4199 2410 4247 ut
2451 4208 2742 4260 perperam
2782 4193 3054 4253 nonnulli)
3103 4193 3437 4246 Cluniacensi
3489 4192 3764 4246 menacho
3809 4206 3879 4245 ac

424 4270 551 4327 (147)
581 4267 914 4319 Mabillonius
946 4268 999 4318 in
1051 4268 1160 4318 Vita
1191 4270 1240 4318 S.
1281 4269 1522 4322 0dilonis
1558 4268 1625 4321 ab
1667 4269 1902 4323 Jotsaldo
1941 4282 2068 4322 con-
2158 4269 2439 4332 ipsiusmet
2499 4266 2735 4318 0dilonis
2793 4264 3058 4330 discipulo
3110 4265 3472 4329 conscriptam
3529 4264 3756 4317 videant
3818 4265 3879 4317 hi

360 4341 564 4403 scripta
599 4338 800 4402 profert
835 4337 1086 4390 Ninivita
1123 4339 1362 4398 natione.
1393 4345 1446 4392 et
1481 4343 1535 4392 in
1577 4342 1963 4406 manuscriptis
1999 4342 2076 4392 le.
2157 4340 2250 4404 qni
2283 4337 2523 4402 ejusdem
2574 4338 2748 4390 sancti
2803 4341 2954 4402 gesta
3003 4335 3247 4406 ediscere
3292 4336 3533 4399 cupiunt.
3577 4333 3727 4406 Hanc
3769 4337 3876 4388 Jo-

359 4413 506 4474 gitur
541 4408 818 4472 Ninevita,
847 4421 1153 4473 quanquam
1181 4423 1208 4460 a
1250 4411 1505 4463 Bollando
1547 4413 1762 4475 legatur
1794 4405 2070 4464 Ju’veneta.
2157 4409 2316 4461 tsaldi
2363 4409 2415 4460 S.
2475 4409 2658 4461 Petrus
2705 4409 2961 4469 Damiani,
3011 4405 3260 4459 hortante
3306 4407 3534 4470 Hugone
3571 4405 3770 4458 abbate
3823 4413 3884 4459 et

361 4483 443 4533 An
487 4494 522 4532 α
571 4480 792 4538 Ninivia,
839 4481 912 4532 ait
948 4480 1298 4541 Mabillonius,
1345 4481 1618 4535 Flamtria;
1668 4483 1862 4547 oppido
1899 4483 2205 4547 mcdiohs.
2247 4481 2486 4533 0dilonis
2527 4492 2864 4538 successore,
2900 4479 2955 4529 in
2986 4479 3365 4543 compendium
3407 4477 3642 4531 reddidit
3680 4489 3884 4542 super.

360 4529 516 4604 tua;
572 4529 864 4603 arma;
900 4529 1876 4607 *sanandas"{5105351522.
1904 4529 3008 4610 "ita:Daut;“esset;sistamus;
3063 4529 3125 4600 tn‘
3158 4529 3474 4615 iap’pendice
3524 4529 3605 4601 ad
3681 4529 3885 4601 signa.

362 4623 573 4674 stensi?
606 4622 680 4674 in.
2151 4625 2377 4677 thecam'
2445 4624 2855 4675 Cluniacensem
2937 4619 3037 4672 sub
3121 4623 3378 4685 anonymi
3461 4619 3884 4673 Silviniacensis

427 4695 557 4754 (148)
590 4694 1065 4757 Archiepiscopum
1095 4694 1380 4747 dctilalsia
1416 4700 1574 4748 vocat
1607 4696 1954 4748 Martinianus
1980 4709 2067 4749 co-
2152 4695 2390 4752 nomine,
2449 4699 2501 4745 et
2577 4693 2866 4745 Bollandus
2920 4691 3020 4743 sub
3087 4691 3259 4743 altero
3325 4691 3571 4748 Lotsaldi,
3635 4690 3884 4755 hujusce

360 4765 467 4817 dex
499 4766 580 4815 his
618 4765 1136 4827 verbtstrequcns
1166 4765 1336 4818 etiam
1368 4765 1757 4818 monachorum
1788 4766 2070 4818 etcterico-
2152 4766 2276 4817 Vitae
2328 4765 2690 4828 fragmentum
2758 4764 2996 4817 edidere.
3069 4761 3275 4815 Verum
3337 4760 3679 4814 Mabillonius
3747 4774 3882 4815 eam

361 4849 486 4882 rum
535 4839 698 4882 arata
744 4834 1007 4882 visitatio.
1043 4835 1188 4882 inter
1239 4849 1366 4882 auos
1407 4838 1597 4882 saevius
1648 4850 1770 4882 cum
1811 4839 2070 4882 renisebat
2157 4839 2419 4882 inituram
2496 4836 2736 4882 vulgavit
2814 4848 2928 4882 nar.
3032 4846 3093 4882 ιι.
3189 4845 3315 4882 saec.
3409 4845 3464 4882 vr
3541 4832 3652 4882 Act.
3747 4833 3882 4882 θνα.

3189 4845 3315 4885 saec.
3409 4845 3464 4883 vi
3541 4833 3652 4884 Act.
3747 4833 3883 4884 ard.

362 4908 594 4957 domnus
637 4905 963 4958 Laurentius
1006 4904 1437 4970 archiepiswpus
1479 4908 1543 4956 de
1585 4906 1792 4968 Malsia,
1838 4907 1927 4958 vir
1973 4921 2070 4970 per
2154 4910 2212 4961 S.
2266 4905 2460 4958 Bcncd.
2513 4910 2762 4973 notisque
2804 4906 3105 4962 illustravit,
3170 4916 3235 4956 ac
3285 4903 3569 4966 speciatim
3624 4902 3884 4967 elogium

362 4977 553 5028 omnia
603 4976 999 5033 sanctissimus,
1056 4977 1119 5026 in
1177 4977 1465 5041 scripturis
1517 4976 1801 5044 atriusque
1855 4978 2064 5042 linguae,
2149 4992 2247 5031 seu
2333 4978 2512 5040 potius
2596 4977 3039 5030 commentarium
3112 4977 3180 5027 de
3259 4975 3306 5025 8.
3385 4973 3607 5026 0dilone
3683 4973 3883 5026 eidem

369 5045 553 5101 Greca
608 5049 851 5101 videlicet
905 5050 955 5098 et
1012 5045 1227 5106 Latina,
1288 5048 1745 5112 facundissimus;
1799 5049 1903 5100 nisi
1963 5062 2065 5113 po-
2150 5048 2408 5114 ρτωίεοὶῐ,
2505 5048 2598 5101 ubi
2699 5048 2933 5113 plurima
3019 5048 3084 5099 ad
3173 5045 3549 5098 illustrandam
3617 5045 3885 5109 ejusdem

367 5121 472 5170 tius
534 5121 599 5170 de
663 5117 842 5183 Malﬁa
908 5116 1216 5180 legendum.
1277 5119 1362 5170 Est
1432 5126 1610 5172 autem
1677 5120 1885 5170 Amalfis
1976 5120 2065 5172 vel
2146 5121 2347 5178 sancti,
2441 5123 2494 5172 et
2596 5120 2967 5172 Cluniacensis
3059 5117 3498 5182 congregationis
3583 5114 3883 5167 historiam

372 5191 684 5243 Amaiﬂtana
741 5191 900 5242 sedes
931 5190 980 5237 in
1021 5202 1191 5254 regno
1239 5191 1615 5255 Neapolitano;
1653 5194 1816 5254 vulgo
1848 5191 2065 5256 Amat/1.
2144 5191 2701 5244 accommodatissima
2803 5189 3066 5253 singulari
3165 5188 3470 5240 eruditione
3562 5188 3884 5238 contexuit.

370 5261 644 5313 Ducnasa.
2149 5268 2393 5316 ANONYH.
