4108 6206
322 292 428 347 945

1786 292 1963 352 VITA
2007 294 2066 354 S.
2109 291 2373 352 MAUBI.

3733 292 3834 349 0-16

3406 495 3514 503 ...ο-..ν
3526 495 3598 502 -σσ,
3617 493 3826 502 -..ο--ο-ρ-ο-

1422 674 1706 788 VITA
1795 670 2223 787 SANCTI
2325 670 2719 783 MAURI

679 921 975 970 EPISCOPI
1034 921 1414 971 C/ESENATIS
1471 924 1556 968 ET
1611 916 2084 985 CONFESSORIS,
2141 921 2222 966 EX
2275 919 2526 967 ORDINE
2582 921 2636 967 S.
2698 919 3052 967 BENEDICTI
3102 919 3452 967 ASSUMPTI.

1923 1064 2022 1142 (2O
2061 1062 2222 1142 Jan.)

1469 1249 1635 1314 Cum
1660 1250 1834 1313 notis
1859 1249 2146 1312 Joannis
2173 1247 2483 1312 Bollandi
2512 1249 2584 1312 S.
2615 1249 2674 1311 J.

1862 1445 2275 1461 ﬂ

387 1682 695 1755 Cupientes
740 1679 962 1754 aliquid
1005 1681 1254 1739 scribere
1284 1681 1354 1740 ad
1397 1680 1640 1752 gloriam
1697 1679 1798 1737 Dei
1843 1679 2025 1736 nostri

311 1771 382 1828 de
428 1769 492 1826 B.
550 1767 752 1826 Mauro
812 1767 1101 1840 pontiﬁce,
1164 1769 1247 1827 sic
1325 1769 1656 1829 auditorum
1740 1766 2026 1824 desiderio

309 1858 636 1917 satisfacere
689 1857 975 1931 cupimus,
1029 1863 1094 1914 ut
1163 1859 1335 1930 juxta
1409 1858 1647 1931 digestae
1731 1856 2027 1915 relationis

313 1949 568 2018 modum,
630 1949 854 2008 veritati
909 1965 1012 2022 per
1065 1949 1260 2007 omnia
1313 1949 1707 2008 consulamus.
1766 1947 2030 2006 Contem-

310 2037 542 2095 nendus
579 2032 793 2110 quippe
843 2037 1118 2109 pincerna
1161 2043 1246 2094 est
1291 2037 1414 2110 qui,
1459 2037 1601 2094 dum
1636 2035 1758 2092 vini
1807 2036 2031 2108 copiam

301 2127 498 2197 jactat,
541 2127 740 2183 faecem
779 2140 1012 2198 quoque
1053 2125 1345 2198 punienda
1387 2124 1706 2182 temeritate
1745 2125 2027 2197 propinat.

309 2216 616 2290 Improbus
663 2217 924 2291 opipator
981 2225 1107 2288 est,
1167 2219 1270 2292 qui
1331 2224 1485 2276 tanta
1540 2217 1854 2276 ambitione
1900 2217 2034 2275 aliis

308 2303 648 2362 convivium
706 2313 1010 2378 praeparat,
1065 2314 1126 2363 ut
1185 2307 1243 2364 in
1304 2307 1676 2379 semetipsum
1725 2307 2029 2365 aestuantis

310 2391 482 2449 famis
529 2392 865 2451 incendium
908 2393 1118 2450 saevire
1164 2395 1471 2466 permittat.
1521 2395 1888 2453 Temerarius
1936 2394 2026 2451 ni-

310 2479 636 2538 hilominus
691 2488 953 2539 narrator
981 2488 1065 2538 est
1101 2483 1222 2556 qui,
1255 2485 1394 2541 dum
1436 2483 1677 2542 laudum
1725 2482 2026 2555 praeconiis

306 2565 452 2624 alios
490 2567 769 2626 extollere
808 2568 1035 2636 nititur,
1066 2569 1187 2642 ipse
1228 2571 1409 2642 mergi
1447 2571 1506 2628 in
1557 2571 1822 2628 falsitatis
1867 2573 2025 2629 bara-

309 2657 505 2714 thrum
558 2671 671 2714 non
715 2663 962 2712 veretur.
995 2656 1275 2714 Nonnulli
1325 2657 1484 2714 enim
1529 2657 1643 2714 Deo
1693 2672 1752 2714 se
1802 2656 2024 2715 deferre

307 2743 666 2811 existimant,
718 2743 789 2811 si,
841 2743 912 2799 ad
962 2744 1271 2802 deferenda
1321 2744 1509 2802 laudis
1570 2746 1696 2817 ejus
1747 2743 2018 2816 insignia,

314 2831 575 2890 falsitatis
647 2839 992 2902 argumenta
1061 2840 1450 2906 componant;
1505 2833 1606 2906 qui
1650 2833 1926 2890 nimirum
1971 2832 2019 2889 si

2041 1594 2366 1655 Amateriaa
2419 1594 2775 1653 abundantia
2821 1594 3089 1666 suppetit,
3145 1592 3266 1666 ipsa
3320 1593 3457 1665 styli
3512 1594 3822 1666 prolixitas

2109 1681 2374 1755 prohibet
2401 1682 2462 1740 in
2490 1681 3037 1740 talibusimmorari.
3063 1681 3171 1738 Hic
3191 1687 3409 1750 autem,
3442 1681 3544 1739 ubi
3573 1682 3645 1739 de
3670 1682 3817 1740 beati

2112 1771 2223 1828 viri
2253 1771 2564 1830 virtutibus
2594 1787 2773 1843 pauca
2795 1787 2930 1845 quae
2960 1769 3133 1828 scribi
3159 1770 3403 1827 debeant
3432 1775 3642 1842 praesto
3665 1777 3820 1841 sunt,

2114 1859 2319 1918 utilius
2371 1860 2720 1919 arbitramur
2789 1861 2859 1918 ad
2931 1859 3371 1918 mdificationem
3431 1858 3820 1925 audientium,

2113 1948 2184 2004 ad
2215 1963 2391 2020 quam
2439 1949 2630 2007 omnis
2676 1949 3055 2007 ecclesiastica
3105 1947 3350 2007 intendit
3407 1946 3725 2022 Scriptura,
3759 1949 3819 2006 in

2113 2037 2396 2110 prooemio
2465 2044 2661 2094 contra
2719 2036 3086 2094 mendacium
3159 2034 3428 2103 scribere,
3495 2051 3668 2110 quam
3719 2051 3822 2110 pro

2116 2125 2468 2184 narrationis
2500 2126 2694 2200 inopia
2732 2126 2915 2200 ipsam
2947 2124 3244 2184 historiam
3276 2124 3720 2184 mendaciorum
3751 2126 3820 2184 ﬁ-

2117 2213 2291 2272 nibus
2321 2213 2620 2286 protelare.

2185 2304 2388 2376 Igitur,
2421 2320 2556 2378 qua;
2585 2306 2654 2362 de
2682 2304 2800 2363 vita
2824 2302 2914 2361 vel
2945 2301 3241 2361 miraculis
3281 2303 3344 2362 B.
3383 2303 3570 2361 Mauri
3602 2303 3672 2362 ad
3713 2319 3818 2363 no-

2110 2402 2285 2453 stram
2315 2394 2577 2453 notitiam
2603 2395 2908 2468 pervenire
2932 2397 3262 2467 potuerunt,
3285 2393 3454 2466 juxta
3483 2393 3636 2467 quod
3668 2409 3817 2467 quo-

2109 2483 2375 2541 rumdam
2403 2483 2822 2540 monachorum
2855 2495 2971 2538 non
3007 2479 3250 2538 omnino
3282 2479 3816 2552 contemptibilium

2109 2575 2389 2647 conjicere
2430 2573 2755 2631 narratione
2784 2570 3101 2644 potuimus,
3135 2562 3401 2628 fidelibus
3430 2569 3642 2628 Christi
3672 2567 3816 2628 lide-

2108 2666 2237 2724 liter
2270 2667 2630 2724 intimamus.

2665 2748 2908 2810 CAPUT
2939 2747 3255 2806 PRIMUM.

2419 2845 2476 2899 S.
2509 2842 2696 2898 Mauri
2723 2841 3086 2910 episcOpatus.
3116 2841 3180 2894 In
3217 2853 3276 2892 eo
3301 2843 3479 2906 gesta.

305 2921 522 3015 egregii
579 2921 968 3015 praedicatoris
1013 2923 1226 3015 verba
1255 2923 1975 3015 diligenteruattenderent
2002 2955 2084 3015 ,Β
2176 2929 2257 2988 Eo
2295 2930 2486 3004 itaque
2533 2935 2787 3000 tempore
2832 2941 2967 2984 cum
3009 2924 3202 2982 adhuc
3253 2924 3526 3015 domana
3558 2921 3811 2982 Ecclesia

309 3010 442 3068 talia
491 3027 607 3069 non
657 3011 960 3070 sentirent.
994 3011 1090 3068 Ait
1134 3011 1291 3068 enim
1337 3011 1652 3070 Corinthiis
1685 3036 1696 3070 :
1733 3015 1796 3070 Si
1841 3010 2079 3068 autem—
2103 3017 2409 3091 spatiosius
2435 3016 2622 3076 multo
2649 3031 2823 3092 quam
2857 3029 3016 3074 nunc
3052 3010 3482 3087 possessionum
3507 3013 3640 3084 jura
3679 3027 3813 3086 pro-

307 3105 555 3161 Christus
605 3121 713 3160 non
770 3106 1091 3168 resurrexit,
1140 3107 1325 3160 inanis
1383 3122 1508 3173 ergo
1562 3111 1640 3162 est
1700 3107 2020 3176 praedicatio

304 3197 522 3255 nostra,
552 3209 697 3247 vana
745 3198 824 3247 est
850 3193 984 3262 ﬁdes
1013 3197 1230 3258 uestra,-
1258 3195 1567 3247 invenimur
1596 3198 1776 3247 autem
1806 3199 1856 3246 et
1883 3195 2022 3260 falsi

305 3286 465 3336 testes
513 3284 632 3344 Dei,
697 3283 954 3351 quoniam
1025 3284 1390 3336 testimonium
1451 3283 1697 3336 diximus
1759 3282 2020 3338 adversus

304 3373 492 3433 Deum,
551 3371 700 3440 quod
752 3372 1099 3424 suscitaverit
1152 3371 1446 3433 Christum,
1493 3387 1651 3440 quem
1702 3365 1849 3424 419
1913 3387 2020 3425 non

303 3460 593 3513 suscitavit
633 3461 679 3525 (Ι
708 3460 824 3516 Cor.
857 3457 984 3527 xv).
1024 3455 1358 3514 Secundum
1397 3458 1523 3515 haec
1551 3472 1685 3529 ergo
1709 3456 2016 3529 apostolica

307 3545 482 3602 verba
521 3546 706 3603 falsus
739 3544 895 3602 testis
927 3545 1044 3602 Deo
1072 3546 1277 3602 merito
1315 3545 1526 3604 dicitur
1552 3546 1674 3618 qui,
1707 3546 2015 3604 indiscrete

305 3649 440 3694 cum
487 3635 730 3708 cupiens
769 3635 1021 3707 laudare,
1074 3636 1387 3707 mentitur;
1430 3645 1483 3696 et
1512 3638 1790 3696 adversus
1829 3637 2014 3695 Deum

308 3723 708 3795 proculdubio
737 3724 999 3795 perhibet
1043 3726 1434 3784 testimonium
1475 3726 1742 3800 quisquis
1786 3727 1848 3784 in
1887 3727 2014 3799 ejus

303 3811 474 3870 laude
511 3828 781 3885 perversa
821 3812 1059 3871 molitur
1107 3820 1226 3872 arte
1273 3821 1685 3873 commentum.
1736 3815 2012 3888 PrOpheta

303 3915 536 3974 quoque
593 3900 926 3959 terribiliter
978 3902 1231 3968 intonat,
1281 3902 1480 3960 dicens
1531 3925 1542 3958 :
1599 3905 1780 3960 Odisti
1832 3921 2012 3960 omnes

302 3993 402 4058 qui
444 3995 738 4060 operantur
785 3991 1154 4060 iniquitatem,
1188 3993 1383 4062 perdes
1424 4008 1510 4047 eos
1567 3995 1666 4062 qui
1716 3993 2013 4062 loquuntur

299 4079 642 4133 mendacium
685 4080 853 4146 (Psal.
907 4080 983 4149 ν).
1035 4077 1321 4137 Nimirum
1367 4079 1666 4136 manifeste
1716 4079 2011 4137 declamas

300 4169 459 4242 quia,
489 4171 636 4228 sicut
664 4170 852 4229 levius
888 4178 973 4227 est
1008 4171 1167 4228 odire
1207 4187 1381 4244 quam
1421 4171 1677 4245 perdere,
1719 4171 1796 4228 ita
1835 4172 2007 4230 etiam

303 4259 661 4317 tolerabilius
698 4265 784 4317 est
822 4259 1191 4332 iniquitatem
1224 4277 1296 4318 ex
1337 4261 1678 4319 infirmitate
1717 4262 2007 4334 perﬁcere,

298 4362 476 4420 quam
505 4363 577 4405 ex
607 4348 798 4406 studio
827 4348 1124 4406 mendacia
1153 4349 1455 4408 fabricare.

383 4435 528 4493 Hinc
549 4444 633 4494 est
651 4438 802 4510 quod
826 4452 924 4508 per
941 4437 1251 4496 Jeremiam
1276 4439 1346 4495 de
1370 4439 1746 4497 mendacibus
1762 4440 1971 4497 dicitur
1993 4459 2004 4497 :

297 4530 603 4582 Docuerunt
649 4528 868 4595 linguas
917 4543 1047 4582 suas
1099 4529 1250 4598 loqui
1297 4528 1668 4595 mendacium;
1709 4533 1770 4582 ut
1823 4530 2011 4599 inique

297 4621 521 4683 agerent
570 4616 953 4670 laboraverunt
1001 4618 1132 4682 (Jer.
1159 4621 1267 4682 1X).
1316 4614 1426 4684 Qui
1475 4615 1632 4672 enim
1686 4614 2009 4687 simplicem

301 4703 603 4763 veritatem
659 4705 812 4763 ultro
853 4704 1102 4762 oblatam
1172 4705 1424 4778 proferre
1498 4705 1662 4764 facile
1726 4712 2005 4778 poterant,

295 4798 583 4864 satagunt,
624 4802 688 4851 ut
731 4792 1027 4850 mendacia
1069 4809 1202 4851 cum
1251 4794 1444 4852 labore
1482 4793 1832 4866 conﬁngant.
1876 4793 2004 4863 Hic,

296 4879 345 4938 si
376 4880 510 4956 quis
539 4898 645 4940 nos
672 4882 862 4954 longae
899 4881 1255 4954 praefationis
1297 4884 1439 4941 forte
1480 4884 1802 4956 redarguat,
1832 4889 2006 4955 atque

295 4967 351 5024 id
386 4969 538 5040 quod
569 4971 629 5028 in
665 4969 1130 5028 Machabzeorum
1177 4970 1324 5028 libro
1367 4971 1644 5044 scriptum
1684 4978 1766 5030 est
1810 4977 2005 5029 auste-

295 5077 394 5118 rus
447 5077 650 5119 censor
709 5069 955 5135 apponat
1011 5078 1022 5116 :
1077 5064 1318 5118 Stultum
1374 5069 1472 5126 est,
1532 5063 2008 5135 inquiens,.ante

275 5152 580 5207 ‘historiam
634 5155 883 5222 efﬂuere,
942 5157 1000 5209 in
1059 5156 1183 5224 ipsa
1234 5159 1414 5207 autem
1473 5155 1704 5209 historia
1763 5158 2008 5224 succingi

295 5244 372 5309 (Π
420 5244 674 5300 Machab.
709 5249 770 5311 ll)
801 5261 814 5313 ;
862 5243 1008 5300 hanc
1048 5241 1342 5300 reddimus
1379 5242 1679 5312 rationem,
1715 5245 1874 5319 quia,
1905 5244 2006 5302 ubi

2105 3104 2382 3175 tenderet,
2437 3110 2494 3161 et
2557 3104 2711 3161 inter
2780 3107 2982 3160 cmtera
3045 3099 3333 3158 Caesenate
3407 3097 3578 3157 etiam
3655 3099 3813 3174 oppi-

2102 3195 2245 3254 dum
2278 3195 2423 3264 (150)
2460 3194 2793 3267 possideret,
2833 3191 3071 3265 contigit
3105 3199 3168 3250 ut
3202 3190 3401 3248 eadem
3437 3189 3673 3249 Caasena
3703 3207 3810 3249 suo

2101 3284 2428 3358 privaretur
2451 3283 2733 3356 episcopo.
2766 3283 3029 3355 Cumque
3058 3279 3357 3338 Romanus
3378 3279 3639 3352 pontifex
3671 3279 3806 3342 tlStt

2101 3378 2360 3430 cerneret
2399 3379 2663 3443 nepotem
2703 3385 2896 3436 suum,
2943 3371 3171 3427 beatum
3212 3367 3484 3426 videlicet
3514 3365 3805 3434 Maurum,

2101 3462 2387 3519 virtutum
2425 3459 2702 3529 gradibus
2736 3458 2803 3516 ad
2835 3459 2949 3515 alta
2976 3455 3380 3525 conscendere,
3413 3461 3466 3512 et
3498 3454 3556 3511 in
3593 3461 3806 3511 sancta;

2099 3549 2554 3621 conversationis
2606 3549 2798 3607 studio
2852 3561 2967 3606 non
3027 3547 3281 3619 segniter
3338 3543 3581 3618 vigilare
3634 3543 3803 3614 (15?),

2098 3655 2420 3709 congruum
2455 3639 2625 3697 duxit
2662 3643 2726 3696 ut
2765 3637 2932 3695 talem
2959 3635 3150 3694 virum
3184 3635 3254 3692 ad
3286 3631 3650 3692 sacerdotalis
3680 3629 3805 3690 oﬂi-

2095 3728 2167 3786 cii
2225 3727 2446 3800 apicem
2496 3730 3220 3801 promoveret,quatenus
3267 3722 3500 3781 lucerna
3559 3719 3806 3793 Spiritus

2095 3816 2275 3875 sancti
2307 3831 2425 3874 non
2465 3816 2573 3874 sub
2615 3814 2806 3872 modio
2845 3813 3220 3880 delitesceret,
3249 3811 3370 3881 sed,
3400 3825 3575 3884 super
3601 3808 3806 3868 cande-

2095 3903 2321 3962 labrum
2371 3902 2572 3976 posita,
2612 3917 2814 3960 omnes
2851 3901 2952 3975 qui
2999 3900 3058 3957 in
3095 3900 3266 3957 domo
3312 3897 3415 3956 Dei
3453 3903 3591 3956 sunt
3628 3912 3806 3956 sacrae

2093 3993 2368 4052 doctrinae
2399 3993 2574 4050 radiis
2602 3993 2934 4050 illustraret.
2968 3989 3114 4060 Quid
3146 3989 3360 4062 plura?
3387 3987 3645 4046 Tandem
3676 3987 3804 4047 bea-

2095 4089 2185 4142 tus
2242 4081 2481 4140 Maurus
2524 4079 2833 4137 Caesenatis
2891 4077 3160 4137 Ecclesiae
3211 4076 3564 4147 cathedram,
3605 4075 3806 4134 divina

2093 4169 2451 4244 providentia
2501 4169 2840 4242 disponente
2865 4214 2879 4238 ,
2921 4167 3189 4241 suscepit.
3226 4166 3442 4224 Idcirco
3479 4173 3668 4224 autem
3713 4166 3802 4224 vel

2092 4259 2242 4331 regis
2269 4259 2370 4333 qui
2411 4265 2550 4316 tunc
2590 4258 2927 4332 imperabat,
2960 4262 3058 4315 aut
3099 4254 3279 4329 ipsius
3323 4255 3614 4329 apostolici
3657 4251 3803 4310 420

2093 4348 2358 4422 praesulis
2417 4348 2513 4406 hic
2561 4347 2928 4421 interponere
3000 4345 3236 4404 nomina
3305 4344 3801 4418 praetermisimus,

2091 4437 2227 4511 quia
2256 4452 2389 4494 cum
2420 4436 2560 4508 ipsis
2597 4435 2697 4509 qui
2729 4435 2893 4493 nobis
2922 4433 3146 4508 reliqua
3176 4435 3412 4505 dictant,
3445 4435 3571 4491 haec
3595 4433 3806 4507 pariter

2092 4526 2450 4598 ignoramus.
2510 4523 2724 4582 Eorum
2786 4537 3040 4596 namque
3088 4521 3369 4578 vocabula
3425 4521 3487 4578 in
3546 4520 3806 4593 antiquis

2091 4617 2323 4693 quidem
2377 4615 2548 4673 tomis
2603 4614 2754 4685 (153)
2805 4630 2864 4670 se
2917 4613 3130 4670 vidisse
3183 4616 3656 4681 commemorant,
3706 4610 3805 4668 sed

2091 4724 2225 4767 cum
2250 4709 2452 4766 civitas
2479 4714 2612 4766 ante
2645 4711 2766 4764 hzec
2804 4705 3054 4764 flammis
3093 4705 3301 4763 fuisset
3334 4708 3564 4774 exusta,
3593 4716 3802 4760 monu-

2094 4806 2284 4856 menta
2317 4812 2547 4872 quoque
2579 4796 2880 4869 perhibent
2916 4794 3090 4853 simul
3120 4794 3296 4852 fuisse
3335 4797 3694 4864 consumpta.

2161 4887 2309 4945 Cum
2343 4885 2522 4959 igitur
2561 4883 2650 4941 vir
2691 4883 2922 4942 Domini
2973 4882 3212 4942 Maurus
3255 4889 3369 4940 tam
3413 4880 3614 4940 arduae
3647 4894 3803 4939 cum

2091 4975 2200 5032 sibi
2259 4973 2652 5048 conspexisset
2705 4988 2854 5032 onus
2901 4972 3257 5046 impositum,
3313 4972 3460 5031 sicut
3512 4971 3583 5029 de
3643 4970 3804 5029 beato

2093 5063 2271 5122 Paulo
2326 5063 2534 5137 legitur
2585 5064 2734 5131 (Gal.
2786 5069 2850 5134 ι),
2899 5077 3262 5137 nequaquam
3308 5061 3599 5136 acquievit
3641 5060 3799 5118 carni

2091 5162 2146 5211 et
2187 5153 2480 5224 sanguini,
2513 5152 2609 5209 sed
2649 5152 2819 5224 ccepit
2847 5167 2906 5210 se
2957 5151 3015 5208 in
3060 5150 3276 5209 divinis
3309 5149 3602 5222 obsequiis
3645 5153 3799 5206 tanto

2092 5243 2520 5317 vigilantiorem
2579 5242 2831 5312 reddere,
2890 5248 3107 5315 quanto
3152 5241 3263 5299 sibi
3312 5246 3550 5300 noverat
3613 5245 3669 5298 et
3723 5245 3802 5297 tot

1672 5364 1702 5422 J
1712 5409 1725 5423 .
1766 5364 2144 5424 BOLLANDI
2185 5363 2421 5424 NO'l'jE.

359 5461 498 5525 (150)
593 5461 828 5514 Leander
909 5461 1194 5513 Albertus:
1237 5463 1526 5514 Casenates
1627 5463 2000 5526 Langobardo-

294 5543 424 5583 rum
447 5533 774 5595 temporibus
794 5535 854 5586 in
881 5534 986 5599 ﬁde
1014 5533 1162 5584 urbis
1203 5535 1373 5584 Itonia:
1407 5537 1720 5586 constanter
1741 5533 1951 5586 hausere.

356 5603 494 5670 (151)
521 5603 797 5658 Joannem
826 5603 899 5656 IV
931 5605 1075 5658 hunc
1105 5605 1274 5658 fuisse
1303 5605 1465 5658 tradit
1489 5605 1780 5659 Ferrarius.

2164 5463 2300 5528 (152)
2321 5462 2606 5516 Menardus
2626 5461 2753 5513 hinc
2773 5463 3004 5527 probare
3024 5467 3264 5526 conatur,
3290 5464 3611 5517 monachum
3629 5463 3799 5518 fuisse

2102 5536 2372 5586 Maurum.

2157 5605 2294 5674 (153)
2330 5607 2470 5669 Sun,
2495 5604 2787 5658 codicibus.
