4108 6206
289 276 393 336 947

757 277 816 338 S.
860 278 1081 339 PETRI
1124 279 1445 338 DAMIANI
1483 280 1640 341 OPP.
1683 281 1875 343 PARS
1917 279 2057 343 SEU
2096 281 2348 342 TOMUS
2385 282 2460 341 ΙΙ.
2503 314 2569 324 -
2610 277 3067 342 SANCTORUM
3106 278 3327 339 VITIE.

3693 281 3801 342 948

290 403 652 463 subditorum
699 404 1016 463 custodiam
1072 404 1397 462 imminere.
1439 404 1804 478 Perpendens
1846 406 2188 466 navased
2242 406 2319 464 ita
2368 412 2490 465 erat
2534 420 2790 477 congruo
2837 411 3029 463 tenore
3068 403 3128 461 in
3177 403 3428 478 quodam
3471 405 3801 465 meditullio

291 507 406 565 que
453 491 589 566 quia
633 508 727 550 ars
773 500 857 550 est
897 493 1109 551 artium
1163 491 1418 565 regimen
1467 494 1818 566 animarum,
1861 509 2005 553 con-

290 598 506 657 gruum
537 583 829 656 judicabat
861 598 964 642 nec
1006 584 1369 642 internorum
1406 600 1605 643 curam
1644 587 2003 646 exteriorum

292 674 663 747 occupatione
702 677 985 746 minuere,
1024 692 1130 734 nec
1170 693 1375 735 rursus
1410 678 1767 738 exteriorum
1807 679 2001 753 provi-

289 760 544 820 dentiam
572 764 929 822 internorum
958 764 1352 823 sollicitudine
1382 766 1645 825 funditus
1670 767 1957 825 declinare
1982 787 1996 824 :

292 866 363 907 ne
394 850 658 908 videlicet
682 857 784 911 aut
812 853 1197 912 exterioribus
1228 853 1474 924 deditus,
1504 854 1576 912 ab
1614 854 1839 913 intimis
1874 871 2001 914 om-

294 939 433 996 nino
490 947 799 1003 corrueret,
857 946 959 999 aut
1015 940 1152 998 solis
1228 942 1604 1001 interioribus
1670 950 2001 1016 occupatus,

292 1046 423 1102 qua:
449 1030 589 1089 foris
623 1031 867 1091 debebat
902 1032 1204 1107 proximis,
1250 1032 1638 1106 negligentius
1679 1034 1998 1094 exhiberet.

364 1122 527 1195 Szepe
562 1138 810 1195 namque
844 1124 1138 1193 nonnulli,
1171 1123 1329 1181 velut
1355 1122 1516 1181 obliti
1545 1124 1697 1196 quod
1729 1124 2005 1185 fratribus

290 1213 621 1271 animarum
673 1229 847 1272 causa
896 1213 1117 1287 prrelati
1168 1220 1326 1281 sunt,
1359 1220 1514 1271 tanto
1557 1214 1746 1273 cordis
1790 1216 2003 1274 annisu

290 1303 669 1363 saecularibus
698 1306 853 1363 curis
882 1305 1231 1374 inserviunt,
1263 1303 1419 1377 quod
1446 1305 1570 1375 has,
1603 1320 1737 1361 cum
1763 1305 1998 1375 adsunt,

288 1408 349 1450 se
378 1409 546 1466 agere
584 1394 920 1452 exsultant:
954 1394 1024 1451 ad
1064 1394 1169 1452 has
1206 1395 1403 1464 etiam,
1441 1409 1578 1452 cum
1618 1394 1844 1463 desunt,
1881 1402 2001 1452 tur-

286 1481 544 1539 buientis
582 1482 993 1555 cogitationum
1032 1482 1270 1541 testibus
1307 1478 1601 1540 anhelant.
1637 1482 1900 1557 Cumque
1930 1482 2003 1540 ab

288 1570 399 1641 his,
430 1575 691 1628 cessante
729 1564 963 1628 forsitan
1003 1572 1446 1645 opportunitate,
1475 1570 1657 1645 quieti
1690 1579 1845 1642 sunt,
1880 1571 2003 1646 ipsa

286 1656 543 1716 deterius
590 1675 694 1717 sua
744 1660 936 1733 quiete
973 1661 1306 1733 fatigantur.
1350 1659 1713 1734 Voluptatem
1752 1678 2001 1736 namque

2084 495 2454 565 constitutus,
2506 502 2569 553 ut
2607 502 2663 552 et
2698 509 2871 567 super
2907 509 2967 551 se
3006 492 3207 566 positis
3244 492 3487 551 liberam
3530 494 3796 553 visendze

2084 582 2260 641 totius
2309 598 2452 655 pene
2485 582 2748 641 dimensis
2790 580 3125 640 facultatem
3174 580 3466 650 tribueret,
3497 597 3561 640 se
3595 589 3794 641 autem

2083 671 2456 730 ascendentes
2500 685 2867 745 nequaquam
2917 668 3200 728 excelsior
3234 668 3474 728 declivis
3511 671 3795 744 processi-

2082 762 2197 820 bus
2237 762 2512 833 fatigaret.
2546 761 2682 819 Erat
2719 760 2881 819 enim
2921 775 3089 818 mons
3126 758 3228 817 ille
3259 773 3561 816 nemorosa
3596 758 3796 818 diver-

2085 867 2283 911 sarum
2320 851 2594 910 arborum
2633 850 2912 909 densitate
2954 850 3213 910 vestitus.
3253 848 3365 907 Hic
3401 849 3595 923 itaque
3628 866 3799 909 mons

2085 943 2163 1000 ita
2190 940 2341 1000 beati
2383 940 2494 997 viri
2540 939 2865 1013 aspectibus
2910 939 3141 1012 placuit,
3172 954 3239 997 ac
3287 939 3336 997 si
3377 944 3632 998 montem
3684 940 3801 999 Oli-

2085 1030 2201 1087 veti
2232 1029 2489 1104 adjacere
2526 1030 2656 1088 urbi
2695 1028 3058 1087 Hierusalem
3104 1035 3389 1100 cerneret,
3427 1036 3600 1102 atque
3638 1030 3803 1089 hunc

2089 1119 2373 1193 psalmum
2406 1134 2525 1177 non
2562 1116 2852 1176 immerito
2887 1133 3023 1176 cum
3053 1117 3333 1190 Propheta
3361 1118 3668 1177 concinere
3708 1134 3803 1192 po-

2088 1210 2285 1268 tuisset
2336 1228 2347 1266 :
2399 1211 2625 1277 Memor,
2684 1205 2893 1280 inquit,
2946 1223 3033 1262 ero
3086 1209 3187 1271 tui,
3241 1210 3484 1271 Domine,
3534 1209 3602 1263 de
3654 1215 3805 1264 terra

2084 1303 2343 1357 Jordanis
2371 1308 2421 1357 et
2447 1304 2799 1367 Hermoniim,
2838 1319 2872 1356 a
2896 1307 3071 1357 monte
3106 1302 3314 1357 modico
3355 1304 3529 1370 (Psal.
3558 1314 3682 1369 XLI,
3710 1302 3804 1373 7);

2085 1408 2259 1466 quem
2298 1391 2567 1451 videlicet
2611 1398 2866 1450 montem
2914 1390 3075 1465 prius
3115 1406 3149 1448 a
3197 1391 3457 1450 Romano
3512 1392 3807 1464 pontifice,

2084 1481 2193 1541 sub
2246 1482 2413 1554 cujus
2465 1481 2596 1555 jure
2647 1481 3040 1552 detinebatur,
3096 1479 3298 1554 petiit,
3352 1480 3561 1539 deinde
3614 1479 3807 1539 cellu-

2082 1569 2199 1628 lam
2255 1570 2366 1628 sibi
2426 1569 2549 1628 illic
2601 1585 2734 1630 cum
2787 1569 3001 1642 exigua
3047 1568 3282 1629 ecclesia
3333 1570 3654 1639 fabricavit,
3700 1571 3806 1630 ubi

2083 1659 2575 1733 Quadragesimali
2650 1669 2904 1735 tempore
2979 1677 3373 1735 perseverans,
3429 1662 3670 1736 jejuniis
3750 1671 3811 1723 et

287 1749 623 1820 decernunt,
663 1749 713 1806 si
759 1749 1085 1808 actionibus
1127 1749 1546 1823 deprimantur,
1589 1751 1842 1811 laborem
1888 1768 1998 1826 pu-
2014 1766 2061 1827 Β
2082 1751 2440 1811 orationibus
2484 1767 2719 1826 operam
2774 1752 2968 1823 dabat,
3008 1758 3064 1811 et
3111 1752 3162 1810 si
3210 1752 3445 1827 quando
3496 1751 3568 1811 de
3623 1752 3811 1812 eccle-

290 1844 428 1908 tant,
457 1838 506 1896 si
544 1839 607 1896 in
637 1840 878 1899 terrenis
909 1839 1154 1911 negotiis
1193 1856 1306 1898 non
1335 1841 1620 1900 laborant.
1662 1843 1738 1900 At
1784 1848 2003 1916 contra,
2087 1842 2332 1901 siasticis
2362 1842 2605 1914 negotiis
2628 1842 2812 1901 furari
2846 1847 3086 1917 poterat,
3115 1842 3186 1899 ad
3214 1842 3477 1900 eamdem
3500 1842 3801 1913 cellulam,

290 1926 557 1985 nonnulli
605 1928 795 2001 gregis
841 1929 1077 2001 quidem
1130 1944 1328 1987 curam
1376 1930 1721 2003 suscipiunt,
1779 1930 1879 1989 sed
1924 1931 2007 1989 sic
2088 1933 2245 1990 velut
2285 1931 2358 1989 ad
2394 1930 2652 1991 dulcium
2693 1930 2998 2004 epularum
3049 1929 3407 1999 convivium,
3449 1931 3804 1989 recurrebat.

287 2017 520 2076 sibimet
543 2033 745 2076 vacare
773 2019 843 2076 ad
869 2018 1192 2091 spiritualia
1218 2027 1515 2093 appetunt,
1548 2028 1611 2079 ut
1644 2021 1819 2080 rebus
1850 2028 2007 2079 exte-
2086 2021 2213 2078 Illic
2296 2021 2547 2094 denique
2622 2021 2906 2079 ﬂuentum
2997 2019 3217 2078 divinae
3301 2019 3808 2094 contemplationis

287 2107 539 2166 rioribus
578 2107 915 2167 nullatenus
947 2116 1318 2182 occupentur.
1350 2109 1461 2179 Qui
1492 2125 1624 2169 cum
1650 2126 1853 2169 curare
1879 2127 2001 2170 cor-

289 2194 504 2269 poralia
538 2195 799 2254 funditus
828 2196 1149 2269 negligunt,
1181 2197 1542 2257 subditorum
1567 2200 2004 2259 necessitatibus

292 2283 535 2341 minime
591 2293 942 2354 occurrunt;
1003 2301 1252 2358 quorum
1316 2287 1604 2345 nimirum
1672 2289 2002 2362 praedicatio

289 2371 635 2446 plerumque
700 2372 1037 2445 despicitur,
1091 2375 1250 2448 quia,
1304 2375 1450 2433 dum
1529 2376 2002 2450 delinquentium

290 2460 437 2518 facta
467 2462 807 2535 corripiunt,
848 2463 945 2521 sed
987 2470 1179 2521 tamen
1217 2464 1301 2522 eis
1340 2465 1664 2524 necessaria
1697 2467 2004 2540 przesentis

292 2551 427 2608 vita:
473 2567 590 2610 non
634 2552 919 2625 tribuunt,
962 2569 1331 2629 nequaquam
1380 2555 1629 2614 libenter
1659 2557 1999 2618 audiuntur.

292 2639 525 2712 Egentis
558 2641 769 2699 etenim
822 2650 1073 2701 mentem
1115 2644 1391 2702 doctrina)
1435 2662 1625 2704 sermo
1669 2662 1785 2705 non
1824 2663 2004 2722 pene-

293 2737 419 2799 trat,
451 2730 501 2787 si
535 2731 693 2788 hunc
718 2732 873 2803 apud
904 2733 1030 2805 ejus
1056 2734 1322 2791 animum
1355 2750 1565 2793 manus
1591 2735 2002 2795 misericordia:

296 2832 407 2874 non
466 2820 847 2877 commendat.
901 2820 1068 2879 Tunc
1118 2829 1313 2880 autem
1374 2823 1538 2881 verbi
1593 2839 1791 2882 semen
1838 2825 2005 2884 facile

291 2905 593 2976 germinat,
646 2907 877 2980 quando
930 2909 1039 2966 hoc
1093 2909 1155 2967 in
1207 2910 1499 2969 audientis
1547 2918 1770 2985 pectore
1827 2913 2007 2987 pietas

294 2995 660 3067 prmdicantis
708 2997 883 3068 rigata
929 2997 1070 3057 Haec
1118 3006 1311 3058 autem
1363 3000 1575 3061 idcirco
1636 3003 1706 3060 de
1761 3004 2008 3062 diversis

2084 2110 2271 2167 avidis
2318 2110 2530 2167 mentis
2581 2125 2706 2168 sum
2755 2108 3019 2167 faucibus
3070 2107 3391 2181 hauriebat,
3432 2110 3589 2168 unde
3644 2117 3801 2182 post.

2088 2198 2326 2256 modum
2363 2198 2585 2256 arentia
2638 2197 3043 2271 proximorum
3080 2204 3308 2269 pectora
3344 2206 3557 2256 sancta:
3595 2196 3804 2270 pradi-

2084 2287 2326 2345 cationis
2368 2287 2577 2361 poculo
2617 2286 2924 2345 recreabat.
2958 2286 3067 2345 Illo
3104 2286 3275 2359 plane
3318 2286 3441 2345 loco
3483 2287 3648 2361 quasi
3698 2302 3802 2359 pro

2085 2377 2292 2435 balneo
2327 2378 2614 2436 utebatur.
2649 2378 2737 2436 Ibi
2775 2378 2933 2435 enim
2970 2376 3212 2436 curabat
3245 2377 3500 2447 abluere,
3539 2377 3587 2435 si
3614 2392 3797 2451 quam

2084 2482 2159 2525 ex
2190 2467 2558 2525 saecularium
2590 2466 2900 2525 hominum
2926 2465 3330 2537 collocutione,
3356 2472 3455 2524 aut
3480 2466 3661 2535 verbi,
3693 2475 3800 2525 aut

2084 2556 2446 2629 cogitationis
2471 2555 2757 2616 maculam
2785 2553 3191 2625 contraxisset;
3218 2562 3274 2613 et
3301 2554 3600 2629 pulverem
3625 2571 3796 2614 mun-

2084 2646 2253 2704 danae
2291 2645 2764 2717 conversationis,
2804 2645 2929 2703 sine
2964 2659 3080 2718 quo
3111 2646 3236 2703 haec
3270 2646 3546 2703 humana)
3579 2654 3794 2704 morta-

2088 2734 2262 2793 litatis
2315 2734 2412 2792 via
2463 2749 2577 2792 non
2632 2733 2904 2808 carpitur,
2960 2733 3177 2792 crebris
3226 2733 3345 2791 illic
3404 2733 3793 2807 lacrymarum

2088 2823 2344 2883 fontibus
2385 2822 2675 2897 expiabat.
2710 2822 2815 2882 Ille
2853 2823 3030 2896 igitur
3064 2822 3244 2895 locus,
3276 2822 3379 2896 qui
3423 2829 3620 2881 sancto
3666 2823 3793 2882 viro

2087 2915 2149 2972 in
2182 2912 2297 2972 vita
2350 2921 2463 2970 tam
2496 2912 2740 2971 dilectus
2768 2918 2823 2971 et
2863 2911 3165 2970 familiaris
3201 2911 3443 2983 exstitit,
3480 2918 3607 2987 post
3640 2928 3796 2971 mor-

2090 3009 2203 3059 tem
2258 3016 2490 3075 quoque
2545 3000 2670 3074 ejus
2717 3000 3015 3074 sepultura
3067 3000 3280 3059 meruit
3328 2999 3616 3074 insigniri.
3649 2999 3799 3058 Nam

294 3091 583 3156 pastorum
608 3086 869 3145 moribus
890 3087 1205 3162 loquimur,
1234 3098 1296 3148 ut
1319 3106 1496 3165 quam
1521 3092 1797 3166 prudens,
1828 3110 2005 3167 quam
2027 3105 2299 3188 Ccorpus
2337 3089 2481 3162 ejus,
2524 3088 2587 3147 in
2633 3105 2808 3147 saxea
2855 3104 2989 3148 arca
3037 3090 3417 3161 reconditum,
3452 3087 3625 3160 juxta
3663 3106 3802 3163 par-

295 3176 585 3236 moderata
630 3178 692 3235 in
752 3179 919 3239 beato
968 3180 1169 3240 Mauro
1222 3182 1395 3241 fuerit
1444 3185 1731 3257 discretio,
1763 3176 2564 3244 demon-“vambasilicam
2605 3196 2781 3255 quam
2828 3181 2951 3254 ipse
2994 3184 3393 3239 construxerat
3429 3184 3516 3237 est
3552 3177 3804 3237 colloca-

293 3273 561 3325 stremus.
602 3265 715 3335 Qui
760 3267 1062 3339 nimirum,
1109 3269 1247 3329 dum
1303 3286 1495 3347 neque
1544 3273 2009 3346 contemplativm

294 3355 431 3412 vita)
457 3352 640 3413 otium
667 3357 955 3429 sectando,
976 3358 1220 3416 activam
1245 3361 1489 3419 omnino
1517 3361 1792 3432 deseruit,
1820 3378 2009 3437 neque

292 3459 397 3515 per
451 3443 656 3502 activm
720 3445 1119 3507 lassitudinem
1185 3450 1325 3522 (154)
1380 3451 1561 3510 libere
1610 3451 2006 3523 discurrendo,

293 3548 327 3589 a
378 3533 858 3607 contemplatione
908 3538 1159 3608 recessit,
1214 3546 1289 3611 et,
1342 3545 1407 3599 ut
1454 3540 1532 3598 ita
1585 3542 1854 3612 dixerim,
1909 3559 2011 3616 per

292 3638 525 3680 auream
558 3624 709 3681 viam
740 3625 988 3683 cmlcstis
1020 3629 1179 3699 regni
1208 3628 1613 3687 celsitudinem
1642 3632 1979 3703 penetravit.

367 3711 629 3786 Denique
714 3713 856 3771 dum
943 3715 1005 3772 in
1088 3715 1377 3790 episcopio
1460 3732 1567 3776 suo
1653 3719 1899 3791 degeret,
1956 3727 2013 3779 et

296 3806 666 3862 commissam
735 3805 845 3864 sibi
907 3806 1237 3891 ‘Ecclesiam
1310 3816 1567 3868 'strenue
1640 3812 2008 3883 gubernaret,

298 3896 470 3967 coepit
534 3897 703 3955 talem
782 3898 976 3956 locum
1044 3900 1286 3958 sollicita
1366 3902 1577 3959 mentis
1644 3902 2011 3976 indagatione

296 3987 648 4060 perquirere,
702 3988 801 4047 ubi
858 3990 926 4047 ad
991 3997 1216 4064 tempus
1275 3998 1329 4049 et
1386 4008 1418 4049 a
1468 3991 1837 4052 saecularium
1889 3999 2010 4052 tur-

301 4076 370 4134 ba
426 4077 689 4135 secedere
749 4086 804 4137 et
862 4079 967 4138 soli
1028 4079 1142 4139 Deo
1198 4088 1387 4155 posset
1445 4083 1752 4155 specialius
1811 4082 2009 4142 adhae-

298 4179 460 4233 rere;
513 4165 748 4223 Domini
804 4169 892 4224 sui
970 4170 1191 4227 scilicet
1268 4186 1379 4227 non
1459 4171 1652 4243 segnis
1739 4171 2011 4245 imitator,

297 4250 438 4305 421
498 4255 598 4325 qui
655 4268 755 4325 per
808 4256 958 4313 diem
1021 4257 1081 4315 in
1134 4259 1379 4317 urbibus
1431 4260 1797 4334 praedicabat,
1839 4269 2013 4321 noctu

302 4356 437 4398 vero
489 4341 551 4397 in
611 4350 807 4403 monte
865 4346 1223 4406 orationibus
1287 4348 1585 4409 insistebat
1641 4354 1818 4421 (Luc.
1879 4357 2010 4421 v1).

2092 3277 2235 3330 tum.

2763 3357 2999 3417 CAPUT
3048 3357 3124 3417 ΙΙ.

2488 3449 2803 3504 Translatio
2824 3450 3094 3520 corporis;
3124 3450 3412 3504 miracula.

2164 3537 2305 3594 Haec
2333 3535 2531 3610 igitur,
2563 3551 2698 3616 quas
2725 3537 2797 3594 de
2836 3537 2952 3594 vita
2979 3535 3127 3595 beati
3168 3536 3282 3594 viri
3310 3536 3382 3595 ad
3417 3541 3671 3594 nostram
3701 3550 3806 3608 po-

2095 3632 2331 3686 tuerunt
2350 3625 2651 3697 pervenire
2674 3625 2961 3694 notitiam,
2984 3641 3102 3684 non
3125 3625 3362 3700 quidem
3381 3632 3520 3684 sunt
3541 3642 3575 3682 a
3596 3624 3806 3683 nostris

2093 3716 2438 3775 relatoribus
2466 3714 2609 3785 visa,
2641 3714 2740 3773 sed
2768 3715 3204 3775 succedentium
3239 3713 3681 3788 generationum
3709 3729 3808 3772 ce-

2096 3804 2241 3864 lebri
2277 3802 2555 3863 memoria
2579 3803 2894 3877 divulgata.

2166 3895 2413 3965 Quidam
2441 3900 2635 3953 autem
2681 3894 2954 3968 antiquus
2982 3895 3310 3955 admodum
3357 3910 3540 3954 senex
3582 3900 3643 3952 et
3687 3908 3815 3951 cor-

2095 4000 2231 4057 pore
2259 3989 2647 4043 marcescente
2668 3984 2786 4057 jam
2817 3984 3124 4053 tremulus,
3150 3983 3361 4043 nostris
3384 3998 3571 4058 nuper
3595 3990 3813 4055 tempo-

2094 4073 2257 4132 ribus
2284 4072 2525 4144 exstitit,
2557 4073 2662 4147 qui
2715 4087 2776 4129 se
2817 4071 3030 4131 vidisse
3078 4072 3256 4148 hujus
3284 4071 3347 4129 B.
3398 4070 3587 4131 Mauri
3632 4084 3812 4142 nepo-

2100 4167 2245 4231 tem,
2313 4160 2716 4221 Gonstantium
2788 4160 3059 4219 videlicet
3134 4160 3410 4232 nomine,
3473 4160 3817 4234 episcopum

2098 4252 2412 4311 Cmsenatis
2451 4249 2722 4309 Ecclesiae
2753 4250 3084 4309 testabatur.
3114 4246 3262 4305 422
3297 4250 3409 4310 Sed
3433 4249 3711 4325 quoniam
3739 4250 3814 4308 de

2100 4341 2217 4399 vita
2244 4339 2307 4398 B.
2340 4339 2527 4398 Mauri
2558 4356 2623 4397 ea
2654 4354 2790 4412 qum
2821 4340 2990 4399 nobis
3016 4337 3219 4398 audire
3242 4338 3480 4411 contigit
3508 4336 3659 4411 stylo
3680 4352 3817 4395 cur-

304 4428 571 4502 Dumque
597 4429 659 4488 in
690 4432 811 4489 dies
836 4432 1014 4507 hujus
1040 4435 1348 4494 anxietatis
1375 4438 1556 4510 magis
1578 4453 1644 4495 ac
1664 4438 1848 4512 magis
1876 4455 2078 4512 cura“
2101 4437 2260 4487 ιύῐιιθ
2288 4427 2656 4501 ἀίξξθεείῐῐὶιιεο
2695 4443 2853 4486 nunc
2878 4427 3130 4501 qualiter
3156 4427 3523 4501 omnipotens
3548 4426 3704 4485 Deus
3736 4425 3815 4483 ad

301 4527 699 4592 succresceret,
734 4521 960 4580 tandem
994 4523 1202 4598 adjecit
1235 4488 1571 4585 oculumnad
1618 4488 1793 4587 breve
1828 4528 2003 4601 quod-

2150 4520 2341 4577 ;oriam
2370 4488 2469 4576 sui
2499 4516 2755 4576 nominis
2786 4516 2913 4589 ejus
2948 4517 3149 4575 merita
3188 4516 3531 4576 revelaverit
3556 4515 3822 4574 breviter

300 4607 432 4665 dam
472 4611 952 4683 promontorium.
991 4621 1240 4686 Quatuor
1286 4617 1403 4675 fere
1452 4617 1651 4677 stadiis
1694 4619 1767 4677 ab
1805 4619 2018 4690 exigua
2100 4609 2479 4685 explicemus.

302 4696 446 4756 urbe
512 4706 819 4761 semotum.
880 4700 1201 4762 Vocabatur
1252 4712 1447 4764 autem
1497 4707 1678 4766 saltus
1734 4706 2014 4781 Spatiani,
2170 4699 2318 4780 (156)
2380 4698 2481 4756 Est
2532 4700 2727 4754 alitem
2776 4710 2937 4755 nunc
2987 4693 3213 4754 οειθίπθ
3275 4695 3692 4754 monasterium
3752 4696 3820 4753 in

304 4783 464 4844 locus
515 4787 731 4845 scilicet
764 4804 871 4847 nec
909 4791 1215 4864 praeruptis
1258 4795 1660 4853 cacuminibus
1699 4795 2018 4854 sublimius
2098 4789 2370 4865 praedicto
2415 4792 2611 4846 monte
2653 4786 2715 4844 in
2759 4800 2875 4859 quo
2922 4787 3016 4844 vir
3051 4786 3155 4845 Dei
3209 4803 3373 4847 orare
3413 4794 3819 4857 consueverat,

302 4873 373 4931 ad
413 4874 526 4932 alta
564 4884 882 4949 porrectus,
915 4893 1019 4936 nec
1051 4881 1292 4940 omnino
1330 4883 1633 4956 depressus
1672 4885 1734 4942 in
1773 4884 1912 4953 ima,
1944 4885 2017 4943 ad
2099 4877 2170 4934 ad
2220 4877 2497 4934 honorem
2549 4874 2607 4931 B.
2660 4872 2762 4931 Dei
2802 4873 3113 4933 Genitricis
3143 4881 3199 4932 et
3239 4875 3497 4948 Virginis
3530 4874 3821 4933 constitu-

300 4963 515 5023 arvalis
554 4964 724 5024 lamas
763 4966 909 5039 (155)
940 4968 1244 5027 videbatur
1285 4970 1615 5042 planitatein
1639 4979 1968 5047 coaequatus
1996 4991 2012 5043 ;
2101 4976 2247 5041 tum,
2269 4966 2373 5026 ubi
2398 4980 2567 5025 mons
2588 4964 2775 5024 Mauri
2800 4980 2876 5023 ex
2900 4966 3141 5038 antiqua
3168 4965 3367 5041 populi
3393 4964 3824 5055 consuetudine

1682 5127 1734 5187 J.
1775 5123 2156 5188 BOLLANDI
2196 5119 2439 5181 NOTAE.

367 5240 502 5307 (154)
537 5243 675 5307 Sur.,
712 5243 1077 5298 latitudinem.

370 5316 511 5377 (155)
544 5313 725 5375 Lama,
752 5317 943 5369 lacuna
967 5323 1065 5379 est,
1095 5319 1213 5372 sive
1234 5333 1496 5383 aquarum
1525 5322 1794 5375 collectio.

374 5388 506 5461 nam
542 5387 802 5461 Leander.
833 5391 991 5441 Intus
1020 5390 1093 5442 ad
1125 5393 1420 5452 (Emi/iam,
1452 5394 1709 5455 inprimis
1744 5395 2016 5461 Apennini

304 5457 540 5531 coitibus,
596 5458 694 5523 qui
746 5460 869 5518 vite,
929 5462 1053 5525 ﬁcu,
1138 5464 1269 5527 oleo,
1328 5464 1632 5531 celerisque
1706 5457 2015 5531 fructiferis

305 5527 585 5582 arboribus
646 5531 877 5595 conferti
941 5537 1090 5595 sunt,
1154 5548 1319 5599 prope
1382 5527 1649 5591 Camenam
1706 5527 2015 5592 coenobium

306 5606 381 5655 est
437 5604 813 5665 sumptuosum
859 5616 982 5657 cum
1032 5606 1140 5660 ade
1179 5608 1413 5661 caelitum
1458 5609 1684 5675 Regina,
1731 5623 1898 5674 quam
1927 5609 2014 5664 hic

2120 5247 2182 5299 ι).
2234 5245 2467 5297 Mariam
2514 5245 2835 5298 Montanum
2878 5249 3219 5309 nuncupant,
3256 5254 3440 5297 sacra.
3513 5242 3645 5296 Loco
3713 5255 3821 5295 no-

2116 5330 2242 5369 men
2278 5320 2353 5370 est
2407 5328 2563 5368 mons
2620 5317 2798 5375 Mauri,
2859 5330 2895 5368 a
2948 5316 3006 5367 Ι).
3060 5314 3249 5368 Mauro
3313 5314 3670 5369 Casenatium
3720 5326 3827 5367 an-

2117 5390 2305 5452 tistite,
2356 5389 2452 5454 qui
2482 5388 2568 5440 hic
2606 5388 2943 5441 sanctissime
2988 5389 3164 5440 vitam
3196 5387 3300 5451 egit
3322 5407 3339 5447 ς
3387 5386 3715 5439 occidentem
3766 5388 3824 5438 ei

2112 5461 2534 5583 iep;g:‘nt‘r:ionem
2554 5463 2778 5525 spectat,
2803 5461 2982 5525 estque
3005 5457 3395 5513 monachorum
3436 5460 3497 5512 Π.
3540 5457 3824 5512 Benedicti

2130 5546 2181 5583 ια
2220 5546 2242 5583 ι
2269 5544 2303 5583 a
2330 5545 2402 5583 ιο.

2130 5532 2402 5587 tabitaiio.
