4108 6206
296 308 406 375 949

1778 308 1955 367 VITA
1993 303 2055 363 s.
2094 282 2364 364 MAURI.

3717 298 3827 366 950

297 434 538 505 dicitur,
600 434 740 509 quia
795 432 959 494 locus
1011 433 1112 491 ille
1169 448 1283 492 non
1335 432 1625 493 immerito
1674 433 1856 495 sancti
1906 427 2393 499 viriAbiberent,
2426 428 2521 488 vel
2572 428 2726 487 beati
2767 427 3108 486 confessoris
3160 426 3619 486 misericordiam
3676 428 3824 489 fusis

297 523 582 582 vocabulo
620 522 952 582 decoratur.

370 610 518 671 Cum
562 610 744 683 igitur
789 625 922 668 arca
974 610 1076 668 illa
1116 611 1219 670 ubi
1269 611 1420 671 beati
1458 611 1566 669 viri
1609 611 2020 684 corpusculum

295 699 692 770 claudebatur,
721 700 895 772 juxta
943 700 1240 772 przefatam
1292 699 1614 769 ecclesiam,
1648 706 1815 758 terrae
1846 700 2020 758 undi-

296 803 413 862 que
467 792 760 846 crescente
806 786 1111 857 congerie,
1167 786 1568 858 delitesceret,
1626 796 1682 848 et
1737 790 1841 848 vix
1893 790 2022 849 saxi

296 877 484 951 ipsius
532 876 839 936 summitas
895 875 1018 935 solo
1089 884 1259 935 tenus
1314 878 1617 951 emineret,
1670 881 1913 953 contigit
1957 888 2022 940 ut

299 965 476 1025 homo
511 964 752 1039 quidam
791 980 925 1024 cum
962 964 1179 1023 litaniis
1219 965 1555 1039 adveniens,
1596 968 1783 1026 soluta
1820 967 2021 1042 caligas

296 1050 505 1126 ligula,
534 1058 765 1127 repente
792 1052 915 1111 illic
940 1052 1141 1126 pedem
1168 1060 1421 1126 poneret,
1454 1060 1529 1127 et,
1556 1055 1642 1113 nil
1675 1056 1786 1114 tale
1826 1056 2022 1115 existi-

296 1156 487 1212 mans,
523 1156 722 1201 secure
789 1140 1013 1215 ligaret.
1051 1140 1258 1200 Vincto
1312 1142 1491 1216 igitur
1546 1144 1678 1215 talo,
1720 1161 1857 1203 cum
1898 1147 2021 1219 jam

295 1230 477 1290 vellet
511 1231 836 1302 abscedere,
874 1231 1080 1304 pedem
1112 1230 1276 1290 nullo
1311 1231 1486 1290 modo
1511 1235 1700 1307 potuit
1728 1251 2015 1295 amovere.

297 1319 563 1394 Cumque
591 1320 694 1379 diu
731 1326 1055 1392 conaretur,
1085 1325 1159 1391 et,
1193 1320 1391 1379 omnia
1424 1327 1668 1396 teutans,
1705 1326 1819 1384 huc
1848 1326 2019 1386 illuc-

297 1424 416 1484 que
467 1425 530 1468 se
584 1414 848 1481 verteret,
902 1424 1003 1483 pes
1056 1409 1449 1472 nihilominus
1507 1415 1690 1473 stabat
1743 1416 2022 1477 immotus

298 1506 357 1559 et
403 1499 751 1575 quibusdam
798 1499 978 1559 clavis
1022 1515 1164 1559 saxo
1208 1502 1511 1562 tenebatur
1557 1504 1793 1566 afﬁxus.
1824 1506 2022 1566 Stabat

296 1590 475 1648 miser
531 1588 717 1663 ignoti
764 1588 1029 1648 criminis
1076 1602 1239 1662 reus,
1276 1596 1334 1650 et
1386 1592 1490 1667 qui
1547 1592 1660 1651 sibi
1712 1594 2020 1668 corrigiam

299 1678 481 1753 ligare
521 1677 803 1749 voluerat,
833 1677 1211 1752 semetipsum
1257 1679 1449 1754 potius
1485 1696 1628 1740 saxo
1668 1681 1877 1753 ligasse
1913 1683 2020 1741 do-

2105 518 2502 579 tantummodo
2554 518 2823 593 precibus
2877 517 3296 591 implorarent,
3362 519 3487 576 sani
3546 525 3602 575 et
3662 517 3821 577 inco-

2104 608 2296 667 lumes
2334 608 2406 666 ad
2444 607 2675 682 propria
2725 610 2863 665 sunt
2909 607 3145 677 reversi,
3178 622 3529 681 quocunque
3577 609 3825 666 fuissent

2105 697 2342 757 vinculo
2396 696 2764 770 aegritudinis
2812 696 3069 770 obligati.
3112 695 3350 755 Videres
3398 696 3819 756 miserabilium

2106 786 2517 859 languidorum
2564 787 2754 845 soluta
2801 788 3079 846 cadavera
3130 788 3320 845 alieno
3370 789 3530 861 prius
3566 787 3818 845 admini-

2102 875 2238 934 culo
2268 882 2626 934 sustentante
2669 876 2898 947 deferri,
2932 877 3033 951 qui
3066 892 3202 934 mox
3228 892 3362 935 cum
3391 884 3602 949 magna
3626 877 3820 937 exsul-

2107 964 2317 1022 tatione
2380 970 2553 1039 atque
2622 964 2876 1038 tripudio
2933 964 3265 1023 remeabant
3324 965 3495 1022 saluti
3556 965 3821 1038 pristinas

2104 1052 2366 1125 reparati.

2174 1139 2440 1214 Cumque
2492 1147 2570 1200 tot
2618 1141 2914 1209 miraculis
2962 1141 3399 1201 coruscantibus
3446 1142 3630 1215 magis
3667 1158 3817 1216 prae-

2102 1230 2256 1288 clara
2298 1230 2363 1288 B.
2417 1231 2605 1291 Mauri
2654 1232 2809 1290 fama
2854 1231 3252 1303 crebresceret,
3293 1238 3349 1290 et
3395 1231 3633 1292 virtutes
3675 1224 3847 1306 quas

2102 1334 2205 1393 per
2251 1335 2385 1379 eum
2429 1321 2714 1381 Dominus
2765 1322 3120 1392 ostendebat,
3148 1336 3266 1380 non
3308 1322 3495 1381 solum
3547 1323 3820 1395 contigua

2103 1424 2374 1483 quaeque,
2410 1412 2508 1469 sed
2548 1418 2601 1469 et
2644 1411 2953 1469 remotiora
3005 1411 3266 1470 locorum
3314 1411 3496 1483 spatia
3548 1427 3817 1484 persona-

2104 1504 2250 1568 rent,
2285 1498 2535 1569 tandem,
2566 1500 2895 1558 convocatis
2925 1500 3204 1573 episcopis
3232 1499 3555 1558 vicinarum
3581 1500 3819 1558 urbium

2104 1586 2418 1659 multisque
2457 1587 2806 1661 populorum
2840 1588 3026 1647 turbis
3063 1587 3325 1663 undique
3372 1588 3816 1660 conﬂuentibus,

2101 1676 2364 1734 certatim
2392 1692 2521 1734 arca
2564 1676 2665 1735 illa
2700 1678 2763 1735 in
2799 1694 2914 1752 qua
2949 1678 3098 1736 beati
3130 1676 3240 1735 viri
3274 1676 3590 1751 patrocinia
3619 1692 3820 1735 recon-

294 1766 467 1828 lebat.
533 1766 769 1826 Volebat
821 1773 990 1837 stare,
1035 1769 1135 1827 sed
1180 1783 1301 1828 una
1342 1769 1588 1830 innixus
1646 1771 1843 1845 planta
1895 1762 2357 1864 nonBtlumUI‘,‘
2403 1764 2710 1864 effoditur,
2767 1772 2857 1837 et,
2915 1766 3200 1824 terebrato
3252 1765 3464 1840 pariete
3516 1764 3770 1864 εςοιθῇἱφ
3800 1809 3815 1838 ,

293 1863 549 1929 poterat;
610 1857 843 1932 Optabat
886 1857 1099 1931 jacere,
1150 1858 1251 1917 sed
1303 1876 1338 1918 a
1397 1876 1504 1919 suo
1556 1861 1699 1935 pede
1752 1879 2021 1924 corruere

291 1958 413 2003 non
453 1944 696 2003 valebat.
737 1943 1021 2013 Tandem,
1061 1946 1365 2018 repentino
1417 1948 1619 2021 populi
1672 1949 2019 2012 adventante

296 2047 604 2103 concursu,
637 2032 739 2092 alii
764 2033 1014 2105 malleis,
1055 2034 1158 2092 alii
1197 2035 1499 2096 securibus
1535 2038 1846 2111 gestientes
1884 2056 2017 2115 par-

299 2128 413 2180 tem
446 2122 654 2196 lapidis
690 2122 1096 2196 przeciderunt,
1129 2130 1336 2197 etpost
1364 2125 1544 2184 multa
1575 2128 1678 2186 vix
1717 2129 2017 2190 hominem

296 2209 371 2269 de
399 2226 542 2270 saxo
567 2212 875 2286 exculpere
903 2218 1235 2286 potuerunt.
1260 2212 1396 2272 Mox
1427 2215 1676 2276 laetantis
1702 2220 1891 2278 turbze
1910 2219 2019 2279 cla-

300 2317 431 2361 mor
458 2304 740 2372 exoritur,
782 2303 929 2361 mira
958 2303 1063 2362 Dei
1109 2303 1295 2363 virtus
1322 2304 1622 2380 attollitur,
1652 2313 1707 2366 et
1734 2308 1798 2368 B.
1830 2310 2020 2371 Mauri

299 2393 565 2454 tumulus
592 2394 805 2469 dignus
832 2393 1156 2452 reverentia
1178 2392 1492 2468 judicatur.

370 2482 531 2541 Idem
557 2482 815 2557 praedicti
837 2480 1087 2540 coenobii
1117 2482 1459 2554 monachus,
1483 2484 1674 2544 Teuzo
1690 2486 1829 2559 (157)
1862 2487 2018 2547 vide-

299 2572 437 2630 licet
461 2570 718 2641 nomine,
744 2568 1094 2644 grandaevus
1113 2569 1237 2643 jam
1256 2576 1312 2627 et
1339 2571 1465 2644 ipsa
1493 2573 1705 2632 canitie
1737 2590 2017 2633 veneran-

299 2661 432 2732 dus,
473 2660 642 2733 cujus
693 2660 820 2718 haac
870 2658 1148 2717 relatione
1187 2657 1521 2731 didicimus,
1556 2661 1719 2720 aliud
1764 2663 2017 2722 miracu-

300 2750 425 2809 lum
464 2749 665 2809 retulit
703 2749 860 2824 quod
913 2761 1287 2823 nequaquam
1339 2748 1570 2807 silentio
1625 2752 2011 2821 praeterimus.

297 2839 631 2915 Aliquando
667 2839 790 2911 ipse
816 2838 1127 2912 praedictus
1158 2839 1333 2896 frater
1355 2839 1635 2898 acerrima
1664 2842 1723 2900 vi
1761 2843 2016 2904 febrium

296 2927 632 3000 urgebatur.
686 2926 953 2999 Cumque
1006 2925 1171 2984 nulla
1223 2926 1555 2986 medicinali
1607 2945 1747 2988 cura
1777 2976 1794 3001 ,
1851 2932 2016 2993 nullo

296 3030 535 3087 prorsus
586 3016 844 3074 humano
893 3014 1084 3073 studio
1118 3014 1190 3072 ad
1228 3014 1647 3077 incolumitatis
1678 3025 1889 3078 statum
1920 3037 2013 3079 re.

294 3102 421 3161 dire
485 3104 801 3177 potuisset,
858 3103 1088 3162 cuidam
1140 3119 1266 3162 suae
1318 3112 1644 3164 materterze
1700 3108 2009 3183 religiosm,

2031 3157 2076 3219 C

2103 1854 2253 1912 inter
2306 1854 2569 1914 absidam
2622 1862 2678 1914 et
2731 1856 2908 1914 altare
2956 1871 3089 1915 cum
3143 1856 3385 1929 hymnis
3437 1860 3492 1911 et
3548 1854 3818 1913 laudibus

2101 1961 2331 2005 summa
2362 1946 2663 2020 diligentia
2691 1947 3020 2006 collocatur.
3058 1946 3336 2005 Processu
3378 1960 3514 2003 vero
3548 1944 3821 2018 temporis

2099 2035 2301 2093 eadem
2347 2035 2588 2094 basilica
2635 2036 2816 2110 major
2860 2036 3005 2093 facta
3042 2041 3148 2104 est,
3178 2042 3368 2107 atque,
3396 2040 3460 2092 ut
3488 2034 3547 2091 in
3573 2049 3821 2107 praesen-

2102 2123 2313 2182 tiarum
2363 2125 2640 2195 cernitur,
2696 2124 2963 2182 festivius
3018 2122 3299 2192 decorata,
3353 2122 3474 2194 ubi,
3514 2124 3586 2181 ad
3624 2124 3819 2181 decla-

2098 2214 2277 2271 randa
2326 2213 2391 2272 B.
2430 2213 2775 2273 confessoris
2817 2214 3041 2283 merita,
3097 2212 3275 2271 multa
3326 2213 3475 2270 ﬁunt
3524 2227 3712 2285 usque
3754 2212 3819 2270 in

2102 2311 2442 2377 praesentem
2472 2304 2647 2374 diem,
2678 2302 2794 2361 Deo
2822 2308 3112 2376 operante,
3147 2300 3447 2373 miracula,
3480 2316 3553 2359 ex
3598 2299 3816 2373 quibus

2102 2411 2208 2454 nos
2235 2409 2414 2468 pauca
2442 2392 2906 2467 perstringimus,
2947 2406 3082 2465 qum
3111 2390 3391 2450 nimirum
3428 2389 3489 2448 bi
3516 2389 3617 2463 qui
3649 2388 3816 2449 nobis

2101 2485 2358 2542 referunt
2383 2498 2443 2541 se
2472 2481 2685 2540 vidisse
2716 2484 3016 2539 testantur.

2752 2570 2997 2631 CAPUT
3057 2569 3163 2629 III.

2472 2664 2646 2721 Varia
2697 2663 2772 2718 ad
2826 2664 3094 2733 reliquias
3152 2661 3443 2719 miracula.

2174 2751 2323 2824 Papa
2367 2751 2676 2811 Gcrbertus
2714 2752 2865 2820 (158)
2903 2752 3073 2824 juxta
3108 2750 3403 2809 Caesenam
3443 2754 3814 2808 castrameta-

2100 2847 2193 2900 tus
2218 2849 2357 2913 erat,
2390 2843 2630 2917 ejusque
2656 2842 2933 2917 oppidum
2972 2841 3312 2901 circumfusi
3355 2841 3644 2900 exercitus
3670 2838 3817 2898 obsii

2096 2932 2269 2991 dione
2321 2931 2612 2990 vallabant
2667 2932 2829 3003 (159).
2863 2930 3030 2990 Tunc
3079 2930 3350 3005 temporis
3393 2929 3463 2987 ad
3518 2927 3582 2987 B.
3626 2927 3813 2987 Mauri

2100 3021 2396 3079 tumulum
2430 3020 2655 3078 delatus
2689 3026 2774 3077 est
2803 3019 3043 3093 quidam
3084 3018 3355 3088 rusticus,
3387 3017 3621 3091 gemina
3655 3030 3808 3073 mor-

2101 3109 2304 3168 borum
2359 3109 2625 3182 passione
2676 3106 2997 3181 depressus,
3046 3112 3370 3164 contractus
3428 3104 3697 3162 videlicet
3745 3117 3813 3161 ac

294 3192 562 3250 videlicet
602 3191 1052 3261 sanctimoniali,
1084 3198 1369 3250 nocturno
1406 3193 1638 3252 silentio
1678 3194 1742 3255 B.
1773 3196 2011 3258 Maurus
2031 3191 2316 3269 ucaecus;
2350 3198 2448 3255 sed
2491 3203 2792 3269 postquam
2838 3201 2922 3253 est
2958 3198 3206 3260 oratum,
3241 3200 3297 3250 et
3346 3194 3440 3252 lux
3481 3192 3693 3251 amissa
3736 3191 3808 3250 ad

290 3281 579 3356 apparuit,
605 3281 776 3356 eique
813 3280 966 3338 dixit
995 3304 1008 3338 :
1043 3279 1105 3339 Si
1136 3280 1244 3350 vis,
1282 3280 1498 3354 inquit,
1528 3289 1797 3356 nepotem
1836 3291 2003 3346 tuum

291 3385 366 3427 ex
406 3386 473 3427 ea
513 3385 691 3443 quam
722 3369 938 3443 patitur
964 3368 1311 3442 aegritudine
1337 3371 1755 3443 convalescere,
1787 3374 2007 3434 denun-

292 3459 371 3516 tia
422 3457 477 3516 ei
528 3465 594 3516 ut
643 3473 816 3533 super
868 3457 1229 3530 sepulturam
1278 3472 1468 3515 meam
1515 3459 1752 3533 signum
1791 3471 2005 3524 sanctas

288 3546 479 3607 crucis
529 3546 752 3621 inﬁgat,
786 3552 1018 3620 totoque
1073 3560 1228 3604 anno
1275 3546 1700 3607 solemnitatem
1755 3553 1902 3611 mihi
1942 3569 2002 3612 se

285 3636 578 3696 celebrare
604 3636 901 3694 devoveat.
930 3634 1193 3709 Cumque
1226 3634 1323 3693 ille
1350 3634 1502 3694 beati
1535 3637 1646 3696 viri
1672 3641 1995 3712 oraculum,

287 3726 439 3799 quod
505 3723 927 3784 sanctimoniali
986 3722 1272 3782 referente
1335 3727 1645 3797 cognovit,
1707 3736 2000 3801 gratanter

283 3814 570 3886 impleret,
603 3828 739 3872 mox
792 3820 857 3872 ut
902 3813 1149 3872 ferream
1194 3827 1427 3872 crucem
1476 3830 1650 3889 super
1698 3820 1998 3878 tumulum

286 3904 466 3972 ﬁxit;
526 3904 735 3962 deinde
806 3905 1109 3964 commotis
1176 3904 1498 3964 visceribus
1577 3908 2001 3984 praecipitanter

284 3994 565 4065 evomuit,
597 3998 769 4067 atque
806 3994 887 4052 ita
922 3993 1186 4067 protinus
1225 4009 1460 4054 omnem
1509 3996 1665 4071 ignei
1702 3999 1999 4074 languoris

283 4082 638 4153 molestiam,
695 4082 857 4142 velut
907 4083 1034 4157 ipso
1094 4084 1317 4143 vomitu
1377 4092 1663 4158 egerente,
1723 4090 1996 4163 projecit;

278 4169 519 4245 jamque
562 4172 824 4245 pristinae
850 4172 1081 4231 sanitati
1111 4174 1409 4245 integriter
1446 4176 1762 4251 restitutus,
1795 4181 2001 4255 dignas

287 4260 573 4321 Salvatori
598 4262 716 4320 Deo
745 4262 954 4335 gratias
987 4264 1203 4335 retulit,
1228 4271 1284 4322 et
1320 4264 1377 4325 Β.
1407 4265 1596 4325 Mauri
1625 4268 1997 4343 miraculum,

287 4351 444 4425 quod
475 4352 536 4408 in
575 4366 634 4409 se
672 4358 950 4425 expertus
988 4352 1193 4423 fuerat,
1226 4354 1299 4411 ad
1329 4354 1573 4428 gloriam
1605 4360 1860 4420 nominis
1898 4361 2001 4420 Dei

288 4440 490 4499 multis
520 4437 775 4496 indicare
804 4439 1050 4497 curavit.

2092 3287 2291 3345 oculos
2329 3286 2516 3352 rediit,
2552 3293 2607 3344 et
2647 3280 2830 3358 rigida
2871 3284 3130 3342 membra
3161 3284 3394 3357 fugatus
3433 3281 3678 3356 languor
3705 3281 3807 3340 ab-

2090 3378 2280 3437 solvit.
2318 3377 2585 3436 Protinus
2618 3376 2822 3435 videns
2869 3392 2929 3433 se
2968 3376 3142 3433 homo
3187 3373 3418 3433 sanitati
3465 3380 3579 3431 tam
3632 3373 3804 3431 mira-

2090 3468 2283 3526 biliter
2317 3468 2631 3539 redditum,
2673 3472 2871 3539 utpote
2913 3480 3055 3538 quas
3096 3464 3317 3522 valebat
3352 3462 3564 3536 gratias
3606 3479 3805 3536 agens,

2083 3557 2247 3617 beato
2304 3574 2363 3616 se
2416 3557 2614 3615 Mauro
2658 3571 2892 3615 servum
2950 3558 3223 3628 perpetuo
3262 3554 3394 3628 jure
3440 3550 3805 3622 contradidit,

2082 3663 2542 3720 mansurumque
2594 3663 2652 3704 se
2691 3647 2751 3704 in
2813 3645 2937 3720 ejus
2989 3644 3300 3717 obsequio,
3343 3642 3524 3701 donec
3567 3642 3804 3700 advive-

2081 3745 2184 3807 ret,
2234 3739 2542 3796 devotavit.
2601 3736 2731 3809 Qui,
2785 3741 3066 3810 percepta:
3114 3733 3316 3792 salutis
3373 3747 3613 3791 munere
3659 3747 3806 3805 pene

2080 3842 2181 3900 per
2220 3827 2564 3886 decennium
2606 3827 2824 3896 fruens,
2870 3824 3232 3898 postmodum
3278 3821 3570 3896 fragilitati
3616 3818 3806 3878 carnis

2080 3914 2367 3973 enerviter
2420 3912 2629 3983 cessit,
2690 3927 3050 3985 uxoremque
3100 3910 3211 3969 sibi
3258 3926 3374 3968 non
3429 3910 3616 3967 fausto
3662 3922 3802 3966 con-

2074 4005 2239 4077 jugio
2291 4002 2600 4078 copulavit.
2634 4000 2769 4058 Mox
2826 4000 2982 4056 enim
3026 4006 3091 4057 ut
3126 3996 3467 4056 luxuriandi
3508 3994 3802 4070 voluptate

2081 4093 2296 4166 potitus
2352 4097 2454 4160 est,
2503 4087 2807 4149 oculorum
2863 4087 3063 4145 lumen
3116 4086 3383 4144 funditus
3428 4082 3696 4159 perdidit,
3747 4089 3804 4141 et

2083 4179 2233 4237 424
2278 4181 2539 4256 quandiu
2597 4178 2765 4249 vixit,
2811 4177 2873 4235 in
2918 4177 3118 4235 eadem
3162 4175 3417 4234 caecitate
3461 4172 3797 4248 permansit.

2084 4272 2154 4330 Et
2198 4278 2347 4330 certe
2397 4271 2645 4343 dignum
2701 4268 2886 4325 fuerat
2932 4273 2991 4325 ut
3046 4265 3173 4340 qui,
3217 4280 3250 4320 a
3297 4264 3427 4337 jure
3482 4262 3544 4321 B.
3588 4262 3799 4334 Mauri,

2083 4363 2178 4422 cui
2235 4380 2296 4421 se
2346 4361 2789 4434 mancipaverat,
2826 4373 2885 4414 se
2933 4355 3281 4413 subtrahens
3319 4353 3491 4424 (160),
3536 4352 3801 4412 libidinis

2106 4468 2221 4526 ugo
2285 4451 2524 4522 turpiter
2581 4447 2728 4506 colla
2782 4446 3103 4520 supposuit,
3136 4445 3356 4503 donum
3410 4460 3526 4517 quo
3570 4460 3604 4501 a
3646 4445 3799 4502 bono

367 4527 515 4584 428
550 4530 680 4589 Jam
718 4531 900 4605 igitur
937 4531 1148 4591 celebri
1179 4533 1489 4608 utriusque
1524 4533 1678 4607 signi
1708 4538 1859 4596 fama
1894 4555 1968 4600 vo
2021 4518 2331 4597 DDomino
2382 4518 2581 4595 Inerat
2633 4518 2869 4593 ditatus-
2904 4533 3190 4591 amitteret
3233 4555 3245 4588 :
3289 4539 3345 4589 et
3386 4531 3490 4605 qui
3537 4530 3596 4588 in
3646 4530 3796 4589 inte-

286 4620 490 4678 litante
517 4635 619 4693 per
647 4622 953 4696 pOpulum,
991 4631 1290 4696 creperum
1322 4624 1494 4684 multi
1521 4624 1592 4682 ad
1623 4640 1811 4684 sacras
1856 4627 2002 4687 beati

286 4710 402 4769 viri
430 4712 710 4787 reliquias
737 4713 941 4772 devote
968 4728 1334 4786 concurrere,
1369 4714 1601 4790 piisque
1631 4716 1756 4791 ejus
1782 4717 2005 4776 meritis

286 4816 422 4860 suas
460 4805 688 4863 animas
731 4805 1467 4877 attentius'commendare;
1514 4807 1787 4867 nonnulli
1827 4808 2000 4867 etiam

287 4889 534 4952 diversis
580 4894 983 4954 valetudinum
1028 4895 1600 4955 incommoditatibus
1654 4896 1999 4967 laborantes,

288 4976 431 5039 dum
463 4982 557 5040 vel
607 4982 875 5043 detritam
927 4983 1267 5058 sepulcretis
1316 4986 1619 5046 marmoris
1671 4986 2002 5047 limaturam

2087 4629 2265 4687 riores
2311 4632 2513 4700 sponte
2566 4623 2866 4695 ceciderat,
2906 4623 3129 4681 invitus
3179 4619 3495 4680 exteriores
3534 4620 3797 4680 tenebras

2087 4717 2449 4775 incurrisset.

2157 4805 2290 4865 Alio
2312 4819 2545 4879 quoque
2562 4810 2815 4877 tempore
2838 4801 3192 4862 diemoniaca
3221 4803 3490 4879 quaedam
3518 4801 3591 4859 ad
3615 4799 3795 4858 altare

2089 4894 2237 4954 beati
2280 4892 2391 4952 viri
2429 4891 2675 4951 deducta
2711 4898 2813 4961 est,
2859 4906 3037 4966 quam
3076 4896 3230 4950 tanto
3287 4891 3516 4965 pestifer
3554 4887 3797 4962 spiritus

2087 4988 2283 5045 furore
2336 4981 2655 5056 repleverat
2704 4987 2788 5053 ut,
2828 4996 2956 5040 eam
3001 4980 3114 5040 sibi
3161 4980 3327 5056 quasi
3375 4993 3661 5053 organum
3705 4976 3793 5034 fa-

1670 5134 1723 5194 J.
1762 5134 2143 5195 BOLLANDI
2182 5132 2423 5194 NOTAE.

351 5255 489 5323 (157)
516 5255 655 5321 Sur-,
693 5255 888 5309 Tento.

353 5327 490 5389 (158)
521 5323 805 5381 Gerbcrtus
834 5328 1073 5393 primum
1114 5329 1443 5389 Rhemensis,
1481 5328 1675 5381 deinde
1710 5328 1993 5383 Ravennae

291 5399 736 5464 archiepiscopus
766 5398 881 5459 fuit,
914 5413 1002 5453 an.
1040 5400 1133 5452 999
1164 5402 1434 5454 Romanus
1466 5399 1710 5465 pontifex
1740 5400 1913 5454 tactus
1942 5405 1993 5454 et

291 5469 553 5523 Silvestor
577 5471 634 5520 II
658 5470 835 5523 dictus
867 5471 999 5522 obiit
1028 5484 1157 5523 ann.
1187 5472 1327 5524 1003.

355 5541 493 5607 (159)
540 5540 771 5605 Rubeus,
825 5542 918 5595 lib.
971 5555 1006 5595 v
1043 5564 1054 5592 :
1092 5542 1354 5610 Sequenti
1403 5556 1548 5596 anno
1597 5542 1767 5607 (1000)
1821 5538 1989 5595 Silve-

293 5615 407 5667 stcr
447 5612 717 5666 Cannam
748 5614 968 5668 admoto
997 5616 1237 5670 exercitu
1263 5614 1607 5669 circumsedit
1641 5631 1658 5668 :
1685 5627 1795 5679 qua
1827 5627 1994 5668 causa

2092 5256 2403 5322 pontiﬁcem
2432 5253 2715 5318 impulerit
2747 5255 3037 5307 incertum.
3076 5255 3327 5319 Sigonius
3368 5251 3442 5305 Dc
3480 5267 3644 5319 regno
3685 5258 3793 5309 Ita-

2092 5330 2176 5381 liae
2209 5328 2304 5381 lib.
2335 5340 2434 5390 vn,
2460 5325 2651 5379 eodem
2681 5339 2824 5378 anno
2849 5342 2860 5378 :
2888 5325 3147 5378 Silvester
3168 5324 3481 5378 Urbcvetum
3504 5326 3798 5391 profectus.

2092 5414 2264 5463 remp.
2303 5401 2418 5464 ejus
2447 5397 2688 5450 civitatis
2719 5396 2907 5449 multis
2928 5397 3265 5450 salutaribus
3300 5396 3498 5464 legibus
3529 5399 3708 5455 vinxit
3743 5406 3794 5455 ct

2096 5472 2367 5523 Caesarium
2407 5469 2626 5520 admoto
2656 5468 2896 5520 exercitu
2930 5468 3293 5521 circumsedit.

2157 5542 2289 5604 (160;
2339 5541 2554 5593 Videtur
2604 5540 2904 5592 desiderari
2957 5555 3008 5592 se
3042 5539 3374 5600 subtrahens.
3422 5545 3511 5595 aut
3557 5543 3685 5609 quid
3729 5543 3797 5598 si“

2092 5613 2241 5677 mile,
2266 5613 2470 5667 monuit
2504 5612 2710 5664 Surius.
