4108 6206
305 222 405 280 951
774 217 832 277 S.
877 214 1097 278 PETRI
1135 218 1459 277 DAMIANI
1498 218 1654 278 OPP.
1700 218 1892 278 PARS
1932 217 2073 277 SEU
2113 215 2364 279 TOMUS
2402 218 2478 277 II.
2519 251 2585 262 —
2628 216 3079 281 SANCTORUM
3118 213 3340 275 WTE.
3704 211 3811 271 95‘2

300 346 486 415 ciens,
520 341 700 402 multa
746 358 849 418 per
890 358 953 400 os
993 342 1118 414 ejus
1162 342 1436 412 sacrilega
1466 351 1521 401 et
1551 345 1753 402 insana
1792 341 2231 417 profer-Ainde
2264 343 2569 415 recederet,
2606 344 2719 403 nisi
2748 360 2847 417 per
2872 344 2937 402 B.
2968 341 3158 401 Mauri
3187 341 3387 399 merita
3421 338 3624 399 lumen
3656 335 3814 412 quod

310 439 417 503 ret,
445 431 600 489 diras
625 444 793 489 voces
822 430 1127 500 emitteret,
1159 436 1214 488 et
1246 430 1403 489 velut
1445 431 1606 489 canis
1656 430 1855 489 rabida
1893 446 2017 489 ere-
2100 428 2369 488 amiserat
2408 432 2727 504 recepisset.
2764 430 2977 506 Sicque
3008 444 3216 503 magno
3244 427 3378 486 fidei
3419 427 3645 484 fervore
3678 438 3814 482 suc-

311 522 431 580 bris
477 519 824 578 baubatibus
863 518 1008 588 (161)
1056 518 1339 577 elatraret.
1377 518 1595 578 Triduo
1632 528 1832 579 autem
1873 526 2021 594 post-
2100 534 2270 577 censa
2337 519 2511 579 breve
2567 520 2923 594 tuguriolum
2977 519 3147 593 juxta
3213 515 3467 576 ecclesia:
3535 513 3818 589 parietem

312 623 487 683 quam
518 607 659 666 illuc
702 607 974 680 perducta
1003 612 1105 676 est,
1149 606 1479 666 vehementi
1515 607 1767 683 quodam
1799 608 2019 682 impetu
2101 609 2477 683 compilavit,
2539 618 2601 669 ut
2653 610 3076 685 quodammodo
3147 607 3336 682 potius
3415 603 3817 665 habitaculum

313 696 659 770 sanguinem
690 696 933 765 vomuit,
974 701 1029 752 et
1066 695 1143 752 ita
1176 695 1500 767 malignum
1538 698 1807 770 spiritum
1841 714 1874 756 a
1903 713 2017 773 quo
2102 712 2280 768 quam
2336 712 2654 771 praeparare
2702 698 2995 757 videretur
3045 696 3381 771 hospitium.
3418 692 3686 767 Cumque
3714 706 3820 764 per

317 786 616 844 tenebatur
642 784 827 857 ejecit.
2099 793 2224 844 octo
2272 785 2395 845 dies
2442 787 2859 846 instantissime
2894 787 3096 846 fuisset
3133 791 3384 854 oratum,
3417 783 3619 843 lumen
3659 779 3814 855 quod

383 872 515 931 Alia
535 872 796 947 quaedam
829 873 1061 948 mulier,
1081 876 1402 935 necessitati
1428 877 1509 935 rei
1532 878 1839 937 familiaris
1864 881 2013 954 plus-
2098 873 2391 947 quaerebat
2432 874 2631 933 divina
2680 875 2865 949 gratia
2917 874 3197 948 largiente
3241 871 3471 945 recepit,
3518 876 3573 929 et
3609 869 3818 943 dignas

311 977 488 1036 quam
541 960 772 1018 deberet
822 961 1062 1033 intenta,
1098 964 1156 1022 in
1206 964 1515 1022 festivitate
1551 966 1734 1024 sancti
1773 966 2013 1041 Repbil-
2096 959 2479 1022 illuminatori
2521 978 2626 1023 suo
2670 963 2789 1023 Deo
2830 969 2886 1023 et
2925 962 3126 1023 Mauro
3176 962 3303 1037 ejus
3342 959 3561 1020 famulo
3597 958 3813 1032 gratias

310 1050 352 1109 li
380 1049 525 1121 (162)
555 1049 808 1109 triticum
838 1067 1084 1126 purgare
1114 1069 1227 1111 non
1258 1053 1451 1113 timuit
1480 1071 1494 1124 ;
1541 1056 1639 1112 sed
1681 1055 1822 1114 dum
1852 1056 2015 1116 beato
2098 1049 2312 1109 retulit.

310 1140 622 1199 confessori
652 1139 812 1212 digni
864 1140 1097 1200 honoris
1145 1142 1523 1201 reverentiam
1569 1158 1687 1201 non
1727 1146 2015 1217 exhibuit,
2170 1138 2514 1212 Pepiliensis
2559 1140 2705 1212 (164)
2756 1139 3068 1200 diuaeeseos
3126 1139 3295 1199 turba
3338 1135 3411 1196 ad
3463 1134 3531 1195 B.
3595 1132 3811 1193 Ardui-

309 1229 504 1301 dignm
549 1227 1071 1289 animadversionis
1109 1232 1453 1290 sententiam
1486 1248 1603 1290 non
1632 1232 1834 1291 evasit.
1872 1234 2019 1295 Nam
2100 1227 2164 1286 Di
2193 1227 2335 1302 (165)
2362 1228 2568 1287 limina
2596 1230 2872 1290 ονειιῖοΠὶΒ
2897 1244 3072 1289 causa
3105 1226 3406 1298 tendebat;
3436 1238 3691 1299 cumque
3715 1238 3817 1298 De!”

306 1316 481 1387 illico,
510 1316 714 1376 divino
747 1332 1017 1390 percussa
1053 1318 1297 1392 judicio,
1340 1320 1591 1378 brachiis
1628 1324 1881 1380 attractis
1915 1323 2016 1381 ob-
2101 1317 2415 1376 oratorium
2451 1317 2518 1377 B.
2549 1318 2737 1377 Mauri
2780 1318 3086 1378 transitum
3124 1316 3440 1385 habuisset,
3471 1312 3713 1386 contigit
3749 1316 3818 1370 ut

307 1405 505 1480 riguit,
542 1411 617 1475 et,
650 1404 851 1463 eodem
883 1405 1052 1465 modo
1082 1423 1146 1465 ac
1175 1407 1223 1466 si
1252 1408 1620 1480 eapisterium
1654 1409 1802 1480 (l63)
1833 1410 2023 1470 adhuc
2103 1405 2372 1479 quaedam
2420 1421 2494 1464 ex
2547 1406 2667 1465 illis
2714 1406 2951 1477 femina,
2983 1421 3140 1480 genu
3178 1403 3402 1464 abbatis
3452 1401 3638 1475 ipsius
3687 1415 3819 1458 mo.

312 1494 593 1553 ventilare
639 1495 949 1567 videretur,
994 1502 1238 1555 tremere
1288 1496 1598 1556 infeliciter
1655 1500 1844 1574 erepit.
1881 1500 2023 1560 Hasc
2104 1498 2339 1556 nasterii
2398 1498 2699 1558 humiliter
2751 1498 3036 1569 osculata,
3088 1492 3451 1556 commeandi
3525 1490 3822 1551 licentiam

307 1584 504 1660 itaque
541 1592 674 1642 ante
711 1583 859 1642 beati
904 1584 1089 1643 Mauri
1124 1587 1302 1644 altare
1334 1586 1661 1658 deducitur,
1693 1598 1747 1647 et
1775 1590 1836 1648 in
1870 1608 2021 1665 prae-
2104 1592 2335 1659 peteret,
2371 1603 2523 1662 quae,
2566 1588 2667 1646 vix
2696 1589 2874 1648 unius
2915 1589 3137 1662 sagitta
3168 1584 3477 1645 emissione
3499 1594 3823 1656 progressa.

309 1675 459 1732 dicta
511 1674 870 1733 solemnitate
933 1692 1250 1750 numquam
1306 1693 1366 1734 se
1420 1677 1663 1738 ulterius
1721 1664 2019 1755 quippiam
2044 1682 2323 1771 Barrepla
2380 1691 2516 1734 mox
2549 1692 2583 1733 ³
2619 1676 2928 1747 ἀωωοηίο,
2975 1676 3037 1734 ill
3073 1682 3281 1734 terram
3324 1671 3643 1747 projicitur»
3683 1682 3826 1726 οοη·
3906 1664 3913 1669 ’

311 1764 423 1822 tale
476 1766 755 1824 facturam
803 1765 1221 1825 instantissime
1258 1767 1561 1842 pollicetur
1589 1788 1603 1839 ;
1644 1786 1779 1828 mox
1816 1770 2021 1845 largis-
2045 1762 2341 1835 'cutitur,
2374 1766 2688 1838 volutatur,
2721 1774 2777 1825 et
2805 1766 2988 1825 multa
3024 1764 3285 1824 convicia
3329 1762 3607 1821 adversus
3650 1772 3828 1816 eum-

311 1854 457 1912 sima
483 1853 892 1927 omnipotentis
923 1854 1026 1913 Dei
1057 1856 1446 1914 misericordia
1473 1857 1784 1916 clementer
1814 1860 2021 1929 adfuit,
2106 1853 2234 1912 dem
2280 1853 2542 1913 abbatem
2576 1855 2917 1916 mordaciter
2943 1854 3261 1914 evomebat.
3294 1851 3435 1910 Haec
3472 1850 3666 1921 itaque
3689 1853 3829 1904 ante

310 1948 367 1999 et
423 1941 653 2014 stupida
716 1942 979 2000 mulieris
1038 1943 1272 2002 brachia
1313 1945 1383 2003 ad
1433 1946 1755 2005 libertatem
1806 1950 2023 2023 proprii
2106 1941 2173 2001 B.
2210 1943 2400 2002 Mauri
2432 1946 2608 2004 altare
2638 1946 2903 2016 deducta,
2934 1962 3047 2005 non
3083 1946 3266 2004 multo
3303 1949 3430 2017 post
3456 1941 3673 1999 divinae
3700 1939 3823 1995 vir-

310 2030 525 2103 vigoris
553 2031 796 2104 pleniter
821 2032 1175 2090 reformavit.
1816 2100 1822 2105 ,
2112 2033 2247 2090 tutis
2285 2040 2372 2092 est
2408 2034 2651 2108 imperio
2690 2036 2948 2104 liberata,
2987 2036 3066 2094 ita
3093 2043 3177 2105 ut,
3211 2032 3586 2092 redeuntibus
3625 2027 3821 2095 sociis,

380 2120 607 2181 Rursus
638 2121 749 2180 alia
782 2122 995 2181 mulier
1024 2123 1375 2195 proﬂuvium
1430 2127 1732 2200 sanguinis
1776 2131 2027 2202 patieba-
2110 2122 2233 2196 jam
2263 2122 2493 2182 sibimet
2522 2125 2758 2194 reddita,
2789 2125 2968 2183 simul
2997 2140 3127 2183 cum
3161 2123 3244 2181 eis
3269 2136 3410 2179 sana
3433 2128 3489 2178 et
3508 2116 3827 2177 incolumis

313 2216 442 2280 tur;
477 2224 611 2283 quae
642 2225 773 2268 cum
806 2210 1119 2269 insanabili
1157 2213 1321 2285 plaga
1353 2213 1571 2287 jugiter
1614 2223 1941 2287 vexaretur,
1977 2226 2029 2275 et
2114 2218 2498 2269 reverteretur
2525 2211 2596 2269 ad
2624 2212 2876 2285 propria.

311 2298 435 2356 haec
473 2304 644 2372 atque
679 2299 780 2356 illa
821 2306 1045 2358 tentans
1085 2300 1320 2359 nullum
1357 2302 1562 2361 salutis
1615 2305 1893 2376 potuisset
1938 2306 2029 2365 in-
2184 2300 2325 2359 Haec
2376 2301 2571 2375 itaque
2600 2346 2615 2370 ,
2671 2304 2874 2359 fratres
2949 2298 3276 2358 cbarissimi
3303 2342 3318 2368 ,
3381 2296 3452 2354 de
3501 2292 3830 2354 virtutibus

310 2388 509 2445 venire
538 2388 881 2453 remedium,
912 2391 1140 2447 tandem
1171 2390 1230 2447 in
1264 2392 1545 2448 extremis
1571 2394 1857 2463 angustiis
1887 2410 2029 2452 con-
2113 2407 2258 2466 quas
2303 2392 2666 2465 omnipotens
2712 2391 2995 2450 Dominus
3028 2406 3130 2465 per
3167 2389 3401 2447 beatum
3439 2385 3831 2445 confessorem

311 2477 507 2535 stituta
538 2477 747 2550 reperit
778 2478 1222 2551 necessitasipsa
1247 2478 1580 2537 consilium.
1616 2480 1811 2540 Nitido
1838 2482 2029 2556 itaque
2113 2496 2288 2539 suum
2316 2480 2584 2539 Maurum
2613 2481 2834 2553 operari
2866 2480 3139 2554 dignatus
3161 2486 3265 2549 est,
3285 2491 3465 2551 pauca
3496 2470 3835 2548 perscripsi-

307 2565 478 2639 juxta
525 2566 959 2640 possibilitatem
1012 2583 1178 2626 suam
1239 2568 1414 2627 linteo
1456 2567 1518 2625 B.
1563 2568 1748 2628 Mauri
1794 2586 2028 2629 mauso-
2111 2585 2266 2640 mus,
2306 2576 2371 2626 ut
2403 2570 2475 2627 ad
2516 2569 2953 2642 gloriﬁcandam
3001 2568 3218 2627 divinae
3270 2564 3582 2638 majestatis
3632 2571 3838 2636 poten-

314 2654 469 2714 leum
501 2656 812 2728 cooperuit,
841 2662 896 2713 et
917 2655 994 2713 ita
1025 2657 1306 2714 divinitus
1338 2658 1575 2715 liberata
1604 2675 1835 2729 omnem
1862 2676 2022 2733 pror-
2113 2657 2249 2714 tiam
2285 2663 2489 2716 vestrm
2519 2657 2813 2716 cbaritatis
2855 2657 3113 2715 studium
3153 2655 3482 2714 incitemus.
3515 2650 3645 2720 Qui,
3684 2650 3837 2707 dum

312 2760 417 2802 sus
467 2743 786 2802 molestiam
860 2743 1031 2800 luridi
1108 2746 1403 2817 languoris
1465 2748 1665 2805 evasit.
1722 2747 2029 2807 Enimvero
2114 2745 2281 2803 nobis
2311 2746 2501 2803 adhuc
2538 2745 2600 2803 in
2646 2745 2740 2802 via
2778 2745 2974 2818 positis
3010 2742 3421 2802 miraculorum
3463 2754 3701 2799 suorum
3732 2737 3835 2796 di-

315 2847 450 2889 cum
497 2831 807 2905 Apostolus
855 2832 1005 2890 dicat
1060 2857 1071 2891 :
1127 2835 1259 2889 Fide
1306 2836 1577 2891 mundans
1628 2839 1793 2892 corda
1849 2855 2029 2894 eorum
2111 2843 2322 2907 guatur
2350 2834 2626 2893 exhibere
2666 2835 2956 2902 virtutem,
2992 2850 3091 2907 per
3123 2834 3250 2892 haec
3285 2847 3389 2890 nos
3417 2830 3489 2888 ad
3524 2841 3838 2902 capessen-

319 2922 467 2987 (Act.
507 2932 612 2989 xv,
653 2919 730 2991 9),
772 2920 904 2994 quia
958 2921 1175 2980 mundo
1208 2923 1397 2992 corde,
1440 2931 1635 2997 utpote
1680 2925 1850 2999 plena
1893 2927 2027 2999 fide,
2111 2923 2241 2981 dam
2289 2923 2539 2982 crelestis
2588 2923 2785 2997 patriae
2837 2922 3061 2991 invitat,
3103 2930 3158 2979 et
3202 2927 3469 2995 provocat
3521 2916 3833 2976 haeredita-

318 3007 468 3066 beati
508 3008 617 3067 viri
658 3009 952 3067 tumulum
1003 3010 1202 3084 tetigit,
1241 3011 1417 3084 digne
1464 3015 1784 3086 promeruit
1822 3033 1852 3073 a
1895 3019 2269 3090 pro-“tem;
2315 3018 2554 3071 testante
2600 3012 2919 3081 Psalmista,
2968 3013 3067 3089 qui
3116 3013 3241 3071 ait:
3278 3016 3568 3078 Virtutem,
3613 3007 3837 3082 inquit,

316 3094 551 3153 fluentis
579 3096 883 3169 sanguinis
912 3065 1564 3159 iminuhditialiberari.
1898 3065 1928 3090 Γ
2051 3065 2334 3178 Οορθηλτη
2382 3122 2603 3162 suorum
2661 3065 3015 3161 annuntiabilt
3062 3105 3262 3177 populo
3311 3119 3427 3167 suo,
3467 3106 3530 3157 ut
3568 3101 3658 3155 det
3692 3065 3841 3154 iam

388 3183 533 3241 Item
580 3185 694 3241 alia
748 3184 962 3243 mulier
1008 3186 1083 3243 ita
1123 3194 1244 3245 erat
1287 3188 1689 3249 violentissimi
1736 3192 2032 3263 languoris
2115 3196 2482 3252 haereditatem
2515 3197 2758 3264 gentium
2788 3196 2954 3265 (Psal.
2988 3205 3088 3257 cx,
3123 3195 3177 3263 6,
3209 3192 3290 3262 7);
3342 3197 3649 3264 quatenus,
3684 3186 3839 3244 dum

318 3272 677 3331 immanitate
732 3282 1007 3347 contorta,
1051 3284 1135 3343 ut,
1176 3277 1363 3336 soluto
1401 3286 1625 3338 naturae
1671 3281 1895 3352 ordine,
1933 3298 2034 3340 ora
2117 3284 2240 3355 ipsa
2272 3289 2603 3341 sanctorum
2638 3279 2899 3354 sepulcra
2948 3285 3026 3338 tot
3072 3277 3368 3337 miraculis
3413 3275 3635 3334 radiare
3685 3288 3841 3331 con-

320 3367 537 3420 teneret
569 3370 694 3436 post
731 3379 811 3434 se,
843 3364 1126 3423 cervicem
1173 3366 1343 3425 ferret
1387 3374 1518 3426 ante
1570 3385 1649 3426 se.
1682 3368 1823 3439 Quae
1866 3371 2030 3429 simi-
2116 3369 2412 3443 spicimus,
2441 3369 2511 3427 de
2556 3370 2840 3427 immensa
2889 3382 3090 3426 eorum
3135 3365 3338 3440 gloria,
3378 3380 3496 3440 qua
3535 3364 3657 3437 jam
3694 3374 3844 3419 cum

318 3449 451 3508 liter
502 3466 674 3525 super
722 3451 787 3509 B.
830 3453 1014 3513 Mauri
1067 3457 1401 3514 memoriam
1462 3458 1704 3516 linteum
1749 3459 1959 3532 posuit,
1990 3472 2045 3522 et
2128 3461 2353 3520 Christo
2408 3465 2672 3533 regnant,
2714 3457 2955 3515 minime
3014 3455 3369 3525 dubitemus,
3416 3459 3501 3523 ut,
3552 3449 3845 3523 despectis

325 3540 609 3612 protinus,
660 3542 900 3600 sanitate
959 3553 1201 3618 recepta,
1245 3546 1573 3622 quibusque
1625 3550 1902 3608 membris
1946 3552 2045 3626 jus
2126 3550 2390 3618 terrenis,
2426 3547 2567 3606 illuc
2607 3563 2667 3605 se
2710 3552 2901 3605 noster
2936 3544 3168 3603 animus
3190 3544 3310 3618 jam
3349 3556 3451 3616 per
3482 3537 3843 3626 desiderium

323 3645 499 3688 suum
527 3637 733 3689 natura
764 3631 1026 3703 restituit,
1063 3640 1117 3691 et
1153 3632 1222 3691 ad
1266 3638 1579 3694 tenendum
1626 3637 1882 3711 vigorem
1910 3624 2040 3713 pro-
2124 3638 2429 3696 transferat
2468 3636 2568 3694 ubi
2598 3651 2659 3693 se
2684 3633 2937 3708 gaudere
2977 3632 3040 3691 in
3082 3637 3422 3706 perpetuum
3452 3633 3661 3701 sperat,
3686 3624 3847 3684 illuc

326 3718 519 3790 prium
545 3720 885 3778 arteriarum
916 3736 1130 3793 organa
1160 3723 1515 3797 temperavit.
2122 3746 2183 3789 se
2210 3730 2386 3788 libere
2420 3727 2656 3802 spiritus
2683 3726 2893 3800 dirigat
2933 3723 3033 3782 ubi
3072 3724 3381 3798 imperator
3411 3721 3542 3780 caeli
3569 3718 3846 3778 Christus

398 3809 529 3867 Alia
575 3825 809 3884 quoque
856 3812 1067 3871 mulier
1103 3815 1315 3873 amisso
1354 3814 1582 3875 lumine
1610 3817 1679 3874 de
1711 3818 2042 3891 Aquitaniae
2123 3836 2258 3879 cum
2311 3833 2579 3892 supernae
2637 3815 2815 3874 curias
2878 3813 3243 3872 senatoribus
3313 3808 3679 3869 ineﬂ‘abiliter
3747 3824 3837 3866 re-

327 3895 474 3954 425
501 3900 716 3959 ﬁnibus
758 3901 1000 3960 deducta
1045 3910 1148 3974 est,
1178 3920 1332 3976 quae,
1375 3904 1610 3965 Gallicae
1656 3909 2042 3967 animositatis
2123 3915 2278 3979 gnat,
2308 3908 2400 3966 cui
2431 3905 2505 3965 sit
2530 3904 2714 3978 gloria
2747 3910 2803 3961 et
2834 3900 3143 3976 imperium
3182 3914 3318 3958 eum
3349 3906 3631 3957 coreterno
3668 3895 3843 3953 Patre

328 3988 571 4061 genium
611 4005 869 4060 servans,
900 3998 956 4049 et
987 4008 1061 4049 ex
1100 4009 1258 4052 more
1309 3995 1506 4067 patrita
1549 3996 1724 4055 verba
1766 3997 2045 4056 violenter
2125 4004 2182 4054 et
2239 3996 2457 4072 Spiritu
2516 3998 2713 4052 sancto
2781 3989 3131 4065 peremnia
3184 3987 3399 4047 saecula
3462 3984 3837 4045 saeculorum.

330 4077 677 4151 infringens,
706 4079 1152 4140 obstinatissime
1196 4083 1505 4143 testabatur
1544 4085 1698 4160 quod
1738 4103 2041 4162 nunquam
2125 4087 2336 4145 Amen.

1705 4234 1756 4293 J.
1802 4235 2177 4296 BOLLANDI
2215 4234 2455 4297 NOTAE.

397 4346 532 4417 (161)
566 4350 797 4424 ΫΕαίῐοῐι]
870 4358 985 4406 erat
1058 4356 1113 4408 in
1179 4357 1349 4415 Suria,
1435 4356 1780 4421 naubatt‘bus,
1838 4357 2387 4424 librariiDtipiccolo,
2440 4357 2493 4409 id
2543 4360 2625 4408 est
2670 4354 2867 4407 Forum
2923 4351 3060 4406 Livii
3115 4354 3330 4410 minus;
3396 4360 3499 4401 nec
3528 4348 3839 4424 immerito.

335 4426 521 4507 culpa;
561 4423 818 4485 baubant,
857 4428 973 4481 :ive
1004 4427 1331 4489 baubantur,
1377 4429 1634 4506 βαύξουσι
1682 4435 1736 4486 et
1765 4418 2106 4507 βαύνξουσι-
2131 4418 2271 4490 cum,
2313 4434 2371 4482 ut
2420 4433 2607 4507 auctor
2652 4425 3184 4507 Leander-qunditus
3199 4424 3482 4507 “cireaau.
3507 4418 3843 4507 ffuejej-

335 4504 517 4550 canes.
1317 4488 1323 4489 ί
1377 4488 1388 4506 ⁶
1496 4488 1511 4494 ’
1765 4488 1775 4507 ⁸
1911 4488 1924 4495 ’
2127 4488 2265 4559 sum,
2310 4501 2470 4554 annis
2512 4499 2574 4550 20
2621 4502 2760 4563 post,
2801 4510 2834 4547 a
2884 4495 3155 4548 Sinibaldo
3197 4491 3461 4547 Ordelaﬂo
3507 4488 3842 4563 Forolivien-

395 4568 531 4642 (162)
555 4572 753 4624 Colitur
788 4572 848 4625 S.
876 4573 1146 4636 Rophz’lus,
1183 4575 1299 4626 sive
1337 4573 1547 4639 Roﬁlus,
1575 4580 1684 4642 aut,
1717 4580 1775 4631 ut
1803 4574 2044 4628 Leander
2125 4575 2268 4626 sium
2334 4572 2583 4638 principe
2623 4560 3021 4642 'rerediﬂcatum
3059 4567 3167 4642 sit,
3225 4577 3329 4630 qua
3383 4574 3531 4616 nunc
3593 4560 3842 4642 cernitur

338 4629 585 4694 Albertus
605 4643 811 4704 scribit,
840 4629 1078 4710 Ruﬁllus,
1107 4629 1165 4697 18
1199 4644 1339 4696 Julii.
1407 4629 1418 4639 ’
1537 4629 1545 4634 ⁷
1670 4629 1683 4642 ’
1729 4629 1748 4631 ’ί
2124 4629 2351 4698 ιρι-[ηιξ
2394 4629 2561 4696 Distat
2618 4642 2836 4692 Caesena
2901 4638 2932 4689 6
2992 4629 3260 4710 millibus:
3304 4644 3600 4710 passuum,
3641 4629 3845 4710 __sedel

400 4712 537 4775 (163)
566 4714 726 4767 Vetus
748 4697 848 4768 ms.
882 4697 1206 4768 Glossarium
1234 4734 1244 4766 :
1272 4718 1635 4781 Capislerium
1664 4723 1739 4773 est
1769 4732 1860 4770 ea:
1883 4716 2046 4784 quod-
2127 4714 2456 4780 episcopalis
2524 4712 2656 4765 Foro
2731 4710 2915 4784 Popilii
2964 4697 3374 4784 Immoriui’h
3446 4706 3562 4757 5""
3596 4697 3841 4783 .F‘m‘m

340 4783 472 4867 dum
512 4785 951 4867 quonfrumenta
994 4791 1323 4867 purgantur.
1347 4778 1358 4781 ⁷
1383 4790 1486 4840 Vox
1540 4792 1702 4842 etiam
1744 4778 2045 4842 Columellas
2138 4778 2584 4867 Emeritinorum,
2620 4786 2712 4835 aut
2745 4782 3202 4843 Druentinerum,
3230 4778 3423 4832 urbem
3453 4778 3842 4841 propinquam,

341 4860 599 4920 usurpata
626 4857 713 4909 lib.
749 4871 809 4920 ll,
833 4872 950 4922 cap.
991 4860 1039 4911 9.

356 4997 378 4998 ί
408 4926 543 4998 (164)
572 4926 770 4984 Forum
804 4932 1009 4996 Popilii,
1038 4933 1294 4998 oppidum
1323 4938 1407 4986 est
1440 4933 1494 4983 in
1536 4932 1624 4985 via
1650 4930 1882 4987 Emillm.
1924 4933 1963 4980 al

2226 4859 2444 4991 ῗὲἑῗῐῗθ
2482 4924 2543 4978 Β.
2576 4925 2824 4978 Ανάιιίηο
2872 4921 3190 4990 presbytero
3242 4916 3564 4972 Ariminensi
3617 4924 3848 4978 agemus

339 4997 538 5051 Forum
597 5001 869 5069 Pompilii,
922 4997 1175 5069 corrupte
1235 5001 1433 5055 Forum
1487 5002 1677 5067 Paputi
1734 5002 1935 5054 dictum
1994 5001 2049 5052 in
2137 5001 2193 5051 15
2222 5000 2458 5064 Augusti.

344 5072 525 5129 variis-
555 5074 851 5127 itinerariis
874 5091 888 5134 ;
927 5074 1094 5137 vulgo
1160 5071 1567 5140 ForlimpOpott',
1616 5079 1670 5127 et
1719 5085 1867 5138 sape
1926 5073 2046 5123 For-
