4108 6206
309 271 415 330 953

1027 481 1634 492 ...ση--Αο-οδο-ν-
1647 485 1868 492 --ρ--ουνρ
1877 483 2332 490 κ-ρ-α-α-ηψφ
2345 482 2365 488 φ
2375 485 2390 487 -

1691 275 1870 334 VITA
1915 274 1972 334 S.
2016 273 2431 334 ROMUALDI.

3713 274 3815 332 954

2569 484 2586 488 ν
2595 482 3027 490 γέντ-Μ--ν
3040 481 3797 491 να-κ--ο-οοο--α-σ-α--ε-ο--ι

1292 655 1575 768 VITA
1661 655 2088 770 SANCTI
2173 655 2825 769 ROMUALDI

301 892 590 941 ABBATIS
642 894 729 940 ET
769 893 1734 955 CONFESSORIS,INST1TUTORIS
1781 897 2361 945 CONGREGATIONIS
2402 897 2980 959 CAMALDULENSIS,
3015 897 3287 944 ORDINIS
3333 898 3388 945 S.
3435 898 3814 946 BENEDICTI.

1653 1049 1784 1129 (An.
1817 1050 1952 1114 Chr.
1992 1051 2166 1127 1027,
2203 1052 2272 1114 19
2304 1050 2472 1129 Jun.)

1508 1219 1670 1282 Cum
1702 1221 2024 1296 anonymz'
2053 1217 2603 1280 adnotationibus.

1931 1415 1962 1422 ει.
1975 1412 2255 1421 -.η’-*Μ

839 1559 984 1618 426
1020 1562 1430 1624 PROLOGUS.

2026 1561 2194 1625 Aore
2243 1565 2618 1640 depromitur,
2660 1565 2884 1631 labente
2931 1570 3219 1630 curriculo
3259 1565 3406 1623 427
3457 1574 3807 1642 temporum,

370 1649 699 1709 Adversum
735 1658 788 1710 te
816 1667 1051 1726 prorsus
1077 1653 1245 1724 (166),
1278 1653 1579 1712 immunde
1615 1655 1852 1726 munde,
1877 1670 2015 1713 con-
2097 1655 2167 1712 de
2198 1655 2476 1712 memoria
2512 1654 2815 1713 hominum
2861 1659 3096 1730 penitus
3136 1655 3415 1714 deleatur.

293 1739 620 1814 querimur,
664 1741 802 1816 quia
851 1741 1028 1798 habes
1081 1741 1504 1800 intolerabilem
1562 1741 1866 1809 stultorum
1924 1760 2016 1802 sa-

293 1827 586 1900 pientium
612 1828 841 1886 turbam
875 1829 976 1886 tibi
1007 1829 1339 1902 facundam,
1366 1829 1483 1888 Deo
1517 1839 1758 1889 mutam.
1799 1831 2012 1902 Habes,

293 1915 401 1989 qui
440 1932 540 1990 per
570 1933 780 1975 vanam
808 1918 1198 1992 eloquentiam
1229 1927 1284 1975 et
1313 1919 1548 1978 inanem
1587 1919 2011 1994 philosophiam

232 2011 237 2016 '
292 2018 358 2060 se
394 2004 585 2062 sciunt
623 2005 682 2062 in
716 2007 1004 2080 superbiae
1042 2007 1317 2066 cornibus
1352 2017 1686 2081 arroganter
1713 2010 2006 2080 extollere,

292 2107 409 2149 non
445 2093 621 2151 habes
642 2095 744 2170 qui
774 2096 1142 2168 profuturum
1167 2096 1390 2168 aliquid
1416 2097 1783 2157 zedificationi
1810 2100 2009 2172 proxi-

293 2193 526 2238 morum
551 2196 618 2238 ac
638 2191 995 2253 posterorum
1024 2181 1159 2240 velit
1183 2183 1520 2242 memoriam
1541 2185 1690 2254 (167)
1719 2187 2008 2247 schedulis

289 2269 582 2328 adnotare.
629 2271 842 2342 Habes,
879 2272 1144 2347 inquam,
1183 2273 1284 2346 qui
1324 2274 1382 2331 in
1429 2277 1712 2347 praetoriis
1743 2277 2006 2350 judicum

289 2359 656 2432 negotiorum
715 2360 1083 2419 saecularium
1126 2360 1282 2421 lites
1341 2369 1396 2420 et
1452 2379 1762 2422 causarum
1813 2365 2008 2438 jurgia

289 2446 588 2505 continuis
669 2449 855 2506 valeat
937 2449 1452 2509 declamationibus
1532 2468 1812 2525 perorare,
1891 2469 2008 2511 non

287 2542 485 2592 autem
517 2535 713 2605 habes,
745 2537 848 2612 qui
884 2538 1062 2609 possit
1090 2537 1148 2595 in
1188 2546 1383 2597 sancta
1413 2539 1664 2598 Ecclesia
1706 2541 1795 2599 vel
1829 2543 2006 2600 unius

288 2633 623 2685 sanctorum
688 2628 932 2686 virtutes
989 2635 1046 2686 et
1091 2629 1245 2687 clara
1291 2639 1449 2702 gesta
1499 2632 1840 2690 describere.
1900 2632 2006 2692 Sa-

290 2712 514 2785 pientes
552 2715 842 2787 siquidem
885 2723 1021 2774 sunt
1061 2723 1126 2775 ut
1168 2718 1378 2775 faciant
1419 2718 1588 2789 mala,
1623 2719 1773 2777 bona
1809 2729 2003 2780 autem

290 2805 480 2860 facere
514 2804 778 2862 nesciunt
808 2808 1021 2872 (Jerem.
1065 2812 1170 2874 IV).
1213 2806 1356 2864 Ecce
1386 2806 1543 2864 enim
1582 2807 1688 2866 tria
1725 2810 1846 2882 jam
1888 2811 2005 2868 fere

2166 1745 2520 1817 Quapropter
2543 1790 2557 1813 ,
2592 1745 2699 1802 hoc
2738 1745 2942 1804 timore
2984 1744 3336 1819 compulsus,
3371 1744 3807 1816 multorumque

2095 1832 2337 1891 fratrum
2398 1832 2666 1905 precibus
2716 1839 2770 1889 ct
2824 1850 3100 1906 germana
3148 1832 3420 1891 charitate
3479 1831 3806 1900 devinctus,

2094 1923 2243 1996 quod
2279 1922 2348 1978 de
2378 1921 2650 1993 praedicto
2695 1922 2946 1980 mirabili
2988 1924 3114 1980 viro
3157 1921 3228 1979 ab
3263 1920 3508 1994 egregiis
3545 1919 3670 1993 ejus
3698 1919 3812 1977 dis-

2092 2008 2298 2082 cipulis
2353 2008 2529 2064 didici
2559 2052 2572 2078 ,
2609 2009 2910 2080 aggrediar
2939 2057 2951 2078 ,
2982 2010 3099 2067 Deo
3153 2015 3385 2067 auctore
3415 2054 3428 2077 ,
3458 2007 3807 2077 describere,

2091 2097 2343 2170 vitaeque
2365 2097 2489 2169 ejus
2516 2094 2770 2165 initium,
2803 2112 3037 2155 cursum
3074 2102 3126 2155 et
3166 2097 3362 2167 ﬁnem,
3387 2096 3667 2154 nimirum
3695 2095 3808 2153 im-

2089 2187 2309 2262 peritus
2350 2187 2554 2256 homo,
2588 2201 2703 2242 non
2759 2185 3056 2243 historiam
3098 2192 3301 2243 texens
3332 2233 3342 2253 ,
3377 2185 3475 2242 sed
3512 2184 3807 2258 quoddam

2090 2277 2255 2351 quasi
2304 2276 2477 2333 breve
2511 2274 3017 2332 commonitorium
3068 2274 3302 2343 faciens,
3339 2274 3810 2347 quibuscumque

2091 2368 2318 2426 tentabo
2382 2366 2705 2423 litterarum
2761 2365 3022 2438 apicibus
3093 2380 3352 2422 exarare.
3423 2363 3548 2421 Hoc
3613 2369 3804 2421 autem

2089 2473 2273 2515 unum
2300 2455 2360 2512 in
2392 2455 2596 2528 primis
2627 2455 2893 2511 lectorem
2932 2470 3126 2512 meum
3162 2465 3328 2511 nosse
3357 2452 3637 2520 desidero,
3668 2451 3806 2525 quia

2090 2563 2200 2605 non
2247 2546 2432 2603 multa
2457 2561 2556 2616 per
2585 2559 2720 2603 eum
2751 2545 2893 2601 facta
2922 2543 3198 2600 miracula
3227 2542 3286 2600 in
3314 2542 3423 2600 hac
3452 2557 3556 2614 ego
3585 2542 3806 2600 descri—

2087 2633 2388 2709 ptiuncula
2411 2632 2698 2705 colligam,
2724 2632 2821 2690 sed
2847 2632 3057 2705 potius,
3086 2631 3239 2705 quod
3259 2631 3329 2688 ad
3360 2630 3805 2688 aedificationem

2087 2722 2436 2780 omnimodis
2470 2723 2714 2792 attinet,
2755 2719 3207 2778 conversationis
3247 2721 3372 2791 ejus
3405 2719 3668 2777 ordinem
3711 2735 3806 2776 re-

2089 2813 2236 2870 ferre
2274 2808 2635 2867 contendam.
2675 2807 2886 2865 Beatus
2923 2806 3212 2880 siquidem
3254 2807 3345 2865 vir
3385 2807 3447 2864 in
3494 2812 3717 2865 tantum
3747 2821 3808 2863 se

289 2889 478 2949 lustra
503 2890 652 2960 (168)
676 2898 955 2950 transacta
981 2900 1135 2964 sunt,
1170 2909 1243 2951 ex
1273 2909 1388 2968 quo
1414 2895 1614 2953 beatus
1645 2896 2060 2978 RomualdusB
2089 2898 2437 2959 humilitatis
2471 2897 2720 2970 tegmine
2753 2912 2785 2954 a
2820 2900 2986 2953 vento
3026 2909 3192 2952 vanae
3232 2894 3431 2966 gloriae
3472 2892 3803 2961 custodivit,

290 2981 550 3055 deposito
585 2983 774 3040 carnis
811 2999 986 3041 onere
1019 2983 1089 3041 ad
1122 2985 1370 3042 aetherea
1413 3001 1589 3058 regna
1618 2986 1906 3060 migravit,
1950 2995 2004 3046 et
2088 2990 2244 3062 quod
2292 2987 2684 3058 undecunque
2730 2981 3002 3042 humanis
3052 2982 3234 3039 oculis
3285 2983 3467 3040 videri
3517 2980 3809 3040 mirabilis

292 3085 466 3129 nemo
504 3071 698 3130 adhuc
733 3087 806 3129 ex
850 3072 1184 3146 hujusmodi
1230 3073 1586 3146 sapientibus
1630 3077 1869 3147 exstitit,
1902 3077 2007 3151 qui

287 3165 364 3221 de
405 3168 484 3221 tot
528 3162 812 3222 mirabilis
863 3163 998 3221 vitae
1057 3163 1181 3237 ejus
1226 3166 1534 3237 praeconiis
1580 3182 1760 3239 pauca
1807 3167 2006 3225 saltem

288 3253 566 3311 historico
615 3252 762 3327 stylo
819 3252 1121 3325 digereret,
1172 3259 1246 3322 et,
1301 3253 1657 3313 avidissimte
1712 3255 2008 3314 devotioni

289 3341 558 3400 ﬁdelium
606 3342 1000 3412 satisfaciens,
1030 3343 1101 3399 ad
1140 3357 1510 3401 communem
1563 3343 1865 3402 utilitatem
1917 3361 2008 3403 re-

289 3429 542 3500 citanda,
582 3429 768 3503 legivo
825 3439 1036 3488 sanctae
1107 3430 1377 3488 Ecclesiae
1453 3431 1777 3490 tradidisset
1838 3434 2002 3503 (169).

288 3516 476 3575 Nobis
507 3526 700 3576 autem
737 3518 798 3576 in
834 3525 1079 3591 angusto
1112 3518 1340 3577 cellula
1369 3519 1585 3592 angulo
1625 3521 2007 3580 residentibus

290 3605 501 3666 utilius
553 3616 693 3679 erat,
733 3608 880 3666 sicut
934 3608 1359 3682 proposuimus,
1401 3609 1631 3683 propria
1668 3619 1892 3683 peccata
1933 3613 2004 3669 ad

286 3698 502 3755 mentis
531 3697 726 3756 oculos
753 3697 983 3757 assidue
1019 3714 1306 3769 revocare,
1334 3714 1509 3772 quam
1536 3699 1745 3758 alienae
1779 3702 2008 3761 virtutis

286 3784 588 3844 historiam
647 3793 878 3855 texere;
939 3787 1122 3860 magis
1177 3786 1452 3858 expedire
1508 3788 1645 3862 (170)
1712 3791 2001 3850 commissi

286 3881 484 3931 reatus
521 3874 784 3932 tenebras
813 3875 1104 3949 plangere,
1137 3891 1313 3949 quam
1354 3876 1656 3948 splendida
1690 3879 2004 3938 sanctitatis

286 3960 544 4035 insignia
589 3963 873 4038 imperitis
920 3963 1284 4022 sermonibus
1342 3965 1640 4024 oﬂ‘uscare.
1702 3966 2006 4025 Verumta-

288 4068 448 4121 men,
480 4069 616 4112 cum
646 4054 717 4112 ad
737 4056 1066 4129 sepulcrum
1096 4056 1222 4128 ejus
1249 4071 1322 4114 ex
1355 4057 1690 4132 longinquxs
1722 4067 2005 4119 terrarum

289 4144 552 4217 partibus
601 4151 714 4203 toto
765 4162 921 4205 anno
984 4147 1356 4220 maximeque
1412 4148 1470 4205 in
1523 4151 1648 4222 ejus
1699 4151 2005 4211 festivitate

2089 3077 2290 3152 potuit,
2352 3074 2770 3134 studiosissima
2828 3071 3210 3129 occultatione
3265 3072 3603 3144 suppressit.
3664 3071 3805 3139 Quae

2091 3174 2277 3224 tamen
2323 3164 2600 3222 miracula
2642 3162 2866 3219 etiamsi
2910 3161 3152 3218 minime
3195 3161 3441 3230 fecisset,
3477 3159 3800 3218 mirabilem

2093 3257 2270 3315 vitam
2304 3254 2543 3318 ducens,
2579 3250 2791 3308 minori
2830 3250 3199 3308 veneratione
3237 3248 3450 3320 dignus
3481 3263 3600 3305 non
3633 3253 3800 3304 esset.

2090 3345 2290 3418 Neque
2319 3343 2475 3399 enim
2523 3339 2851 3398 Praecursor
2890 3338 3120 3396 Domini
3156 3339 3356 3396 fecisse
3401 3336 3684 3396 miracula
3718 3337 3802 3393 le-

2090 3434 2263 3506 gitur,
2306 3445 2424 3503 quo
2469 3427 2745 3500 majorem
2794 3427 3026 3485 nullum
3073 3428 3223 3484 inter
3274 3431 3436 3485 natos
3485 3425 3802 3484 mulierum

2089 3521 2411 3580 surrexisse
2467 3520 2688 3590 (Matth.
2743 3517 2821 3588 x1)
2876 3516 3100 3573 Veritas
3151 3517 3275 3588 ipsa
3333 3520 3588 3573 testatur.
3645 3514 3808 3572 Non-

2091 3610 2241 3669 nulli
2268 3610 2423 3666 enim
2457 3608 2574 3666 Deo
2603 3623 2663 3665 se
2693 3607 2913 3664 deferre
2947 3607 3304 3676 existimant,
3337 3607 3384 3665 si
3423 3606 3482 3663 in
3517 3604 3806 3664 extollen-

2088 3700 2178 3758 dis
2235 3703 2561 3756 sanctorum
2625 3696 2943 3754 virtutibus
3000 3696 3366 3754 mendacium
3424 3694 3666 3769 ﬁngant.
3725 3695 3803 3755 Hi

2089 3788 2393 3852 nimirum,
2427 3785 2756 3856 ignorantes
2801 3785 2983 3843 Deum
3037 3792 3227 3843 nostro
3269 3800 3384 3843 non
3428 3801 3594 3858 egere
3635 3801 3800 3844 men-

2087 3877 2268 3945 dacio,
2331 3873 2522 3932 relicta
2585 3874 2837 3941 veritate,
2899 3889 3031 3948 quae
3091 3874 3213 3946 ipse
3264 3881 3368 3943 est,
3431 3874 3692 3934 falsitatis
3747 3876 3801 3934 ei

2089 3973 2290 4042 putant
2329 3980 2389 4022 se
2432 3963 2655 4037 placere
2698 3977 2861 4036 posse
2899 3969 3243 4021 commento.
3283 3961 3436 4030 Quos
3463 3961 3611 4022 bene
3650 3963 3802 4022 Iere-

2090 4056 2234 4112 mias
2287 4052 2596 4124 redarguit,
2642 4051 2839 4110 dicens
2869 4075 2882 4108 :
2912 4056 3218 4108 Docuerunt
3268 4053 3488 4120 linguas
3536 4068 3666 4108 suas
3719 4054 3799 4108 lo-

2089 4146 2187 4214 qui
2226 4143 2586 4206 mendacium,
2627 4147 2687 4195 ut
2738 4142 2925 4211 inique
2965 4145 3184 4210 agerent
3235 4141 3620 4196 laboraverunt
3661 4143 3794 4204 (Jer.

290 4231 557 4292 tidelium
600 4235 909 4294 multitudo
946 4236 1272 4309 conveniat,
1298 4238 1580 4297 miracula
1615 4256 1716 4313 per
1751 4257 1885 4300 eum
1923 4241 2005 4299 di-
2028 4235 2194 4336 Cl?)-
2230 4229 2338 4298 Ουί
2371 4229 2527 4286 “lim
2557 4228 2708 4286 Ultro
2733 4228 2984 4326 oblatam
3023 4228 3345 4336 Simplicfm
3377 4229 3686 4328 Veritatem.
3708 4244 3798 4287 Pe-

289 4322 514 4380 viuitus
551 4323 695 4381 facta
746 4326 1078 4398 conspiciat,
1108 4327 1310 4386 audire
1355 4328 1491 4388 vitae
1542 4330 1667 4403 ejus
1707 4330 1993 4390 historiam

2117 4335 2234 4377 erre
2280 4324 2346 4376 tat
2481 4323 2761 4391 poterant,
2803 4319 2862 4375 in
2902 4317 3313 4393 componendis
3352 4333 3488 4390 quae
3534 4317 3804 4376 nesciunt
3885 4361 3891 4365 .

288 4409 748 4470 desiderabiliter
786 4423 1027 4487 quaerat,
1058 4416 1176 4486 sed,
1213 4425 1407 4489 utpote
1437 4434 1570 4491 quae
1615 4435 1730 4476 non
1772 4422 1865 4492 sit,
1898 4439 2004 4479 au-
2087 4426 2246 4469 08850
2292 4411 2482 4468 labore
2511 4409 2814 4476 ἀοδυάἱὶηῑι
2848 4416 2901 4466 εἴ
2926 4425 3043 4478 quo
3077 4423 3137 4466 ΒΘ
3165 4424 3268 4481 PFO
3297 4407 3415 4466 D30
3445 4415 3593 4466 Stare
3631 4408 3802 4481 quasi

287 4499 415 4558 dire
458 4517 570 4559 non
613 4501 830 4572 valeat;
868 4520 978 4562 non
1027 4505 1498 4564 irrationabiliter
1545 4508 2003 4578 pertimescimus
2086 4502 2378 4574 adjutores
2419 4505 2743 4568 autumant,
2774 4515 2840 4557 eo
2878 4507 2941 4556 ut
2972 4515 3170 4556 revera
3211 4498 3337 4556 falsi
3387 4506 3556 4557 testes
3602 4505 3798 4558 contra

286 4605 363 4647 ne
406 4590 779 4650 celeberrima
823 4593 946 4666 ejus
987 4597 1158 4664 fama,
1190 4611 1324 4667 quae
1361 4595 1550 4654 adhuc
1586 4597 1784 4669 populi
1831 4598 1993 4656 totius

2117 4593 2270 4648 leum
2314 4587 2678 4661 pertinaciter
2705 4594 3005 4660 pugnant,
3036 4586 3309 4658 Apostolo
3355 4585 3670 4648 Corinthiis
3711 4595 3799 4647 at-

351 4732 484 4797 (166)
515 4733 682 4785 Editio
718 4735 856 4787 facta
882 4748 1023 4787 anno
1060 4738 1175 4786 1513
1207 4735 1488 4789 Florentiae
1524 4738 1665 4802 apud
1697 4737 1994 4804 Philippum

287 4803 357 4852 de
398 4804 601 4868 Gsunta,
628 4807 767 4856 sicut
803 4811 855 4871 et
888 4807 996 4857 alia
1026 4808 1076 4857 in
1113 4809 1440 4859 monasterio
1477 4809 1783 4861 Fontisboni
1825 4803 1995 4874 prope

286 4875 658 4927 Camaldulum
737 4890 882 4930 anno
959 4877 1076 4928 1520
1139 4881 1280 4941 typis
1345 4879 1711 4931 Bartbolomaei
1771 4881 1837 4932 de
1893 4882 1993 4932 Za-

286 4947 453 4997 nottis
510 4946 818 5008 Brixiensis,
865 4961 971 4998 non
1020 4950 1217 5009 habent
1259 4949 1617 5014 eniphaticam
1676 4952 1995 5016 particulam

282 5029 526 5081 prorsus.

349 5087 485 5153 (I67)
517 5090 575 5140 ln
605 5088 791 5141 codice
812 5090 1060 5142 Vaticano
1095 5103 1243 5142 num.
1267 5090 1410 5151 3797,
1436 5104 1583 5143 anno
1613 5094 1748 5152 Itl3,
1784 5097 1842 5145 ut
1871 5092 1997 5144 Fon-

284 5160 490 5211 tantnio
520 5159 580 5210 in
605 5159 710 5212 dis.
744 5157 798 5211 S.
837 5161 989 5213 Petri
1035 5161 1171 5225 01-3.,
1206 5175 1327 5227 pag.
1369 5163 1446 5225 30,
1478 5163 1735 5221 creditur,
1767 5165 1994 5229 scripto,

283 5230 378 5294 qui
415 5236 578 5282 totam
609 5230 749 5283 hanc
772 5232 882 5284 divi
913 5233 1189 5286 Romualdi
1212 5235 1377 5286 vitam
1405 5234 1662 5291 continet.
1694 5235 1893 5298 legitur
1924 5237 1997 5286 ad

284 5304 626 5364 posterorum
647 5303 775 5355 velit
808 5305 1149 5357 memoriam.

346 5374 480 5437 (168)
507 5374 641 5426 Hinc
672 5376 872 5426 veritas
913 5379 967 5428 et
1000 5377 1285 5429 sinceritas
1313 5375 1478 5442 hujus
1501 5375 1738 5427 historiae
1773 5374 1838 5426 ab
1867 5388 1990 5428 eru-

286 5444 558 5498 ditissimo
603 5445 738 5497 alias
771 5451 825 5500 et
857 5449 1202 5500 sanctissimo
1242 5448 1358 5498 viro
1406 5447 1554 5500 Petro
1587 5447 1831 5498 Damiani
1866 5459 1992 5498 con-

284 5516 505 5582 scripta
528 5522 709 5583 potest
737 5518 940 5583 colligi,
963 5519 1166 5584 quippe
1187 5531 1308 5582 quas
1333 5521 1442 5571 tam
1467 5530 1636 5583 parvo
1661 5523 1781 5582 post
1806 5517 1857 5570 S.
1894 5517 1994 5568 viri

285 5587 493 5649 obitum
520 5592 768 5656 tempore
785 5589 884 5650 fuit
909 5593 1146 5660 exarata,
1173 5592 1247 5644 ita
1271 5593 1326 5642 ut
1349 5589 1590 5655 oculatae
1612 5591 1780 5644 testes
1806 5598 1995 5654 recen-

2096 4735 2219 4786 tiori
2251 4734 2514 4785 memoria
2551 4745 2732 4786 rerum
2769 4733 3062 4783 instructos
3090 4729 3294 4782 habere
3326 4732 3584 4796 potuerit,
3612 4734 3669 4782 ut
3707 4743 3799 4784 re-

2099 4818 2226 4856 vera
2248 4804 2431 4855 habuit
2453 4803 2626 4866 ipsius
2645 4805 2695 4855 S.
2719 4802 2994 4854 Romualdi
3017 4801 3328 4864 discipulos,
3353 4803 3491 4854 sicut
3511 4801 3654 4853 infra
3680 4805 3798 4867 lpse

2099 4880 2341 4928 testatur.

2164 4947 2295 5007 (169)
2362 4946 2663 5000 Fontisboni
2717 4946 2881 4999 editio
2938 4943 3101 4997 habet
3165 4943 3382 5008 collegio
3435 4943 3490 4996 S.
3558 4943 3796 4996 Ecclesia

2097 5017 2428 5077 tradidisset,
2484 5019 2536 5069 id
2597 5022 2681 5069 est
2731 5017 2970 5069 ﬁdelium
3020 5017 3074 5068 in
3119 5027 3288 5067 unum
3356 5015 3797 5067 convenientium

2095 5090 2424 5143 collectioni.
2467 5089 2527 5140 In
2573 5089 2820 5141 Vaticano
2867 5088 3059 5140 codice
3109 5091 3290 5138 tamen
3335 5086 3536 5149 legitur
3589 5085 3792 5150 Legivo,

2097 5161 2239 5226 quod
2293 5161 2341 5212 s.
2395 5161 2731 5222 Benedictus,
2783 5172 2900 5223 cap.
2967 5159 2997 5209 9
3049 5157 3279 5222 Regulae,
3321 5155 3645 5217 Analogium
3697 5169 3794 5207 vo-

2097 5233 2252 5286 cavit.

2165 5304 2296 5366 (170)
2343 5304 2404 5355 111
2446 5304 2696 5354 Vaticano
2751 5300 2940 5353 codice
2990 5301 3221 5354 habetur
3281 5296 3598 5364 expediret;
3645 5300 3698 5347 et
3746 5298 3798 5349 in

2097 5376 2330 5428 editione
2352 5373 2663 5426 Fontisboni
2687 5371 2862 5436 magis
2894 5371 3146 5436 expedire
3177 5366 3481 5423 videbatur.
3510 5368 3800 5434 Utrumque

2098 5449 2272 5504 recte;
2301 5447 2434 5498 alias
2466 5443 2724 5496 deﬁceret
2748 5443 2893 5496 aliud
2923 5444 3152 5501 verbum
3188 5451 3390 5509 regens
3428 5440 3690 5496 inﬁnitam
3719 5441 3772 5502 di

2099 5517 2330 5569 ctionem
2349 5514 2619 5580 expedire.
