4108 6206
337 283 444 345 955
803 280 861 340 S.
907 281 1128 340 PETRI
1172 281 1490 340 DAMIANI
1528 281 1686 342 OPP.
1730 283 1922 344 PARS
1964 281 2106 342 SEU
2147 283 2397 344 TOMUS
2436 285 2511 344 II.
2553 317 2622 328 —
2663 283 3116 346 SANCTORUM
3156 287 3379 347 VITIE.
3744 293 3855 353 956

339 413 598 479 testante,
629 406 732 482 qui
763 407 843 465 ait
885 408 993 464 :Si
1033 408 1279 464 Christus
1336 425 1443 463 non
1494 412 1814 480 resurrexit,
1864 408 2354 470 inanisAbellum
2405 409 2615 469 sociale
2667 411 3055 483 committunt,
3107 418 3182 483 et,
3217 412 3358 470 dum
3405 415 3672 473 cominus
3718 417 3858 476 hinc

339 501 418 552 est
453 495 776 567 pradicatio
814 500 1021 558 nostra,
1059 497 1244 550 inanis
1294 500 1373 550 est
1416 496 1552 566 ﬁdes
1589 502 1810 564 vestra;
1845 495 2054 554 deinde
2135 497 2273 555 inde
2304 505 2611 572 pugnatur,
2641 507 2878 573 repente
2913 515 3091 558 manu
3121 500 3308 573 Sergii
3333 501 3612 562 inimicus
3644 506 3857 564 8111111-

335 583 639 659 subjungit
671 603 683 641 :
717 587 1028 640 Invenimur
1063 587 1202 652 falsi
1240 589 1396 641 testes
1436 588 1552 651 Dei,
1593 591 1851 656 quoniam
1895 588 2053 643 dimi-

338 692 457 730 mus
527 677 892 730 testimonium
953 674 1213 730 adversus
1283 680 1472 741 Deum,
1544 679 1641 746 qui
1709 680 2055 733 suscitaverit

341 765 631 826 Christum,
666 753 823 831 quem
863 778 970 817 non
1015 767 1302 820 suscitavit
1339 770 1382 836 (Ι
1417 767 1534 822 Cor.
1582 767 1708 834 XV).
1753 764 1863 824 Sed
1895 767 2050 841 quia,

340 851 673 908 necessitate
702 849 774 906 ad
808 850 1180 910 scribendum
1210 853 1407 925 coacti,
1441 854 1600 914 velut
1644 855 1916 914 commoti
1947 855 2055 914 ista

340 939 770 1013 praemisimus,
816 940 938 1013 jam
991 941 1258 1013 precibus
1295 943 1419 1016 ejus
1460 942 1531 1000 de
1575 959 1689 1016 quo
1735 945 2052 1020 loquimur,

342 1028 459 1087 Deo
486 1028 823 1102 opitulante,
853 1030 923 1087 ad
957 1031 1303 1091 narrationis
1326 1034 1590 1092 ordinem
1620 1035 1945 1095 veniamus.

800 1123 950 1182 428
1000 1127 1244 1187 CAPUT
1285 1130 1600 1190 PRIMUM.

733 1217 910 1273 Causa
948 1223 1315 1275 conversionis
1354 1223 1668 1277 Romualdi.

410 1303 773 1363 Bomualdus
824 1305 1045 1379 igitur,
1103 1309 1399 1367 Ravennae
1453 1310 1703 1368 civitatis
1749 1311 2054 1382 oriundus,

340 1409 412 1452 ex
454 1391 850 1452 illustrissima
893 1395 1110 1454 ducum
1151 1397 1261 1454 fuit
1307 1399 1481 1471 stirpe
1518 1399 1851 1472 progenitus
1894 1400 2055 1472 (171).

339 1482 452 1551 Qui
480 1497 614 1539 cum
646 1484 768 1557 jam
804 1483 868 1541 in
903 1485 1345 1544 adolescentiam
1385 1488 1757 1560 pervenisset,
1796 1491 1968 1563 coepit
1996 1489 2058 1547 in

339 1582 566 1648 peccato
605 1578 796 1634 carnis
833 1577 1107 1650 proclivis
1147 1579 1413 1648 existere,
1451 1594 1570 1652 quo
1608 1578 1875 1637 videlicet
1916 1579 2058 1638 vitio

340 1661 440 1720 illa
495 1670 634 1721 astas
689 1665 1035 1740 impugnare
1087 1667 1397 1739 homines,
1454 1670 1772 1741 praesertim
1829 1669 2057 1741 divites,

2138 585 2229 642 nis
2255 587 2393 655 (174)
2420 587 2715 646 occiditur.
2745 588 3103 646 Romualdus
3127 597 3318 647 autem
3346 590 3474 648 licet
3498 591 3732 650 nullum
3763 611 3860 667 pe-

2137 683 2356 748 rempto
2401 679 2617 736 vulnus
2660 677 2959 746 inﬂixerit,
3003 677 3141 751 quia
3183 686 3366 734 tamen
3419 679 3700 752 interfuit,
3731 699 3857 756 pue-

2139 767 2438 826 nitentiam
2473 768 2613 826 tanti
2655 776 2849 826 reatus
2878 768 3112 841 accepit,
3152 783 3412 840 moxque
3445 768 3517 826 ad
3557 769 3858 832 Classense

2141 859 2556 916 monasterium
2610 857 2674 913 Β.
2736 857 3132 930 Apollinaris,
3188 873 3346 916 more
3405 858 3858 935 homicidarum,

2139 946 2342 1004 diebus
2379 946 2758 1020 quadraginta
2799 962 3212 1019 permansurus
3253 947 3315 1004 in
3345 947 3602 1007 luctibus
3648 966 3856 1025 prope-

2140 1036 2288 1093 ravit
2318 1035 2485 1110 (175).

2699 1123 2848 1181 429
2885 1126 3126 1185 CAPUT
3158 1125 3233 1184 II.

2139 1216 2268 1284 Ipsa
2320 1215 2592 1286 conversio
2616 1257 2634 1277 ,
2687 1219 2738 1268 et
2793 1217 2927 1284 quia
2976 1231 3169 1286 corpus
3218 1217 3279 1271 B.
3340 1215 3688 1284 Apollinaris
3739 1215 3860 1268 sine

2425 1285 2589 1338 dubio
2621 1287 2679 1339 in
2718 1286 2990 1342 Classensi
3017 1285 3343 1342 monasterio
3362 1287 3568 1354 jaceat.

2213 1387 2342 1446 Illic
2384 1393 2579 1446 autem
2624 1389 2880 1448 districta
2923 1407 2982 1448 se
3034 1389 3373 1464 paenitentia
3415 1390 3631 1462 jugiter
3665 1404 3860 1446 mace-

2145 1493 2278 1535 rans
2305 1521 2318 1548 ,
2361 1477 2533 1550 818ρὶ1
2576 1493 2710 1537 811111
2758 1478 3005 1552 quodam
3053 1493 3332 1537 converso
3379 1477 3533 1548 (176(
3577 1478 3863 1552 quotidia-

2147 1585 2288 1626 num
2323 1568 2529 1626 habere
2571 1569 2950 1642 colloquium,
2984 1587 3017 1627 a
3048 1586 3164 1645 quo
3202 1571 3396 1642 etiam,
3425 1570 3595 1642 juxta
3636 1571 3862 1628 rnedio-

2144 1659 2398 1718 critatem
2448 1675 2674 1733 sensus,
2721 1660 2886 1718 bonae
2929 1660 3346 1720 exhortationis
3391 1659 3659 1719 audiebat
3708 1674 3862 1732 saepe

342 1751 744 1812 vehementius
781 1754 937 1812 solet.
987 1755 1178 1814 Mente
1231 1765 1420 1816 tamen
1459 1756 1577 1816 Deo
1627 1757 1890 1829 devotus,
1946 1749 2476 1835 fre-BCOHSiIium-
2525 1748 2707 1818 Quem
2749 1765 2883 1808 cum
2928 1765 3242 1809 Conversus
3291 1751 3618 1822 ῙΓθίῐιιθῐηθΓ
3654 1747 3861 1806 ἃάωο·

343 1847 587 1914 quenter
638 1859 698 1901 se
754 1845 1006 1903 tentabat
1065 1846 1303 1919 erigere,
1361 1848 1772 1924 facturamque
1825 1864 1885 1905 se
1941 1865 2068 1907 ma-

344 1948 526 2004 gnum
556 1933 777 2007 aliquid
803 1935 1159 2009 proponebat
1189 1936 1350 2009 (172).
1383 1936 1530 1994 Nam
1568 1944 1624 1995 et
1664 1938 1713 1996 si
1751 1937 1983 2012 quando
2009 1956 2070 1998 se

340 2020 412 2079 ad
463 2021 721 2080 studium
778 2021 1109 2081 venationis
1161 2024 1505 2098 accingeret,
1565 2024 1907 2100 ubicunque
1970 2043 2070 2100 per

343 2109 520 2169 silvas
563 2126 865 2170 amcenum
907 2111 1100 2171 locum
1138 2115 1390 2186 reperire
1438 2121 1675 2186 poterat,
1715 2131 1854 2175 mox
1895 2132 1956 2174 se
1996 2118 2068 2176 ad

342 2199 521 2256 eremi
577 2199 934 2258 desiderium
986 2199 1112 2271 ejus
1161 2202 1398 2260 animus
1450 2202 1814 2275 accendebat,
1870 2203 2069 2263 dicens

342 2285 493 2344 intra
524 2303 622 2345 se:
656 2288 701 2349 Ο
738 2305 916 2363 quam
961 2289 1108 2348 bene
1142 2296 1402 2362 poterant
1445 2292 1708 2350 eremitas
1737 2292 1800 2350 in
1841 2293 1933 2351 bis
1973 2309 2069 2351 ne-

343 2396 572 2440 morum
616 2381 938 2440 recessibus
971 2381 1230 2441 habitare
1262 2386 1273 2440 !
1318 2398 1499 2456 quam
1542 2398 1799 2455 congrue
1835 2392 2067 2457 possent

345 2471 438 2528 hic
469 2471 542 2528 ab
568 2472 732 2529 omni
770 2470 1066 2530 szecularis
1104 2471 1376 2545 strepitus
1408 2472 1842 2544 perturbatione
1879 2472 2068 2547 quies-

345 2566 510 2621 ceret
545 2561 618 2620 Et
657 2561 738 2620 ita
776 2577 944 2621 mens
981 2562 1107 2636 ejus
1150 2562 1379 2622 coalitus
1420 2563 1717 2636 inspirata,
1743 2563 1866 2636 jam
1898 2563 2065 2638 divi-

346 2652 593 2735 nabatur
633 2652 697 2711 in
727 2667 923 2712 amore
957 2651 1114 2726 quod
1153 2651 1502 2726 impleturus
1539 2658 1658 2711 erat
1696 2655 2065 2725 postmodum

2151 1845 2311 1895 neret
2364 1839 2702 1897 szecularem
2754 1839 2932 1897 vitam
2986 1839 3228 1898 omnino
3277 1846 3636 1912 postponere,
3688 1845 3742 1896 et
3789 1837 3864 1895 ad

2149 1938 2363 1988 sanctae
2407 1930 2857 1989 conversationis
2903 1932 3165 1990 ordinem
3226 1930 3497 1988 festinare
3543 1930 3711 2000 (177),
3760 1929 3863 1988 sed

2149 2021 2220 2078 ad
2274 2021 2382 2079 hoc
2447 2030 2697 2080 mentem
2767 2023 2892 2097 ejus
2943 2021 3254 2080 humiliare
3324 2021 3658 2080 nullatenus
3726 2037 3861 2093 pos-

2150 2115 2234 2166 set
2265 2109 2436 2180 (178),
2465 2110 2782 2184 aliquando
2810 2113 2961 2169 inter
2983 2118 3187 2168 caetera
3214 2110 3374 2168 velut
3400 2109 3864 2186 gratulabundus

2148 2197 2365 2269 intulit,
2405 2197 2602 2256 dicens
2635 2220 2646 2258 :
2677 2199 2736 2258 Si
2772 2199 2916 2268 tibi,
2957 2199 3182 2271 inquit,
3223 2214 3327 2272 ego
3364 2197 3429 2256 B.
3463 2196 3862 2271 Apollinarem

2150 2286 2431 2359 corporali
2463 2287 2668 2360 specie,
2703 2289 2780 2345 ita
2819 2294 2882 2346 ut
2909 2303 3042 2347 eum
3080 2289 3385 2347 manifeste
3414 2289 3610 2348 videre
3650 2288 3856 2361 possis,

2148 2373 2471 2446 ostendero,
2528 2375 2668 2447 quid
2714 2391 2747 2432 a
2799 2383 2853 2434 te
2909 2378 3133 2450 praemii
3189 2376 3539 2451 reportabo?
3591 2376 3679 2434 Ad
3735 2378 3864 2434 haec

2149 2463 2509 2523 Bomualdus
2541 2489 2552 2523 :
2593 2466 2782 2524 Firma
2807 2513 2821 2537 ,
2852 2466 3062 2540 inquit,
3096 2473 3151 2525 et
3195 2465 3522 2525 inviolabili
3573 2482 3664 2523 me
3707 2465 3864 2522 obli-

2147 2552 2376 2624 gatione
2411 2555 2742 2628 constringo
2785 2555 2947 2628 quia,
2984 2571 3121 2614 mox
3169 2563 3234 2614 ut
3270 2555 3503 2613 beatum
3551 2561 3865 2628 martyrem

2146 2643 2364 2713 videro,
2399 2646 2551 2719 apud
2591 2645 2871 2704 szeculum
2905 2646 3152 2705 ulterius
3189 2661 3303 2705 non
3346 2646 3609 2704 manebo.
3652 2645 3867 2703 Horta-

2149 2739 2243 2791 tur
2293 2749 2426 2807 ergo
2474 2749 2791 2794 conversus
2833 2743 2897 2794 ut
2936 2736 3061 2808 ipsa
3106 2742 3271 2793 nocte
3321 2735 3679 2794 Romualdus
3729 2733 3867 2789 dor-

2145 2821 2293 2879 mire
2356 2831 2758 2897 postponeret,
2819 2829 2875 2882 et
2934 2839 3052 2882 una
3115 2839 3310 2882 secum
3365 2825 3515 2881 intra
3566 2822 3866 2881 ecclesiam

345 2755 541 2812 opere.

417 2825 571 2884 Huic
615 2831 736 2884 erat
786 2831 965 2900 pater,
1021 2827 1260 2885 nomine
1311 2827 1568 2900 Sergius,
1620 2827 1839 2888 mundo
1887 2829 2064 2889 vehe-

349 2923 574 2976 menter
629 2917 930 2989 intentus,
982 2924 1039 2976 et
1090 2917 1330 2978 omnino
1386 2919 1764 2978 sagcularibus
1817 2921 2066 2996 negotiis
2146 2913 2207 2970 in
2255 2914 2614 2972 orationibus
2660 2913 2943 2986 vigilaret.
2999 2914 3260 2988 Cumque
3305 2921 3587 2971 nocturno
3634 2912 3869 2969 silentio

348 3007 699 3082 implicatus.
726 3008 835 3079 Qui
861 3010 1000 3068 dum
1024 3011 1306 3070 adversus
1331 3011 1646 3085 quemdam
1667 3012 2045 3089 propinquun

2187 3003 2558 3075 mganimiter
2609 3005 2781 3064 ambo
2839 3005 2901 3063 in
2960 3005 3218 3063 oratione
3274 3004 3685 3078 persisterent,
3736 3015 3868 3058 ecce

350 3113 526 3156 suum
557 3098 771 3156 exortis
800 3099 946 3169 (173)
978 3099 1370 3159 simultatibus
1397 3115 1497 3174 pro
1530 3103 1887 3174 possessione
1915 3103 2063 3176 prati
2085 3092 2733 3198 GCircamgaHiCifl‘iUII‘l“
2756 3094 2942 3152 noctis
3098 3092 3469 3198 ᾂροίίίξιθΓίῇν
3506 3091 3596 3191 his
3635 3089 3869 3198 dungS

348 3187 683 3246 inimicitias
732 3197 1061 3260 exerceret,
1093 3188 1300 3247 videns
1338 3189 1529 3249 lilium
1570 3206 1743 3251 suum
1779 3192 2059 3251 Romual-
2087 3180 2456 3240 "manifeste
2497 3183 2829 3241 Videntibus
2859 3229 2873 3254 ς
2905 3183 3051 3242 θΧῘίῑ
3097 3184 3168 3241 de
3221 3183 3329 3242 5111)
3380 3182 3548 3240 ὃίῐδτί
3594 3180 3748 3255 (111οά
3804 3182 3866 3237 in

349 3277 488 3337 dum
537 3277 597 3334 in
643 3279 1010 3336 contentione
1063 3279 1397 3339 mollescere
1427 3326 1441 3353 ,
1491 3282 1827 3356 crimenque
1868 3283 2063 3341 fratri-
2151 3271 2343 3367 medio
2384 3272 2640 3331 ecclesiae
2677 3273 2748 3330 ad
2790 3273 3069 3367 honorem
3098 3272 3162 3329 Β.
3211 3270 3466 3344 Virginis
3512 3270 3710 3367 Marim
3741 3283 3867 3367 cer-

347 3366 486 3424 cidii
516 3366 856 3425 medullitus
885 3367 1214 3439 formidare,
1249 3369 1464 3429 minari
1491 3372 1661 3446 cmpit
1690 3371 2062 3430 exhairedem
2150 3361 2310 3420 nitur
2353 3377 2476 3420 esse
2523 3369 2938 3421 constructum.
2993 3361 3168 3420 Visus
3219 3368 3303 3419 est
3351 3368 3542 3418 autem
3592 3359 3756 3416 exire
3793 3359 3868 3415 ab

351 3458 572 3530 facere,
626 3459 675 3516 si
719 3458 779 3516 in
829 3459 1029 3518 eadem
1078 3461 1302 3520 diutius
1352 3464 1635 3522 sententia
1677 3469 2059 3538 permaneret.
2149 3450 2414 3508 orientali
2461 3460 2640 3524 Part9,
2670 3451 2833 3509 illinc
2871 3449 3137 3509 Videlicet
3185 3450 3287 3508 Ubi
3327 3463 3579 3538 111311119?
3610 3446 3866 3538 Porphy-

350 3545 763 3634 011111111111111
793 3546 1052 3608 Tandem
1094 3557 1357 3625 utraeque
1401 3536 1830 3611 inimicantium
1876 3558 2045 3626 parte:

2187 3540 2391 3597 eticum
2435 3540 2604 3615 jacet.
2654 3539 2971 3599 Confestim
3022 3554 3158 3598 vero
3212 3545 3404 3634 tantus
3458 3536 3864 3634 811188118118-

349 3650 422 3694 ex
449 3633 592 3694 urbe
618 3636 690 3694 ad
718 3637 837 3697 litis
866 3641 1166 3700 materiam
1194 3623 1501 3716 proruunt,
1530 3658 1690 3700 arma
1717 3623 2040 3717 corripiunt

2187 3644 2267 3686 im
2304 3629 2547 3704 replevit
2589 3630 2911 3702 ecclesiam,
2942 3643 3009 3687 ac
3050 3629 3100 3686 si
3132 3628 3216 3688 sol
3261 3625 3504 3700 fulgoris
3549 3625 3642 3684 sui
3671 3623 3865 3682 radios

410 3821 960 3884 (171)1iobiltssimam
994 3825 1164 3879 fuisse
1205 3825 1479 3879 Romualdi
1506 3827 1793 3892 originem,
1822 3842 1894 3881 ex
1926 3830 2046 3893 ipso
2154 3836 2324 3889 gnum
2350 3822 2562 3888 aliquid
2587 3820 2938 3888 proponebat,
2978 3823 3036 3872 ut
3063 3820 3196 3873 etin
3219 3817 3551 3873 editionlbus
3582 3816 3866 3871 nonnullis

350 3905 512 3965 quem
573 3894 855 3948 Damianns
903 3898 1131 3959 exponit
1187 3898 1570 3951 illustrissimz
1631 3900 1822 3964 stirpis
1875 3902 2048 3965 titulo,

347 3963 493 4016 haud
513 3965 678 4018 dubie
700 3967 1031 4030 intelligitur.
1057 3970 1127 4020 CI.
1154 3969 1207 4020 V.
1234 3971 1557 4023 lituratorius
1580 3972 1633 4022 in
1661 3963 1880 4024 Dissert.
1907 3977 1935 4024 5
1959 3963 2055 4025 an}

349 4035 532 4098 liquit.
560 4037 729 4090 medii
760 4041 878 4101 arvi,
922 4044 1044 4091 tom.
1081 4041 1124 4100 l,
1170 4053 1298 4103 pag.
1345 4043 1448 4103 158,
1494 4042 1754 4094 nonnulla
1801 4043 2049 4095 eruditis.

348 4106 485 4158 sime
508 4109 665 4173 juxta
684 4122 888 4162 morem
924 4110 1247 4175 conscripsit
1275 4113 1420 4164 circa
1444 4112 1584 4165 hanc
1616 4113 1814 4164 due-um
1839 4113 2052 4165 nobilis-

349 4177 539 4228 simam
580 4177 940 4232 Ravennatem
975 4180 1250 4243 familiam,
1283 4195 1404 4247 quae
1440 4185 1657 4234 circiter
1686 4197 1888 4235 annum
1933 4185 2051 4236 1180

351 4247 566 4310 defecit,
618 4261 650 4300 e
705 4252 844 4301 vivis
898 4251 1107 4304 sublato
1156 4251 1365 4305 Joanne
1428 4255 1566 4306 duce
1617 4254 1820 4319 absque
1882 4257 2050 4318 prole,

263 4345 266 4348 ~
350 4331 415 4371 ac
465 4320 533 4370 ad
587 4323 708 4382 ejus
772 4321 1139 4375 liaereditatem
1189 4325 1396 4376 vocatis
1470 4328 1631 4377 Petro
1693 4324 2052 4377 Traversaria

351 4392 578 4455 patricio
633 4392 956 4454 Ravennate,
1021 4399 1076 4446 et
1139 4391 1388 4447 Tauretto
1445 4397 1616 4449 nobili
1677 4397 1795 4449 cive
1859 4397 2052 4450 Ferra-

2156 3898 2429 4031 “digitis
2466 3965 2625 4016 citato
2659 3963 2866 4016 codicis
2897 3965 3199 4026 tragmento
3236 3963 3494 4014 Vaticana;
3521 3958 3862 4013 bibliotheca

2153 4039 2369 4090 additur
2397 4035 2800 4101 fraudolenter.

2217 4110 2351 4174 (174)
2382 4109 2505 4159 Haec
2536 4107 2696 4158 dictio
2727 4104 2915 4168 afﬁnis
2940 4105 2994 4156 in
3027 4105 3218 4158 eodem
3254 4105 3573 4168 fragmento,
3607 4105 3659 4154 et
3686 4102 3740 4152 in
3766 4112 3857 4153 ve-

2155 4181 2474 4235 tustioribus
2514 4179 2673 4251 editis
2728 4177 3411 4251 codicibusndesideratur.
3452 4175 3599 4251 Unde
3646 4174 3862 4251 [iubens

2154 4254 2246 4316 ait,
2282 4255 2416 4305 Hist.
2461 4253 2615 4313 Rav.,
2649 4250 2687 4304 1.
2721 4263 2776 4308 γ,
2820 4251 2967 4300 111181
2995 4244 3245 4312 Sergium
3282 4251 3496 4310 patrem
3535 4249 3584 4297 et
3615 4243 3862 4316 vicinum

2154 4313 2557 4378 contentionem
2607 4321 2797 4374 fuisse.
2849 4321 3134 4372 Fortunius
3179 4331 3327 4394 vero,
3380 4327 3524 4394 p._ii,
3579 4316 3693 4394 1.η1.
3727 4327 3778 4394 c_.
3807 4313 3858 4376 7,

2155 4395 2489 4458 aquivocam
2508 4405 2696 4446 vocem
2721 4403 3011 4457 usurpans,
3036 4395 3212 4444 ortam
3235 4388 3408 4440 fuisse
3439 4390 3581 4441 inter
3600 4387 3862 4449 Sergium

351 4463 521 4555 r‘iensi
575 4467 726 4544 patre
761 4464 993 4546 celebris
1029 4465 1405 4555 §alinguerrm,
1449 4473 1504 4520 ut
1539 4482 1608 4555 es
1643 4468 2048 4555 duabuschar-
2081 4494 2130 4555 D
2155 4470 2440 4555 parentem
2467 4469 2514 4518 et
2547 4465 2719 4555 alium
2756 4463 3123 4530 propinquum
3163 4461 3228 4513 de
3261 4459 3498 4525 quodam
3525 4462 3685 4524 prato
3728 4469 3864 4508 con-

350 4534 437 4592 tis,
519 4547 654 4600 quas
709 4537 764 4587 in
835 4537 954 4600 ipsa
1023 4539 1403 4591 dissertatione
1461 4541 1683 4603 profert,
1747 4534 2481 4592 clarissime”troversiam
2521 4537 2726 4589 scribit.

349 4609 513 4669 patet.
551 4626 571 4651 α
605 4607 916 4673 Quanquam
966 4608 1228 4661 credibile
1270 4611 1356 4671 sit,
1414 4612 1486 4662 ait
1520 4611 1656 4676 ipse,
1691 4610 1858 4664 hosce
1894 4613 2052 4662 duces

349 4677 650 4742 antiquitus
675 4679 1037 4742 assumpsisse
1076 4681 1337 4732 eximium
1371 4679 1514 4734 hunc
1547 4681 1758 4734 titulum
1800 4695 1832 4734 a
1861 4683 2050 4747 splen-

347 4748 472 4800 dido
501 4749 754 4814 quopiam
796 4751 1132 4812 magistratu,
1169 4753 1286 4804 sive
1317 4767 1348 4804 a
1389 4755 1652 4816 regimine
1685 4753 1917 4806 civitatis
1947 4754 2049 4806 Ra-

345 4831 558 4876 vennae.
631 4828 722 4872 aut
778 4822 1007 4884 alicujus
1081 4823 1306 4875 alterius
1383 4823 1440 4875 in
1517 4824 1814 4876 exarchatu
1899 4825 2053 4888 posi-

345 4895 432 4954 tte,
509 4893 742 4944 attamen
803 4893 870 4945 ad
923 4895 1251 4958 opinandum
1311 4894 1463 4948 feror
1519 4896 1666 4959 ipsos
1725 4895 2052 4958 procedente

346 4966 591 5028 tempore
629 4963 755 5016 inde
797 4964 1041 5028 delectos
1094 4966 1414 5029 impetrasse
1462 4966 1653 5019 saltem
1690 4967 1830 5019 tituli
1875 4969 2052 5020 conti-

347 5041 573 5088 nuatum
601 5034 881 5096 honorem,
914 5041 1079 5102 atque
1125 5049 1189 5089 ea
1231 5037 1298 5088 de
1328 5049 1493 5090 causa
1525 5039 1831 5103 impositam
1866 5049 2054 5091 eorum

347 5120 490 5188 pago
538 5107 987 5188 appellationem”
1020 5108 1282 5188 due‘atem,
1342 5110 1794 5188 quemadmodum
1841 5110 2055 5188 comitis

349 5177 569 5241 nomen,
605 5177 732 5231 oltm
773 5179 1074 5232 rectoribus
1117 5181 1484 5233 tantummodo
1539 5183 1771 5235 civitatis
1824 5182 2055 5247 alicujus

352 5249 557 5313 datum,
603 5250 954 5304 castellorum
989 5255 1043 5302 et
1083 5251 1327 5305 vicorum
1375 5252 1610 5306 dominis
1649 5253 1811 5308 tribui
1850 5255 2054 5308 sensim

345 5323 524 5384 capit.
564 5343 585 5369 ι

411 5394 550 5461 (172)
579 5396 663 5448 Sic
690 5394 888 5459 legitur
911 5396 968 5448 in
988 5395 1238 5449 Vaticano
1261 5397 1448 5450 codice
1483 5408 1534 5447 n.
1562 5395 1704 5457 3797,
1741 5410 1906 5463 supra
1938 5409 2050 5450 me-

350 5469 581 5528 morato,
627 5468 726 5519 sed
759 5468 815 5519 in
850 5469 1084 5529 quodam
1131 5466 1436 5532 fragmento
1484 5469 1611 5522 Vitae
1655 5470 1818 5534 hujus
1856 5471 2056 5535 scripto

355 5535 556 5590 saeculo
598 5538 827 5592 tortasse
870 5551 951 5602 ιι,
997 5541 1140 5601 quod
1165 5544 1340 5592 exstat
1369 5542 1425 5591 in
1469 5540 1658 5594 codice
1689 5541 1946 5594 Vaticanus
1974 5540 2054 5592 bi-

355 5608 641 5665 bliotheca
679 5623 733 5662 n.
770 5611 912 5672 5411,
943 5611 1172 5667 habetur
1199 5612 1513 5677 frequenter
1543 5626 1595 5666 se
1630 5615 1825 5667 contra
1851 5627 1904 5666 se
1935 5626 2053 5667 ma-

2216 4610 2352 4674 (175)
2386 4609 2445 4662 Id
2478 4608 2740 4673 peculiari
2778 4607 3138 4680 Ravennatem
3172 4603 3553 4680 consuetudini
3570 4600 3865 4680 ascribunt

2159 4671 2374 4733 [laetius
2413 4671 2758 4743 iii—Descript.
2788 4676 2850 4730 S.
2886 4677 3071 4736 eremi,
3109 4689 3160 4731 c.
3198 4678 3247 4737 2,
3285 4679 3338 4729 81
3375 4671 3863 4743 [ιιιωςΒετοιιίηοέ

2155 4753 2347 4805 nensis
2377 4752 2510 4803 Hist.
2549 4742 2716 4811 Rom.,
2757 4748 2794 4801 l.
2834 4763 2889 4808 u,
2926 4760 2974 4800 c.
3014 4749 3061 4798 4.
3105 4747 3320 4800 Rubeus
3350 4751 3530 4798 tamen
3566 4744 3656 4795 lib.
3694 4756 3748 4803 v,
3793 4742 3866 4794 ait

2155 4823 2395 4876 Classem
2421 4823 2654 4884 venisse,
2689 4824 2749 4872 ut
2784 4819 2862 4872 ibi
2895 4831 2990 4882 pro
3027 4831 3174 4870 more
3201 4819 3316 4884 ejus
3347 4815 3761 4893 secutime
3783 4825 3865 4893 su-

2156 4894 2310 4948 biret.
2346 4896 2405 4948 In
2435 4893 2742 4956 fragmento
2771 4903 2939 4955 supra
2963 4895 3261 4943 memorato
3293 4901 3394 4953 pro
3424 4889 3487 4940 in
3519 4884 3748 4938 luctibus
3784 4884 3866 4935 le-

2197 4969 2301 5018 itur
2333 4965 2394 5018 in
2423 4966 2591 5018 luctu.

2157 4979 2301 5032 gitur
2333 4979 2394 5018 ιη
2423 4979 2591 5018 metu.
3702 5026 3714 5036 ~

2222 5038 2356 5100 (176)
2430 5038 2732 5089 Conversos
2809 5033 3017 5098 antiqui
3096 5030 3364 5085 vocabant
3452 5040 3550 5082 eos
3584 5037 3716 5100 Aqui
3795 5035 3868 5075 ex

2157 5098 2356 5163 adultis
2411 5107 2766 5180 monasticum
2834 5106 3150 5180 institutum
3171 5174 3186 5180 _
3207 5098 3703 5180 capiebant.__ﬂ_lc__
3731 5107 3870 5180 vero

2157 5183 2226 5235 de
2279 5180 2443 5234 fratre
2497 5179 2636 5231 laico
2689 5189 2868 5232 sermo
2925 5187 3047 5229 esse
3098 5174 3336 5239 videtur,
3407 5175 3466 5226 ut
3529 5169 3870 5223 Mabillonius

2161 5253 2694 5390 ad(li51"tl‘)wll?:ntisboni
2716 5318 2880 5375 editio
2911 5317 3108 5371 habet:
3131 5321 3192 5370 ut
3227 5311 3742 5390 sarcularempitam
3761 5322 3874 5361 om-

2159 5381 2294 5450 nino
2329 5381 2685 5461 postponeret,
2717 5395 2768 5447 et
2812 5390 2887 5443 ad
2925 5392 3121 5443 sancta
3159 5384 3584 5442 conversationis
3614 5381 3872 5434 ordinem

2159 5469 2470 5604 reﬁgi???
2488 5538 2793 5602 fragmento
2837 5537 3043 5590 codicis
3067 5533 3298 5588 Vaticani
3338 5531 3540 5604 legitur
3578 5553 3589 5579 ;
3622 5529 3716 5582 sed
3747 5541 3876 5582 cum

2165 5602 2243 5664 ad.
2274 5602 2369 5664 hoc
2417 5614 2651 5665 mentem
2684 5611 2802 5676 ejus
2845 5608 3138 5663 humiliare
3187 5605 3338 5660 nullo
3384 5602 3548 5658 modo
3579 5606 3770 5668 posset.
