4108 6206
239 307 347 367 957

238 526 460 595 martyr
492 519 944 579 sacerdotalibus
982 521 1187 582 infulis
1238 524 1579 585 mirabiliter
1619 536 1960 600 exornatus,

235 623 482 668 aureum
512 607 572 666 in
602 624 780 667 manu
816 616 1055 683 portans
1093 612 1484 684 thuribulum,
1526 621 1736 673 cuncta
1777 616 1959 676 eccle-

236 698 343 757 siae
397 698 718 757 incensavit
772 698 994 769 altaria,
1046 707 1121 767 et,
1177 703 1285 760 hoc
1336 702 1503 775 facto,
1555 705 1748 764 statim
1808 705 1962 765 unde

236 789 455 848 exierat
496 789 685 858 rediit,
716 796 772 847 et
800 804 938 847 mox
968 789 1162 849 omnis
1186 790 1287 849 ille
1316 791 1607 866 splendor,
1647 809 1784 855 eum
1822 811 1959 870 pro-

235 892 509 949 sequens,
538 894 814 953 apparere
839 881 1104 939 cessavit.

306 965 498 1040 Cmpit
555 968 750 1042 itaque
804 982 1118 1027 conversus
1167 967 1492 1029 Romualdo
1546 971 1732 1031 durus
1780 973 1958 1032 nimi-

233 1069 368 1112 rum
425 1060 660 1113 exactor
718 1057 1091 1114 vehementer
1146 1056 1428 1128 insistere,
1469 1066 1527 1117 et
1578 1066 1643 1119 ut
1694 1061 1956 1135 impleret

232 1143 388 1216 quod
445 1143 599 1202 ultro
663 1145 1004 1218 promiserat
1071 1146 1248 1204 anxie
1308 1146 1618 1220 postulare.
1695 1148 1960 1225 Cumque

233 1232 597 1292 Romualdus
641 1232 833 1292 adhuc
887 1233 1195 1307 resisteret,
1242 1244 1300 1295 et
1348 1239 1614 1297 eamdem
1670 1239 1953 1299 visionem
1988 1264 1996 1272 ν

230 1337 470 1381 cernere
529 1322 724 1381 denuo
786 1322 1091 1395 ﬂagitaret,
1150 1326 1264 1384 alia
1333 1334 1500 1387 nocte
1562 1328 1832 1388 similiter
1891 1330 1956 1388 in

228 1410 490 1469 oratione
573 1410 912 1484 persistent,
985 1417 1042 1469 et
1131 1413 1365 1475 beatum
1452 1425 1762 1493 martyrem
1854 1433 1956 1492 per

228 1500 449 1569 omnia,
481 1499 631 1559 sicut
678 1499 861 1574 prius,
893 1500 1202 1574 aspiciunt.
1258 1503 1418 1563 Unde
1476 1506 1653 1564 etiam
1701 1512 1955 1580 postmo-

226 1586 372 1646 dum
439 1587 489 1646 si
555 1587 626 1646 de
690 1603 928 1661 corpore
995 1590 1256 1662 praedicti
1308 1593 1581 1667 martyris
1639 1594 1957 1666 aliquando

226 1675 476 1749 quaestio
547 1677 818 1747 oriretur,
886 1677 1250 1739 Romualdus
1323 1681 1558 1754 penitus
1629 1682 1952 1741 aiiirmabat

225 1764 288 1822 in
339 1764 466 1839 ipsa
514 1765 773 1880 ecclesia,"
796 1782 922 1827 esse
976 1768 1384 1880 reconditum;
1425 1777 1500 1870 et,
1547 1770 1813 1845 quandiu
1860 1770 1953 1830 vir
1974 1764 2473 1880 ξῖένυξ

224 1861 460 1913 sanctus
527 1855 699 1927 vixit,
739 1856 848 1915 hoc
900 1856 1157 1930 proferre
1206 1858 1601 1919 testimonium
1667 1876 1784 1920 non
1836 1876 1952 1919 ces-

226 1942 378 2001 savit
405 1943 577 2012 (179).

309 2030 461 2088 430
498 2033 760 2093 Habebat
798 2050 1033 2110 quoque
1071 2037 1436 2098 Romualdus
1472 2037 1952 2097 consuetudinem

228 2128 362 2184 ante
408 2122 771 2198 praecipuum
809 2127 989 2185 altare
1025 2128 1302 2188 Ecclesiae
1340 2128 1588 2188 orationi
1631 2129 1958 2202 frequenter

230 2211 605 2283 incumbere;
661 2213 882 2288 ibique,
938 2224 1244 2291 postquam
1306 2219 1510 2277 fratres
1564 2219 1951 2287 abscederent,

231 2299 436 2359 multis
478 2301 664 2361 Deum
711 2306 1002 2377 satagebat
1039 2308 1352 2380 gemitibus
1396 2324 1656 2367 exorare.
1689 2309 1957 2383 Dumque

231 2388 341 2448 hoc
394 2392 647 2465 quadam
695 2394 789 2452 die
846 2401 973 2469 post
1031 2396 1319 2456 visionem
1380 2398 1660 2458 attentius
1728 2400 1952 2467 iaceret,

232 2483 392 2540 tanto
423 2497 561 2541 mox
594 2484 784 2543 divini
811 2488 1027 2545 amoris
1056 2487 1195 2561 igne
1222 2496 1476 2547 mentem
1508 2489 1671 2549 illius
1708 2489 1957 2561 Spiritus

230 2576 469 2629 sanctus
506 2574 787 2645 accendit,
823 2582 889 2634 ut
926 2576 989 2633 in
1026 2576 1229 2635 ﬂetum
1267 2585 1500 2651 repente
1531 2584 1952 2652 prorumperet,

232 2656 441 2718 uberes
489 2659 877 2735 lacrymarum
929 2664 1084 2724 rivos
1141 2666 1488 2740 restringere
1548 2683 1660 2725 non
1717 2666 1951 2739 valeret,

234 2750 651 2808 monachorum
681 2767 743 2810 se
776 2753 1019 2826 pedibus
1062 2763 1378 2828 prostratus
1414 2755 1766 2828 advolveret,
1811 2753 1957 2814 tradi

234 2839 351 2897 sibi
424 2842 831 2902 monachicum
895 2844 1160 2905 habitum
1228 2846 1607 2906 inenarrabili
1673 2848 1956 2908 desiderio

235 2929 540 3003 ﬂagitaret.
600 2931 869 2991 Monachi
914 2949 1071 3005 vero,
1098 2936 1237 2994 dum
1284 2937 1460 3011 patris
1509 2936 1634 3011 ejus
1681 2936 1952 2995 duritiam

237 3027 528 3092 metuunt,
582 3023 949 3082 conversioni
1007 3025 1172 3085 illius
1234 3026 1455 3085 aditum
1522 3027 1772 3101 pandere
1836 3042 1951 3084 non

238 3116 622 3184 praesumunt.
656 3110 947 3171 Honestus
972 3113 1109 3187 (180)

238 3197 779 3273 archiepiscopalem
819 3201 1149 3259 cathedram
1173 3202 1487 3272 obtinebat,
1519 3204 1659 3262 olim
1691 3203 1956 3261 Classen-

238 3288 323 3347 sis
350 3288 596 3347 coenobii
625 3291 803 3350 abbas
852 3290 1190 3360 exstiterat;
1223 3292 1387 3350 hunc
1422 3307 1559 3365 ergo
1593 3290 1958 3351 Romualdus

237 3377 488 3452 impiger
532 3379 691 3450 adiit,
737 3381 906 3455 eique
959 3395 1134 3439 omne
1167 3382 1260 3439 sui
1310 3380 1499 3440 cordis
1532 3380 1681 3451 (181)
1731 3379 1958 3439 deside-

240 3466 397 3526 rium
448 3467 727 3543 patefecit.
778 3467 889 3539 Qui
937 3469 1125 3528 alacer
1169 3470 1377 3540 factus,
1432 3474 1604 3527 castae
1651 3467 1958 3542 concupis-

240 3556 449 3615 centiae
496 3557 918 3617 exhortationis
958 3558 1228 3617 stimulos
1284 3559 1524 3628 addidit,
1572 3558 1962 3632 fratribusque

241 3651 308 3703 ut
399 3660 535 3705 eum
631 3662 738 3706 suo
812 3646 1052 3720 collegio
1130 3648 1532 3709 incunctanter
1598 3647 1960 3718 asciscerent,

241 3733 570 3808 imperavit.
609 3735 803 3808 Hujus
857 3736 1054 3811 itaque
1109 3737 1431 3810 patrocinio
1481 3736 1784 3796 ccenobitaa
1836 3738 1966 3795 suf-

243 3822 404 3894 fulti,
472 3823 863 3885 Romualdum
913 3824 1200 3900 intrepida
1258 3825 1562 3887 securitate
1618 3826 1961 3898 suscipiunt,

243 3915 418 3988 eique
480 3923 692 3974 sanctas
748 3917 1201 3977 conversationis
1256 3916 1520 3976 habitum
1584 3915 1839 3975 tradunt.
1895 3915 1966 3974 In

243 4020 314 4063 eo
373 4004 551 4079 igitur
603 4005 951 4064 monasterio
1009 4005 1155 4077 (182)
1209 4004 1529 4065 triennium
1588 4005 1708 4065 fere
1772 4012 1963 4062 trans-

241 4092 386 4165 egit.

308 4272 445 4338 (179)
474 4273 803 4326 Sanctissimi
829 4275 1194 4326 Bavennatnm
1224 4275 1620 4340 protopastoris
1650 4287 1712 4327 ac
1743 4275 1958 4330 Emilize

245 4344 479 4408 apostoli
507 4344 829 4410 Apollinaris
858 4357 1062 4410 corpus
1097 4346 1387 4397 etiamnum
1418 4347 1473 4399 in
1506 4344 1776 4400 Ciassensi
1808 4349 1958 4400 basi-

247 4416 354 4468 lica
389 4427 599 4467 summa
631 4416 902 4480 religione
937 4417 1154 4468 colitur.
1609 4451 1615 4459 .

306 4488 445 4553 (180)
502 4488 748 4551 Legenda
810 4491 892 4540 est
944 4485 1162 4542 Dissert.
1212 4487 1419 4540 Uamal.
1473 4489 1538 4547 ll.
1582 4500 1629 4541 c.
1674 4490 1722 4550 3,
1767 4489 1840 4541 Ci.
1895 4490 1948 4543 V.

245 4558 504 4610 Guidonis
547 4559 780 4619 Grandii,
838 4557 934 4611 ubi
988 4560 1123 4611 satis
1181 4558 1392 4614 erudite
1447 4558 1682 4624 probare
1739 4565 1955 4613 conten.

248 4632 328 4681 dit
373 4632 666 4682 Honestum
714 4633 846 4683 tunc
898 4630 1162 4696 temporis
1218 4631 1350 4681 Petri
1410 4630 1805 4695 archiepiscopi
1857 4633 1985 4686 Ra-‘

245 4702 502 4754 vennatis
604 4702 975 4765 coadjutorem
1067 4704 1272 4755 tantum
1366 4714 1467 4755 seu
1576 4702 1955 4767 coepiscopum

247 4773 442 4826 fuisse.

310 4843 447 4910 (181)
464 4844 562 4899 Hic
579 4844 776 4898 desinit
799 4843 1078 4897 laudatum
1098 4842 1459 4909 fragmentum
1484 4844 1714 4899 Vaticani
1731 4845 1953 4906 codicis,

300 4987 437 5053 (182)
465 4985 746 5039 Classense
789 4987 895 5040 hoc
927 4985 1301 5052 appellabatur
1334 4986 1724 5041 monasterium
1769 4986 1838 5040 ob
1870 4984 1958 5038 vi-

246 5060 426 5112 cinam
471 5056 671 5111 Classis
720 5060 934 5120 urbem,
993 5059 1152 5123 cujus
1200 5060 1363 5111 modo
1407 5057 1619 5111 nullum
1663 5057 1955 5123 vestigium

245 5133 491 5193 apparet.
527 5127 725 5183 Verum
771 5131 998 5194 propter
1038 5127 1183 5182 bella
1232 5130 1487 5196 aerisque
1532 5128 1956 5182 insalubritatem

243 5200 500 5254 monachi
547 5201 615 5254 ad
667 5201 859 5254 urbem
913 5201 1220 5256 Ravennam
1280 5213 1342 5255 se
1407 5199 1801 5255 transtulerunt
1850 5213 1956 5254 sae-

243 5273 373 5326 culo
420 5284 541 5335 XVI,
598 5284 743 5326 novo
791 5271 1271 5338 pnlcherrimoque
1321 5273 1650 5327 monasterio
1702 5272 1956 5335 excitato,

242 5343 396 5410 quod
465 5343 591 5397 divo
660 5356 851 5398 eorum
912 5346 1125 5409 parenti
1189 5343 1482 5398 Romualdo
1557 5347 1954 5406 nuncuparunt,

242 5415 416 5480 vulgo
466 5417 646 5470 tamen
695 5417 887 5470 eadem
944 5416 1141 5469 Classis
1193 5415 1601 5470 nomenclatura
1652 5414 1955 5468 vocitatum.

245 5489 432 5543 Exstat
468 5486 647 5543 adhuc
680 5488 1052 5555 antiquissima
1095 5488 1399 5543 Ciassensis
1442 5487 1684 5545 basilica,
1729 5498 1847 5551 quae
1892 5487 1960 5541 ab

244 5559 445 5612 iisdem
495 5559 778 5615 monachis
829 5572 1042 5614 summo
1095 5559 1273 5614 studio
1326 5562 1382 5613 et
1436 5559 1784 5613 veneratione
1837 5570 1960 5613 ser-

245 5633 427 5686 vatur.

1628 312 1811 373 VITA
1850 313 1910 375 S.
1955 313 2370 376 BOMUALDI.

236 434 391 492 intra
453 432 606 507 ipsos
678 402 923 505 parietes
983 433 1293 495 cohiberet.
1342 436 1533 497 ‘Tunc‘
1590 439 2030 503 beatissimusA

3646 322 3756 381 958

2705 408 2952 502 CAeUT
2989 443 3091 503 III.

2041 531 2314 599 Quomodo
2384 533 2636 588 monachi
2692 536 2929 605 correpti
2986 536 3349 592 Romualdum
3415 537 3481 592 de
3546 540 3748 595 salario

2552 623 2908 692 praecipitare
2934 624 3238 679 voluerunt.

2115 727 2223 787 Sed
2252 744 2387 788 cum
2428 729 2507 788 ibi
2544 735 2803 788 cerneret
2839 731 3154 790 nonnullos
3192 747 3292 806 per
3332 732 3441 790 lata
3477 733 3751 805 gradien-

2041 825 2122 877 tes
2152 819 2455 877 remissius
2490 820 2704 889 vivere,
2738 819 2850 877 sibi
2880 826 3073 877 autem
3111 822 3353 879 arduam
3388 821 3753 894 perfectionis

2039 907 2324 976 semitam,
2363 923 2542 983 quam
2584 924 2748 967 mens
2786 908 3053 979 dictabat,
3089 908 3339 981 arripere
3377 925 3494 968 non
3535 909 3751 982 liceret,

2038 995 2179 1071 quid
2232 995 2344 1054 sibi
2396 997 2688 1071 agendum
2726 1009 2873 1059 esset
2912 999 3153 1060 sollicite
3194 999 3255 1057 in
3295 999 3601 1072 semetipso
3636 1014 3752 1058 cm-

2038 1084 2123 1159 pit
2192 1085 2513 1159 inquirere,
2589 1088 2907 1164 multisque
2969 1089 3274 1161 cogebatur
3343 1087 3757 1163 cogitationum

2038 1176 2311 1237 ﬂuctibus
2365 1179 3068 1263 aestuare.’Praasumebat
3119 1186 3314 1238 autem
3362 1178 3566 1236 leviter
3615 1193 3755 1236 con-

2036 1269 2396 1329 versantium
2438 1268 2617 1329 vitam
2650 1271 2795 1330 dure
2824 1270 3132 1345 corripere,
3163 1278 3219 1329 et
3255 1286 3407 1344 saepe
3443 1271 3514 1328 ad
3553 1285 3755 1329 eorum

2034 1361 2437 1427 confusionem
2467 1369 2750 1436 praecepta
2777 1363 2994 1437 regulae
3021 1362 3079 1421 in
3114 1361 3512 1421 testimonium
3543 1375 3756 1420 convo-

2035 1465 2185 1507 care.
2216 1450 2479 1523 Cumque
2508 1451 2569 1508 in
2600 1451 3013 1526 redarguendis
3038 1467 3240 1510 eorum
3270 1451 3428 1510 vitiis
3454 1450 3761 1508 vehemen-

2035 1545 2121 1597 ter
2147 1538 2460 1609 insisteret,
2497 1538 2588 1597 illi
2622 1546 2816 1598 autem
2845 1539 3097 1614 junioris
3126 1545 3182 1597 et
3208 1539 3414 1598 novitii
3447 1539 3597 1611 (183)
3628 1555 3760 1599 ver-

2031 1628 2105 1687 ba
2141 1645 2242 1703 pro
2292 1629 2480 1687 nihilo
2518 1629 2880 1703 deputarent,
2926 1630 3179 1701 tandem,
3222 1630 3330 1688 hoc
3378 1630 3755 1704 opprobrium

2037 1733 2155 1776 non
2188 1717 2452 1789 ferentes,
2485 1718 2628 1777 dum
2664 1719 2955 1792 propriam
2996 1719 3302 1777 emendare
3342 1718 3522 1777 vitam
3561 1718 3755 1795 despi-

2475 1807 2807 1881 orripientis
2874 1813 3057 1866 morte
3127 1813 3364 1866 tractare
3434 1814 3754 1884 cmperunt.

2041 1895 2269 1956 Solebat
2314 1896 2581 1971 denique
2652 1895 3010 1955 Romuaidus
3074 1911 3176 1968 per
3245 1904 3470 1954 noctem
3531 1895 3755 1955 caneris

2041 1984 2316 2042 lratribus
2354 1984 2640 2043 maturius
2685 2000 2938 2056 surgere,
2971 1990 3048 2055 et,
3080 1984 3131 2041 si
3168 1985 3402 2042 oratorii
3452 1984 3641 2043 adhuc
3674 1984 3757 2058 ja-

2040 2088 2156 2132 nua
2196 2072 2391 2132 clausa
2439 2079 2606 2143 esset,
2638 2072 2790 2129 intra
2834 2073 3026 2146 ipsum
3072 2072 3477 2131 dormitorium
3523 2072 3583 2131 in
3625 2089 3755 2133 ora-

2040 2159 2293 2219 tionibus
2320 2160 2625 2220 excubare.
2665 2159 2802 2220 Erat
2836 2167 3028 2219 autem
3062 2160 3401 2235 praedictum
3438 2159 3756 2221 aediﬁcium

2038 2264 2199 2307 more
2251 2249 2446 2307 solarii
2505 2250 2618 2307 alte
2657 2249 3030 2309 aedificatum.
3086 2249 3207 2309 Hoc
3262 2249 3456 2323 itaque
3505 2250 3753 2309 invene-

2043 2344 2180 2396 runt
2207 2336 2313 2394 filii
2343 2337 2506 2408 Cain,
2543 2337 2774 2396 diabolo
2809 2337 3082 2409 dictante,
3120 2337 3451 2410 consilium,
3494 2344 3583 2411 ut,
3615 2341 3759 2399 dum

2042 2423 2183 2481 431
2247 2426 2610 2486 Romualdus
2658 2436 2793 2485 ante
2858 2426 3003 2486 alios
3056 2426 3224 2486 solito
3283 2443 3441 2487 more
3510 2445 3754 2489 consur-

2044 2521 2221 2589 geret,
2245 2515 2354 2589 ipsi
2383 2531 2516 2575 eum
2541 2532 2642 2590 per
2673 2516 2868 2574 solarii
2900 2516 3202 2590 speculum
3229 2514 3393 2590 (184),
3416 2533 3580 2576 verso
3595 2518 3758 2577 deor-

2046 2620 2175 2663 sum
2248 2604 2449 2678 capite,
2507 2604 2569 2663 in
2645 2610 2856 2663 terram
2929 2605 3374 2679 praecipitarent.
3443 2606 3587 2678 Quae
3664 2623 3757 2667 res

2046 2700 2348 2766 postquam
2413 2692 2737 2753 Romualdo
2802 2709 2903 2766 per
2956 2694 3250 2752 conscium
3317 2696 3758 2770 conspirationis

2043 2784 2316 2855 innotuit,
2349 2784 2447 2842 illc
2471 2784 2589 2859 jam
2632 2785 2702 2843 de
2741 2790 2944 2843 stetere
2982 2783 3133 2842 intra
3170 2784 3358 2843 cordis
3394 2785 3754 2859 cubiculum,

2042 2878 2237 2954 clauso
2266 2878 2384 2935 oris
2407 2877 2572 2949 ostio,
2601 2893 2774 2937 orans
2797 2877 3020 2935 Patrem
3046 2876 3576 2947 suum,imminens
3600 2876 3759 2952 peri-

2040 2967 2239 3026 culum
2295 2965 2590 3025 devitavit.
2645 2967 2771 3025 Hoc
2819 2968 3012 3041 itaque
3055 2967 3246 3035 modo,
3290 2966 3432 3025 dum
3470 2965 3582 3025 sibi
3609 2967 3764 3026 cavit

2042 3057 2430 3132 praecipitium
2488 3057 2761 3131 corporis,
2828 3056 3123 3127 fratribus,
3175 3072 3249 3115 ne
3299 3056 3360 3115 in
3426 3057 3758 3117 animarum

1136 3121 1353 3219 “Emi
1372 3131 1475 3219 Fu"
1495 3121 1638 3219 mf?"
1658 3115 1956 3219 Ῐῖξξνθηηίθ
1980 3153 2025 3215 C.
2044 3115 2289 3205 mortem
2317 3115 2677 3218 corruerent,
2708 3115 3047 3204 barathrum
3076 3144 3286 3205 clausit
3314 3144 3660 3219 iniquitatis.

2711 3270 2954 3329 CAPUT
2983 3269 3083 3328 IV.

2219 3360 2492 3430 Quomodo
2521 3361 2857 3417 Romualdus
2884 3376 2941 3416 sc
2973 3361 3048 3416 ad
3077 3376 3313 3416 eranum
3339 3362 3589 3420 contulit.

2116 3470 2383 3541 Cumque
2431 3465 2495 3523 in
2556 3464 2684 3539 ejus
2733 3466 2931 3525 animo
2963 3464 3330 3539 perfectionis
3373 3480 3537 3524 amor
3572 3465 3759 3538 magis

2045 3573 2111 3616 ac
2162 3555 2349 3629 magis
2399 3554 2459 3612 in
2521 3553 2646 3612 dies
2695 3561 2990 3625 cresceret,
3026 3554 3364 3628 nullamque
3416 3570 3584 3613 mens
3634 3555 3761 3628 ejus

2047 3648 2306 3724 requiem
2346 3646 2656 3715 inveniret,
2698 3645 2927 3705 audivit
2960 3646 3098 3720 quia
3126 3646 3186 3704 in
3219 3644 3591 3705 Venetiarum
3625 3662 3762 3720 par-

2048 3742 2202 3800 tibus
2228 3738 2384 3809 (185)
2410 3739 2653 3812 quidam
2692 3738 3010 3812 spiritualis
3040 3739 3131 3796 vir
3158 3747 3328 3809 esset,
3359 3737 3623 3798 Marinus
3650 3753 3758 3797 no-

2049 3830 2207 3889 mine
2236 3828 2394 3901 (186),
2426 3828 2527 3902 qui
2556 3828 2909 3887 eremiticam
2948 3827 3182 3887 duceret
3217 3826 3417 3885 vitam.
3458 3823 3756 3885 Consensu

2048 3921 2241 3995 itaque
2293 3919 2366 3978 ab
2416 3918 2620 3976 abbate
2673 3916 2819 3988 (187)
2867 3923 2923 3975 et
2956 3915 3231 3975 fratribus
3272 3915 3556 3974 nimirum
3591 3913 3757 3973 facil-

2050 4008 2188 4067 lime
2237 4006 2560 4080 impetrato,
2607 4004 2679 4063 ad
2724 4004 3069 4080 praedictum
3113 4001 3509 4062 venerabilem
3559 4001 3757 4062 virum

2049 4095 2284 4169 navigio
2320 4095 2682 4154 discurrente
2719 4093 3001 4169 pervenit,
3033 4098 3089 4152 et
3125 4091 3244 4151 sub
3274 4090 3435 4151 illius
3469 4089 3754 4165 regimine

2300 4277 2357 4327 tn
2404 4273 2710 4328 Fontisboni
2760 4273 2995 4326 editione
3036 4271 3254 4336 legitur.
3303 4273 3369 4324 ut
3408 4270 3656 4339 junioris
3705 4274 3757 4326 ct

2060 4352 2436 4484 Mamiliam
2467 4417 2812 4469 meminimus
2843 4427 2949 4467 nos
2969 4415 3106 4468 alias
3129 4412 3232 4465 hoc
3254 4413 3520 4465 vocabulo
3551 4413 3758 4484 signiﬁ-

2058 4483 2241 4543 catam
2260 4489 2548 4539 fenestram
2573 4486 2713 4549 apud
2739 4486 2950 4538 Latinos
2972 4483 3266 4537 invenisse.
3293 4483 3628 4537 Praeterenda
3651 4484 3758 4547 igi-

2060 4564 2147 4612 tur
2165 4561 2326 4612 lectio
2345 4559 2456 4619 illa,
2475 4569 2599 4623 quae
2621 4556 2779 4608 habet
2801 4568 2898 4619 per
2916 4554 3207 4617 speculam,
3231 4566 3349 4616 quin
3371 4567 3479 4606 vox
3504 4554 3758 4617 usurpari

2061 4632 2200 4683 solet
2223 4631 2286 4683 ad
2321 4632 2533 4693 partem
2570 4626 2717 4679 illam
2741 4627 2984 4678 editioris
3017 4626 3121 4677 loci
3155 4624 3585 4687 signiﬁcandam,
3614 4625 3762 4679 unde

2060 4702 2265 4766 aliquid
2303 4699 2542 4764 prospici
2568 4710 2665 4750 seu
2690 4696 2959 4761 speculari
2983 4695 3144 4749 facile
3169 4695 3356 4766 possit,
3389 4694 3756 4766 indequeadi-

2062 4776 2148 4824 tus
2181 4772 2343 4824 rebus
2365 4769 2683 4832 dejiciendis
2706 4770 2904 4832 pateat,
2935 4765 3388 4832 quemadmodum
3411 4766 3554 4831 apud
3584 4765 3756 4830 Virgi-

2060 4843 2191 4896 lium
2218 4841 2399 4905 Eclog.
2424 4852 2526 4893 Vill
2554 4855 2567 4891 :

2185 4916 2432 4977 Praeceps
2456 4912 2581 4962 aerii
2606 4911 2819 4978 specula
2853 4912 2919 4962 de
2944 4910 3137 4961 montis
3158 4909 3209 4959 in
3238 4909 3403 4960 undas

2128 4986 2578 5124 (tggiirduiocum
2620 5068 2817 5122 nempe
2853 5057 2946 5122 qui
2987 5059 3041 5110 et
3072 5053 3231 5108 modo
3268 5055 3452 5110 Turris
3492 5051 3763 5118 caliginis.

2063 5129 2230 5195 vulgo
2278 5126 2443 5181 Torrs
2466 5127 2526 5180 di
2563 5127 2744 5194 Caligo
2774 5128 3093 5194 appellatur.
3118 5127 3209 5180 ubi
3231 5126 3463 5182 desertae
3489 5124 3761 5193 quondam

2063 5201 2338 5255 Heraclea
2407 5200 2791 5264 antiquissimae
2852 5200 3083 5253 civitatis
3151 5197 3485 5266 apparebant
3563 5208 3761 5252 monu-

2062 5277 2265 5412 mgna)
2300 5342 2571 5408 Sigonius,
2611 5339 2769 5408 Begu.
2811 5343 2939 5395 Ital.
2987 5342 3023 5395 l.
3068 5356 3165 5407 vn,
3210 5341 3583 5412 Ravennatem,
3638 5339 3760 5412 Ma-

2062 5411 2251 5471 rinum
2290 5413 2571 5476 nominat;
2614 5413 2876 5467 Venetam
2932 5424 3067 5467 vero
3111 5413 3388 5468 Ferrarius
3436 5423 3500 5468 ac
3538 5411 3630 5466 alii
3679 5411 3766 5468 1a-

2062 5491 2260 5625 “(113%)
2288 5556 2535 5611 Fortasse
2568 5554 2655 5609 hic
2693 5555 2860 5609 abbas
2888 5559 3005 5611 erat
3041 5555 3348 5611 Dominicus
3386 5554 3502 5621 ille,
3543 5555 3613 5610 de
3655 5568 3763 5623 quo

2063 5630 2278 5684 Rubeus
2301 5628 2359 5682 in
2386 5628 2528 5684 Actis
2561 5640 2704 5682 conc.
2738 5627 2973 5682 Ravenn.
2998 5639 3086 5681 an.
3109 5628 3220 5681 995.
