  <div class='ocr_page' id='page_1' title='image "/cluster/home/n/w/nwhite01/storage/ocr_20150623/144/hvd.32044054760046/485.png"; bbox 0 0 4108 6206; ppageno 0'>
   <div class='ocr_carea' id='block_1_1' title="bbox 353 281 462 342">
    <p class='ocr_par' dir='ltr' id='par_1_1' title="bbox 353 281 462 342">
     <span class='ocr_line' id='line_1_1' title="bbox 353 281 462 342; baseline 0.018 -3"><span class='ocrx_word' id='word_1_1' title='bbox 353 281 462 342; x_wconf 77' lang='grc'><strong>959</strong></span> 
     </span>
    </p>
   </div>
   <div class='ocr_carea' id='block_1_2' title="bbox 819 267 3394 338">
    <p class='ocr_par' dir='ltr' id='par_1_2' title="bbox 819 267 3394 338">
     <span class='ocr_line' id='line_1_2' title="bbox 819 267 3394 338; baseline -0.004 -1"><span class='ocrx_word' id='word_1_2' title='bbox 819 279 880 338; x_wconf 88' lang='lat' dir='ltr'><strong>S.</strong></span> <span class='ocrx_word' id='word_1_3' title='bbox 922 277 1145 337; x_wconf 82' lang='lat' dir='ltr'><strong>PETRI</strong></span> <span class='ocrx_word' id='word_1_4' title='bbox 1183 275 1506 336; x_wconf 87' lang='lat' dir='ltr'><strong>DAMIANI</strong></span> <span class='ocrx_word' id='word_1_5' title='bbox 1546 274 1703 336; x_wconf 91' lang='lat' dir='ltr'><strong>OPP.</strong></span> <span class='ocrx_word' id='word_1_6' title='bbox 1748 272 1940 336; x_wconf 79' lang='lat' dir='ltr'><strong>PARS</strong></span> <span class='ocrx_word' id='word_1_7' title='bbox 1981 270 2124 332; x_wconf 88' lang='lat' dir='ltr'><strong>SEU</strong></span> <span class='ocrx_word' id='word_1_8' title='bbox 2161 269 2413 331; x_wconf 87' lang='lat' dir='ltr'><strong>TOMUS</strong></span> <span class='ocrx_word' id='word_1_9' title='bbox 2452 269 2529 328; x_wconf 93' lang='lat' dir='ltr'><strong>II.</strong></span> <span class='ocrx_word' id='word_1_10' title='bbox 2573 300 2637 312; x_wconf 85' lang='lat'><strong>-</strong></span> <span class='ocrx_word' id='word_1_11' title='bbox 2680 267 3133 329; x_wconf 79' lang='lat' dir='ltr'><strong>SANCTORUM</strong></span> <span class='ocrx_word' id='word_1_12' title='bbox 3174 268 3394 327; x_wconf 68' lang='lat' dir='ltr'><strong>VITx’E.</strong></span> 
     </span>
    </p>
   </div>
   <div class='ocr_carea' id='block_1_3' title="bbox 3763 267 3875 326">
    <p class='ocr_par' dir='ltr' id='par_1_3' title="bbox 3763 267 3875 326">
     <span class='ocr_line' id='line_1_3' title="bbox 3763 267 3875 326; baseline -0.009 0"><span class='ocrx_word' id='word_1_13' title='bbox 3763 267 3875 326; x_wconf 84' lang='lat'><strong>960</strong></span> 
     </span>
    </p>
   </div>
   <div class='ocr_carea' id='block_1_4' title="bbox 353 393 3872 479">
    <p class='ocr_par' dir='ltr' id='par_1_4' title="bbox 353 393 3872 479">
     <span class='ocr_line' id='line_1_4' title="bbox 353 393 3872 479; baseline -0.003 -15"><span class='ocrx_word' id='word_1_14' title='bbox 353 407 559 479; x_wconf 85' lang='lat' dir='ltr'><strong>degere</strong></span> <span class='ocrx_word' id='word_1_15' title='bbox 614 401 943 462; x_wconf 91' lang='lat' dir='ltr'><strong>humillima</strong></span> <span class='ocrx_word' id='word_1_16' title='bbox 1002 400 1212 458; x_wconf 89' lang='lat' dir='ltr'><strong>mentis</strong></span> <span class='ocrx_word' id='word_1_17' title='bbox 1269 400 1574 459; x_wconf 84' lang='lat' dir='ltr'><strong>devotione</strong></span> <span class='ocrx_word' id='word_1_18' title='bbox 1613 398 1891 458; x_wconf 79' lang='lat' dir='ltr'><strong>instituit.</strong></span> <span class='ocrx_word' id='word_1_19' title='bbox 1939 395 2370 457; x_wconf 87' lang='lat' dir='ltr'><strong>EratAidcirco</strong></span> <span class='ocrx_word' id='word_1_20' title='bbox 2421 401 2726 465; x_wconf 83' lang='lat' dir='ltr'><strong>meruerat,</strong></span> <span class='ocrx_word' id='word_1_21' title='bbox 2759 393 2896 470; x_wconf 85' lang='lat' dir='ltr'><strong>quia</strong></span> <span class='ocrx_word' id='word_1_22' title='bbox 2939 393 3254 452; x_wconf 85' lang='lat' dir='ltr'><strong>decessoris</strong></span> <span class='ocrx_word' id='word_1_23' title='bbox 3293 393 3410 463; x_wconf 91' lang='lat' dir='ltr'><strong>sui,</strong></span> <span class='ocrx_word' id='word_1_24' title='bbox 3459 393 3668 451; x_wconf 89' lang='lat' dir='ltr'><strong>Vitalis</strong></span> <span class='ocrx_word' id='word_1_25' title='bbox 3711 394 3872 452; x_wconf 84' lang='lat' dir='ltr'><strong>scili-</strong></span> 
     </span>
    </p>
   </div>
   <div class='ocr_carea' id='block_1_5' title="bbox 350 487 2070 560">
    <p class='ocr_par' dir='ltr' id='par_1_5' title="bbox 350 487 2070 560">
     <span class='ocr_line' id='line_1_5' title="bbox 350 487 2070 560; baseline -0.006 -6"><span class='ocrx_word' id='word_1_26' title='bbox 350 503 544 556; x_wconf 88' lang='lat' dir='ltr'><strong>autem</strong></span> <span class='ocrx_word' id='word_1_27' title='bbox 580 494 858 560; x_wconf 84' lang='lat' dir='ltr'><strong>Marinus,</strong></span> <span class='ocrx_word' id='word_1_28' title='bbox 891 492 1040 549; x_wconf 88' lang='lat' dir='ltr'><strong>inter</strong></span> <span class='ocrx_word' id='word_1_29' title='bbox 1075 498 1316 548; x_wconf 69' lang='lat' dir='ltr'><strong>caeteras</strong></span> <span class='ocrx_word' id='word_1_30' title='bbox 1358 491 1618 560; x_wconf 84' lang='lat' dir='ltr'><strong>virtutes,</strong></span> <span class='ocrx_word' id='word_1_31' title='bbox 1653 490 1745 546; x_wconf 87' lang='lat' dir='ltr'><strong>vir</strong></span> <span class='ocrx_word' id='word_1_32' title='bbox 1790 487 2070 560; x_wconf 88' lang='lat' dir='ltr'><strong>simplicis</strong></span> 
     </span>
    </p>
   </div>
   <div class='ocr_carea' id='block_1_6' title="bbox 353 574 2069 652">
    <p class='ocr_par' dir='ltr' id='par_1_6' title="bbox 353 574 2069 652">
     <span class='ocr_line' id='line_1_6' title="bbox 353 574 2069 652; baseline -0.005 -10"><span class='ocrx_word' id='word_1_33' title='bbox 353 585 537 642; x_wconf 89' lang='lat' dir='ltr'><strong>animi</strong></span> <span class='ocrx_word' id='word_1_34' title='bbox 601 591 657 642; x_wconf 92' lang='lat' dir='ltr'><strong>et</strong></span> <span class='ocrx_word' id='word_1_35' title='bbox 710 579 1116 640; x_wconf 66' lang='lat' dir='ltr'><strong>sincerissima</strong></span> <span class='ocrx_word' id='word_1_36' title='bbox 1179 579 1494 638; x_wconf 86' lang='lat' dir='ltr'><strong>admodum</strong></span> <span class='ocrx_word' id='word_1_37' title='bbox 1556 578 1843 652; x_wconf 85' lang='lat' dir='ltr'><strong>puritatis,</strong></span> <span class='ocrx_word' id='word_1_38' title='bbox 1905 574 2069 634; x_wconf 90' lang='lat' dir='ltr'><strong>nullo</strong></span> 
     </span>
    </p>
   </div>
   <div class='ocr_carea' id='block_1_7' title="bbox 354 664 2069 745">
    <p class='ocr_par' dir='ltr' id='par_1_7' title="bbox 354 664 2069 745">
     <span class='ocr_line' id='line_1_7' title="bbox 354 664 2069 745; baseline -0.005 -15"><span class='ocrx_word' id='word_1_39' title='bbox 354 672 592 745; x_wconf 84' lang='lat' dir='ltr'><strong>quidem</strong></span> <span class='ocrx_word' id='word_1_40' title='bbox 642 668 967 742; x_wconf 91' lang='lat' dir='ltr'><strong>magisterio</strong></span> <span class='ocrx_word' id='word_1_41' title='bbox 1018 667 1336 726; x_wconf 69' lang='lat' dir='ltr'><strong>eremiticze</strong></span> <span class='ocrx_word' id='word_1_42' title='bbox 1400 667 1862 726; x_wconf 85' lang='lat' dir='ltr'><strong>conversationis</strong></span> <span class='ocrx_word' id='word_1_43' title='bbox 1931 664 2069 722; x_wconf 89' lang='lat' dir='ltr'><strong>edo-</strong></span> 
     </span>
    </p>
   </div>
   <div class='ocr_carea' id='block_1_8' title="bbox 353 760 2068 836">
    <p class='ocr_par' dir='ltr' id='par_1_8' title="bbox 353 760 2068 836">
     <span class='ocr_line' id='line_1_8' title="bbox 353 760 2068 836; baseline -0.005 -11"><span class='ocrx_word' id='word_1_44' title='bbox 353 774 499 836; x_wconf 86' lang='lat' dir='ltr'><strong>ctus,</strong></span> <span class='ocrx_word' id='word_1_45' title='bbox 544 764 642 824; x_wconf 90' lang='lat' dir='ltr'><strong>sed</strong></span> <span class='ocrx_word' id='word_1_46' title='bbox 680 763 750 820; x_wconf 92' lang='lat' dir='ltr'><strong>ad</strong></span> <span class='ocrx_word' id='word_1_47' title='bbox 788 763 937 820; x_wconf 90' lang='lat' dir='ltr'><strong>hanc</strong></span> <span class='ocrx_word' id='word_1_48' title='bbox 983 761 1354 820; x_wconf 84' lang='lat' dir='ltr'><strong>solummodo</strong></span> <span class='ocrx_word' id='word_1_49' title='bbox 1386 762 1554 820; x_wconf 70' lang='lat' dir='ltr'><strong>bona:</strong></span> <span class='ocrx_word' id='word_1_50' title='bbox 1603 761 1916 820; x_wconf 85' lang='lat' dir='ltr'><strong>voluntatis</strong></span> <span class='ocrx_word' id='word_1_51' title='bbox 1963 760 2068 818; x_wconf 92' lang='lat' dir='ltr'><strong>im-</strong></span> 
     </span>
    </p>
   </div>
   <div class='ocr_carea' id='block_1_9' title="bbox 355 849 2069 930">
    <p class='ocr_par' dir='ltr' id='par_1_9' title="bbox 355 849 2069 930">
     <span class='ocr_line' id='line_1_9' title="bbox 355 849 2069 930; baseline -0.004 -17"><span class='ocrx_word' id='word_1_52' title='bbox 355 855 529 930; x_wconf 88' lang='lat' dir='ltr'><strong>pulsu</strong></span> <span class='ocrx_word' id='word_1_53' title='bbox 581 855 766 911; x_wconf 84' lang='lat' dir='ltr'><strong>fuerat</strong></span> <span class='ocrx_word' id='word_1_54' title='bbox 809 851 1102 909; x_wconf 90' lang='lat' dir='ltr'><strong>incitatus.</strong></span> <span class='ocrx_word' id='word_1_55' title='bbox 1153 850 1326 908; x_wconf 89' lang='lat' dir='ltr'><strong>Porro</strong></span> <span class='ocrx_word' id='word_1_56' title='bbox 1375 858 1568 908; x_wconf 90' lang='lat' dir='ltr'><strong>autem</strong></span> <span class='ocrx_word' id='word_1_57' title='bbox 1626 852 1784 910; x_wconf 92' lang='lat' dir='ltr'><strong>hunc</strong></span> <span class='ocrx_word' id='word_1_58' title='bbox 1833 849 2069 909; x_wconf 85' lang='lat' dir='ltr'><strong>vivendi</strong></span> 
     </span>
    </p>
   </div>
   <div class='ocr_carea' id='block_1_10' title="bbox 357 939 2070 1013">
    <p class='ocr_par' dir='ltr' id='par_1_10' title="bbox 357 939 2070 1013">
     <span class='ocr_line' id='line_1_10' title="bbox 357 939 2070 1013; baseline -0.004 -10"><span class='ocrx_word' id='word_1_59' title='bbox 357 959 576 1003; x_wconf 88' lang='lat' dir='ltr'><strong>morem</strong></span> <span class='ocrx_word' id='word_1_60' title='bbox 623 939 892 1010; x_wconf 84' lang='lat' dir='ltr'><strong>habebat,</strong></span> <span class='ocrx_word' id='word_1_61' title='bbox 922 947 987 998; x_wconf 91' lang='lat' dir='ltr'><strong>ut</strong></span> <span class='ocrx_word' id='word_1_62' title='bbox 1045 955 1151 1013; x_wconf 90' lang='lat' dir='ltr'><strong>per</strong></span> <span class='ocrx_word' id='word_1_63' title='bbox 1200 940 1545 997; x_wconf 89' lang='lat' dir='ltr'><strong>continuum</strong></span> <span class='ocrx_word' id='word_1_64' title='bbox 1593 940 1737 999; x_wconf 87' lang='lat' dir='ltr'><strong>anni</strong></span> <span class='ocrx_word' id='word_1_65' title='bbox 1783 939 2070 998; x_wconf 89' lang='lat' dir='ltr'><strong>circulum</strong></span> 
     </span>
    </p>
   </div>
   <div class='ocr_carea' id='block_1_11' title="bbox 355 1026 2070 1101">
    <p class='ocr_par' dir='ltr' id='par_1_11' title="bbox 355 1026 2070 1101">
     <span class='ocr_line' id='line_1_11' title="bbox 355 1026 2070 1101; baseline -0.004 -11"><span class='ocrx_word' id='word_1_66' title='bbox 355 1032 542 1090; x_wconf 90' lang='lat' dir='ltr'><strong>tribus</strong></span> <span class='ocrx_word' id='word_1_67' title='bbox 571 1029 634 1087; x_wconf 91' lang='lat' dir='ltr'><strong>in</strong></span> <span class='ocrx_word' id='word_1_68' title='bbox 659 1027 1021 1087; x_wconf 86' lang='lat' dir='ltr'><strong>hebdomada</strong></span> <span class='ocrx_word' id='word_1_69' title='bbox 1056 1026 1216 1086; x_wconf 89' lang='lat' dir='ltr'><strong>feriis</strong></span> <span class='ocrx_word' id='word_1_70' title='bbox 1245 1027 1497 1085; x_wconf 90' lang='lat' dir='ltr'><strong>mediam</strong></span> <span class='ocrx_word' id='word_1_71' title='bbox 1541 1028 1706 1101; x_wconf 88' lang='lat' dir='ltr'><strong>panis</strong></span> <span class='ocrx_word' id='word_1_72' title='bbox 1739 1026 2070 1087; x_wconf 84' lang='lat' dir='ltr'><strong>&#39;buccellam</strong></span> 
     </span>
    </p>
   </div>
   <div class='ocr_carea' id='block_1_12' title="bbox 2149 480 3875 556">
    <p class='ocr_par' dir='ltr' id='par_1_12' title="bbox 2149 480 3875 556">
     <span class='ocr_line' id='line_1_12' title="bbox 2149 480 3875 556; baseline 0.001 -15"><span class='ocrx_word' id='word_1_73' title='bbox 2149 482 2533 542; x_wconf 79' lang='lat' dir='ltr'><strong>cetCandiani</strong></span> <span class='ocrx_word' id='word_1_74' title='bbox 2555 480 2723 552; x_wconf 79' lang='lat'><strong>(192),</strong></span> <span class='ocrx_word' id='word_1_75' title='bbox 2751 482 3215 556; x_wconf 89' lang='lat' dir='ltr'><strong>peremptoribus</strong></span> <span class='ocrx_word' id='word_1_76' title='bbox 3239 481 3428 541; x_wconf 89' lang='lat' dir='ltr'><strong>fautor</strong></span> <span class='ocrx_word' id='word_1_77' title='bbox 3447 482 3604 552; x_wconf 87' lang='grc'>(193)</span> <span class='ocrx_word' id='word_1_78' title='bbox 3631 483 3875 543; x_wconf 76' lang='lat' dir='ltr'><strong>exstite-</strong></span> 
     </span>
    </p>
   </div>
   <div class='ocr_carea' id='block_1_13' title="bbox 2152 569 3875 640">
    <p class='ocr_par' dir='ltr' id='par_1_13' title="bbox 2152 569 3875 640">
     <span class='ocr_line' id='line_1_13' title="bbox 2152 569 3875 640; baseline -0.001 -9"><span class='ocrx_word' id='word_1_79' title='bbox 2152 579 2253 631; x_wconf 89' lang='lat' dir='ltr'><strong>rat.</strong></span> <span class='ocrx_word' id='word_1_80' title='bbox 2288 573 2404 632; x_wconf 87' lang='lat' dir='ltr'><strong>Cur</strong></span> <span class='ocrx_word' id='word_1_81' title='bbox 2435 578 2634 631; x_wconf 86' lang='lat' dir='ltr'><strong>autem</strong></span> <span class='ocrx_word' id='word_1_82' title='bbox 2683 571 2785 628; x_wconf 89' lang='lat' dir='ltr'><strong>ille</strong></span> <span class='ocrx_word' id='word_1_83' title='bbox 2837 586 2871 627; x_wconf 91' lang='lat' dir='ltr'><strong>a</strong></span> <span class='ocrx_word' id='word_1_84' title='bbox 2900 571 3022 628; x_wconf 87' lang='lat' dir='ltr'><strong>suis</strong></span> <span class='ocrx_word' id='word_1_85' title='bbox 3056 569 3378 628; x_wconf 85' lang='lat' dir='ltr'><strong>exstinctus</strong></span> <span class='ocrx_word' id='word_1_86' title='bbox 3417 570 3512 640; x_wconf 87' lang='lat' dir='ltr'><strong>sit,</strong></span> <span class='ocrx_word' id='word_1_87' title='bbox 3544 586 3665 630; x_wconf 90' lang='lat' dir='ltr'><strong>non</strong></span> <span class='ocrx_word' id='word_1_88' title='bbox 3701 570 3778 630; x_wconf 88' lang='lat' dir='ltr'><strong>ab</strong></span> <span class='ocrx_word' id='word_1_89' title='bbox 3812 588 3875 629; x_wconf 88' lang='lat' dir='ltr'><strong>re</strong></span> 
     </span>
    </p>
   </div>
   <div class='ocr_carea' id='block_1_14' title="bbox 2149 657 3876 731">
    <p class='ocr_par' dir='ltr' id='par_1_14' title="bbox 2149 657 3876 731">
     <span class='ocr_line' id='line_1_14' title="bbox 2149 657 3876 731; baseline -0.001 -13"><span class='ocrx_word' id='word_1_90' title='bbox 2149 675 2273 718; x_wconf 88' lang='lat' dir='ltr'><strong>esse</strong></span> <span class='ocrx_word' id='word_1_91' title='bbox 2326 659 2593 728; x_wconf 83' lang='lat' dir='ltr'><strong>arbitror,</strong></span> <span class='ocrx_word' id='word_1_92' title='bbox 2623 659 2671 716; x_wconf 89' lang='lat' dir='ltr'><strong>si</strong></span> <span class='ocrx_word' id='word_1_93' title='bbox 2725 665 2965 716; x_wconf 69' lang='lat' dir='ltr'><strong>servatas</strong></span> <span class='ocrx_word' id='word_1_94' title='bbox 3015 657 3357 731; x_wconf 89' lang='lat' dir='ltr'><strong>compendio</strong></span> <span class='ocrx_word' id='word_1_95' title='bbox 3411 659 3709 717; x_wconf 86' lang='lat' dir='ltr'><strong>brevitatis</strong></span> <span class='ocrx_word' id='word_1_96' title='bbox 3763 675 3876 717; x_wconf 82' lang='lat' dir='ltr'><strong>ex-</strong></span> 
     </span>
    </p>
   </div>
   <div class='ocr_carea' id='block_1_15' title="bbox 2150 747 3871 823">
    <p class='ocr_par' dir='ltr' id='par_1_15' title="bbox 2150 747 3871 823">
     <span class='ocr_line' id='line_1_15' title="bbox 2150 747 3871 823; baseline 0 -17"><span class='ocrx_word' id='word_1_97' title='bbox 2150 764 2384 822; x_wconf 90' lang='lat' dir='ltr'><strong>ponam.</strong></span> <span class='ocrx_word' id='word_1_98' title='bbox 2455 748 2526 807; x_wconf 89' lang='lat' dir='ltr'><strong>In</strong></span> <span class='ocrx_word' id='word_1_99' title='bbox 2587 748 2925 823; x_wconf 89' lang='lat' dir='ltr'><strong>conjugium</strong></span> <span class='ocrx_word' id='word_1_100' title='bbox 2995 762 3248 820; x_wconf 89' lang='lat' dir='ltr'><strong>namque</strong></span> <span class='ocrx_word' id='word_1_101' title='bbox 3311 762 3652 818; x_wconf 78' lang='lat' dir='ltr'><strong>germanam</strong></span> <span class='ocrx_word' id='word_1_102' title='bbox 3714 747 3871 814; x_wconf 70' lang='grc'>(194)</span> 
     </span>
    </p>
   </div>
   <div class='ocr_carea' id='block_1_16' title="bbox 2157 835 3872 911">
    <p class='ocr_par' dir='ltr' id='par_1_16' title="bbox 2157 835 3872 911">
     <span class='ocr_line' id='line_1_16' title="bbox 2157 835 3872 911; baseline -0.002 -15"><span class='ocrx_word' id='word_1_103' title='bbox 2157 836 2372 911; x_wconf 90' lang='lat' dir='ltr'><strong>Ugonis</strong></span> <span class='ocrx_word' id='word_1_104' title='bbox 2451 836 2649 909; x_wconf 84' lang='lat' dir='ltr'><strong>magni</strong></span> <span class='ocrx_word' id='word_1_105' title='bbox 2726 835 2896 894; x_wconf 90' lang='lat' dir='ltr'><strong>illius</strong></span> <span class='ocrx_word' id='word_1_106' title='bbox 2974 836 3330 895; x_wconf 89' lang='lat' dir='ltr'><strong>marcbionis</strong></span> <span class='ocrx_word' id='word_1_107' title='bbox 3405 843 3721 910; x_wconf 82' lang='lat' dir='ltr'><strong>acceperat,</strong></span> <span class='ocrx_word' id='word_1_108' title='bbox 3789 841 3872 906; x_wconf 88' lang='lat' dir='ltr'><strong>et,</strong></span> 
     </span>
    </p>
   </div>
   <div class='ocr_carea' id='block_1_17' title="bbox 2149 925 3871 999">
    <p class='ocr_par' dir='ltr' id='par_1_17' title="bbox 2149 925 3871 999">
     <span class='ocr_line' id='line_1_17' title="bbox 2149 925 3871 999; baseline -0.001 -14"><span class='ocrx_word' id='word_1_109' title='bbox 2149 926 2524 985; x_wconf 65' lang='lat' dir='ltr'><strong>aemulatione</strong></span> <span class='ocrx_word' id='word_1_110' title='bbox 2583 925 2751 984; x_wconf 87' lang='lat' dir='ltr'><strong>leviri</strong></span> <span class='ocrx_word' id='word_1_111' title='bbox 2828 925 3127 997; x_wconf 84' lang='lat' dir='ltr'><strong>suadente,</strong></span> <span class='ocrx_word' id='word_1_112' title='bbox 3205 925 3416 985; x_wconf 90' lang='lat' dir='ltr'><strong>multos</strong></span> <span class='ocrx_word' id='word_1_113' title='bbox 3488 942 3563 984; x_wconf 86' lang='lat' dir='ltr'><strong>ex</strong></span> <span class='ocrx_word' id='word_1_114' title='bbox 3635 927 3871 999; x_wconf 85' lang='lat' dir='ltr'><strong>Longo-</strong></span> 
     </span>
    </p>
   </div>
   <div class='ocr_carea' id='block_1_18' title="bbox 2148 1012 3871 1091">
    <p class='ocr_par' dir='ltr' id='par_1_18' title="bbox 2148 1012 3871 1091">
     <span class='ocr_line' id='line_1_18' title="bbox 2148 1012 3871 1091; baseline 0 -19"><span class='ocrx_word' id='word_1_115' title='bbox 2148 1016 2366 1074; x_wconf 68' lang='lat' dir='ltr'><strong>bardiaa</strong></span> <span class='ocrx_word' id='word_1_116' title='bbox 2419 1012 2566 1070; x_wconf 83' lang='lat'><strong>433</strong></span> <span class='ocrx_word' id='word_1_117' title='bbox 2626 1023 2682 1074; x_wconf 88' lang='lat' dir='ltr'><strong>et</strong></span> <span class='ocrx_word' id='word_1_118' title='bbox 2739 1015 3082 1075; x_wconf 91' lang='lat' dir='ltr'><strong>Tusciarum</strong></span> <span class='ocrx_word' id='word_1_119' title='bbox 3143 1017 3401 1091; x_wconf 88' lang='lat' dir='ltr'><strong>partibus</strong></span> <span class='ocrx_word' id='word_1_120' title='bbox 3471 1015 3705 1085; x_wconf 85' lang='lat' dir='ltr'><strong>milites,</strong></span> <span class='ocrx_word' id='word_1_121' title='bbox 3735 1030 3871 1089; x_wconf 87' lang='lat' dir='ltr'><strong>pro—</strong></span> 
     </span>
    </p>
   </div>
   <div class='ocr_carea' id='block_1_19' title="bbox 354 1104 2092 1193">
    <p class='ocr_par' dir='ltr' id='par_1_19' title="bbox 354 1117 2074 1193">
     <span class='ocr_line' id='line_1_19' title="bbox 354 1117 2074 1193; baseline -0.002 -15"><span class='ocrx_word' id='word_1_122' title='bbox 354 1127 409 1178; x_wconf 92' lang='lat' dir='ltr'><strong>et</strong></span> <span class='ocrx_word' id='word_1_123' title='bbox 457 1118 747 1193; x_wconf 89' lang='lat' dir='ltr'><strong>pugillum</strong></span> <span class='ocrx_word' id='word_1_124' title='bbox 802 1117 949 1176; x_wconf 65' lang='lat' dir='ltr'><strong>fabas</strong></span> <span class='ocrx_word' id='word_1_125' title='bbox 1003 1123 1275 1190; x_wconf 86' lang='lat' dir='ltr'><strong>gustaret,</strong></span> <span class='ocrx_word' id='word_1_126' title='bbox 1321 1117 1508 1176; x_wconf 88' lang='lat' dir='ltr'><strong>tribus</strong></span> <span class='ocrx_word' id='word_1_127' title='bbox 1563 1134 1704 1176; x_wconf 88' lang='lat' dir='ltr'><strong>vero</strong></span> <span class='ocrx_word' id='word_1_128' title='bbox 1752 1119 1964 1176; x_wconf 89' lang='lat' dir='ltr'><strong>vinum</strong></span> <span class='ocrx_word' id='word_1_129' title='bbox 2017 1123 2074 1175; x_wconf 92' lang='lat' dir='ltr'><strong>et</strong></span> 
     </span>
    </p>
   </div>
   <div class='ocr_carea' id='block_1_20' title="bbox 2236 1104 3872 1193">
    <p class='ocr_par' dir='ltr' id='par_1_20' title="bbox 2236 1104 3872 1178">
     <span class='ocr_line' id='line_1_20' title="bbox 2236 1104 3872 1178; baseline 0.001 -17"><span class='ocrx_word' id='word_1_130' title='bbox 2236 1105 2358 1178; x_wconf 52' lang='lat' dir='ltr'><strong>ratis</strong></span> <span class='ocrx_word' id='word_1_131' title='bbox 2388 1104 2766 1178; x_wconf 88' lang='lat' dir='ltr'><strong>pecuniarum</strong></span> <span class='ocrx_word' id='word_1_132' title='bbox 2793 1104 3118 1177; x_wconf 86' lang='lat' dir='ltr'><strong>stipendiis,</strong></span> <span class='ocrx_word' id='word_1_133' title='bbox 3139 1106 3493 1178; x_wconf 89' lang='lat' dir='ltr'><strong>acquirebat.</strong></span> <span class='ocrx_word' id='word_1_134' title='bbox 3519 1105 3646 1165; x_wconf 85' lang='lat' dir='ltr'><strong>Hoc</strong></span> <span class='ocrx_word' id='word_1_135' title='bbox 3672 1111 3872 1164; x_wconf 87' lang='lat' dir='ltr'><strong>autem</strong></span> 
     </span>
    </p>
   </div>
   <div class='ocr_carea' id='block_1_21' title="bbox 357 1191 3872 1282">
    <p class='ocr_par' dir='ltr' id='par_1_21' title="bbox 357 1191 3872 1282">
     <span class='ocr_line' id='line_1_21' title="bbox 357 1191 3872 1282; baseline -0.002 -14"><span class='ocrx_word' id='word_1_136' title='bbox 357 1191 725 1282; x_wconf 73' lang='lat' dir='ltr'><strong>pulmentum</strong></span> <span class='ocrx_word' id='word_1_137' title='bbox 782 1206 1026 1266; x_wconf 88' lang='lat' dir='ltr'><strong>discreta</strong></span> <span class='ocrx_word' id='word_1_138' title='bbox 1088 1205 1392 1264; x_wconf 89' lang='lat' dir='ltr'><strong>sobrietate</strong></span> <span class='ocrx_word' id='word_1_139' title='bbox 1454 1207 1789 1280; x_wconf 89' lang='lat' dir='ltr'><strong>perciperet.</strong></span> <span class='ocrx_word' id='word_1_140' title='bbox 1850 1207 2072 1266; x_wconf 90' lang='lat' dir='ltr'><strong>Psalte-</strong></span> <span class='ocrx_word' id='word_1_141' title='bbox 2147 1193 2525 1253; x_wconf 68' lang='lat' dir='ltr'><strong>Venetiarum</strong></span> <span class='ocrx_word' id='word_1_142' title='bbox 2563 1192 2768 1282; x_wconf 64' lang='lat'><strong>1009133</strong></span> <span class='ocrx_word' id='word_1_143' title='bbox 2805 1207 2924 1282; x_wconf 61' lang='lat' dir='ltr'><strong>110D</strong></span> <span class='ocrx_word' id='word_1_144' title='bbox 2968 1192 3235 1282; x_wconf 50' lang='grc' dir='ltr'><strong>ίθτθοιεετ</strong></span> <span class='ocrx_word' id='word_1_145' title='bbox 3263 1192 3417 1282; x_wconf 12' lang='lat' dir='ltr'><strong>018m,</strong></span> <span class='ocrx_word' id='word_1_146' title='bbox 3452 1192 3636 1282; x_wconf 69' lang='lat' dir='ltr'><strong>iniere</strong></span> <span class='ocrx_word' id='word_1_147' title='bbox 3673 1191 3872 1282; x_wconf 62' lang='grc' dir='ltr'><strong>οοαδίέ</strong></span> 
     </span>
    </p>
   </div>
   <div class='ocr_carea' id='block_1_22' title="bbox 358 1280 3874 1373">
    <p class='ocr_par' dir='ltr' id='par_1_22' title="bbox 358 1280 3874 1373">
     <span class='ocr_line' id='line_1_22' title="bbox 358 1280 3874 1373; baseline -0.001 -16"><span class='ocrx_word' id='word_1_148' title='bbox 358 1280 514 1359; x_wconf 83' lang='lat' dir='ltr'><strong>rium</strong></span> <span class='ocrx_word' id='word_1_149' title='bbox 544 1299 692 1370; x_wconf 87' lang='lat'><strong>(188)</strong></span> <span class='ocrx_word' id='word_1_150' title='bbox 722 1298 958 1373; x_wconf 88' lang='lat' dir='ltr'><strong>quidem</strong></span> <span class='ocrx_word' id='word_1_151' title='bbox 987 1313 1088 1371; x_wconf 91' lang='lat' dir='ltr'><strong>per</strong></span> <span class='ocrx_word' id='word_1_152' title='bbox 1115 1296 1240 1355; x_wconf 91' lang='lat' dir='ltr'><strong>dies</strong></span> <span class='ocrx_word' id='word_1_153' title='bbox 1284 1295 1546 1369; x_wconf 91' lang='lat' dir='ltr'><strong>singulos</strong></span> <span class='ocrx_word' id='word_1_154' title='bbox 1591 1301 1776 1356; x_wconf 90' lang='lat' dir='ltr'><strong>totum</strong></span> <span class='ocrx_word' id='word_1_155' title='bbox 1814 1298 2072 1356; x_wconf 90' lang='lat' dir='ltr'><strong>canebat.</strong></span> <span class='ocrx_word' id='word_1_156' title='bbox 2144 1282 2296 1373; x_wconf 60' lang='lat' dir='ltr'><strong>litim</strong></span> <span class='ocrx_word' id='word_1_157' title='bbox 2362 1290 2425 1340; x_wconf 70' lang='grc' dir='ltr'><strong>ηε</strong></span> <span class='ocrx_word' id='word_1_158' title='bbox 2466 1281 2779 1373; x_wconf 47' lang='lat' dir='ltr'><strong>repentino</strong></span> <span class='ocrx_word' id='word_1_159' title='bbox 2833 1280 3054 1354; x_wconf 68' lang='lat' dir='ltr'><strong>impetu</strong></span> <span class='ocrx_word' id='word_1_160' title='bbox 3108 1281 3274 1340; x_wconf 73' lang='grc' dir='ltr'><strong>άιιοίε</strong></span> <span class='ocrx_word' id='word_1_161' title='bbox 3332 1281 3613 1373; x_wconf 47' lang='lat' dir='ltr'><strong>Palatii”?</strong></span> <span class='ocrx_word' id='word_1_162' title='bbox 3659 1281 3874 1340; x_wconf 63' lang='lat' dir='ltr'><strong>armati</strong></span> 
     </span>
    </p>
   </div>
   <div class='ocr_carea' id='block_1_23' title="bbox 361 1368 2092 1458">
    <p class='ocr_par' dir='ltr' id='par_1_23' title="bbox 361 1368 2075 1458">
     <span class='ocr_line' id='line_1_23' title="bbox 361 1368 2075 1458; baseline -0.002 -11"><span class='ocrx_word' id='word_1_163' title='bbox 361 1388 471 1447; x_wconf 89' lang='lat' dir='ltr'><strong>Sed</strong></span> <span class='ocrx_word' id='word_1_164' title='bbox 537 1368 820 1446; x_wconf 81' lang='lat' dir='ltr'><strong>nimirum</strong></span> <span class='ocrx_word' id='word_1_165' title='bbox 891 1368 1072 1458; x_wconf 80' lang='lat' dir='ltr'><strong>rudis,</strong></span> <span class='ocrx_word' id='word_1_166' title='bbox 1140 1392 1196 1444; x_wconf 92' lang='lat' dir='ltr'><strong>et</strong></span> <span class='ocrx_word' id='word_1_167' title='bbox 1274 1368 1608 1445; x_wconf 87' lang='lat' dir='ltr'><strong>nullatenus</strong></span> <span class='ocrx_word' id='word_1_168' title='bbox 1662 1383 1809 1442; x_wconf 84' lang='lat'><strong>432</strong></span> <span class='ocrx_word' id='word_1_169' title='bbox 1870 1385 2075 1443; x_wconf 89' lang='lat' dir='ltr'><strong>ordine</strong></span> 
     </span>
    </p>
   </div>
   <div class='ocr_carea' id='block_1_24' title="bbox 2236 1368 3877 1458">
    <p class='ocr_par' dir='ltr' id='par_1_24' title="bbox 2236 1368 3877 1442">
     <span class='ocr_line' id='line_1_24' title="bbox 2236 1368 3877 1442; baseline 0.001 -17"><span class='ocrx_word' id='word_1_170' title='bbox 2236 1371 2425 1428; x_wconf 75' lang='lat' dir='ltr'><strong>ilenter</strong></span> <span class='ocrx_word' id='word_1_171' title='bbox 2461 1370 2878 1442; x_wconf 86' lang='lat' dir='ltr'><strong>irrumperent,</strong></span> <span class='ocrx_word' id='word_1_172' title='bbox 2915 1384 3172 1442; x_wconf 89' lang='lat' dir='ltr'><strong>eumque</strong></span> <span class='ocrx_word' id='word_1_173' title='bbox 3201 1385 3335 1428; x_wconf 92' lang='lat' dir='ltr'><strong>cum</strong></span> <span class='ocrx_word' id='word_1_174' title='bbox 3363 1368 3526 1428; x_wconf 91' lang='lat' dir='ltr'><strong>omni</strong></span> <span class='ocrx_word' id='word_1_175' title='bbox 3560 1369 3737 1428; x_wconf 92' lang='lat' dir='ltr'><strong>domo</strong></span> <span class='ocrx_word' id='word_1_176' title='bbox 3768 1384 3877 1427; x_wconf 88' lang='lat' dir='ltr'><strong>sua</strong></span> 
     </span>
    </p>
   </div>
   <div class='ocr_carea' id='block_1_25' title="bbox 359 1458 3874 1548">
    <p class='ocr_par' dir='ltr' id='par_1_25' title="bbox 359 1458 3874 1548">
     <span class='ocr_line' id='line_1_25' title="bbox 359 1458 3874 1548; baseline -0.001 -13"><span class='ocrx_word' id='word_1_177' title='bbox 359 1477 491 1535; x_wconf 67' lang='lat' dir='ltr'><strong>vitae</strong></span> <span class='ocrx_word' id='word_1_178' title='bbox 534 1473 846 1548; x_wconf 86' lang='lat' dir='ltr'><strong>singularis</strong></span> <span class='ocrx_word' id='word_1_179' title='bbox 887 1475 1024 1542; x_wconf 82' lang='lat' dir='ltr'><strong>i189)</strong></span> <span class='ocrx_word' id='word_1_180' title='bbox 1080 1475 1419 1541; x_wconf 89' lang='lat' dir='ltr'><strong>instructus,</strong></span> <span class='ocrx_word' id='word_1_181' title='bbox 1461 1476 1609 1533; x_wconf 89' lang='lat' dir='ltr'><strong>sicut</strong></span> <span class='ocrx_word' id='word_1_182' title='bbox 1648 1476 1770 1548; x_wconf 91' lang='lat' dir='ltr'><strong>ipse</strong></span> <span class='ocrx_word' id='word_1_183' title='bbox 1817 1479 2069 1547; x_wconf 92' lang='lat' dir='ltr'><strong>postmo-</strong></span> <span class='ocrx_word' id='word_1_184' title='bbox 2149 1461 2214 1519; x_wconf 73' lang='lat' dir='ltr'><strong>in</strong></span> <span class='ocrx_word' id='word_1_185' title='bbox 2267 1474 2365 1519; x_wconf 69' lang='lat' dir='ltr'><strong>0P0</strong></span> <span class='ocrx_word' id='word_1_186' title='bbox 2423 1459 2601 1533; x_wconf 68' lang='lat' dir='ltr'><strong>gladii</strong></span> <span class='ocrx_word' id='word_1_187' title='bbox 2655 1458 2872 1532; x_wconf 71' lang='lat' dir='ltr'><strong>absque</strong></span> <span class='ocrx_word' id='word_1_188' title='bbox 2925 1458 3047 1548; x_wconf 59' lang='lat' dir='ltr'><strong>ulla</strong></span> <span class='ocrx_word' id='word_1_189' title='bbox 3104 1459 3502 1518; x_wconf 63' lang='grc' dir='ltr'><strong>Γθίηοῖἃῑίοηθ</strong></span> <span class='ocrx_word' id='word_1_190' title='bbox 3575 1467 3874 1518; x_wconf 64' lang='lat' dir='ltr'><strong>necarem-</strong></span> 
     </span>
    </p>
   </div>
   <div class='ocr_carea' id='block_1_26' title="bbox 356 1547 2092 1636">
    <p class='ocr_par' dir='ltr' id='par_1_26' title="bbox 356 1547 2066 1636">
     <span class='ocr_line' id='line_1_26' title="bbox 356 1547 2066 1636; baseline -0.004 -10"><span class='ocrx_word' id='word_1_191' title='bbox 356 1567 498 1626; x_wconf 91' lang='lat' dir='ltr'><strong>dum</strong></span> <span class='ocrx_word' id='word_1_192' title='bbox 536 1564 601 1623; x_wconf 91' lang='lat' dir='ltr'><strong>B.</strong></span> <span class='ocrx_word' id='word_1_193' title='bbox 642 1547 1003 1622; x_wconf 76' lang='lat' dir='ltr'><strong>Romualdus</strong></span> <span class='ocrx_word' id='word_1_194' title='bbox 1039 1563 1302 1622; x_wconf 89' lang='lat' dir='ltr'><strong>hilariter</strong></span> <span class='ocrx_word' id='word_1_195' title='bbox 1352 1547 2066 1636; x_wconf 22' lang='lat' dir='ltr'><strong>refei-ebatgplerumque,</strong></span> 
     </span>
    </p>
   </div>
   <div class='ocr_carea' id='block_1_27' title="bbox 2236 1547 3875 1636">
    <p class='ocr_par' dir='ltr' id='par_1_27' title="bbox 2236 1547 3875 1624">
     <span class='ocr_line' id='line_1_27' title="bbox 2236 1547 3875 1624; baseline -0.001 -16"><span class='ocrx_word' id='word_1_196' title='bbox 2236 1550 2348 1624; x_wconf 90' lang='lat' dir='ltr'><strong>ijus</strong></span> <span class='ocrx_word' id='word_1_197' title='bbox 2385 1549 2636 1624; x_wconf 90' lang='lat' dir='ltr'><strong>denique</strong></span> <span class='ocrx_word' id='word_1_198' title='bbox 2669 1547 3087 1606; x_wconf 62' lang='lat' dir='ltr'><strong>conventicula</strong></span> <span class='ocrx_word' id='word_1_199' title='bbox 3123 1548 3522 1622; x_wconf 87' lang='lat' dir='ltr'><strong>conjuratione</strong></span> <span class='ocrx_word' id='word_1_200' title='bbox 3560 1555 3875 1622; x_wconf 83' lang='lat' dir='ltr'><strong>comperta,</strong></span> 
     </span>
    </p>
   </div>
   <div class='ocr_carea' id='block_1_28' title="bbox 359 1636 3875 1726">
    <p class='ocr_par' dir='ltr' id='par_1_28' title="bbox 359 1636 3875 1726">
     <span class='ocr_line' id='line_1_28' title="bbox 359 1636 3875 1726; baseline 0.001 -28"><span class='ocrx_word' id='word_1_201' title='bbox 359 1655 430 1712; x_wconf 79' lang='lat' dir='ltr'><strong>de</strong></span> <span class='ocrx_word' id='word_1_202' title='bbox 459 1653 601 1712; x_wconf 76' lang='lat' dir='ltr'><strong>cella</strong></span> <span class='ocrx_word' id='word_1_203' title='bbox 633 1652 858 1721; x_wconf 57' lang='lat' dir='ltr'><strong>exiens,</strong></span> <span class='ocrx_word' id='word_1_204' title='bbox 901 1668 1017 1710; x_wconf 79' lang='lat' dir='ltr'><strong>una</strong></span> <span class='ocrx_word' id='word_1_205' title='bbox 1055 1668 1188 1711; x_wconf 80' lang='lat' dir='ltr'><strong>cum</strong></span> <span class='ocrx_word' id='word_1_206' title='bbox 1224 1653 1509 1726; x_wconf 77' lang='lat' dir='ltr'><strong>discipulo</strong></span> <span class='ocrx_word' id='word_1_207' title='bbox 1545 1653 1758 1725; x_wconf 78' lang='lat' dir='ltr'><strong>passim</strong></span> <span class='ocrx_word' id='word_1_208' title='bbox 1797 1667 1900 1726; x_wconf 72' lang='lat' dir='ltr'><strong>per</strong></span> <span class='ocrx_word' id='word_1_209' title='bbox 1937 1651 2070 1709; x_wconf 66' lang='lat' dir='ltr'><strong>lati-</strong></span> <span class='ocrx_word' id='word_1_210' title='bbox 2158 1638 2362 1697; x_wconf 86' lang='lat' dir='ltr'><strong>Vitalis</strong></span> <span class='ocrx_word' id='word_1_211' title='bbox 2400 1638 2546 1709; x_wconf 86' lang='lat' dir='ltr'><strong>dux,</strong></span> <span class='ocrx_word' id='word_1_212' title='bbox 2588 1636 2884 1726; x_wconf 65' lang='grc' dir='ltr'><strong>ουσιαι-1118</strong></span> <span class='ocrx_word' id='word_1_213' title='bbox 2923 1637 3547 1726; x_wconf 11' lang='grc' dir='ltr'><strong>(Ιὶῃιοηίεᾳιιθγναιιθῐιιε</strong></span> <span class='ocrx_word' id='word_1_214' title='bbox 3584 1640 3875 1702; x_wconf 72' lang='grc' dir='ltr'><strong>θχοιώἱὶε.</strong></span> 
     </span>
    </p>
   </div>
   <div class='ocr_carea' id='block_1_29' title="bbox 360 1725 3878 1816">
    <p class='ocr_par' dir='ltr' id='par_1_29' title="bbox 360 1725 3878 1816">
     <span class='ocr_line' id='line_1_29' title="bbox 360 1725 3878 1816; baseline -0.001 -16"><span class='ocrx_word' id='word_1_215' title='bbox 360 1743 622 1802; x_wconf 89' lang='lat' dir='ltr'><strong>tudinem</strong></span> <span class='ocrx_word' id='word_1_216' title='bbox 666 1743 844 1800; x_wconf 88' lang='lat' dir='ltr'><strong>eremi</strong></span> <span class='ocrx_word' id='word_1_217' title='bbox 884 1741 1180 1816; x_wconf 88' lang='lat' dir='ltr'><strong>psallendo</strong></span> <span class='ocrx_word' id='word_1_218' title='bbox 1218 1725 1590 1816; x_wconf 88' lang='lat' dir='ltr'><strong>spatiabatur,</strong></span> <span class='ocrx_word' id='word_1_219' title='bbox 1624 1725 1926 1800; x_wconf 86' lang='lat' dir='ltr'><strong>nuncsub</strong></span> <span class='ocrx_word' id='word_1_220' title='bbox 1965 1727 2393 1816; x_wconf 73' lang='lat' dir='ltr'><strong>istaBDOSli&#39;eS</strong></span> <span class='ocrx_word' id='word_1_221' title='bbox 2426 1726 2691 1816; x_wconf 24' lang='lat' dir='ltr'><strong>“illSidiaS</strong></span> <span class='ocrx_word' id='word_1_222' title='bbox 2744 1725 2815 1816; x_wconf 42' lang='lat' dir='ltr'><strong>at!</strong></span> <span class='ocrx_word' id='word_1_223' title='bbox 2872 1725 3124 1816; x_wconf 44' lang='lat' dir='ltr'><strong>nihil?!“</strong></span> <span class='ocrx_word' id='word_1_224' title='bbox 3157 1725 3482 1816; x_wconf 60' lang='lat' dir='ltr'><strong>_P9digeb3l-</strong></span> <span class='ocrx_word' id='word_1_225' title='bbox 3507 1725 3642 1816; x_wconf 10' lang='lat'><strong>#11115</strong></span> <span class='ocrx_word' id='word_1_226' title='bbox 3679 1733 3878 1816; x_wconf 52' lang='lat' dir='ltr'><strong>aliter?</strong></span> 
     </span>
    </p>
   </div>
   <div class='ocr_carea' id='block_1_30' title="bbox 357 1812 2092 1905">
    <p class='ocr_par' dir='ltr' id='par_1_30' title="bbox 357 1812 2092 1905">
     <span class='ocr_line' id='line_1_30' title="bbox 357 1812 2092 1905; baseline -0.002 -14"><span class='ocrx_word' id='word_1_227' title='bbox 357 1832 560 1891; x_wconf 89' lang='lat' dir='ltr'><strong>arbore</strong></span> <span class='ocrx_word' id='word_1_228' title='bbox 602 1832 857 1902; x_wconf 84' lang='lat' dir='ltr'><strong>vicenos,</strong></span> <span class='ocrx_word' id='word_1_229' title='bbox 889 1812 1048 1889; x_wconf 76' lang='lat' dir='ltr'><strong>nunc</strong></span> <span class='ocrx_word' id='word_1_230' title='bbox 1091 1831 1203 1889; x_wconf 91' lang='lat' dir='ltr'><strong>sub</strong></span> <span class='ocrx_word' id='word_1_231' title='bbox 1249 1812 1355 1889; x_wconf 83' lang='lat' dir='ltr'><strong>illa</strong></span> <span class='ocrx_word' id='word_1_232' title='bbox 1403 1831 1647 1890; x_wconf 89' lang='lat' dir='ltr'><strong>tricenos</strong></span> <span class='ocrx_word' id='word_1_233' title='bbox 1699 1831 1787 1889; x_wconf 92' lang='lat' dir='ltr'><strong>vel</strong></span> <span class='ocrx_word' id='word_1_234' title='bbox 1825 1812 2092 1905; x_wconf 47' lang='lat' dir='ltr'><strong>quadra?</strong></span> 
     </span>
    </p>
   </div>
   <div class='ocr_carea' id='block_1_31' title="bbox 2236 1812 3878 1905">
    <p class='ocr_par' dir='ltr' id='par_1_31' title="bbox 2236 1812 3878 1886">
     <span class='ocr_line' id='line_1_31' title="bbox 2236 1812 3878 1886; baseline -0.001 -14"><span class='ocrx_word' id='word_1_235' title='bbox 2236 1832 2288 1874; x_wconf 65' lang='lat' dir='ltr'><strong>ac</strong></span> <span class='ocrx_word' id='word_1_236' title='bbox 2325 1822 2382 1871; x_wconf 87' lang='lat' dir='ltr'><strong>et</strong></span> <span class='ocrx_word' id='word_1_237' title='bbox 2419 1814 2521 1872; x_wconf 88' lang='lat' dir='ltr'><strong>illa</strong></span> <span class='ocrx_word' id='word_1_238' title='bbox 2555 1812 2926 1882; x_wconf 79' lang='lat' dir='ltr'><strong>latitantibus,</strong></span> <span class='ocrx_word' id='word_1_239' title='bbox 2968 1812 3067 1870; x_wconf 91' lang='lat' dir='ltr'><strong>sed</strong></span> <span class='ocrx_word' id='word_1_240' title='bbox 3105 1813 3176 1870; x_wconf 91' lang='lat' dir='ltr'><strong>ad</strong></span> <span class='ocrx_word' id='word_1_241' title='bbox 3215 1812 3457 1886; x_wconf 72' lang='lat' dir='ltr'><strong>inceptae</strong></span> <span class='ocrx_word' id='word_1_242' title='bbox 3497 1813 3765 1873; x_wconf 86' lang='lat' dir='ltr'><strong>factionis</strong></span> <span class='ocrx_word' id='word_1_243' title='bbox 3795 1815 3878 1872; x_wconf 80' lang='lat' dir='ltr'><strong>ef—</strong></span> 
     </span>
    </p>
   </div>
   <div class='ocr_carea' id='block_1_32' title="bbox 355 1902 3884 1994">
    <p class='ocr_par' dir='ltr' id='par_1_32' title="bbox 355 1902 3884 1994">
     <span class='ocr_line' id='line_1_32' title="bbox 355 1902 3884 1994; baseline -0.005 -16"><span class='ocrx_word' id='word_1_244' title='bbox 355 1935 534 1994; x_wconf 87' lang='lat' dir='ltr'><strong>genos</strong></span> <span class='ocrx_word' id='word_1_245' title='bbox 579 1920 890 1978; x_wconf 91' lang='lat' dir='ltr'><strong>concinens</strong></span> <span class='ocrx_word' id='word_1_246' title='bbox 946 1918 1213 1990; x_wconf 89' lang='lat' dir='ltr'><strong>psalmos.</strong></span> <span class='ocrx_word' id='word_1_247' title='bbox 1252 1918 1617 1978; x_wconf 81' lang='lat' dir='ltr'><strong>Bomualdus</strong></span> <span class='ocrx_word' id='word_1_248' title='bbox 1674 1902 1892 1986; x_wconf 82' lang='lat' dir='ltr'><strong>autem,</strong></span> <span class='ocrx_word' id='word_1_249' title='bbox 1942 1919 2083 1992; x_wconf 79' lang='lat' dir='ltr'><strong>quia</strong></span> <span class='ocrx_word' id='word_1_250' title='bbox 2161 1907 2378 1965; x_wconf 88' lang='lat' dir='ltr'><strong>fectum</strong></span> <span class='ocrx_word' id='word_1_251' title='bbox 2421 1906 2700 1976; x_wconf 85' lang='lat' dir='ltr'><strong>attingere</strong></span> <span class='ocrx_word' id='word_1_252' title='bbox 2748 1919 2864 1961; x_wconf 92' lang='lat' dir='ltr'><strong>non</strong></span> <span class='ocrx_word' id='word_1_253' title='bbox 2905 1902 3255 1973; x_wconf 89' lang='lat' dir='ltr'><strong>valentibus,</strong></span> <span class='ocrx_word' id='word_1_254' title='bbox 3295 1905 3526 1962; x_wconf 88' lang='lat' dir='ltr'><strong>tandem</strong></span> <span class='ocrx_word' id='word_1_255' title='bbox 3562 1905 3757 1964; x_wconf 88' lang='lat' dir='ltr'><strong>visum</strong></span> <span class='ocrx_word' id='word_1_256' title='bbox 3796 1913 3884 1963; x_wconf 89' lang='lat' dir='ltr'><strong>est</strong></span> 
     </span>
    </p>
   </div>
   <div class='ocr_carea' id='block_1_33' title="bbox 362 1994 2092 2084">
    <p class='ocr_par' dir='ltr' id='par_1_33' title="bbox 362 2010 2081 2084">
     <span class='ocr_line' id='line_1_33' title="bbox 362 2010 2081 2084; baseline -0.001 -14"><span class='ocrx_word' id='word_1_257' title='bbox 362 2011 644 2070; x_wconf 62' lang='lat' dir='ltr'><strong>saeculum</strong></span> <span class='ocrx_word' id='word_1_258' title='bbox 705 2010 881 2069; x_wconf 91' lang='lat' dir='ltr'><strong>idiota</strong></span> <span class='ocrx_word' id='word_1_259' title='bbox 945 2010 1274 2084; x_wconf 83' lang='lat' dir='ltr'><strong>reliquerat,</strong></span> <span class='ocrx_word' id='word_1_260' title='bbox 1343 2017 1542 2083; x_wconf 89' lang='lat' dir='ltr'><strong>aperto</strong></span> <span class='ocrx_word' id='word_1_261' title='bbox 1615 2011 1911 2084; x_wconf 88' lang='lat' dir='ltr'><strong>psalterio,</strong></span> <span class='ocrx_word' id='word_1_262' title='bbox 1978 2012 2081 2069; x_wconf 82' lang='lat' dir='ltr'><strong>vix</strong></span> 
     </span>
    </p>
   </div>
   <div class='ocr_carea' id='block_1_34' title="bbox 2236 1994 3879 2084">
    <p class='ocr_par' dir='ltr' id='par_1_34' title="bbox 2251 1994 3879 2084">
     <span class='ocr_line' id='line_1_34' title="bbox 2251 1994 3879 2084; baseline -0.002 -29"><span class='ocrx_word' id='word_1_263' title='bbox 2251 1997 2492 2056; x_wconf 92' lang='lat' dir='ltr'><strong>domum</strong></span> <span class='ocrx_word' id='word_1_264' title='bbox 2535 1995 2706 2059; x_wconf 89' lang='lat' dir='ltr'><strong>Petri.</strong></span> <span class='ocrx_word' id='word_1_265' title='bbox 2738 2010 2874 2084; x_wconf 66' lang='lat' dir='ltr'><strong>qua)</strong></span> <span class='ocrx_word' id='word_1_266' title='bbox 2911 1995 3079 2084; x_wconf 90' lang='lat' dir='ltr'><strong>ducis</strong></span> <span class='ocrx_word' id='word_1_267' title='bbox 3116 1994 3323 2067; x_wconf 87' lang='lat' dir='ltr'><strong>palatio</strong></span> <span class='ocrx_word' id='word_1_268' title='bbox 3348 1994 3655 2084; x_wconf 78' lang='lat' dir='ltr'><strong>adjacebat</strong></span> <span class='ocrx_word' id='word_1_269' title='bbox 3692 1995 3879 2054; x_wconf 82' lang='lat' dir='ltr'><strong>conti-</strong></span> 
     </span>
    </p>
   </div>
   <div class='ocr_carea' id='block_1_35' title="bbox 367 2082 2092 2179">
    <p class='ocr_par' dir='ltr' id='par_1_35' title="bbox 367 2082 2078 2172">
     <span class='ocr_line' id='line_1_35' title="bbox 367 2082 2078 2172; baseline -0.002 -14"><span class='ocrx_word' id='word_1_270' title='bbox 367 2115 605 2160; x_wconf 90' lang='lat' dir='ltr'><strong>suorum</strong></span> <span class='ocrx_word' id='word_1_271' title='bbox 635 2115 912 2157; x_wconf 90' lang='lat' dir='ltr'><strong>versuum</strong></span> <span class='ocrx_word' id='word_1_272' title='bbox 945 2082 1105 2156; x_wconf 80' lang='lat' dir='ltr'><strong>notas</strong></span> <span class='ocrx_word' id='word_1_273' title='bbox 1137 2082 1463 2171; x_wconf 83' lang='lat' dir='ltr'><strong>syllabatim</strong></span> <span class='ocrx_word' id='word_1_274' title='bbox 1498 2082 1790 2172; x_wconf 78' lang='lat' dir='ltr'><strong>explicare</strong></span> <span class='ocrx_word' id='word_1_275' title='bbox 1815 2099 2040 2157; x_wconf 85' lang='lat' dir='ltr'><strong>valebat</strong></span> <span class='ocrx_word' id='word_1_276' title='bbox 2066 2122 2078 2167; x_wconf 89' lang='lat'>;</span> 
     </span>
    </p>
   </div>
   <div class='ocr_carea' id='block_1_36' title="bbox 2236 2082 3878 2179">
    <p class='ocr_par' dir='ltr' id='par_1_36' title="bbox 2236 2082 3878 2158">
     <span class='ocr_line' id='line_1_36' title="bbox 2236 2082 3878 2158; baseline -0.002 -15"><span class='ocrx_word' id='word_1_277' title='bbox 2236 2101 2298 2155; x_wconf 90' lang='lat' dir='ltr'><strong>.a,</strong></span> <span class='ocrx_word' id='word_1_278' title='bbox 2329 2086 2492 2158; x_wconf 91' lang='lat' dir='ltr'><strong>prius</strong></span> <span class='ocrx_word' id='word_1_279' title='bbox 2542 2083 2937 2152; x_wconf 88' lang='lat' dir='ltr'><strong>incenderent,</strong></span> <span class='ocrx_word' id='word_1_280' title='bbox 2972 2083 3196 2156; x_wconf 89' lang='lat' dir='ltr'><strong>istoque</strong></span> <span class='ocrx_word' id='word_1_281' title='bbox 3235 2082 3405 2141; x_wconf 90' lang='lat' dir='ltr'><strong>modo</strong></span> <span class='ocrx_word' id='word_1_282' title='bbox 3442 2091 3498 2141; x_wconf 93' lang='lat' dir='ltr'><strong>et</strong></span> <span class='ocrx_word' id='word_1_283' title='bbox 3534 2084 3740 2142; x_wconf 91' lang='lat' dir='ltr'><strong>ducem</strong></span> <span class='ocrx_word' id='word_1_284' title='bbox 3765 2098 3878 2140; x_wconf 82' lang='lat' dir='ltr'><strong>ca-</strong></span> 
     </span>
    </p>
   </div>
   <div class='ocr_carea' id='block_1_37' title="bbox 366 2171 3879 2248">
    <p class='ocr_par' dir='ltr' id='par_1_37' title="bbox 366 2171 3879 2248">
     <span class='ocr_line' id='line_1_37' title="bbox 366 2171 3879 2248; baseline -0.001 0"><span class='ocrx_word' id='word_1_285' title='bbox 366 2196 424 2248; x_wconf 84' lang='lat' dir='ltr'><strong>et</strong></span> <span class='ocrx_word' id='word_1_286' title='bbox 469 2190 595 2248; x_wconf 82' lang='lat' dir='ltr'><strong>haec</strong></span> <span class='ocrx_word' id='word_1_287' title='bbox 635 2188 932 2248; x_wconf 89' lang='lat' dir='ltr'><strong>oculorum</strong></span> <span class='ocrx_word' id='word_1_288' title='bbox 984 2192 1044 2244; x_wconf 81' lang='grc' dir='ltr'><strong>ιη</strong></span> <span class='ocrx_word' id='word_1_289' title='bbox 1085 2189 1202 2246; x_wconf 91' lang='lat' dir='ltr'><strong>ima</strong></span> <span class='ocrx_word' id='word_1_290' title='bbox 1247 2189 1466 2248; x_wconf 83' lang='lat' dir='ltr'><strong>detixio</strong></span> <span class='ocrx_word' id='word_1_291' title='bbox 1510 2171 1932 2248; x_wconf 88' lang='lat' dir='ltr'><strong>intolerabilem</strong></span> <span class='ocrx_word' id='word_1_292' title='bbox 1972 2190 2083 2248; x_wconf 86' lang='lat' dir='ltr'><strong>sibi</strong></span> <span class='ocrx_word' id='word_1_293' title='bbox 2165 2181 2361 2247; x_wconf 71' lang='lat' dir='ltr'><strong>pereat</strong></span> <span class='ocrx_word' id='word_1_294' title='bbox 2431 2180 2487 2230; x_wconf 79' lang='lat' dir='ltr'><strong>et</strong></span> <span class='ocrx_word' id='word_1_295' title='bbox 2550 2174 2821 2231; x_wconf 79' lang='lat' dir='ltr'><strong>universa</strong></span> <span class='ocrx_word' id='word_1_296' title='bbox 2872 2172 2999 2244; x_wconf 78' lang='lat' dir='ltr'><strong>eius</strong></span> <span class='ocrx_word' id='word_1_297' title='bbox 3047 2171 3356 2229; x_wconf 70' lang='lat' dir='ltr'><strong>domestica</strong></span> <span class='ocrx_word' id='word_1_298' title='bbox 3429 2176 3879 2229; x_wconf 80' lang='lat' dir='ltr'><strong>concremarent-</strong></span> 
     </span>
    </p>
   </div>
   <div class='ocr_carea' id='block_1_38' title="bbox 371 2279 2084 2353">
    <p class='ocr_par' dir='ltr' id='par_1_38' title="bbox 371 2279 2084 2353">
     <span class='ocr_line' id='line_1_38' title="bbox 371 2279 2084 2353; baseline 0 -15"><span class='ocrx_word' id='word_1_299' title='bbox 371 2287 427 2338; x_wconf 88' lang='lat' dir='ltr'><strong>et</strong></span> <span class='ocrx_word' id='word_1_300' title='bbox 469 2279 965 2352; x_wconf 89' lang='lat' dir='ltr'><strong>importunitatem</strong></span> <span class='ocrx_word' id='word_1_301' title='bbox 1014 2279 1224 2338; x_wconf 68' lang='lat' dir='ltr'><strong>acediaa</strong></span> <span class='ocrx_word' id='word_1_302' title='bbox 1271 2281 1612 2353; x_wconf 87' lang='lat' dir='ltr'><strong>generabat;</strong></span> <span class='ocrx_word' id='word_1_303' title='bbox 1646 2281 1910 2340; x_wconf 89' lang='lat' dir='ltr'><strong>Marinus</strong></span> <span class='ocrx_word' id='word_1_304' title='bbox 1949 2297 2084 2338; x_wconf 92' lang='lat' dir='ltr'><strong>vero</strong></span> 
     </span>
    </p>
   </div>
   <div class='ocr_carea' id='block_1_39' title="bbox 371 2367 2085 2441">
    <p class='ocr_par' dir='ltr' id='par_1_39' title="bbox 371 2367 2085 2441">
     <span class='ocr_line' id='line_1_39' title="bbox 371 2367 2085 2441; baseline 0.002 -17"><span class='ocrx_word' id='word_1_305' title='bbox 371 2367 592 2440; x_wconf 90' lang='lat' dir='ltr'><strong>virgam</strong></span> <span class='ocrx_word' id='word_1_306' title='bbox 635 2367 694 2425; x_wconf 91' lang='lat' dir='ltr'><strong>in</strong></span> <span class='ocrx_word' id='word_1_307' title='bbox 749 2368 982 2425; x_wconf 80' lang='lat' dir='ltr'><strong>dextera</strong></span> <span class='ocrx_word' id='word_1_308' title='bbox 1024 2383 1248 2441; x_wconf 87' lang='lat' dir='ltr'><strong>gerens,</strong></span> <span class='ocrx_word' id='word_1_309' title='bbox 1282 2367 1607 2427; x_wconf 84' lang='lat' dir='ltr'><strong>Romualdo</strong></span> <span class='ocrx_word' id='word_1_310' title='bbox 1647 2385 1678 2426; x_wconf 88' lang='lat' dir='ltr'><strong>e</strong></span> <span class='ocrx_word' id='word_1_311' title='bbox 1720 2368 1951 2427; x_wconf 89' lang='lat' dir='ltr'><strong>diverso</strong></span> <span class='ocrx_word' id='word_1_312' title='bbox 2003 2384 2085 2427; x_wconf 91' lang='lat' dir='ltr'><strong>se-</strong></span> 
     </span>
    </p>
   </div>
   <div class='ocr_carea' id='block_1_40' title="bbox 371 2453 2086 2528">
    <p class='ocr_par' dir='ltr' id='par_1_40' title="bbox 371 2453 2086 2528">
     <span class='ocr_line' id='line_1_40' title="bbox 371 2453 2086 2528; baseline -0.001 -16"><span class='ocrx_word' id='word_1_313' title='bbox 371 2455 531 2512; x_wconf 88' lang='lat' dir='ltr'><strong>denti</strong></span> <span class='ocrx_word' id='word_1_314' title='bbox 574 2454 867 2511; x_wconf 89' lang='lat' dir='ltr'><strong>sinistram</strong></span> <span class='ocrx_word' id='word_1_315' title='bbox 917 2453 1120 2528; x_wconf 90' lang='lat' dir='ltr'><strong>capitis</strong></span> <span class='ocrx_word' id='word_1_316' title='bbox 1163 2461 1382 2525; x_wconf 89' lang='lat' dir='ltr'><strong>partem</strong></span> <span class='ocrx_word' id='word_1_317' title='bbox 1433 2454 1751 2526; x_wconf 70' lang='lat' dir='ltr'><strong>smpissime</strong></span> <span class='ocrx_word' id='word_1_318' title='bbox 1816 2454 2086 2512; x_wconf 91' lang='lat' dir='ltr'><strong>verbera-</strong></span> 
     </span>
    </p>
   </div>
   <div class='ocr_carea' id='block_1_41' title="bbox 375 2542 2085 2617">
    <p class='ocr_par' dir='ltr' id='par_1_41' title="bbox 375 2542 2085 2617">
     <span class='ocr_line' id='line_1_41' title="bbox 375 2542 2085 2617; baseline -0.001 -15"><span class='ocrx_word' id='word_1_319' title='bbox 375 2544 487 2602; x_wconf 91' lang='lat' dir='ltr'><strong>bat.</strong></span> <span class='ocrx_word' id='word_1_320' title='bbox 519 2542 651 2601; x_wconf 89' lang='lat' dir='ltr'><strong>Post</strong></span> <span class='ocrx_word' id='word_1_321' title='bbox 691 2542 872 2602; x_wconf 88' lang='lat' dir='ltr'><strong>multa</strong></span> <span class='ocrx_word' id='word_1_322' title='bbox 906 2550 1101 2602; x_wconf 90' lang='lat' dir='ltr'><strong>autem</strong></span> <span class='ocrx_word' id='word_1_323' title='bbox 1143 2542 1525 2609; x_wconf 83' lang='lat' dir='ltr'><strong>Romualdus,</strong></span> <span class='ocrx_word' id='word_1_324' title='bbox 1563 2545 1729 2617; x_wconf 87' lang='lat' dir='ltr'><strong>gravi</strong></span> <span class='ocrx_word' id='word_1_325' title='bbox 1769 2542 2085 2601; x_wconf 88' lang='lat' dir='ltr'><strong>admodum</strong></span> 
     </span>
    </p>
   </div>
   <div class='ocr_carea' id='block_1_42' title="bbox 376 2628 2087 2702">
    <p class='ocr_par' dir='ltr' id='par_1_42' title="bbox 376 2628 2087 2702">
     <span class='ocr_line' id='line_1_42' title="bbox 376 2628 2087 2702; baseline -0.001 -14"><span class='ocrx_word' id='word_1_326' title='bbox 376 2629 712 2688; x_wconf 88' lang='lat' dir='ltr'><strong>necessitate</strong></span> <span class='ocrx_word' id='word_1_327' title='bbox 766 2628 1121 2702; x_wconf 89' lang='lat' dir='ltr'><strong>compulsus,</strong></span> <span class='ocrx_word' id='word_1_328' title='bbox 1171 2629 1473 2688; x_wconf 89' lang='lat' dir='ltr'><strong>humiliter</strong></span> <span class='ocrx_word' id='word_1_329' title='bbox 1514 2631 1642 2687; x_wconf 89' lang='lat' dir='ltr'><strong>ait:</strong></span> <span class='ocrx_word' id='word_1_330' title='bbox 1705 2629 1988 2702; x_wconf 83' lang='lat' dir='ltr'><strong>Magister,</strong></span> <span class='ocrx_word' id='word_1_331' title='bbox 2039 2631 2087 2687; x_wconf 90' lang='lat' dir='ltr'><strong>si</strong></span> 
     </span>
    </p>
   </div>
   <div class='ocr_carea' id='block_1_43' title="bbox 372 2719 2088 2794">
    <p class='ocr_par' dir='ltr' id='par_1_43' title="bbox 372 2719 2088 2794">
     <span class='ocr_line' id='line_1_43' title="bbox 372 2719 2088 2794; baseline 0 -17"><span class='ocrx_word' id='word_1_332' title='bbox 372 2720 575 2792; x_wconf 88' lang='lat' dir='ltr'><strong>placet,</strong></span> <span class='ocrx_word' id='word_1_333' title='bbox 607 2735 642 2776; x_wconf 92' lang='lat' dir='ltr'><strong>a</strong></span> <span class='ocrx_word' id='word_1_334' title='bbox 681 2719 884 2776; x_wconf 82' lang='lat' dir='ltr'><strong>dextro</strong></span> <span class='ocrx_word' id='word_1_335' title='bbox 919 2735 1010 2776; x_wconf 88' lang='lat' dir='ltr'><strong>me</strong></span> <span class='ocrx_word' id='word_1_336' title='bbox 1046 2719 1319 2792; x_wconf 90' lang='lat' dir='ltr'><strong>deinceps</strong></span> <span class='ocrx_word' id='word_1_337' title='bbox 1369 2729 1620 2794; x_wconf 88' lang='lat' dir='ltr'><strong>tempore</strong></span> <span class='ocrx_word' id='word_1_338' title='bbox 1671 2728 1920 2793; x_wconf 90' lang='lat' dir='ltr'><strong>percute,</strong></span> <span class='ocrx_word' id='word_1_339' title='bbox 1951 2723 2088 2792; x_wconf 87' lang='lat' dir='ltr'><strong>quia</strong></span> 
     </span>
    </p>
   </div>
   <div class='ocr_carea' id='block_1_44' title="bbox 368 2806 2084 2882">
    <p class='ocr_par' dir='ltr' id='par_1_44' title="bbox 368 2806 2084 2882">
     <span class='ocr_line' id='line_1_44' title="bbox 368 2806 2084 2882; baseline 0.001 -18"><span class='ocrx_word' id='word_1_340' title='bbox 368 2810 492 2881; x_wconf 86' lang='lat' dir='ltr'><strong>jam</strong></span> <span class='ocrx_word' id='word_1_341' title='bbox 519 2807 684 2864; x_wconf 65' lang='lat' dir='ltr'><strong>laevas</strong></span> <span class='ocrx_word' id='word_1_342' title='bbox 720 2806 883 2865; x_wconf 89' lang='lat' dir='ltr'><strong>auris</strong></span> <span class='ocrx_word' id='word_1_343' title='bbox 918 2807 1187 2865; x_wconf 91' lang='lat' dir='ltr'><strong>auditum</strong></span> <span class='ocrx_word' id='word_1_344' title='bbox 1228 2808 1490 2866; x_wconf 84' lang='lat' dir='ltr'><strong>funditus</strong></span> <span class='ocrx_word' id='word_1_345' title='bbox 1523 2808 1720 2882; x_wconf 90' lang='lat' dir='ltr'><strong>perdo.</strong></span> <span class='ocrx_word' id='word_1_346' title='bbox 1762 2808 1927 2866; x_wconf 88' lang='lat' dir='ltr'><strong>Tunc</strong></span> <span class='ocrx_word' id='word_1_347' title='bbox 1966 2807 2084 2878; x_wconf 89' lang='lat' dir='ltr'><strong>ille,</strong></span> 
     </span>
    </p>
   </div>
   <div class='ocr_carea' id='block_1_45' title="bbox 378 2895 2088 2968">
    <p class='ocr_par' dir='ltr' id='par_1_45' title="bbox 378 2895 2088 2968">
     <span class='ocr_line' id='line_1_45' title="bbox 378 2895 2088 2968; baseline 0 -14"><span class='ocrx_word' id='word_1_348' title='bbox 378 2903 593 2954; x_wconf 87' lang='lat' dir='ltr'><strong>tantam</strong></span> <span class='ocrx_word' id='word_1_349' title='bbox 638 2896 764 2968; x_wconf 87' lang='lat' dir='ltr'><strong>ejus</strong></span> <span class='ocrx_word' id='word_1_350' title='bbox 802 2895 1138 2968; x_wconf 86' lang='lat' dir='ltr'><strong>patientiam</strong></span> <span class='ocrx_word' id='word_1_351' title='bbox 1175 2897 1518 2968; x_wconf 86' lang='lat' dir='ltr'><strong>admiratus,</strong></span> <span class='ocrx_word' id='word_1_352' title='bbox 1561 2896 1888 2955; x_wconf 64' lang='lat' dir='ltr'><strong>indiscreta)</strong></span> <span class='ocrx_word' id='word_1_353' title='bbox 1924 2913 2088 2955; x_wconf 91' lang='lat' dir='ltr'><strong>seve-</strong></span> 
     </span>
    </p>
   </div>
   <div class='ocr_carea' id='block_1_46' title="bbox 381 2985 1283 3059">
    <p class='ocr_par' dir='ltr' id='par_1_46' title="bbox 381 2985 1283 3059">
     <span class='ocr_line' id='line_1_46' title="bbox 381 2985 1283 3059; baseline -0.001 -14"><span class='ocrx_word' id='word_1_354' title='bbox 381 2987 562 3045; x_wconf 81' lang='lat' dir='ltr'><strong>ritatis</strong></span> <span class='ocrx_word' id='word_1_355' title='bbox 584 2994 862 3059; x_wconf 89' lang='lat' dir='ltr'><strong>temperat</strong></span> <span class='ocrx_word' id='word_1_356' title='bbox 893 2985 1283 3059; x_wconf 87' lang='lat' dir='ltr'><strong>disciplinam.</strong></span> 
     </span>
    </p>
   </div>
   <div class='ocr_carea' id='block_1_47' title="bbox 1061 3073 1397 3134">
    <p class='ocr_par' dir='ltr' id='par_1_47' title="bbox 1061 3073 1397 3134">
     <span class='ocr_line' id='line_1_47' title="bbox 1061 3073 1397 3134; baseline 0.006 -3"><span class='ocrx_word' id='word_1_357' title='bbox 1061 3074 1305 3134; x_wconf 85' lang='lat' dir='ltr'><strong>CAPUT</strong></span> <span class='ocrx_word' id='word_1_358' title='bbox 1330 3073 1397 3133; x_wconf 94' lang='lat' dir='ltr'><strong>V.</strong></span> 
     </span>
    </p>
   </div>
   <div class='ocr_carea' id='block_1_48' title="bbox 2165 2259 3884 2334">
    <p class='ocr_par' dir='ltr' id='par_1_48' title="bbox 2165 2259 3884 2334">
     <span class='ocr_line' id='line_1_48' title="bbox 2165 2259 3884 2334; baseline -0.002 -14"><span class='ocrx_word' id='word_1_359' title='bbox 2165 2262 2340 2320; x_wconf 88' lang='lat' dir='ltr'><strong>Istius</strong></span> <span class='ocrx_word' id='word_1_360' title='bbox 2395 2276 2528 2319; x_wconf 90' lang='lat' dir='ltr'><strong>vero</strong></span> <span class='ocrx_word' id='word_1_361' title='bbox 2571 2261 2654 2318; x_wconf 86' lang='lat' dir='ltr'><strong>rei</strong></span> <span class='ocrx_word' id='word_1_362' title='bbox 2688 2259 3055 2334; x_wconf 66' lang='lat' dir='ltr'><strong>experienda:</strong></span> <span class='ocrx_word' id='word_1_363' title='bbox 3092 2275 3443 2317; x_wconf 89' lang='lat' dir='ltr'><strong>consensum</strong></span> <span class='ocrx_word' id='word_1_364' title='bbox 3481 2276 3513 2316; x_wconf 89' lang='lat' dir='ltr'><strong>a</strong></span> <span class='ocrx_word' id='word_1_365' title='bbox 3558 2259 3747 2326; x_wconf 91' lang='lat' dir='ltr'><strong>Petro,</strong></span> <span class='ocrx_word' id='word_1_366' title='bbox 3779 2261 3884 2332; x_wconf 87' lang='lat' dir='ltr'><strong>qui</strong></span> 
     </span>
    </p>
   </div>
   <div class='ocr_carea' id='block_1_49' title="bbox 2165 2347 3885 2422">
    <p class='ocr_par' dir='ltr' id='par_1_49' title="bbox 2165 2347 3885 2422">
     <span class='ocr_line' id='line_1_49' title="bbox 2165 2347 3885 2422; baseline -0.003 -14"><span class='ocrx_word' id='word_1_367' title='bbox 2165 2365 2366 2409; x_wconf 88' lang='lat' dir='ltr'><strong>eorum</strong></span> <span class='ocrx_word' id='word_1_368' title='bbox 2424 2348 2654 2407; x_wconf 90' lang='lat' dir='ltr'><strong>consilii</strong></span> <span class='ocrx_word' id='word_1_369' title='bbox 2714 2347 2996 2422; x_wconf 86' lang='lat' dir='ltr'><strong>particeps</strong></span> <span class='ocrx_word' id='word_1_370' title='bbox 3054 2348 3258 2419; x_wconf 79' lang='lat' dir='ltr'><strong>fuerat,</strong></span> <span class='ocrx_word' id='word_1_371' title='bbox 3316 2347 3658 2421; x_wconf 85' lang='lat' dir='ltr'><strong>ﬂagitantes,</strong></span> <span class='ocrx_word' id='word_1_372' title='bbox 3702 2348 3885 2419; x_wconf 87' lang='lat' dir='ltr'><strong>hujus</strong></span> 
     </span>
    </p>
   </div>
   <div class='ocr_carea' id='block_1_50' title="bbox 2168 2435 3884 2508">
    <p class='ocr_par' dir='ltr' id='par_1_50' title="bbox 2168 2435 3884 2508">
     <span class='ocr_line' id='line_1_50' title="bbox 2168 2435 3884 2508; baseline -0.001 -15"><span class='ocrx_word' id='word_1_373' title='bbox 2168 2436 2399 2494; x_wconf 89' lang='lat' dir='ltr'><strong>tandem</strong></span> <span class='ocrx_word' id='word_1_374' title='bbox 2434 2435 2714 2492; x_wconf 88' lang='lat' dir='ltr'><strong>mercedis</strong></span> <span class='ocrx_word' id='word_1_375' title='bbox 2757 2435 2969 2492; x_wconf 64' lang='lat' dir='ltr'><strong>taedere</strong></span> <span class='ocrx_word' id='word_1_376' title='bbox 3001 2435 3147 2506; x_wconf 90' lang='lat' dir='ltr'><strong>pacti</strong></span> <span class='ocrx_word' id='word_1_377' title='bbox 3186 2441 3344 2505; x_wconf 88' lang='lat' dir='ltr'><strong>sunt,</strong></span> <span class='ocrx_word' id='word_1_378' title='bbox 3374 2442 3440 2492; x_wconf 94' lang='lat' dir='ltr'><strong>ut</strong></span> <span class='ocrx_word' id='word_1_379' title='bbox 3468 2451 3572 2508; x_wconf 90' lang='lat' dir='ltr'><strong>pro</strong></span> <span class='ocrx_word' id='word_1_380' title='bbox 3601 2451 3720 2493; x_wconf 90' lang='lat' dir='ltr'><strong>una</strong></span> <span class='ocrx_word' id='word_1_381' title='bbox 3752 2435 3884 2507; x_wconf 87' lang='lat' dir='ltr'><strong>ejus</strong></span> 
     </span>
    </p>
   </div>
   <div class='ocr_carea' id='block_1_51' title="bbox 2166 2523 3886 2597">
    <p class='ocr_par' dir='ltr' id='par_1_51' title="bbox 2166 2523 3886 2597">
     <span class='ocr_line' id='line_1_51' title="bbox 2166 2523 3886 2597; baseline 0 -16"><span class='ocrx_word' id='word_1_382' title='bbox 2166 2523 2358 2592; x_wconf 92' lang='lat' dir='ltr'><strong>domo,</strong></span> <span class='ocrx_word' id='word_1_383' title='bbox 2399 2538 2580 2596; x_wconf 93' lang='lat' dir='ltr'><strong>quam</strong></span> <span class='ocrx_word' id='word_1_384' title='bbox 2620 2523 2755 2597; x_wconf 88' lang='lat' dir='ltr'><strong>igne</strong></span> <span class='ocrx_word' id='word_1_385' title='bbox 2789 2529 3214 2592; x_wconf 89' lang='lat' dir='ltr'><strong>consumerent,</strong></span> <span class='ocrx_word' id='word_1_386' title='bbox 3257 2529 3430 2580; x_wconf 90' lang='lat' dir='ltr'><strong>totam</strong></span> <span class='ocrx_word' id='word_1_387' title='bbox 3470 2523 3681 2580; x_wconf 91' lang='lat' dir='ltr'><strong>ditioni</strong></span> <span class='ocrx_word' id='word_1_388' title='bbox 3721 2523 3886 2582; x_wconf 90' lang='lat' dir='ltr'><strong>illius</strong></span> 
     </span>
    </p>
   </div>
   <div class='ocr_carea' id='block_1_52' title="bbox 2171 2610 3882 2685">
    <p class='ocr_par' dir='ltr' id='par_1_52' title="bbox 2171 2610 3882 2685">
     <span class='ocr_line' id='line_1_52' title="bbox 2171 2610 3882 2685; baseline -0.001 -15"><span class='ocrx_word' id='word_1_389' title='bbox 2171 2612 2468 2670; x_wconf 87' lang='lat' dir='ltr'><strong>Venetiam</strong></span> <span class='ocrx_word' id='word_1_390' title='bbox 2520 2611 2851 2682; x_wconf 80' lang='lat' dir='ltr'><strong>subderent,</strong></span> <span class='ocrx_word' id='word_1_391' title='bbox 2900 2618 2976 2681; x_wconf 89' lang='lat' dir='ltr'><strong>et,</strong></span> <span class='ocrx_word' id='word_1_392' title='bbox 3021 2610 3206 2669; x_wconf 91' lang='lat' dir='ltr'><strong>deleto</strong></span> <span class='ocrx_word' id='word_1_393' title='bbox 3248 2611 3352 2669; x_wconf 92' lang='lat' dir='ltr'><strong>illo</strong></span> <span class='ocrx_word' id='word_1_394' title='bbox 3403 2626 3574 2685; x_wconf 88' lang='lat' dir='ltr'><strong>quem</strong></span> <span class='ocrx_word' id='word_1_395' title='bbox 3633 2627 3882 2669; x_wconf 87' lang='lat' dir='ltr'><strong>exosum</strong></span> 
     </span>
    </p>
   </div>
   <div class='ocr_carea' id='block_1_53' title="bbox 2171 2697 3886 2772">
    <p class='ocr_par' dir='ltr' id='par_1_53' title="bbox 2171 2697 3886 2772">
     <span class='ocr_line' id='line_1_53' title="bbox 2171 2697 3886 2772; baseline -0.001 -14"><span class='ocrx_word' id='word_1_396' title='bbox 2171 2700 2478 2769; x_wconf 90' lang='lat' dir='ltr'><strong>habebant,</strong></span> <span class='ocrx_word' id='word_1_397' title='bbox 2508 2699 2715 2757; x_wconf 90' lang='lat' dir='ltr'><strong>ducem</strong></span> <span class='ocrx_word' id='word_1_398' title='bbox 2765 2700 2920 2756; x_wconf 89' lang='lat' dir='ltr'><strong>hunc</strong></span> <span class='ocrx_word' id='word_1_399' title='bbox 2965 2697 3088 2756; x_wconf 90' lang='lat' dir='ltr'><strong>loco</strong></span> <span class='ocrx_word' id='word_1_400' title='bbox 3127 2698 3254 2772; x_wconf 89' lang='lat' dir='ltr'><strong>ejus</strong></span> <span class='ocrx_word' id='word_1_401' title='bbox 3299 2699 3564 2772; x_wconf 88' lang='lat' dir='ltr'><strong>protinus</strong></span> <span class='ocrx_word' id='word_1_402' title='bbox 3604 2698 3886 2770; x_wconf 78' lang='lat' dir='ltr'><strong>subroga-</strong></span> 
     </span>
    </p>
   </div>
   <div class='ocr_carea' id='block_1_54' title="bbox 2169 2787 3887 2861">
    <p class='ocr_par' dir='ltr' id='par_1_54' title="bbox 2169 2787 3887 2861">
     <span class='ocr_line' id='line_1_54' title="bbox 2169 2787 3887 2861; baseline 0 -15"><span class='ocrx_word' id='word_1_403' title='bbox 2169 2795 2315 2847; x_wconf 91' lang='lat' dir='ltr'><strong>rent.</strong></span> <span class='ocrx_word' id='word_1_404' title='bbox 2344 2787 2467 2846; x_wconf 90' lang='lat' dir='ltr'><strong>Hoc</strong></span> <span class='ocrx_word' id='word_1_405' title='bbox 2511 2787 2688 2860; x_wconf 90' lang='lat' dir='ltr'><strong>igitur</strong></span> <span class='ocrx_word' id='word_1_406' title='bbox 2739 2788 2906 2846; x_wconf 88' lang='lat' dir='ltr'><strong>modo</strong></span> <span class='ocrx_word' id='word_1_407' title='bbox 2951 2788 3150 2847; x_wconf 90' lang='lat' dir='ltr'><strong>Petrus</strong></span> <span class='ocrx_word' id='word_1_408' title='bbox 3191 2787 3489 2846; x_wconf 89' lang='lat' dir='ltr'><strong>Dalmatici</strong></span> <span class='ocrx_word' id='word_1_409' title='bbox 3542 2789 3704 2861; x_wconf 85' lang='lat' dir='ltr'><strong>regni</strong></span> <span class='ocrx_word' id='word_1_410' title='bbox 3749 2790 3887 2846; x_wconf 83' lang='lat' dir='ltr'><strong>ade-</strong></span> 
     </span>
    </p>
   </div>
   <div class='ocr_carea' id='block_1_55' title="bbox 2171 2875 3889 2951">
    <p class='ocr_par' dir='ltr' id='par_1_55' title="bbox 2171 2875 3889 2951">
     <span class='ocr_line' id='line_1_55' title="bbox 2171 2875 3889 2951; baseline 0.001 -18"><span class='ocrx_word' id='word_1_411' title='bbox 2171 2883 2303 2949; x_wconf 90' lang='lat' dir='ltr'><strong>ptus</strong></span> <span class='ocrx_word' id='word_1_412' title='bbox 2352 2883 2436 2933; x_wconf 86' lang='lat' dir='ltr'><strong>est</strong></span> <span class='ocrx_word' id='word_1_413' title='bbox 2491 2875 2900 2949; x_wconf 90' lang='lat' dir='ltr'><strong>principatum,</strong></span> <span class='ocrx_word' id='word_1_414' title='bbox 2956 2879 3060 2951; x_wconf 92' lang='lat' dir='ltr'><strong>qui</strong></span> <span class='ocrx_word' id='word_1_415' title='bbox 3106 2876 3490 2950; x_wconf 87' lang='lat' dir='ltr'><strong>postmodum,</strong></span> <span class='ocrx_word' id='word_1_416' title='bbox 3547 2877 3889 2936; x_wconf 85' lang='lat' dir='ltr'><strong>ambitionis</strong></span> 
     </span>
    </p>
   </div>
   <div class='ocr_carea' id='block_1_56' title="bbox 2171 2966 3886 3042">
    <p class='ocr_par' dir='ltr' id='par_1_56' title="bbox 2171 2966 3886 3042">
     <span class='ocr_line' id='line_1_56' title="bbox 2171 2966 3886 3042; baseline 0.001 -18"><span class='ocrx_word' id='word_1_417' title='bbox 2171 2981 2294 3024; x_wconf 72' lang='lat' dir='ltr'><strong>sum</strong></span> <span class='ocrx_word' id='word_1_418' title='bbox 2333 2967 2454 3039; x_wconf 88' lang='lat' dir='ltr'><strong>jam</strong></span> <span class='ocrx_word' id='word_1_419' title='bbox 2501 2966 2793 3040; x_wconf 86' lang='lat' dir='ltr'><strong>voluptate</strong></span> <span class='ocrx_word' id='word_1_420' title='bbox 2842 2968 3076 3041; x_wconf 88' lang='lat' dir='ltr'><strong>potitus,</strong></span> <span class='ocrx_word' id='word_1_421' title='bbox 3110 2976 3367 3042; x_wconf 89' lang='lat' dir='ltr'><strong>respectu</strong></span> <span class='ocrx_word' id='word_1_422' title='bbox 3414 2967 3635 3026; x_wconf 66' lang='lat' dir='ltr'><strong>divinae</strong></span> <span class='ocrx_word' id='word_1_423' title='bbox 3684 2969 3886 3040; x_wconf 65' lang='lat' dir='ltr'><strong>gratiae</strong></span> 
     </span>
    </p>
   </div>
   <div class='ocr_carea' id='block_1_57' title="bbox 2169 3054 3146 3130">
    <p class='ocr_par' dir='ltr' id='par_1_57' title="bbox 2169 3054 3146 3130">
     <span class='ocr_line' id='line_1_57' title="bbox 2169 3054 3146 3130; baseline 0.003 -18"><span class='ocrx_word' id='word_1_424' title='bbox 2169 3054 2403 3114; x_wconf 89' lang='lat' dir='ltr'><strong>demum</strong></span> <span class='ocrx_word' id='word_1_425' title='bbox 2445 3056 2614 3114; x_wconf 92' lang='lat' dir='ltr'><strong>corde</strong></span> <span class='ocrx_word' id='word_1_426' title='bbox 2642 3062 3023 3130; x_wconf 90' lang='lat' dir='ltr'><strong>compunctus</strong></span> <span class='ocrx_word' id='word_1_427' title='bbox 3043 3063 3146 3115; x_wconf 87' lang='lat' dir='ltr'><strong>est.</strong></span> 
     </span>
    </p>
   </div>
   <div class='ocr_carea' id='block_1_58' title="bbox 377 3109 3886 3236">
    <p class='ocr_par' dir='ltr' id='par_1_58' title="bbox 377 3109 3886 3236">
     <span class='ocr_line' id='line_1_58' title="bbox 377 3109 3886 3236; baseline -0.001 -16"><span class='ocrx_word' id='word_1_428' title='bbox 377 3165 624 3233; x_wconf 77' lang='lat' dir='ltr'><strong>Qualiter</strong></span> <span class='ocrx_word' id='word_1_429' title='bbox 671 3168 862 3221; x_wconf 85' lang='lat' dir='ltr'><strong>Petrus</strong></span> <span class='ocrx_word' id='word_1_430' title='bbox 922 3109 1184 3222; x_wconf 46' lang='lat' dir='ltr'><strong>Ursuli;</strong></span> <span class='ocrx_word' id='word_1_431' title='bbox 1213 3109 1307 3220; x_wconf 49' lang='grc' dir='ltr'><strong>ξεῖ</strong></span> <span class='ocrx_word' id='word_1_432' title='bbox 1345 3109 1536 3236; x_wconf 54' lang='grc' dir='ltr'><strong>νιλνίηιο</strong></span> <span class='ocrx_word' id='word_1_433' title='bbox 1589 3165 1706 3220; x_wconf 79' lang='lat' dir='ltr'><strong>dua:</strong></span> <span class='ocrx_word' id='word_1_434' title='bbox 1769 3167 1973 3233; x_wconf 83' lang='lat' dir='ltr'><strong>factus,</strong></span> <span class='ocrx_word' id='word_1_435' title='bbox 2035 3109 2149 3219; x_wconf 77' lang='lat' dir='ltr'><strong>etc</strong></span> <span class='ocrx_word' id='word_1_436' title='bbox 2241 3143 2487 3236; x_wconf 78' lang='lat' dir='ltr'><strong>Quidam</strong></span> <span class='ocrx_word' id='word_1_437' title='bbox 2529 3155 2727 3236; x_wconf 76' lang='lat' dir='ltr'><strong>autem</strong></span> <span class='ocrx_word' id='word_1_438' title='bbox 2773 3109 3124 3236; x_wconf 56' lang='lat' dir='ltr'><strong>venerabilis</strong></span> <span class='ocrx_word' id='word_1_439' title='bbox 3145 3145 3355 3236; x_wconf 74' lang='lat' dir='ltr'><strong>abbas,</strong></span> <span class='ocrx_word' id='word_1_440' title='bbox 3397 3143 3692 3205; x_wconf 87' lang='lat' dir='ltr'><strong>Guarinus</strong></span> <span class='ocrx_word' id='word_1_441' title='bbox 3747 3147 3886 3217; x_wconf 71' lang='lat' dir='ltr'><strong>(193i</strong></span> 
     </span>
    </p>
   </div>
   <div class='ocr_carea' id='block_1_59' title="bbox 835 3238 1621 3308">
    <p class='ocr_par' dir='ltr' id='par_1_59' title="bbox 835 3238 1621 3308">
     <span class='ocr_line' id='line_1_59' title="bbox 835 3238 1621 3308; baseline 0.001 -16"><span class='ocrx_word' id='word_1_442' title='bbox 835 3238 1182 3308; x_wconf 80' lang='lat' dir='ltr'><strong>postmodum</strong></span> <span class='ocrx_word' id='word_1_443' title='bbox 1206 3240 1280 3292; x_wconf 84' lang='lat' dir='ltr'><strong>sit</strong></span> <span class='ocrx_word' id='word_1_444' title='bbox 1317 3253 1621 3293; x_wconf 79' lang='lat' dir='ltr'><strong>conversus.</strong></span> 
     </span>
    </p>
   </div>
   <div class='ocr_carea' id='block_1_60' title="bbox 453 3321 2090 3398">
    <p class='ocr_par' dir='ltr' id='par_1_60' title="bbox 453 3321 2090 3398">
     <span class='ocr_line' id='line_1_60' title="bbox 453 3321 2090 3398; baseline -0.001 -17"><span class='ocrx_word' id='word_1_445' title='bbox 453 3323 671 3384; x_wconf 91' lang='lat' dir='ltr'><strong>Eodem</strong></span> <span class='ocrx_word' id='word_1_446' title='bbox 700 3341 836 3384; x_wconf 91' lang='lat' dir='ltr'><strong>vero</strong></span> <span class='ocrx_word' id='word_1_447' title='bbox 867 3333 1119 3398; x_wconf 89' lang='lat' dir='ltr'><strong>tempore</strong></span> <span class='ocrx_word' id='word_1_448' title='bbox 1149 3323 1351 3383; x_wconf 91' lang='lat' dir='ltr'><strong>Petrus</strong></span> <span class='ocrx_word' id='word_1_449' title='bbox 1391 3324 1560 3394; x_wconf 87' lang='lat'><strong>(190),</strong></span> <span class='ocrx_word' id='word_1_450' title='bbox 1598 3325 1941 3398; x_wconf 89' lang='lat' dir='ltr'><strong>cognomine</strong></span> <span class='ocrx_word' id='word_1_451' title='bbox 1981 3321 2090 3381; x_wconf 87' lang='lat' dir='ltr'><strong>Ur-</strong></span> 
     </span>
    </p>
   </div>
   <div class='ocr_carea' id='block_1_61' title="bbox 381 3414 2088 3490">
    <p class='ocr_par' dir='ltr' id='par_1_61' title="bbox 381 3414 2088 3490">
     <span class='ocr_line' id='line_1_61' title="bbox 381 3414 2088 3490; baseline 0.001 -18"><span class='ocrx_word' id='word_1_452' title='bbox 381 3415 594 3483; x_wconf 89' lang='lat' dir='ltr'><strong>seolus,</strong></span> <span class='ocrx_word' id='word_1_453' title='bbox 634 3415 932 3474; x_wconf 90' lang='lat' dir='ltr'><strong>Dalmatici</strong></span> <span class='ocrx_word' id='word_1_454' title='bbox 968 3416 1210 3474; x_wconf 89' lang='lat' dir='ltr'><strong>ducatus</strong></span> <span class='ocrx_word' id='word_1_455' title='bbox 1242 3416 1380 3485; x_wconf 81' lang='grc'>(191)</span> <span class='ocrx_word' id='word_1_456' title='bbox 1419 3415 1775 3490; x_wconf 88' lang='lat' dir='ltr'><strong>gubernabat</strong></span> <span class='ocrx_word' id='word_1_457' title='bbox 1812 3414 2088 3473; x_wconf 86' lang='lat' dir='ltr'><strong>habenas.</strong></span> 
     </span>
    </p>
   </div>
   <div class='ocr_carea' id='block_1_62' title="bbox 383 3501 2093 3579">
    <p class='ocr_par' dir='ltr' id='par_1_62' title="bbox 383 3501 2093 3579">
     <span class='ocr_line' id='line_1_62' title="bbox 383 3501 2093 3579; baseline -0.001 -16"><span class='ocrx_word' id='word_1_458' title='bbox 383 3501 493 3573; x_wconf 84' lang='lat' dir='ltr'><strong>Qui</strong></span> <span class='ocrx_word' id='word_1_459' title='bbox 520 3504 784 3564; x_wconf 86' lang='lat' dir='ltr'><strong>videlicet</strong></span> <span class='ocrx_word' id='word_1_460' title='bbox 807 3505 878 3563; x_wconf 94' lang='lat' dir='ltr'><strong>ad</strong></span> <span class='ocrx_word' id='word_1_461' title='bbox 907 3506 1083 3579; x_wconf 86' lang='lat' dir='ltr'><strong>hujus</strong></span> <span class='ocrx_word' id='word_1_462' title='bbox 1125 3505 1421 3578; x_wconf 83' lang='lat' dir='ltr'><strong>fastigium</strong></span> <span class='ocrx_word' id='word_1_463' title='bbox 1455 3503 1752 3577; x_wconf 90' lang='lat' dir='ltr'><strong>dignitatis</strong></span> <span class='ocrx_word' id='word_1_464' title='bbox 1785 3503 2093 3563; x_wconf 89' lang='lat' dir='ltr'><strong>ascendere</strong></span> 
     </span>
    </p>
   </div>
   <div class='ocr_carea' id='block_1_63' title="bbox 439 3647 2085 3714">
    <p class='ocr_par' dir='ltr' id='par_1_63' title="bbox 439 3647 2085 3714">
     <span class='ocr_line' id='line_1_63' title="bbox 439 3647 2085 3714; baseline -0.001 -14"><span class='ocrx_word' id='word_1_465' title='bbox 439 3647 575 3714; x_wconf 78' lang='lat'><strong>(188)</strong></span> <span class='ocrx_word' id='word_1_466' title='bbox 615 3649 686 3701; x_wconf 91' lang='lat' dir='ltr'><strong>De</strong></span> <span class='ocrx_word' id='word_1_467' title='bbox 726 3649 936 3710; x_wconf 83' lang='lat' dir='ltr'><strong>integro</strong></span> <span class='ocrx_word' id='word_1_468' title='bbox 978 3647 1234 3710; x_wconf 87' lang='lat' dir='ltr'><strong>psalterio</strong></span> <span class='ocrx_word' id='word_1_469' title='bbox 1281 3647 1347 3698; x_wconf 86' lang='lat' dir='ltr'><strong>ab</strong></span> <span class='ocrx_word' id='word_1_470' title='bbox 1383 3648 1624 3700; x_wconf 90' lang='lat' dir='ltr'><strong>eremitis</strong></span> <span class='ocrx_word' id='word_1_471' title='bbox 1672 3649 1918 3709; x_wconf 81' lang='lat' dir='ltr'><strong>privatim</strong></span> <span class='ocrx_word' id='word_1_472' title='bbox 1956 3649 2085 3699; x_wconf 88' lang='lat' dir='ltr'><strong>reci-</strong></span> 
     </span>
    </p>
   </div>
   <div class='ocr_carea' id='block_1_64' title="bbox 382 3717 2080 3783">
    <p class='ocr_par' dir='ltr' id='par_1_64' title="bbox 382 3717 2080 3783">
     <span class='ocr_line' id='line_1_64' title="bbox 382 3717 2080 3783; baseline -0.002 -10"><span class='ocrx_word' id='word_1_473' title='bbox 382 3723 544 3773; x_wconf 83' lang='lat' dir='ltr'><strong>tando</strong></span> <span class='ocrx_word' id='word_1_474' title='bbox 571 3722 688 3772; x_wconf 79' lang='lat' dir='ltr'><strong>vide</strong></span> <span class='ocrx_word' id='word_1_475' title='bbox 724 3719 855 3771; x_wconf 86' lang='lat' dir='ltr'><strong>Petr.</strong></span> <span class='ocrx_word' id='word_1_476' title='bbox 885 3718 1028 3770; x_wconf 90' lang='lat' dir='ltr'><strong>Dam.</strong></span> <span class='ocrx_word' id='word_1_477' title='bbox 1060 3731 1251 3782; x_wconf 81' lang='lat' dir='ltr'><strong>Opusc.</strong></span> <span class='ocrx_word' id='word_1_478' title='bbox 1283 3731 1383 3781; x_wconf 80' lang='lat' dir='ltr'><strong>xv,</strong></span> <span class='ocrx_word' id='word_1_479' title='bbox 1406 3732 1524 3783; x_wconf 88' lang='lat' dir='ltr'><strong>cap.</strong></span> <span class='ocrx_word' id='word_1_480' title='bbox 1552 3720 1631 3780; x_wconf 79' lang='lat'><strong>18,</strong></span> <span class='ocrx_word' id='word_1_481' title='bbox 1655 3722 1708 3772; x_wconf 88' lang='lat' dir='ltr'><strong>et</strong></span> <span class='ocrx_word' id='word_1_482' title='bbox 1734 3718 1924 3771; x_wconf 87' lang='lat' dir='ltr'><strong>Bedam</strong></span> <span class='ocrx_word' id='word_1_483' title='bbox 1947 3717 2080 3772; x_wconf 81' lang='lat' dir='ltr'><strong>Hist.</strong></span> 
     </span>
    </p>
   </div>
   <div class='ocr_carea' id='block_1_65' title="bbox 384 3789 1342 3854">
    <p class='ocr_par' dir='ltr' id='par_1_65' title="bbox 384 3789 1342 3854">
     <span class='ocr_line' id='line_1_65' title="bbox 384 3789 1342 3854; baseline 0 -13"><span class='ocrx_word' id='word_1_484' title='bbox 384 3791 537 3854; x_wconf 75' lang='lat' dir='ltr'><strong>Angl.</strong></span> <span class='ocrx_word' id='word_1_485' title='bbox 566 3791 654 3844; x_wconf 91' lang='lat' dir='ltr'><strong>lib.</strong></span> <span class='ocrx_word' id='word_1_486' title='bbox 683 3804 766 3851; x_wconf 86' lang='lat' dir='ltr'><strong>in,</strong></span> <span class='ocrx_word' id='word_1_487' title='bbox 789 3803 836 3841; x_wconf 92' lang='lat' dir='ltr'><strong>c.</strong></span> <span class='ocrx_word' id='word_1_488' title='bbox 859 3789 940 3852; x_wconf 80' lang='lat'><strong>27,</strong></span> <span class='ocrx_word' id='word_1_489' title='bbox 967 3791 1033 3842; x_wconf 85' lang='lat' dir='ltr'><strong>de</strong></span> <span class='ocrx_word' id='word_1_490' title='bbox 1056 3790 1342 3854; x_wconf 80' lang='lat' dir='ltr'><strong>Egeberto.</strong></span> 
     </span>
    </p>
   </div>
   <div class='ocr_carea' id='block_1_66' title="bbox 447 3860 2084 3926">
    <p class='ocr_par' dir='ltr' id='par_1_66' title="bbox 447 3860 2084 3926">
     <span class='ocr_line' id='line_1_66' title="bbox 447 3860 2084 3926; baseline -0.001 -14"><span class='ocrx_word' id='word_1_491' title='bbox 447 3861 582 3926; x_wconf 80' lang='lat'><strong>(189)</strong></span> <span class='ocrx_word' id='word_1_492' title='bbox 623 3863 921 3926; x_wconf 88' lang='lat' dir='ltr'><strong>Singularis</strong></span> <span class='ocrx_word' id='word_1_493' title='bbox 979 3866 1117 3921; x_wconf 80' lang='lat' dir='ltr'><strong>vitae,</strong></span> <span class='ocrx_word' id='word_1_494' title='bbox 1185 3860 1238 3913; x_wconf 91' lang='lat' dir='ltr'><strong>id</strong></span> <span class='ocrx_word' id='word_1_495' title='bbox 1308 3865 1393 3913; x_wconf 87' lang='lat' dir='ltr'><strong>est</strong></span> <span class='ocrx_word' id='word_1_496' title='bbox 1461 3861 1775 3924; x_wconf 66' lang='lat' dir='ltr'><strong>eremiticaa,</strong></span> <span class='ocrx_word' id='word_1_497' title='bbox 1843 3862 1898 3911; x_wconf 89' lang='lat' dir='ltr'><strong>ut</strong></span> <span class='ocrx_word' id='word_1_498' title='bbox 1967 3872 2084 3924; x_wconf 89' lang='lat' dir='ltr'><strong>cap.</strong></span> 
     </span>
    </p>
   </div>
   <div class='ocr_carea' id='block_1_67' title="bbox 307 3934 659 3994">
    <p class='ocr_par' dir='ltr' id='par_1_67' title="bbox 307 3934 659 3994">
     <span class='ocr_line' id='line_1_67' title="bbox 307 3934 659 3994; baseline 0.003 -12"><span class='ocrx_word' id='word_1_499' title='bbox 307 3977 318 3992; x_wconf 36' lang='lat'><strong>,.</strong></span> <span class='ocrx_word' id='word_1_500' title='bbox 385 3946 502 3994; x_wconf 86' lang='lat' dir='ltr'><strong>seq.</strong></span> <span class='ocrx_word' id='word_1_501' title='bbox 535 3943 587 3982; x_wconf 81' lang='lat' dir='ltr'><strong>ei</strong></span> <span class='ocrx_word' id='word_1_502' title='bbox 612 3934 659 3983; x_wconf 89' lang='lat'><strong>9.</strong></span> 
     </span>
    </p>
   </div>
   <div class='ocr_carea' id='block_1_68' title="bbox 451 4001 2085 4066">
    <p class='ocr_par' dir='ltr' id='par_1_68' title="bbox 451 4001 2085 4066">
     <span class='ocr_line' id='line_1_68' title="bbox 451 4001 2085 4066; baseline -0.002 -10"><span class='ocrx_word' id='word_1_503' title='bbox 451 4005 582 4066; x_wconf 80' lang='grc'>(1901</span> <span class='ocrx_word' id='word_1_504' title='bbox 617 4004 712 4057; x_wconf 85' lang='lat' dir='ltr'><strong>Hic</strong></span> <span class='ocrx_word' id='word_1_505' title='bbox 742 4004 946 4062; x_wconf 84' lang='lat' dir='ltr'><strong>Petrus.</strong></span> <span class='ocrx_word' id='word_1_506' title='bbox 982 4016 1051 4056; x_wconf 78' lang='lat' dir='ltr'><strong>ex</strong></span> <span class='ocrx_word' id='word_1_507' title='bbox 1086 4003 1426 4066; x_wconf 87' lang='lat' dir='ltr'><strong>Participatia</strong></span> <span class='ocrx_word' id='word_1_508' title='bbox 1455 4003 1830 4065; x_wconf 87' lang='lat' dir='ltr'><strong>antiquissima</strong></span> <span class='ocrx_word' id='word_1_509' title='bbox 1867 4001 2085 4063; x_wconf 81' lang='lat' dir='ltr'><strong>familia,</strong></span> 
     </span>
    </p>
   </div>
   <div class='ocr_carea' id='block_1_69' title="bbox 387 4072 2091 4139">
    <p class='ocr_par' dir='ltr' id='par_1_69' title="bbox 387 4072 2091 4139">
     <span class='ocr_line' id='line_1_69' title="bbox 387 4072 2091 4139; baseline -0.004 -11"><span class='ocrx_word' id='word_1_510' title='bbox 387 4077 871 4139; x_wconf 82' lang='lat' dir='ltr'><strong>cognominabatur</strong></span> <span class='ocrx_word' id='word_1_511' title='bbox 912 4073 1173 4135; x_wconf 83' lang='lat' dir='ltr'><strong>Urseolus,</strong></span> <span class='ocrx_word' id='word_1_512' title='bbox 1225 4075 1311 4126; x_wconf 82' lang='lat' dir='ltr'><strong>vel</strong></span> <span class='ocrx_word' id='word_1_513' title='bbox 1364 4079 1415 4126; x_wconf 87' lang='lat' dir='ltr'><strong>et</strong></span> <span class='ocrx_word' id='word_1_514' title='bbox 1461 4073 1710 4129; x_wconf 74' lang='lat' dir='ltr'><strong>Ursiotus.</strong></span> <span class='ocrx_word' id='word_1_515' title='bbox 1756 4077 1814 4124; x_wconf 88' lang='lat' dir='ltr'><strong>ut</strong></span> <span class='ocrx_word' id='word_1_516' title='bbox 1855 4074 1911 4124; x_wconf 91' lang='lat' dir='ltr'><strong>in</strong></span> <span class='ocrx_word' id='word_1_517' title='bbox 1957 4072 2091 4122; x_wconf 81' lang='lat' dir='ltr'><strong>Vati-</strong></span> 
     </span>
    </p>
   </div>
   <div class='ocr_carea' id='block_1_70' title="bbox 387 4143 2092 4210">
    <p class='ocr_par' dir='ltr' id='par_1_70' title="bbox 387 4143 2092 4210">
     <span class='ocr_line' id='line_1_70' title="bbox 387 4143 2092 4210; baseline -0.002 -10"><span class='ocrx_word' id='word_1_518' title='bbox 387 4160 525 4200; x_wconf 83' lang='lat' dir='ltr'><strong>cano</strong></span> <span class='ocrx_word' id='word_1_519' title='bbox 567 4151 775 4210; x_wconf 86' lang='lat' dir='ltr'><strong>codice,</strong></span> <span class='ocrx_word' id='word_1_520' title='bbox 811 4153 865 4199; x_wconf 90' lang='lat' dir='ltr'><strong>et</strong></span> <span class='ocrx_word' id='word_1_521' title='bbox 902 4147 1050 4206; x_wconf 83' lang='lat' dir='ltr'><strong>alibi,</strong></span> <span class='ocrx_word' id='word_1_522' title='bbox 1083 4161 1180 4210; x_wconf 85' lang='lat' dir='ltr'><strong>pro</strong></span> <span class='ocrx_word' id='word_1_523' title='bbox 1225 4144 1445 4199; x_wconf 83' lang='lat' dir='ltr'><strong>Ursione</strong></span> <span class='ocrx_word' id='word_1_524' title='bbox 1501 4151 1554 4196; x_wconf 91' lang='lat' dir='ltr'><strong>et</strong></span> <span class='ocrx_word' id='word_1_525' title='bbox 1589 4143 1807 4204; x_wconf 86' lang='lat' dir='ltr'><strong>Ursone,</strong></span> <span class='ocrx_word' id='word_1_526' title='bbox 1851 4146 1925 4195; x_wconf 87' lang='lat' dir='ltr'><strong>uti</strong></span> <span class='ocrx_word' id='word_1_527' title='bbox 1960 4143 2092 4196; x_wconf 91' lang='lat' dir='ltr'><strong>mul-</strong></span> 
     </span>
    </p>
   </div>
   <div class='ocr_carea' id='block_1_71' title="bbox 389 4214 2092 4280">
    <p class='ocr_par' dir='ltr' id='par_1_71' title="bbox 389 4214 2092 4280">
     <span class='ocr_line' id='line_1_71' title="bbox 389 4214 2092 4280; baseline -0.002 -11"><span class='ocrx_word' id='word_1_528' title='bbox 389 4220 459 4272; x_wconf 85' lang='lat' dir='ltr'><strong>tis</strong></span> <span class='ocrx_word' id='word_1_529' title='bbox 508 4220 561 4268; x_wconf 87' lang='lat' dir='ltr'><strong>in</strong></span> <span class='ocrx_word' id='word_1_530' title='bbox 607 4219 744 4270; x_wconf 84' lang='lat' dir='ltr'><strong>locis</strong></span> <span class='ocrx_word' id='word_1_531' title='bbox 805 4220 972 4270; x_wconf 87' lang='lat' dir='ltr'><strong>etiam</strong></span> <span class='ocrx_word' id='word_1_532' title='bbox 1021 4215 1345 4280; x_wconf 84' lang='lat' dir='ltr'><strong>appellatur.</strong></span> <span class='ocrx_word' id='word_1_533' title='bbox 1405 4216 1734 4277; x_wconf 85' lang='lat' dir='ltr'><strong>Participatia</strong></span> <span class='ocrx_word' id='word_1_534' title='bbox 1785 4219 1839 4268; x_wconf 89' lang='lat' dir='ltr'><strong>et</strong></span> <span class='ocrx_word' id='word_1_535' title='bbox 1887 4214 2092 4266; x_wconf 88' lang='lat' dir='ltr'><strong>Ursoiia</strong></span> 
     </span>
    </p>
   </div>
   <div class='ocr_carea' id='block_1_72' title="bbox 388 4283 2086 4350">
    <p class='ocr_par' dir='ltr' id='par_1_72' title="bbox 388 4283 2086 4350">
     <span class='ocr_line' id='line_1_72' title="bbox 388 4283 2086 4350; baseline -0.002 -12"><span class='ocrx_word' id='word_1_536' title='bbox 388 4287 580 4339; x_wconf 89' lang='lat' dir='ltr'><strong>eadem</strong></span> <span class='ocrx_word' id='word_1_537' title='bbox 623 4300 760 4350; x_wconf 87' lang='lat' dir='ltr'><strong>gens</strong></span> <span class='ocrx_word' id='word_1_538' title='bbox 809 4300 876 4340; x_wconf 79' lang='lat' dir='ltr'><strong>ex</strong></span> <span class='ocrx_word' id='word_1_539' title='bbox 941 4287 1045 4339; x_wconf 88' lang='lat' dir='ltr'><strong>hoc</strong></span> <span class='ocrx_word' id='word_1_540' title='bbox 1109 4289 1255 4339; x_wconf 89' lang='lat' dir='ltr'><strong>Petro</strong></span> <span class='ocrx_word' id='word_1_541' title='bbox 1312 4289 1431 4336; x_wconf 86' lang='lat' dir='ltr'><strong>viro</strong></span> <span class='ocrx_word' id='word_1_542' title='bbox 1494 4286 1834 4337; x_wconf 90' lang='lat' dir='ltr'><strong>sanctissimo</strong></span> <span class='ocrx_word' id='word_1_543' title='bbox 1905 4283 2086 4337; x_wconf 81' lang='lat' dir='ltr'><strong>Urseo-</strong></span> 
     </span>
    </p>
   </div>
   <div class='ocr_carea' id='block_1_73' title="bbox 389 4357 2090 4422">
    <p class='ocr_par' dir='ltr' id='par_1_73' title="bbox 389 4357 2090 4422">
     <span class='ocr_line' id='line_1_73' title="bbox 389 4357 2090 4422; baseline -0.001 -14"><span class='ocrx_word' id='word_1_544' title='bbox 389 4357 502 4410; x_wconf 86' lang='lat' dir='ltr'><strong>lam</strong></span> <span class='ocrx_word' id='word_1_545' title='bbox 563 4358 787 4410; x_wconf 86' lang='lat' dir='ltr'><strong>alteram</strong></span> <span class='ocrx_word' id='word_1_546' title='bbox 847 4357 1106 4411; x_wconf 76' lang='lat' dir='ltr'><strong>familiam</strong></span> <span class='ocrx_word' id='word_1_547' title='bbox 1185 4358 1532 4421; x_wconf 86' lang='lat' dir='ltr'><strong>propagavit;</strong></span> <span class='ocrx_word' id='word_1_548' title='bbox 1608 4369 1675 4409; x_wconf 93' lang='lat' dir='ltr'><strong>eo</strong></span> <span class='ocrx_word' id='word_1_549' title='bbox 1747 4357 1907 4407; x_wconf 89' lang='lat' dir='ltr'><strong>modo</strong></span> <span class='ocrx_word' id='word_1_550' title='bbox 1983 4369 2090 4422; x_wconf 91' lang='lat' dir='ltr'><strong>quo</strong></span> 
     </span>
    </p>
   </div>
   <div class='ocr_carea' id='block_1_74' title="bbox 388 4426 2089 4489">
    <p class='ocr_par' dir='ltr' id='par_1_74' title="bbox 388 4426 2089 4489">
     <span class='ocr_line' id='line_1_74' title="bbox 388 4426 2089 4489; baseline -0.003 -7"><span class='ocrx_word' id='word_1_551' title='bbox 388 4430 720 4482; x_wconf 80' lang='lat' dir='ltr'><strong>Justiuianua</strong></span> <span class='ocrx_word' id='word_1_552' title='bbox 793 4435 846 4482; x_wconf 88' lang='lat' dir='ltr'><strong>et</strong></span> <span class='ocrx_word' id='word_1_553' title='bbox 923 4429 1217 4481; x_wconf 86' lang='lat' dir='ltr'><strong>Baduarius</strong></span> <span class='ocrx_word' id='word_1_554' title='bbox 1288 4430 1471 4480; x_wconf 88' lang='lat' dir='ltr'><strong>itidem</strong></span> <span class='ocrx_word' id='word_1_555' title='bbox 1542 4429 1857 4489; x_wconf 75' lang='lat' dir='ltr'><strong>Participatii</strong></span> <span class='ocrx_word' id='word_1_556' title='bbox 1917 4426 2089 4480; x_wconf 86' lang='lat' dir='ltr'><strong>Justi-</strong></span> 
     </span>
    </p>
   </div>
   <div class='ocr_carea' id='block_1_75' title="bbox 2174 3232 3884 3308">
    <p class='ocr_par' dir='ltr' id='par_1_75' title="bbox 2174 3232 3884 3308">
     <span class='ocr_line' id='line_1_75' title="bbox 2174 3232 3884 3308; baseline 0 -16"><span class='ocrx_word' id='word_1_557' title='bbox 2174 3233 2431 3306; x_wconf 88' lang='lat' dir='ltr'><strong>nomine,</strong></span> <span class='ocrx_word' id='word_1_558' title='bbox 2459 3250 2534 3292; x_wconf 82' lang='lat' dir='ltr'><strong>ex</strong></span> <span class='ocrx_word' id='word_1_559' title='bbox 2566 3235 2853 3293; x_wconf 88' lang='lat' dir='ltr'><strong>ulterioris</strong></span> <span class='ocrx_word' id='word_1_560' title='bbox 2891 3232 3097 3293; x_wconf 65' lang='lat' dir='ltr'><strong>Galliae</strong></span> <span class='ocrx_word' id='word_1_561' title='bbox 3134 3233 3354 3292; x_wconf 89' lang='lat' dir='ltr'><strong>ﬁnibus</strong></span> <span class='ocrx_word' id='word_1_562' title='bbox 3387 3236 3664 3293; x_wconf 86' lang='lat' dir='ltr'><strong>orationis</strong></span> <span class='ocrx_word' id='word_1_563' title='bbox 3701 3237 3884 3308; x_wconf 87' lang='lat' dir='ltr'><strong>gratia</strong></span> 
     </span>
    </p>
   </div>
   <div class='ocr_carea' id='block_1_76' title="bbox 2171 3323 3887 3398">
    <p class='ocr_par' dir='ltr' id='par_1_76' title="bbox 2171 3323 3887 3398">
     <span class='ocr_line' id='line_1_76' title="bbox 2171 3323 3887 3398; baseline 0.001 -18"><span class='ocrx_word' id='word_1_564' title='bbox 2171 3339 2276 3396; x_wconf 91' lang='lat' dir='ltr'><strong>per</strong></span> <span class='ocrx_word' id='word_1_565' title='bbox 2331 3323 2590 3381; x_wconf 91' lang='lat' dir='ltr'><strong>diversas</strong></span> <span class='ocrx_word' id='word_1_566' title='bbox 2657 3324 2862 3382; x_wconf 91' lang='lat' dir='ltr'><strong>mundi</strong></span> <span class='ocrx_word' id='word_1_567' title='bbox 2931 3324 3191 3396; x_wconf 91' lang='lat' dir='ltr'><strong>regiones</strong></span> <span class='ocrx_word' id='word_1_568' title='bbox 3258 3326 3614 3398; x_wconf 88' lang='lat' dir='ltr'><strong>peregrinari</strong></span> <span class='ocrx_word' id='word_1_569' title='bbox 3678 3326 3887 3384; x_wconf 88' lang='lat' dir='ltr'><strong>solitus</strong></span> 
     </span>
    </p>
   </div>
   <div class='ocr_carea' id='block_1_77' title="bbox 2173 3411 3891 3488">
    <p class='ocr_par' dir='ltr' id='par_1_77' title="bbox 2173 3411 3891 3488">
     <span class='ocr_line' id='line_1_77' title="bbox 2173 3411 3891 3488; baseline 0.001 -19"><span class='ocrx_word' id='word_1_570' title='bbox 2173 3420 2312 3470; x_wconf 89' lang='lat' dir='ltr'><strong>erat.</strong></span> <span class='ocrx_word' id='word_1_571' title='bbox 2355 3412 2464 3471; x_wconf 88' lang='lat' dir='ltr'><strong>Hic</strong></span> <span class='ocrx_word' id='word_1_572' title='bbox 2497 3427 2731 3488; x_wconf 90' lang='lat' dir='ltr'><strong>quoque</strong></span> <span class='ocrx_word' id='word_1_573' title='bbox 2755 3413 2822 3469; x_wconf 91' lang='lat' dir='ltr'><strong>ad</strong></span> <span class='ocrx_word' id='word_1_574' title='bbox 2856 3411 3063 3470; x_wconf 92' lang='lat' dir='ltr'><strong>ducem</strong></span> <span class='ocrx_word' id='word_1_575' title='bbox 3103 3412 3363 3481; x_wconf 87' lang='lat' dir='ltr'><strong>veniens,</strong></span> <span class='ocrx_word' id='word_1_576' title='bbox 3400 3413 3473 3470; x_wconf 90' lang='lat' dir='ltr'><strong>ab</strong></span> <span class='ocrx_word' id='word_1_577' title='bbox 3511 3429 3578 3471; x_wconf 91' lang='lat' dir='ltr'><strong>eo</strong></span> <span class='ocrx_word' id='word_1_578' title='bbox 3627 3413 3891 3487; x_wconf 86' lang='lat' dir='ltr'><strong>protinus</strong></span> 
     </span>
    </p>
   </div>
   <div class='ocr_carea' id='block_1_78' title="bbox 2175 3499 3890 3574">
    <p class='ocr_par' dir='ltr' id='par_1_78' title="bbox 2175 3499 3890 3574">
     <span class='ocr_line' id='line_1_78' title="bbox 2175 3499 3890 3574; baseline 0.001 -16"><span class='ocrx_word' id='word_1_579' title='bbox 2175 3506 2240 3558; x_wconf 89' lang='lat' dir='ltr'><strong>ut</strong></span> <span class='ocrx_word' id='word_1_580' title='bbox 2268 3499 2380 3558; x_wconf 90' lang='lat' dir='ltr'><strong>sibi</strong></span> <span class='ocrx_word' id='word_1_581' title='bbox 2415 3500 2484 3558; x_wconf 90' lang='lat' dir='ltr'><strong>ad</strong></span> <span class='ocrx_word' id='word_1_582' title='bbox 2525 3500 2893 3558; x_wconf 90' lang='lat' dir='ltr'><strong>evadendum</strong></span> <span class='ocrx_word' id='word_1_583' title='bbox 2935 3499 3077 3558; x_wconf 88' lang='lat' dir='ltr'><strong>tanti</strong></span> <span class='ocrx_word' id='word_1_584' title='bbox 3132 3507 3325 3559; x_wconf 88' lang='lat' dir='ltr'><strong>reatus</strong></span> <span class='ocrx_word' id='word_1_585' title='bbox 3375 3501 3701 3574; x_wconf 90' lang='lat' dir='ltr'><strong>periculum</strong></span> <span class='ocrx_word' id='word_1_586' title='bbox 3748 3517 3890 3561; x_wconf 85' lang='lat' dir='ltr'><strong>oon-</strong></span> 
     </span>
    </p>
   </div>
   <div class='ocr_carea' id='block_1_79' title="bbox 2185 3641 3892 3706">
    <p class='ocr_par' dir='ltr' id='par_1_79' title="bbox 2185 3641 3892 3706">
     <span class='ocr_line' id='line_1_79' title="bbox 2185 3641 3892 3706; baseline 0.002 -14"><span class='ocrx_word' id='word_1_587' title='bbox 2185 3643 2281 3693; x_wconf 91' lang='lat' dir='ltr'><strong>dat</strong></span> <span class='ocrx_word' id='word_1_588' title='bbox 2310 3641 2470 3692; x_wconf 82' lang='lat' dir='ltr'><strong>series</strong></span> <span class='ocrx_word' id='word_1_589' title='bbox 2509 3646 2559 3694; x_wconf 92' lang='lat' dir='ltr'><strong>et</strong></span> <span class='ocrx_word' id='word_1_590' title='bbox 2584 3642 2716 3693; x_wconf 85' lang='lat' dir='ltr'><strong>ordo</strong></span> <span class='ocrx_word' id='word_1_591' title='bbox 2747 3645 3034 3706; x_wconf 85' lang='lat' dir='ltr'><strong>gestorum.</strong></span> <span class='ocrx_word' id='word_1_592' title='bbox 3061 3642 3234 3694; x_wconf 88' lang='lat' dir='ltr'><strong>Potest</strong></span> <span class='ocrx_word' id='word_1_593' title='bbox 3268 3643 3428 3694; x_wconf 90' lang='lat' dir='ltr'><strong>etiam</strong></span> <span class='ocrx_word' id='word_1_594' title='bbox 3459 3655 3617 3695; x_wconf 89' lang='lat' dir='ltr'><strong>error</strong></span> <span class='ocrx_word' id='word_1_595' title='bbox 3643 3643 3732 3695; x_wconf 88' lang='lat' dir='ltr'><strong>hic</strong></span> <span class='ocrx_word' id='word_1_596' title='bbox 3766 3655 3892 3695; x_wconf 82' lang='lat' dir='ltr'><strong>esse</strong></span> 
     </span>
    </p>
   </div>
   <div class='ocr_carea' id='block_1_80' title="bbox 2187 3713 2618 3765">
    <p class='ocr_par' dir='ltr' id='par_1_80' title="bbox 2187 3713 2618 3765">
     <span class='ocr_line' id='line_1_80' title="bbox 2187 3713 2618 3765; baseline -0.007 -1"><span class='ocrx_word' id='word_1_597' title='bbox 2187 3713 2618 3765; x_wconf 86' lang='lat' dir='ltr'><strong>amanuensium.</strong></span> 
     </span>
    </p>
   </div>
   <div class='ocr_carea' id='block_1_81' title="bbox 2250 3782 3892 3849">
    <p class='ocr_par' dir='ltr' id='par_1_81' title="bbox 2250 3782 3892 3849">
     <span class='ocr_line' id='line_1_81' title="bbox 2250 3782 3892 3849; baseline 0.001 -17"><span class='ocrx_word' id='word_1_598' title='bbox 2250 3782 2386 3849; x_wconf 81' lang='grc'>(193)</span> <span class='ocrx_word' id='word_1_599' title='bbox 2427 3783 2520 3836; x_wconf 89' lang='lat' dir='ltr'><strong>Hic</strong></span> <span class='ocrx_word' id='word_1_600' title='bbox 2568 3786 2773 3848; x_wconf 90' lang='lat' dir='ltr'><strong>pariter</strong></span> <span class='ocrx_word' id='word_1_601' title='bbox 2826 3784 3097 3838; x_wconf 81' lang='lat' dir='ltr'><strong>aberravit</strong></span> <span class='ocrx_word' id='word_1_602' title='bbox 3141 3782 3419 3846; x_wconf 83' lang='lat' dir='ltr'><strong>piissimus</strong></span> <span class='ocrx_word' id='word_1_603' title='bbox 3475 3784 3710 3848; x_wconf 84' lang='lat' dir='ltr'><strong>scriptor</strong></span> <span class='ocrx_word' id='word_1_604' title='bbox 3755 3783 3892 3835; x_wconf 69' lang='lat' dir='ltr'><strong>falsa</strong></span> 
     </span>
    </p>
   </div>
   <div class='ocr_carea' id='block_1_82' title="bbox 2187 3855 3897 3919">
    <p class='ocr_par' dir='ltr' id='par_1_82' title="bbox 2187 3855 3897 3919">
     <span class='ocr_line' id='line_1_82' title="bbox 2187 3855 3897 3919; baseline 0.001 -16"><span class='ocrx_word' id='word_1_605' title='bbox 2187 3865 2406 3907; x_wconf 87' lang='lat' dir='ltr'><strong>rumore</strong></span> <span class='ocrx_word' id='word_1_606' title='bbox 2455 3857 2735 3919; x_wconf 85' lang='lat' dir='ltr'><strong>deceptus.</strong></span> <span class='ocrx_word' id='word_1_607' title='bbox 2781 3859 2821 3910; x_wconf 82' lang='lat' dir='ltr'><em>A</em></span> <span class='ocrx_word' id='word_1_608' title='bbox 2863 3855 3064 3918; x_wconf 78' lang='lat' dir='ltr'><strong>puerili</strong></span> <span class='ocrx_word' id='word_1_609' title='bbox 3111 3856 3254 3905; x_wconf 87' lang='lat' dir='ltr'><strong>enim</strong></span> <span class='ocrx_word' id='word_1_610' title='bbox 3296 3857 3457 3906; x_wconf 74' lang='lat' dir='ltr'><strong>arta-te</strong></span> <span class='ocrx_word' id='word_1_611' title='bbox 3499 3855 3659 3906; x_wconf 84' lang='lat' dir='ltr'><strong>divus</strong></span> <span class='ocrx_word' id='word_1_612' title='bbox 3707 3855 3897 3906; x_wconf 83' lang='lat' dir='ltr'><strong>Petrus</strong></span> 
     </span>
    </p>
   </div>
   <div class='ocr_carea' id='block_1_83' title="bbox 2187 3923 3894 3994">
    <p class='ocr_par' dir='ltr' id='par_1_83' title="bbox 2187 3923 3894 3994">
     <span class='ocr_line' id='line_1_83' title="bbox 2187 3923 3894 3994; baseline 0.001 -19"><span class='ocrx_word' id='word_1_613' title='bbox 2187 3925 2456 3985; x_wconf 88' lang='lat' dir='ltr'><strong>Urseolus,</strong></span> <span class='ocrx_word' id='word_1_614' title='bbox 2487 3927 2569 3977; x_wconf 90' lang='lat' dir='ltr'><strong>nil</strong></span> <span class='ocrx_word' id='word_1_615' title='bbox 2598 3927 2752 3978; x_wconf 87' lang='lat' dir='ltr'><strong>aliud</strong></span> <span class='ocrx_word' id='word_1_616' title='bbox 2775 3940 2943 3994; x_wconf 84' lang='lat' dir='ltr'><strong>quam</strong></span> <span class='ocrx_word' id='word_1_617' title='bbox 2980 3923 3078 3976; x_wconf 74' lang='lat' dir='ltr'><strong>lleo</strong></span> <span class='ocrx_word' id='word_1_618' title='bbox 3102 3925 3310 3987; x_wconf 84' lang='lat' dir='ltr'><strong>placere</strong></span> <span class='ocrx_word' id='word_1_619' title='bbox 3337 3929 3580 3983; x_wconf 82' lang='lat' dir='ltr'><strong>studens.</strong></span> <span class='ocrx_word' id='word_1_620' title='bbox 3614 3925 3688 3978; x_wconf 86' lang='lat' dir='ltr'><strong>ad</strong></span> <span class='ocrx_word' id='word_1_621' title='bbox 3725 3929 3894 3976; x_wconf 68' lang='lat' dir='ltr'><strong>tanta</strong></span> 
     </span>
    </p>
   </div>
   <div class='ocr_carea' id='block_1_84' title="bbox 2189 3996 3896 4060">
    <p class='ocr_par' dir='ltr' id='par_1_84' title="bbox 2189 3996 3896 4060">
     <span class='ocr_line' id='line_1_84' title="bbox 2189 3996 3896 4060; baseline 0 -14"><span class='ocrx_word' id='word_1_622' title='bbox 2189 3997 2472 4060; x_wconf 73' lang='lat' dir='ltr'><strong>dignitatis</strong></span> <span class='ocrx_word' id='word_1_623' title='bbox 2535 4005 2847 4060; x_wconf 80' lang='lat' dir='ltr'><strong>provectum</strong></span> <span class='ocrx_word' id='word_1_624' title='bbox 2911 3996 3168 4050; x_wconf 85' lang='lat' dir='ltr'><strong>scandere</strong></span> <span class='ocrx_word' id='word_1_625' title='bbox 3233 3997 3632 4057; x_wconf 81' lang='lat' dir='ltr'><strong>contemnebat,</strong></span> <span class='ocrx_word' id='word_1_626' title='bbox 3695 3998 3896 4048; x_wconf 78' lang='lat' dir='ltr'><strong>timens</strong></span> 
     </span>
    </p>
   </div>
   <div class='ocr_carea' id='block_1_85' title="bbox 2187 4066 3897 4132">
    <p class='ocr_par' dir='ltr' id='par_1_85' title="bbox 2187 4066 3897 4132">
     <span class='ocr_line' id='line_1_85' title="bbox 2187 4066 3897 4132; baseline -0.002 -12"><span class='ocrx_word' id='word_1_627' title='bbox 2187 4081 2254 4120; x_wconf 82' lang='lat' dir='ltr'><strong>ne</strong></span> <span class='ocrx_word' id='word_1_628' title='bbox 2308 4067 2580 4120; x_wconf 64' lang='lat' dir='ltr'><strong>saecularis</strong></span> <span class='ocrx_word' id='word_1_629' title='bbox 2639 4069 2856 4121; x_wconf 75' lang='lat' dir='ltr'><strong>honoris</strong></span> <span class='ocrx_word' id='word_1_630' title='bbox 2915 4067 3214 4119; x_wconf 72' lang='lat' dir='ltr'><strong>ambitione</strong></span> <span class='ocrx_word' id='word_1_631' title='bbox 3264 4069 3600 4132; x_wconf 74' lang='lat' dir='ltr'><strong>propositum</strong></span> <span class='ocrx_word' id='word_1_632' title='bbox 3672 4066 3897 4119; x_wconf 85' lang='lat' dir='ltr'><strong>amitte-</strong></span> 
     </span>
    </p>
   </div>
   <div class='ocr_carea' id='block_1_86' title="bbox 2188 4138 3897 4202">
    <p class='ocr_par' dir='ltr' id='par_1_86' title="bbox 2188 4138 3897 4202">
     <span class='ocr_line' id='line_1_86' title="bbox 2188 4138 3897 4202; baseline -0.002 -14"><span class='ocrx_word' id='word_1_633' title='bbox 2188 4143 2272 4190; x_wconf 88' lang='lat' dir='ltr'><strong>ret</strong></span> <span class='ocrx_word' id='word_1_634' title='bbox 2327 4139 2657 4192; x_wconf 79' lang='lat' dir='ltr'><strong>sanctitatis.</strong></span> <span class='ocrx_word' id='word_1_635' title='bbox 2718 4140 2976 4200; x_wconf 86' lang='lat' dir='ltr'><strong>Tandem,</strong></span> <span class='ocrx_word' id='word_1_636' title='bbox 3018 4141 3327 4200; x_wconf 79' lang='lat' dir='ltr'><strong>importune</strong></span> <span class='ocrx_word' id='word_1_637' title='bbox 3385 4141 3581 4202; x_wconf 80' lang='lat' dir='ltr'><strong>populo</strong></span> <span class='ocrx_word' id='word_1_638' title='bbox 3641 4138 3897 4198; x_wconf 74' lang='lat' dir='ltr'><strong>interpel-</strong></span> 
     </span>
    </p>
   </div>
   <div class='ocr_carea' id='block_1_87' title="bbox 2187 4206 3897 4276">
    <p class='ocr_par' dir='ltr' id='par_1_87' title="bbox 2187 4206 3897 4276">
     <span class='ocr_line' id='line_1_87' title="bbox 2187 4206 3897 4276; baseline -0.001 -16"><span class='ocrx_word' id='word_1_639' title='bbox 2187 4210 2353 4270; x_wconf 83' lang='lat' dir='ltr'><strong>lante.</strong></span> <span class='ocrx_word' id='word_1_640' title='bbox 2381 4222 2492 4263; x_wconf 85' lang='lat' dir='ltr'><strong>non</strong></span> <span class='ocrx_word' id='word_1_641' title='bbox 2513 4209 2752 4264; x_wconf 85' lang='lat' dir='ltr'><strong>humano</strong></span> <span class='ocrx_word' id='word_1_642' title='bbox 2769 4211 2974 4276; x_wconf 82' lang='lat' dir='ltr'><strong>favore,</strong></span> <span class='ocrx_word' id='word_1_643' title='bbox 3001 4210 3092 4260; x_wconf 83' lang='lat' dir='ltr'><strong>sed</strong></span> <span class='ocrx_word' id='word_1_644' title='bbox 3111 4209 3275 4261; x_wconf 84' lang='lat' dir='ltr'><strong>totius</strong></span> <span class='ocrx_word' id='word_1_645' title='bbox 3297 4209 3602 4272; x_wconf 59' lang='lat' dir='ltr'><strong>reipublic:</strong></span> <span class='ocrx_word' id='word_1_646' title='bbox 3622 4206 3897 4260; x_wconf 82' lang='lat' dir='ltr'><strong>commodo</strong></span> 
     </span>
    </p>
   </div>
   <div class='ocr_carea' id='block_1_88' title="bbox 2189 4281 3898 4347">
    <p class='ocr_par' dir='ltr' id='par_1_88' title="bbox 2189 4281 3898 4347">
     <span class='ocr_line' id='line_1_88' title="bbox 2189 4281 3898 4347; baseline -0.002 -15"><span class='ocrx_word' id='word_1_647' title='bbox 2189 4281 2505 4346; x_wconf 84' lang='lat' dir='ltr'><strong>hujusmodi</strong></span> <span class='ocrx_word' id='word_1_648' title='bbox 2566 4281 2912 4347; x_wconf 77' lang='lat' dir='ltr'><strong>principatus</strong></span> <span class='ocrx_word' id='word_1_649' title='bbox 2987 4281 3197 4345; x_wconf 87' lang='lat' dir='ltr'><strong>apicem</strong></span> <span class='ocrx_word' id='word_1_650' title='bbox 3256 4282 3497 4343; x_wconf 84' lang='lat' dir='ltr'><strong>accipere</strong></span> <span class='ocrx_word' id='word_1_651' title='bbox 3566 4293 3674 4330; x_wconf 88' lang='lat' dir='ltr'><strong>non</strong></span> <span class='ocrx_word' id='word_1_652' title='bbox 3737 4292 3898 4330; x_wconf 80' lang='lat' dir='ltr'><strong>recu-</strong></span> 
     </span>
    </p>
   </div>
   <div class='ocr_carea' id='block_1_89' title="bbox 2190 4350 3898 4414">
    <p class='ocr_par' dir='ltr' id='par_1_89' title="bbox 2190 4350 3898 4414">
     <span class='ocr_line' id='line_1_89' title="bbox 2190 4350 3898 4414; baseline -0.002 -9"><span class='ocrx_word' id='word_1_653' title='bbox 2190 4354 2353 4406; x_wconf 84' lang='lat' dir='ltr'><strong>savit.</strong></span> <span class='ocrx_word' id='word_1_654' title='bbox 2396 4355 2471 4406; x_wconf 85' lang='lat' dir='ltr'><strong>Ita</strong></span> <span class='ocrx_word' id='word_1_655' title='bbox 2526 4354 2820 4406; x_wconf 86' lang='lat' dir='ltr'><strong>Chronicon</strong></span> <span class='ocrx_word' id='word_1_656' title='bbox 2871 4352 3124 4404; x_wconf 79' lang='lat' dir='ltr'><strong>Venatum</strong></span> <span class='ocrx_word' id='word_1_657' title='bbox 3179 4353 3643 4414; x_wconf 85' lang='lat' dir='ltr'><strong>antiquissimum,</strong></span> <span class='ocrx_word' id='word_1_658' title='bbox 3693 4350 3898 4414; x_wconf 84' lang='lat' dir='ltr'><strong>aliique</strong></span> 
     </span>
    </p>
   </div>
   <div class='ocr_carea' id='block_1_90' title="bbox 2194 4425 2434 4476">
    <p class='ocr_par' dir='ltr' id='par_1_90' title="bbox 2194 4425 2434 4476">
     <span class='ocr_line' id='line_1_90' title="bbox 2194 4425 2434 4476; baseline 0 0"><span class='ocrx_word' id='word_1_659' title='bbox 2194 4425 2411 4476; x_wconf 86' lang='lat' dir='ltr'><strong>codices</strong></span> <span class='ocrx_word' id='word_1_660' title='bbox 2423 4463 2434 4476; x_wconf 91' lang='lat'><strong>.</strong></span> 
     </span>
    </p>
   </div>
   <div class='ocr_carea' id='block_1_91' title="bbox 390 4463 3902 4564">
    <p class='ocr_par' dir='ltr' id='par_1_91' title="bbox 390 4463 3902 4564">
     <span class='ocr_line' id='line_1_91' title="bbox 390 4463 3902 4564; baseline -0.003 -12"><span class='ocrx_word' id='word_1_661' title='bbox 390 4463 1857 4564; x_wconf 41' lang='lat' dir='ltr'><strong>iiZZZ&#39;iiiMiiie.“isi‘éwifZEtZ‘ZriéJimﬁrofi33:23:?</strong></span> <span class='ocrx_word' id='word_1_662' title='bbox 1894 4463 2093 4552; x_wconf 40' lang='lat' dir='ltr'><strong>{idet-is</strong></span> <span class='ocrx_word' id='word_1_663' title='bbox 2113 4463 2166 4524; x_wconf 66' lang='grc' dir='ltr'><strong><em>Β</em></strong></span> <span class='ocrx_word' id='word_1_664' title='bbox 2196 4463 2555 4562; x_wconf 46' lang='grc' dir='ltr'><strong>νυᾶδδᾟωο</strong></span> <span class='ocrx_word' id='word_1_665' title='bbox 2599 4496 2872 4548; x_wconf 79' lang='lat' dir='ltr'><strong>Valdrada</strong></span> <span class='ocrx_word' id='word_1_666' title='bbox 2913 4496 2967 4546; x_wconf 85' lang='lat' dir='ltr'><strong>et</strong></span> <span class='ocrx_word' id='word_1_667' title='bbox 3023 4493 3337 4555; x_wconf 83' lang='lat' dir='ltr'><strong>Valderada,</strong></span> <span class='ocrx_word' id='word_1_668' title='bbox 3386 4499 3546 4557; x_wconf 87' lang='lat' dir='ltr'><strong>atque</strong></span> <span class='ocrx_word' id='word_1_669' title='bbox 3581 4489 3902 4564; x_wconf 82' lang='lat' dir='ltr'><strong>Gualdrada</strong></span> 
     </span>
    </p>
   </div>
   <div class='ocr_carea' id='block_1_92' title="bbox 389 4570 2093 4636">
    <p class='ocr_par' dir='ltr' id='par_1_92' title="bbox 389 4570 2093 4636">
     <span class='ocr_line' id='line_1_92' title="bbox 389 4570 2093 4636; baseline -0.002 -11"><span class='ocrx_word' id='word_1_670' title='bbox 389 4572 552 4636; x_wconf 60' lang='lat' dir='ltr'><strong>Pref.</strong></span> <span class='ocrx_word' id='word_1_671' title='bbox 603 4571 822 4626; x_wconf 84' lang='lat' dir='ltr'><strong>Dissert.</strong></span> <span class='ocrx_word' id='word_1_672' title='bbox 861 4586 914 4624; x_wconf 92' lang='lat' dir='ltr'><strong>n.</strong></span> <span class='ocrx_word' id='word_1_673' title='bbox 956 4573 986 4623; x_wconf 84' lang='lat'><strong>2</strong></span> <span class='ocrx_word' id='word_1_674' title='bbox 1019 4573 1082 4621; x_wconf 81' lang='lat' dir='ltr'><strong>de</strong></span> <span class='ocrx_word' id='word_1_675' title='bbox 1140 4570 1200 4625; x_wconf 86' lang='lat' dir='ltr'><strong>S.</strong></span> <span class='ocrx_word' id='word_1_676' title='bbox 1259 4573 1414 4624; x_wconf 84' lang='lat' dir='ltr'><strong>Petro</strong></span> <span class='ocrx_word' id='word_1_677' title='bbox 1463 4571 1669 4625; x_wconf 80' lang='lat' dir='ltr'><strong>Urseolo</strong></span> <span class='ocrx_word' id='word_1_678' title='bbox 1727 4570 1798 4622; x_wconf 91' lang='lat' dir='ltr'><strong>Cl.</strong></span> <span class='ocrx_word' id='word_1_679' title='bbox 1859 4570 1909 4622; x_wconf 89' lang='lat' dir='ltr'><strong>V.</strong></span> <span class='ocrx_word' id='word_1_680' title='bbox 1955 4571 2093 4623; x_wconf 89' lang='lat' dir='ltr'><strong>Justi</strong></span> 
     </span>
    </p>
   </div>
   <div class='ocr_carea' id='block_1_93' title="bbox 311 4643 634 4698">
    <p class='ocr_par' dir='ltr' id='par_1_93' title="bbox 311 4643 634 4698">
     <span class='ocr_line' id='line_1_93' title="bbox 311 4643 634 4698; baseline -0.009 1"><span class='ocrx_word' id='word_1_681' title='bbox 311 4669 318 4672; x_wconf 88' lang='grc'><strong>·</strong></span> <span class='ocrx_word' id='word_1_682' title='bbox 394 4643 634 4698; x_wconf 74' lang='lat' dir='ltr'><strong>Fontani.</strong></span> 
     </span>
    </p>
   </div>
   <div class='ocr_carea' id='block_1_94' title="bbox 454 4713 2097 4781">
    <p class='ocr_par' dir='ltr' id='par_1_94' title="bbox 454 4713 2097 4781">
     <span class='ocr_line' id='line_1_94' title="bbox 454 4713 2097 4781; baseline -0.001 -16"><span class='ocrx_word' id='word_1_683' title='bbox 454 4715 590 4781; x_wconf 88' lang='grc'>(191)</span> <span class='ocrx_word' id='word_1_684' title='bbox 640 4717 948 4780; x_wconf 84' lang='lat' dir='ltr'><strong>Quanquam</strong></span> <span class='ocrx_word' id='word_1_685' title='bbox 997 4729 1028 4766; x_wconf 85' lang='lat' dir='ltr'><strong>a</strong></span> <span class='ocrx_word' id='word_1_686' title='bbox 1085 4716 1337 4767; x_wconf 84' lang='lat' dir='ltr'><strong>Damiano</strong></span> <span class='ocrx_word' id='word_1_687' title='bbox 1388 4713 1679 4767; x_wconf 85' lang='lat' dir='ltr'><strong>Dalmatici</strong></span> <span class='ocrx_word' id='word_1_688' title='bbox 1730 4713 1979 4771; x_wconf 86' lang='lat' dir='ltr'><strong>ducatus,</strong></span> <span class='ocrx_word' id='word_1_689' title='bbox 2041 4717 2097 4764; x_wconf 89' lang='lat' dir='ltr'><strong>et</strong></span> 
     </span>
    </p>
   </div>
   <div class='ocr_carea' id='block_1_95' title="bbox 399 4785 2094 4852">
    <p class='ocr_par' dir='ltr' id='par_1_95' title="bbox 399 4785 2094 4852">
     <span class='ocr_line' id='line_1_95' title="bbox 399 4785 2094 4852; baseline -0.001 -14"><span class='ocrx_word' id='word_1_690' title='bbox 399 4787 524 4838; x_wconf 84' lang='lat' dir='ltr'><strong>inde</strong></span> <span class='ocrx_word' id='word_1_691' title='bbox 582 4786 874 4840; x_wconf 79' lang='lat' dir='ltr'><strong>Dalmatici</strong></span> <span class='ocrx_word' id='word_1_692' title='bbox 919 4787 1076 4852; x_wconf 81' lang='lat' dir='ltr'><strong>regni</strong></span> <span class='ocrx_word' id='word_1_693' title='bbox 1113 4788 1456 4851; x_wconf 83' lang='lat' dir='ltr'><strong>principatus</strong></span> <span class='ocrx_word' id='word_1_694' title='bbox 1499 4789 1624 4839; x_wconf 88' lang='lat' dir='ltr'><strong>divo</strong></span> <span class='ocrx_word' id='word_1_695' title='bbox 1673 4786 1821 4836; x_wconf 87' lang='lat' dir='ltr'><strong>Petro</strong></span> <span class='ocrx_word' id='word_1_696' title='bbox 1874 4785 2094 4836; x_wconf 86' lang='lat' dir='ltr'><strong>Urseolo</strong></span> 
     </span>
    </p>
   </div>
   <div class='ocr_carea' id='block_1_96' title="bbox 393 4854 2095 4924">
    <p class='ocr_par' dir='ltr' id='par_1_96' title="bbox 393 4854 2095 4924">
     <span class='ocr_line' id='line_1_96' title="bbox 393 4854 2095 4924; baseline -0.002 -14"><span class='ocrx_word' id='word_1_697' title='bbox 393 4859 688 4922; x_wconf 84' lang='lat' dir='ltr'><strong>tribuatur;</strong></span> <span class='ocrx_word' id='word_1_698' title='bbox 752 4864 934 4912; x_wconf 74' lang='lat' dir='ltr'><strong>tamen</strong></span> <span class='ocrx_word' id='word_1_699' title='bbox 998 4859 1099 4911; x_wconf 86' lang='lat' dir='ltr'><strong>sub</strong></span> <span class='ocrx_word' id='word_1_700' title='bbox 1179 4861 1300 4924; x_wconf 89' lang='lat' dir='ltr'><strong>ejus</strong></span> <span class='ocrx_word' id='word_1_701' title='bbox 1376 4864 1583 4909; x_wconf 83' lang='lat' dir='ltr'><strong>tantum</strong></span> <span class='ocrx_word' id='word_1_702' title='bbox 1643 4857 1755 4908; x_wconf 85' lang='lat' dir='ltr'><strong>tilio</strong></span> <span class='ocrx_word' id='word_1_703' title='bbox 1802 4857 1952 4909; x_wconf 89' lang='lat' dir='ltr'><strong>Petro</strong></span> <span class='ocrx_word' id='word_1_704' title='bbox 1997 4854 2095 4906; x_wconf 86' lang='lat' dir='ltr'><strong>Ur-</strong></span> 
     </span>
    </p>
   </div>
   <div class='ocr_carea' id='block_1_97' title="bbox 393 4927 2097 4990">
    <p class='ocr_par' dir='ltr' id='par_1_97' title="bbox 393 4927 2097 4990">
     <span class='ocr_line' id='line_1_97' title="bbox 393 4927 2097 4990; baseline -0.001 -9"><span class='ocrx_word' id='word_1_705' title='bbox 393 4928 544 4981; x_wconf 85' lang='lat' dir='ltr'><strong>seolo</strong></span> <span class='ocrx_word' id='word_1_706' title='bbox 597 4928 639 4980; x_wconf 91' lang='lat' dir='ltr'><strong>ll</strong></span> <span class='ocrx_word' id='word_1_707' title='bbox 689 4929 828 4982; x_wconf 89' lang='lat' dir='ltr'><strong>duce</strong></span> <span class='ocrx_word' id='word_1_708' title='bbox 902 4931 1080 4982; x_wconf 83' lang='lat' dir='ltr'><strong>Veneti</strong></span> <span class='ocrx_word' id='word_1_709' title='bbox 1137 4929 1445 4982; x_wconf 85' lang='lat' dir='ltr'><strong>dominium</strong></span> <span class='ocrx_word' id='word_1_710' title='bbox 1507 4928 1790 4980; x_wconf 65' lang='lat' dir='ltr'><strong>Dalmatia:</strong></span> <span class='ocrx_word' id='word_1_711' title='bbox 1841 4927 2097 4990; x_wconf 83' lang='lat' dir='ltr'><strong>primitus</strong></span> 
     </span>
    </p>
   </div>
   <div class='ocr_carea' id='block_1_98' title="bbox 397 5000 2096 5066">
    <p class='ocr_par' dir='ltr' id='par_1_98' title="bbox 397 5000 2096 5066">
     <span class='ocr_line' id='line_1_98' title="bbox 397 5000 2096 5066; baseline -0.003 -14"><span class='ocrx_word' id='word_1_712' title='bbox 397 5004 738 5066; x_wconf 78' lang='lat' dir='ltr'><strong>acceperunt,</strong></span> <span class='ocrx_word' id='word_1_713' title='bbox 772 5006 827 5050; x_wconf 91' lang='lat' dir='ltr'><strong>ut</strong></span> <span class='ocrx_word' id='word_1_714' title='bbox 859 5014 929 5052; x_wconf 85' lang='lat' dir='ltr'><strong>ex</strong></span> <span class='ocrx_word' id='word_1_715' title='bbox 966 5001 1205 5052; x_wconf 89' lang='lat' dir='ltr'><strong>Dandulo</strong></span> <span class='ocrx_word' id='word_1_716' title='bbox 1257 5002 1292 5052; x_wconf 92' lang='grc' dir='ltr'><strong>ι.</strong></span> <span class='ocrx_word' id='word_1_717' title='bbox 1334 5012 1412 5059; x_wconf 82' lang='lat' dir='ltr'><strong>ix,</strong></span> <span class='ocrx_word' id='word_1_718' title='bbox 1465 5012 1513 5050; x_wconf 91' lang='lat' dir='ltr'><strong>c.</strong></span> <span class='ocrx_word' id='word_1_719' title='bbox 1566 5003 1608 5058; x_wconf 86' lang='lat' dir='ltr'><strong>l,</strong></span> <span class='ocrx_word' id='word_1_720' title='bbox 1670 5003 1819 5061; x_wconf 89' lang='lat' dir='ltr'><strong>parte</strong></span> <span class='ocrx_word' id='word_1_721' title='bbox 1866 5011 1958 5055; x_wconf 84' lang='lat' dir='ltr'><strong>xv.</strong></span> <span class='ocrx_word' id='word_1_722' title='bbox 2005 5000 2096 5060; x_wconf 83' lang='lat' dir='ltr'><strong>qui</strong></span> 
     </span>
    </p>
   </div>
   <div class='ocr_carea' id='block_1_99' title="bbox 396 5070 2094 5138">
    <p class='ocr_par' dir='ltr' id='par_1_99' title="bbox 396 5070 2094 5138">
     <span class='ocr_line' id='line_1_99' title="bbox 396 5070 2094 5138; baseline -0.003 -14"><span class='ocrx_word' id='word_1_723' title='bbox 396 5079 582 5138; x_wconf 87' lang='lat' dir='ltr'><strong>postea</strong></span> <span class='ocrx_word' id='word_1_724' title='bbox 617 5078 768 5138; x_wconf 91' lang='lat' dir='ltr'><strong>parte</strong></span> <span class='ocrx_word' id='word_1_725' title='bbox 805 5084 952 5124; x_wconf 72' lang='lat' dir='ltr'><strong>muti</strong></span> <span class='ocrx_word' id='word_1_726' title='bbox 1000 5072 1068 5124; x_wconf 91' lang='lat' dir='ltr'><strong>de</strong></span> <span class='ocrx_word' id='word_1_727' title='bbox 1119 5073 1272 5124; x_wconf 83' lang='lat' dir='ltr'><strong>Petro</strong></span> <span class='ocrx_word' id='word_1_728' title='bbox 1327 5072 1548 5124; x_wconf 87' lang='lat' dir='ltr'><strong>Urseoio</strong></span> <span class='ocrx_word' id='word_1_729' title='bbox 1611 5071 1674 5127; x_wconf 90' lang='lat' dir='ltr'><strong>ll.</strong></span> <span class='ocrx_word' id='word_1_730' title='bbox 1725 5070 1841 5123; x_wconf 69' lang='lat' dir='ltr'><strong>hinc</strong></span> <span class='ocrx_word' id='word_1_731' title='bbox 1882 5070 2094 5121; x_wconf 77' lang='lat' dir='ltr'><strong>subdit:</strong></span> 
     </span>
    </p>
   </div>
   <div class='ocr_carea' id='block_1_100' title="bbox 393 5141 2096 5208">
    <p class='ocr_par' dir='ltr' id='par_1_100' title="bbox 393 5141 2096 5208">
     <span class='ocr_line' id='line_1_100' title="bbox 393 5141 2096 5208; baseline -0.001 -14"><span class='ocrx_word' id='word_1_732' title='bbox 393 5145 529 5196; x_wconf 86' lang='lat' dir='ltr'><strong>Pari</strong></span> <span class='ocrx_word' id='word_1_733' title='bbox 576 5144 824 5196; x_wconf 86' lang='lat' dir='ltr'><strong>omnium</strong></span> <span class='ocrx_word' id='word_1_734' title='bbox 866 5157 1123 5195; x_wconf 74' lang='lat' dir='ltr'><strong>consensu</strong></span> <span class='ocrx_word' id='word_1_735' title='bbox 1167 5144 1356 5196; x_wconf 86' lang='lat' dir='ltr'><strong>ducem</strong></span> <span class='ocrx_word' id='word_1_736' title='bbox 1405 5142 1692 5196; x_wconf 76' lang='lat' dir='ltr'><strong>Dalmatiae</strong></span> <span class='ocrx_word' id='word_1_737' title='bbox 1727 5157 1780 5194; x_wconf 88' lang='lat' dir='ltr'><strong>se</strong></span> <span class='ocrx_word' id='word_1_738' title='bbox 1835 5141 2096 5208; x_wconf 81' lang='lat' dir='ltr'><strong>primitus</strong></span> 
     </span>
    </p>
   </div>
   <div class='ocr_carea' id='block_1_101' title="bbox 392 5217 720 5269">
    <p class='ocr_par' dir='ltr' id='par_1_101' title="bbox 392 5217 720 5269">
     <span class='ocr_line' id='line_1_101' title="bbox 392 5217 720 5269; baseline 0 -3"><span class='ocrx_word' id='word_1_739' title='bbox 392 5217 720 5269; x_wconf 80' lang='lat' dir='ltr'><strong>nominauit.</strong></span> 
     </span>
    </p>
   </div>
   <div class='ocr_carea' id='block_1_102' title="bbox 462 5284 2099 5353">
    <p class='ocr_par' dir='ltr' id='par_1_102' title="bbox 462 5284 2099 5353">
     <span class='ocr_line' id='line_1_102' title="bbox 462 5284 2099 5353; baseline -0.003 -14"><span class='ocrx_word' id='word_1_740' title='bbox 462 5289 595 5353; x_wconf 72' lang='lat' dir='ltr'><strong>(t9?)</strong></span> <span class='ocrx_word' id='word_1_741' title='bbox 656 5288 792 5351; x_wconf 85' lang='lat' dir='ltr'><strong>Lege</strong></span> <span class='ocrx_word' id='word_1_742' title='bbox 848 5287 999 5340; x_wconf 78' lang='lat' dir='ltr'><strong>Petri</strong></span> <span class='ocrx_word' id='word_1_743' title='bbox 1032 5284 1342 5343; x_wconf 71' lang='lat' dir='ltr'><strong>Candiani;</strong></span> <span class='ocrx_word' id='word_1_744' title='bbox 1411 5284 1595 5338; x_wconf 82' lang='lat' dir='ltr'><strong>Vitalis</strong></span> <span class='ocrx_word' id='word_1_745' title='bbox 1628 5287 1771 5337; x_wconf 87' lang='lat' dir='ltr'><strong>enim</strong></span> <span class='ocrx_word' id='word_1_746' title='bbox 1802 5286 2099 5338; x_wconf 80' lang='lat' dir='ltr'><strong>Caniianus</strong></span> 
     </span>
    </p>
   </div>
   <div class='ocr_carea' id='block_1_103' title="bbox 396 5357 2099 5421">
    <p class='ocr_par' dir='ltr' id='par_1_103' title="bbox 396 5357 2099 5421">
     <span class='ocr_line' id='line_1_103' title="bbox 396 5357 2099 5421; baseline -0.002 -11"><span class='ocrx_word' id='word_1_747' title='bbox 396 5361 445 5410; x_wconf 85' lang='lat'><strong>8.</strong></span> <span class='ocrx_word' id='word_1_748' title='bbox 463 5360 613 5410; x_wconf 86' lang='lat' dir='ltr'><strong>Petro</strong></span> <span class='ocrx_word' id='word_1_749' title='bbox 628 5358 852 5410; x_wconf 87' lang='lat' dir='ltr'><strong>Urseolo</strong></span> <span class='ocrx_word' id='word_1_750' title='bbox 875 5359 1154 5416; x_wconf 86' lang='lat' dir='ltr'><strong>successit,</strong></span> <span class='ocrx_word' id='word_1_751' title='bbox 1184 5371 1288 5408; x_wconf 83' lang='lat' dir='ltr'><strong>non</strong></span> <span class='ocrx_word' id='word_1_752' title='bbox 1312 5357 1540 5421; x_wconf 76' lang='lat' dir='ltr'><strong>praeivit.</strong></span> <span class='ocrx_word' id='word_1_753' title='bbox 1572 5357 1829 5408; x_wconf 76' lang='lat' dir='ltr'><strong>Damiano</strong></span> <span class='ocrx_word' id='word_1_754' title='bbox 1853 5358 2099 5409; x_wconf 82' lang='lat' dir='ltr'><strong>solitario</strong></span> 
     </span>
    </p>
   </div>
   <div class='ocr_carea' id='block_1_104' title="bbox 401 5427 2102 5488">
    <p class='ocr_par' dir='ltr' id='par_1_104' title="bbox 401 5427 2102 5488">
     <span class='ocr_line' id='line_1_104' title="bbox 401 5427 2102 5488; baseline 0 -8"><span class='ocrx_word' id='word_1_755' title='bbox 401 5430 455 5480; x_wconf 90' lang='lat' dir='ltr'><strong>in</strong></span> <span class='ocrx_word' id='word_1_756' title='bbox 488 5429 608 5480; x_wconf 91' lang='lat' dir='ltr'><strong>loco</strong></span> <span class='ocrx_word' id='word_1_757' title='bbox 652 5429 909 5481; x_wconf 86' lang='lat' dir='ltr'><strong>scribenti</strong></span> <span class='ocrx_word' id='word_1_758' title='bbox 957 5429 1116 5481; x_wconf 77' lang='lat' dir='ltr'><strong>facile</strong></span> <span class='ocrx_word' id='word_1_759' title='bbox 1154 5429 1254 5481; x_wconf 82' lang='lat' dir='ltr'><strong>fuit</strong></span> <span class='ocrx_word' id='word_1_760' title='bbox 1276 5430 1420 5481; x_wconf 85' lang='lat' dir='ltr'><strong>circa</strong></span> <span class='ocrx_word' id='word_1_761' title='bbox 1452 5429 1671 5481; x_wconf 88' lang='lat' dir='ltr'><strong>nomina</strong></span> <span class='ocrx_word' id='word_1_762' title='bbox 1693 5440 1897 5481; x_wconf 88' lang='lat' dir='ltr'><strong>errare.</strong></span> <span class='ocrx_word' id='word_1_763' title='bbox 1931 5427 2102 5488; x_wconf 85' lang='lat' dir='ltr'><strong>Quare</strong></span> 
     </span>
    </p>
   </div>
   <div class='ocr_carea' id='block_1_105' title="bbox 401 5499 2101 5564">
    <p class='ocr_par' dir='ltr' id='par_1_105' title="bbox 401 5499 2101 5564">
     <span class='ocr_line' id='line_1_105' title="bbox 401 5499 2101 5564; baseline -0.001 -12"><span class='ocrx_word' id='word_1_764' title='bbox 401 5501 559 5564; x_wconf 85' lang='lat' dir='ltr'><strong>epist.</strong></span> <span class='ocrx_word' id='word_1_765' title='bbox 609 5499 682 5559; x_wconf 85' lang='lat'><strong>10,</strong></span> <span class='ocrx_word' id='word_1_766' title='bbox 740 5499 830 5550; x_wconf 88' lang='lat' dir='ltr'><strong>lib.</strong></span> <span class='ocrx_word' id='word_1_767' title='bbox 889 5513 928 5558; x_wconf 84' lang='grc' dir='ltr'><strong>ι,</strong></span> <span class='ocrx_word' id='word_1_768' title='bbox 982 5502 1217 5564; x_wconf 86' lang='lat' dir='ltr'><strong>ingenue</strong></span> <span class='ocrx_word' id='word_1_769' title='bbox 1271 5501 1580 5551; x_wconf 78' lang='lat' dir='ltr'><strong>adnotavit:</strong></span> <span class='ocrx_word' id='word_1_770' title='bbox 1631 5499 1739 5552; x_wconf 82' lang='lat' dir='ltr'><strong>Nec</strong></span> <span class='ocrx_word' id='word_1_771' title='bbox 1777 5511 2101 5563; x_wconf 80' lang='lat' dir='ltr'><strong>magnOpere</strong></span> 
     </span>
    </p>
   </div>
   <div class='ocr_carea' id='block_1_106' title="bbox 2192 4563 3900 4630">
    <p class='ocr_par' dir='ltr' id='par_1_106' title="bbox 2192 4563 3900 4630">
     <span class='ocr_line' id='line_1_106' title="bbox 2192 4563 3900 4630; baseline -0.004 -10"><span class='ocrx_word' id='word_1_772' title='bbox 2192 4582 2290 4622; x_wconf 90' lang='lat' dir='ltr'><strong>seu</strong></span> <span class='ocrx_word' id='word_1_773' title='bbox 2367 4569 2612 4621; x_wconf 83' lang='lat' dir='ltr'><strong>Vatderta</strong></span> <span class='ocrx_word' id='word_1_774' title='bbox 2668 4571 2723 4620; x_wconf 89' lang='lat' dir='ltr'><strong>et</strong></span> <span class='ocrx_word' id='word_1_775' title='bbox 2785 4565 3060 4619; x_wconf 82' lang='lat' dir='ltr'><strong>Watderta</strong></span> <span class='ocrx_word' id='word_1_776' title='bbox 3127 4579 3156 4616; x_wconf 89' lang='lat' dir='ltr'><strong>a</strong></span> <span class='ocrx_word' id='word_1_777' title='bbox 3221 4565 3577 4630; x_wconf 85' lang='lat' dir='ltr'><strong>scriptoribus</strong></span> <span class='ocrx_word' id='word_1_778' title='bbox 3649 4563 3900 4628; x_wconf 80' lang='lat' dir='ltr'><strong>appella-</strong></span> 
     </span>
    </p>
   </div>
   <div class='ocr_carea' id='block_1_107' title="bbox 2194 4635 3899 4704">
    <p class='ocr_par' dir='ltr' id='par_1_107' title="bbox 2194 4635 3899 4704">
     <span class='ocr_line' id='line_1_107' title="bbox 2194 4635 3899 4704; baseline -0.005 -12"><span class='ocrx_word' id='word_1_779' title='bbox 2194 4648 2310 4699; x_wconf 89' lang='lat' dir='ltr'><strong>tur;</strong></span> <span class='ocrx_word' id='word_1_780' title='bbox 2369 4655 2488 4704; x_wconf 68' lang='lat' dir='ltr'><strong>qua:</strong></span> <span class='ocrx_word' id='word_1_781' title='bbox 2555 4652 2712 4690; x_wconf 70' lang='lat' dir='ltr'><strong>soror</strong></span> <span class='ocrx_word' id='word_1_782' title='bbox 2771 4642 2885 4689; x_wconf 84' lang='lat' dir='ltr'><strong>erat</strong></span> <span class='ocrx_word' id='word_1_783' title='bbox 2955 4637 3217 4699; x_wconf 83' lang='lat' dir='ltr'><strong>Hugonis.</strong></span> <span class='ocrx_word' id='word_1_784' title='bbox 3269 4644 3320 4687; x_wconf 84' lang='lat' dir='ltr'><strong>et</strong></span> <span class='ocrx_word' id='word_1_785' title='bbox 3370 4635 3480 4687; x_wconf 84' lang='lat' dir='ltr'><strong>tilia</strong></span> <span class='ocrx_word' id='word_1_786' title='bbox 3532 4635 3708 4686; x_wconf 87' lang='lat' dir='ltr'><strong>Ubertl</strong></span> <span class='ocrx_word' id='word_1_787' title='bbox 3756 4647 3899 4686; x_wconf 87' lang='lat' dir='ltr'><strong>mar-</strong></span> 
     </span>
    </p>
   </div>
   <div class='ocr_carea' id='block_1_108' title="bbox 2193 4705 3900 4772">
    <p class='ocr_par' dir='ltr' id='par_1_108' title="bbox 2193 4705 3900 4772">
     <span class='ocr_line' id='line_1_108' title="bbox 2193 4705 3900 4772; baseline -0.005 -8"><span class='ocrx_word' id='word_1_788' title='bbox 2193 4711 2405 4764; x_wconf 85' lang='lat' dir='ltr'><strong>chiouis</strong></span> <span class='ocrx_word' id='word_1_789' title='bbox 2458 4713 2512 4761; x_wconf 88' lang='lat' dir='ltr'><strong>et</strong></span> <span class='ocrx_word' id='word_1_790' title='bbox 2560 4710 2782 4762; x_wconf 65' lang='lat' dir='ltr'><strong>Etruria</strong></span> <span class='ocrx_word' id='word_1_791' title='bbox 2836 4709 3115 4772; x_wconf 90' lang='lat' dir='ltr'><strong>principis.</strong></span> <span class='ocrx_word' id='word_1_792' title='bbox 3174 4707 3247 4760; x_wconf 88' lang='lat' dir='ltr'><strong>De</strong></span> <span class='ocrx_word' id='word_1_793' title='bbox 3299 4709 3524 4767; x_wconf 82' lang='lat' dir='ltr'><strong>Hugone</strong></span> <span class='ocrx_word' id='word_1_794' title='bbox 3577 4710 3630 4757; x_wconf 89' lang='lat' dir='ltr'><strong>et</strong></span> <span class='ocrx_word' id='word_1_795' title='bbox 3684 4705 3900 4763; x_wconf 77' lang='lat' dir='ltr'><strong>liberto,</strong></span> 
     </span>
    </p>
   </div>
   <div class='ocr_carea' id='block_1_109' title="bbox 2195 4775 3901 4838">
    <p class='ocr_par' dir='ltr' id='par_1_109' title="bbox 2195 4775 3901 4838">
     <span class='ocr_line' id='line_1_109' title="bbox 2195 4775 3901 4838; baseline -0.007 -4"><span class='ocrx_word' id='word_1_796' title='bbox 2195 4796 2293 4836; x_wconf 87' lang='lat' dir='ltr'><strong>seu</strong></span> <span class='ocrx_word' id='word_1_797' title='bbox 2346 4785 2399 4833; x_wconf 90' lang='lat' dir='ltr'><strong>et</strong></span> <span class='ocrx_word' id='word_1_798' title='bbox 2441 4782 2655 4837; x_wconf 79' lang='lat' dir='ltr'><strong>Oberto,</strong></span> <span class='ocrx_word' id='word_1_799' title='bbox 2713 4778 2836 4838; x_wconf 65' lang='lat' dir='ltr'><strong>lege</strong></span> <span class='ocrx_word' id='word_1_800' title='bbox 2890 4779 3200 4829; x_wconf 84' lang='lat' dir='ltr'><strong>Damianum</strong></span> <span class='ocrx_word' id='word_1_801' title='bbox 3255 4790 3441 4837; x_wconf 76' lang='lat' dir='ltr'><strong>upiisc.</strong></span> <span class='ocrx_word' id='word_1_802' title='bbox 3491 4788 3631 4833; x_wconf 84' lang='lat' dir='ltr'><strong>xvu.</strong></span> <span class='ocrx_word' id='word_1_803' title='bbox 3681 4775 3901 4826; x_wconf 83' lang='lat' dir='ltr'><strong>dissert.</strong></span> 
     </span>
    </p>
   </div>
   <div class='ocr_carea' id='block_1_110' title="bbox 2195 4844 3903 4917">
    <p class='ocr_par' dir='ltr' id='par_1_110' title="bbox 2195 4844 3903 4917">
     <span class='ocr_line' id='line_1_110' title="bbox 2195 4844 3903 4917; baseline -0.004 -11"><span class='ocrx_word' id='word_1_804' title='bbox 2195 4857 2224 4906; x_wconf 77' lang='lat'><strong>2</strong></span> <span class='ocrx_word' id='word_1_805' title='bbox 2257 4854 2331 4906; x_wconf 79' lang='lat' dir='ltr'><strong>De</strong></span> <span class='ocrx_word' id='word_1_806' title='bbox 2380 4852 2648 4917; x_wconf 86' lang='lat' dir='ltr'><strong>principis</strong></span> <span class='ocrx_word' id='word_1_807' title='bbox 2701 4849 2895 4913; x_wconf 76' lang='lat' dir='ltr'><strong>ofﬁcio.</strong></span> <span class='ocrx_word' id='word_1_808' title='bbox 2955 4849 3031 4900; x_wconf 87' lang='lat' dir='ltr'><strong>ad</strong></span> <span class='ocrx_word' id='word_1_809' title='bbox 3065 4844 3452 4913; x_wconf 74' lang='lat' dir='ltr'><strong>.Golhi/‘redum</strong></span> <span class='ocrx_word' id='word_1_810' title='bbox 3505 4844 3903 4900; x_wconf 78' lang='lat' dir='ltr'><strong>marchionem.</strong></span> 
     </span>
    </p>
   </div>
   <div class='ocr_carea' id='block_1_111' title="bbox 2197 4926 2388 4978">
    <p class='ocr_par' dir='ltr' id='par_1_111' title="bbox 2197 4926 2388 4978">
     <span class='ocr_line' id='line_1_111' title="bbox 2197 4926 2388 4978; baseline -0.021 0"><span class='ocrx_word' id='word_1_811' title='bbox 2197 4937 2314 4978; x_wconf 83' lang='lat' dir='ltr'><strong>can.</strong></span> <span class='ocrx_word' id='word_1_812' title='bbox 2343 4926 2388 4974; x_wconf 91' lang='lat'><strong>3.</strong></span> 
     </span>
    </p>
   </div>
   <div class='ocr_carea' id='block_1_112' title="bbox 2261 4938 3908 5060">
    <p class='ocr_par' dir='ltr' id='par_1_112' title="bbox 2261 4938 3908 5060">
     <span class='ocr_line' id='line_1_112' title="bbox 2261 4938 3908 5060; baseline -0.009 -13"><span class='ocrx_word' id='word_1_813' title='bbox 2417 4991 2697 5046; x_wconf 79' lang='lat' dir='ltr'><strong>Guarinus</strong></span> <span class='ocrx_word' id='word_1_814' title='bbox 2731 5004 2829 5044; x_wconf 87' lang='lat' dir='ltr'><strong>seu</strong></span> <span class='ocrx_word' id='word_1_815' title='bbox 2870 4989 3145 5052; x_wconf 79' lang='lat' dir='ltr'><strong>Warinus,</strong></span> <span class='ocrx_word' id='word_1_816' title='bbox 3180 4989 3322 5055; x_wconf 89' lang='lat' dir='ltr'><strong>quod</strong></span> <span class='ocrx_word' id='word_1_817' title='bbox 3365 4991 3505 5042; x_wconf 87' lang='lat' dir='ltr'><strong>idem</strong></span> <span class='ocrx_word' id='word_1_818' title='bbox 3545 4993 3653 5060; x_wconf 77' lang='lat' dir='ltr'><strong>est,</strong></span> <span class='ocrx_word' id='word_1_819' title='bbox 3687 4988 3772 5036; x_wconf 76' lang='lat' dir='ltr'><strong>vir</strong></span> <span class='ocrx_word' id='word_1_820' title='bbox 3810 4986 3908 5036; x_wconf 82' lang='lat' dir='ltr'><strong>fuit</strong></span> 
     </span>
    </p>
   </div>
   <div class='ocr_carea' id='block_1_113' title="bbox 2198 5059 3904 5131">
    <p class='ocr_par' dir='ltr' id='par_1_113' title="bbox 2198 5059 3904 5131">
     <span class='ocr_line' id='line_1_113' title="bbox 2198 5059 3904 5131; baseline -0.006 -13"><span class='ocrx_word' id='word_1_821' title='bbox 2198 5059 2590 5127; x_wconf 84' lang='lat' dir='ltr'><strong>sanctissimus,</strong></span> <span class='ocrx_word' id='word_1_822' title='bbox 2627 5066 2695 5116; x_wconf 89' lang='lat' dir='ltr'><strong>de</strong></span> <span class='ocrx_word' id='word_1_823' title='bbox 2728 5076 2836 5130; x_wconf 91' lang='lat' dir='ltr'><strong>quo</strong></span> <span class='ocrx_word' id='word_1_824' title='bbox 2873 5061 3172 5114; x_wconf 89' lang='lat' dir='ltr'><strong>monachus</strong></span> <span class='ocrx_word' id='word_1_825' title='bbox 3213 5060 3390 5131; x_wconf 85' lang='lat' dir='ltr'><strong>Gartia</strong></span> <span class='ocrx_word' id='word_1_826' title='bbox 3430 5061 3483 5112; x_wconf 92' lang='lat' dir='ltr'><strong>in</strong></span> <span class='ocrx_word' id='word_1_827' title='bbox 3519 5059 3750 5131; x_wconf 66' lang='lat' dir='ltr'><strong>quadam</strong></span> <span class='ocrx_word' id='word_1_828' title='bbox 3793 5070 3904 5131; x_wconf 68' lang='lat' dir='ltr'><strong>ep!-</strong></span> 
     </span>
    </p>
   </div>
   <div class='ocr_carea' id='block_1_114' title="bbox 2198 5127 3909 5194">
    <p class='ocr_par' dir='ltr' id='par_1_114' title="bbox 2198 5127 3909 5194">
     <span class='ocr_line' id='line_1_114' title="bbox 2198 5127 3909 5194; baseline -0.008 -6"><span class='ocrx_word' id='word_1_829' title='bbox 2198 5138 2357 5194; x_wconf 83' lang='lat' dir='ltr'><strong>stola,</strong></span> <span class='ocrx_word' id='word_1_830' title='bbox 2416 5149 2446 5187; x_wconf 81' lang='lat' dir='ltr'><strong>a</strong></span> <span class='ocrx_word' id='word_1_831' title='bbox 2496 5135 2696 5188; x_wconf 86' lang='lat' dir='ltr'><strong>Balutio</strong></span> <span class='ocrx_word' id='word_1_832' title='bbox 2744 5127 2817 5186; x_wconf 34' lang='lat' dir='ltr'><strong>vin</strong></span> <span class='ocrx_word' id='word_1_833' title='bbox 2876 5132 3118 5184; x_wconf 69' lang='lat' dir='ltr'><strong>Marchia</strong></span> <span class='ocrx_word' id='word_1_834' title='bbox 3183 5130 3400 5194; x_wconf 81' lang='lat' dir='ltr'><strong>Hispan.</strong></span> <span class='ocrx_word' id='word_1_835' title='bbox 3449 5127 3755 5192; x_wconf 78' lang='lat' dir='ltr'><strong>Appendice</strong></span> <span class='ocrx_word' id='word_1_836' title='bbox 3822 5127 3909 5177; x_wconf 82' lang='lat' dir='ltr'><strong>tit.</strong></span> 
     </span>
    </p>
   </div>
   <div class='ocr_carea' id='block_1_115' title="bbox 2197 5197 3890 5273">
    <p class='ocr_par' dir='ltr' id='par_1_115' title="bbox 2197 5197 3890 5273">
     <span class='ocr_line' id='line_1_115' title="bbox 2197 5197 3890 5273; baseline -0.009 -11"><span class='ocrx_word' id='word_1_837' title='bbox 2197 5211 2289 5262; x_wconf 67' lang='lat'><strong>222</strong></span> <span class='ocrx_word' id='word_1_838' title='bbox 2329 5209 2512 5265; x_wconf 90' lang='lat' dir='ltr'><strong>relata,</strong></span> <span class='ocrx_word' id='word_1_839' title='bbox 2551 5207 2798 5272; x_wconf 87' lang='lat' dir='ltr'><strong>scripsit:</strong></span> <span class='ocrx_word' id='word_1_840' title='bbox 2826 5203 3050 5267; x_wconf 83' lang='lat' dir='ltr'><strong>Angelus</strong></span> <span class='ocrx_word' id='word_1_841' title='bbox 3076 5202 3157 5255; x_wconf 81' lang='lat' dir='ltr'><strong>vel</strong></span> <span class='ocrx_word' id='word_1_842' title='bbox 3185 5203 3401 5255; x_wconf 75' lang='lat' dir='ltr'><strong>catestis</strong></span> <span class='ocrx_word' id='word_1_843' title='bbox 3429 5200 3587 5273; x_wconf 78' lang='lat' dir='ltr'><strong>homo</strong></span> <span class='ocrx_word' id='word_1_844' title='bbox 3630 5197 3890 5273; x_wconf 69' lang='lat' dir='ltr'><strong>Warinus</strong></span> 
     </span>
    </p>
   </div>
   <div class='ocr_carea' id='block_1_116' title="bbox 2202 5271 3910 5334">
    <p class='ocr_par' dir='ltr' id='par_1_116' title="bbox 2202 5271 3910 5334">
     <span class='ocr_line' id='line_1_116' title="bbox 2202 5271 3910 5334; baseline -0.011 0"><span class='ocrx_word' id='word_1_845' title='bbox 2202 5283 2259 5334; x_wconf 82' lang='lat' dir='ltr'><strong>Et</strong></span> <span class='ocrx_word' id='word_1_846' title='bbox 2299 5282 2350 5331; x_wconf 83' lang='lat' dir='ltr'><strong>iii</strong></span> <span class='ocrx_word' id='word_1_847' title='bbox 2387 5282 2525 5331; x_wconf 73' lang='lat' dir='ltr'><strong>Actis</strong></span> <span class='ocrx_word' id='word_1_848' title='bbox 2556 5271 2978 5331; x_wconf 78' lang='lat' dir='ltr'><strong>conSecrationis</strong></span> <span class='ocrx_word' id='word_1_849' title='bbox 3010 5275 3248 5326; x_wconf 73' lang='lat' dir='ltr'><strong>basilicae</strong></span> <span class='ocrx_word' id='word_1_850' title='bbox 3282 5271 3630 5332; x_wconf 81' lang='lat' dir='ltr'><strong>Cuxanensis,</strong></span> <span class='ocrx_word' id='word_1_851' title='bbox 3656 5271 3796 5320; x_wconf 86' lang='lat' dir='ltr'><strong>utin</strong></span> <span class='ocrx_word' id='word_1_852' title='bbox 3830 5271 3910 5317; x_wconf 77' lang='lat' dir='ltr'><strong>ci-</strong></span> 
     </span>
    </p>
   </div>
   <div class='ocr_carea' id='block_1_117' title="bbox 2202 5338 3910 5417">
    <p class='ocr_par' dir='ltr' id='par_1_117' title="bbox 2202 5338 3910 5417">
     <span class='ocr_line' id='line_1_117' title="bbox 2202 5338 3910 5417; baseline -0.009 -12"><span class='ocrx_word' id='word_1_853' title='bbox 2202 5358 2307 5406; x_wconf 89' lang='lat' dir='ltr'><strong>tata</strong></span> <span class='ocrx_word' id='word_1_854' title='bbox 2367 5351 2606 5417; x_wconf 83' lang='lat' dir='ltr'><strong>Append.</strong></span> <span class='ocrx_word' id='word_1_855' title='bbox 2664 5350 2743 5400; x_wconf 90' lang='lat' dir='ltr'><strong>tit.</strong></span> <span class='ocrx_word' id='word_1_856' title='bbox 2808 5349 2914 5407; x_wconf 85' lang='grc'>119,</span> <span class='ocrx_word' id='word_1_857' title='bbox 2989 5345 3188 5409; x_wconf 81' lang='lat' dir='ltr'><strong>legitur</strong></span> <span class='ocrx_word' id='word_1_858' title='bbox 3249 5345 3578 5417; x_wconf 64' lang='lat' dir='ltr'><strong>principem</strong></span> <span class='ocrx_word' id='word_1_859' title='bbox 3631 5338 3910 5417; x_wconf 60' lang='lat' dir='ltr'><strong>Senioer-</strong></span> 
     </span>
    </p>
   </div>
   <div class='ocr_carea' id='block_1_118' title="bbox 2202 5408 3910 5487">
    <p class='ocr_par' dir='ltr' id='par_1_118' title="bbox 2202 5408 3910 5487">
     <span class='ocr_line' id='line_1_118' title="bbox 2202 5408 3910 5487; baseline -0.011 -9"><span class='ocrx_word' id='word_1_860' title='bbox 2202 5425 2331 5478; x_wconf 89' lang='lat' dir='ltr'><strong>dum</strong></span> <span class='ocrx_word' id='word_1_861' title='bbox 2385 5408 2596 5477; x_wconf 78' lang='lat' dir='ltr'><strong>locasse</strong></span> <span class='ocrx_word' id='word_1_862' title='bbox 2641 5419 2719 5472; x_wconf 87' lang='lat' dir='ltr'><strong>ibi</strong></span> <span class='ocrx_word' id='word_1_863' title='bbox 2775 5418 3021 5471; x_wconf 84' lang='lat' dir='ltr'><strong>abbatem</strong></span> <span class='ocrx_word' id='word_1_864' title='bbox 3059 5408 3372 5487; x_wconf 74' lang='lat' dir='ltr'><strong>egregium,</strong></span> <span class='ocrx_word' id='word_1_865' title='bbox 3432 5414 3650 5487; x_wconf 77' lang='lat' dir='ltr'><strong>nomine</strong></span> <span class='ocrx_word' id='word_1_866' title='bbox 3705 5408 3910 5487; x_wconf 48' lang='lat' dir='ltr'><strong>Euan}</strong></span> 
     </span>
    </p>
   </div>
   <div class='ocr_carea' id='block_1_119' title="bbox 2194 5484 3909 5559">
    <p class='ocr_par' dir='ltr' id='par_1_119' title="bbox 2194 5484 3909 5559">
     <span class='ocr_line' id='line_1_119' title="bbox 2194 5484 3909 5559; baseline -0.01 -9"><span class='ocrx_word' id='word_1_867' title='bbox 2194 5511 2346 5552; x_wconf 82' lang='lat' dir='ltr'><strong>num.</strong></span> <span class='ocrx_word' id='word_1_868' title='bbox 2379 5495 2492 5559; x_wconf 84' lang='lat' dir='ltr'><strong>qui,</strong></span> <span class='ocrx_word' id='word_1_869' title='bbox 2514 5507 2608 5547; x_wconf 86' lang='lat' dir='ltr'><strong>ceu</strong></span> <span class='ocrx_word' id='word_1_870' title='bbox 2634 5495 2696 5544; x_wconf 89' lang='lat' dir='ltr'><strong>ut</strong></span> <span class='ocrx_word' id='word_1_871' title='bbox 2725 5491 2875 5543; x_wconf 85' lang='lat' dir='ltr'><strong>sidus</strong></span> <span class='ocrx_word' id='word_1_872' title='bbox 2913 5487 3174 5548; x_wconf 85' lang='lat' dir='ltr'><strong>lucidum,</strong></span> <span class='ocrx_word' id='word_1_873' title='bbox 3207 5486 3423 5550; x_wconf 74' lang='lat' dir='ltr'><strong>affatim</strong></span> <span class='ocrx_word' id='word_1_874' title='bbox 3455 5484 3673 5537; x_wconf 79' lang='lat' dir='ltr'><strong>uibrare</strong></span> <span class='ocrx_word' id='word_1_875' title='bbox 3707 5484 3909 5545; x_wconf 75' lang='lat' dir='ltr'><strong>satagit</strong></span> 
     </span>
    </p>
   </div>
   <div class='ocr_carea' id='block_1_120' title="bbox 397 5568 2455 5635">
    <p class='ocr_par' dir='ltr' id='par_1_120' title="bbox 397 5568 2455 5635">
     <span class='ocr_line' id='line_1_120' title="bbox 397 5568 2455 5635; baseline -0.005 -9"><span class='ocrx_word' id='word_1_876' title='bbox 397 5583 650 5626; x_wconf 86' lang='lat' dir='ltr'><strong>curamus</strong></span> <span class='ocrx_word' id='word_1_877' title='bbox 683 5568 860 5623; x_wconf 81' lang='lat' dir='ltr'><strong>videri</strong></span> <span class='ocrx_word' id='word_1_878' title='bbox 881 5584 1111 5635; x_wconf 81' lang='lat' dir='ltr'><strong>aucupes</strong></span> <span class='ocrx_word' id='word_1_879' title='bbox 1134 5573 1444 5630; x_wconf 81' lang='lat' dir='ltr'><strong>nominum,</strong></span> <span class='ocrx_word' id='word_1_880' title='bbox 1483 5571 1773 5624; x_wconf 86' lang='lat' dir='ltr'><strong>dummodo</strong></span> <span class='ocrx_word' id='word_1_881' title='bbox 1805 5569 1919 5623; x_wconf 83' lang='lat' dir='ltr'><strong>non</strong></span> <span class='ocrx_word' id='word_1_882' title='bbox 1953 5572 2108 5624; x_wconf 69' lang='lat' dir='ltr'><strong>eaci-</strong></span> <span class='ocrx_word' id='word_1_883' title='bbox 2195 5580 2455 5623; x_wconf 87' lang='lat' dir='ltr'><strong>cosmum.</strong></span> 
     </span>
    </p>
   </div>
  </div>
