4108 6206
318 249 417 307 961

1700 250 1880 309 VITA
1921 251 1980 308 S.
2022 249 2440 310 BOMUALDI.

3726 252 3833 311 962

321 378 543 438 sultum
569 379 851 454 praeberet
878 385 1116 437 exactus
1142 387 1245 439 est.
1276 380 1584 438 Accersitis
1607 380 1786 453 igitur
1814 377 2292 440 MarinoAannis
2325 379 2446 451 ipse
2483 386 2537 436 et
2585 379 2838 437 Joannes
2881 378 3299 449 Grandenicus,
3341 379 3581 438 sarculis
3618 387 3826 437 terram

320 475 378 527 et
437 467 785 539 Romualdo,
844 469 952 525 hoc
1003 467 1114 526 sibi
1171 469 1467 527 communi
1513 469 1754 543 jubetur
1805 476 2039 527 senten-

325 558 421 628 tia,
452 566 515 618 ut
545 558 826 617 saeculum
862 558 1040 617 simul
1070 575 1202 616 cum
1234 560 1377 633 ipso,
1407 575 1583 632 quem
1618 573 1722 632 per
1754 560 1916 616 nefas
1945 559 2041 616 in-

323 653 569 714 vaserat,
625 646 839 704 ducatu
897 646 1271 720 relinqueret,
1347 653 1419 716 et,
1492 647 1635 720 quia
1697 647 1766 703 ad
1830 646 2039 704 alienas

323 736 740 796 dominationis
770 752 962 794 arcem
1000 736 1215 810 injuste
1255 743 1611 810 proruperat,
1653 736 1773 809 ipse
1809 751 1870 793 se
1907 735 2042 794 alie-

324 841 420 883 nae
467 825 761 897 potestatis
798 825 1064 884 dominio
1110 825 1464 899 subjugaret.
1507 825 1613 884 Ille
1641 832 1837 884 autem
1871 826 2041 883 homo

325 913 611 972 nimirum
666 914 726 972 in
783 920 1056 986 potestate
1116 914 1358 987 positus,
1410 914 1549 987 quia
1605 915 2040 974 conversionem

324 1019 496 1062 suam
529 1005 836 1062 manifeste
864 1004 1051 1062 facere
1075 1020 1253 1063 ausus
1291 1020 1404 1063 non
1438 1013 1540 1074 est,
1586 1011 1777 1064 tutum
1818 1007 2041 1079 putavit

327 1093 437 1150 hoc
478 1093 764 1152 utendum
806 1108 930 1168 esse
968 1093 1228 1151 consilio.
1273 1093 1624 1152 Imminente
1662 1094 1843 1167 igitur
1881 1095 2039 1152 festi-

325 1180 502 1238 vitate
555 1181 737 1238 sancti
777 1181 1080 1253 cujusdam
1123 1182 1413 1256 martyris,
1448 1197 1519 1239 ex
1561 1183 1729 1257 cujus
1763 1183 2040 1242 vocabulo

330 1270 624 1329 basilicam
667 1271 728 1328 in
759 1271 991 1344 propria
1022 1272 1382 1344 possessione
1410 1273 1600 1331 adhuc
1633 1275 1894 1347 privatus
1935 1275 2041 1332 ha-

329 1358 550 1427 buerat,
581 1356 702 1415 illic
731 1357 915 1431 pridie
949 1374 1195 1417 uxorem
1225 1360 1376 1430 (196)
1401 1376 1564 1418 suam
1592 1361 1891 1434 praemisit,
1919 1363 2042 1435 ipse

325 1446 493 1519 quasi
530 1462 664 1504 mox
699 1455 1040 1516 secuturus;
1087 1449 1194 1506 hoc
1219 1449 1272 1506 ei
1303 1450 1663 1523 praecipiens,
1713 1457 1778 1510 ut
1817 1459 1869 1509 et
1895 1449 2043 1506 434

325 1542 594 1592 ornatum
629 1536 888 1592 ecclesiae.
927 1537 1426 1596 accuratissimum
1472 1540 1811 1612 provideret,
1854 1547 1912 1598 et
1948 1556 2040 1598 se-

326 1640 460 1684 cum
517 1624 886 1684 venientibus
922 1634 1289 1701 sumptuosas
1336 1627 1641 1701 epularum
1687 1629 1920 1687 delicias
1975 1631 2038 1688 in

2126 467 2473 538 frangentes,
2539 472 2594 525 et
2654 467 2910 526 triticum
2978 468 3348 535 seminantes,
3407 483 3483 525 ex
3541 483 3829 527 manuum

2122 572 2363 614 suarum
2452 557 2644 616 labore
2729 558 3021 616 vixerunt.
3106 555 3216 625 Qui
3308 555 3610 625 nimirum,
3685 555 3827 614 dum

2121 645 2534 717 agriculturam
2597 646 2963 716 exercebant,
3038 645 3262 719 pondus
3306 645 3520 718 jejunii
3569 643 3831 718 duplica-

2125 735 2283 795 bant.

2682 817 2829 874 435
2863 816 3105 877 CAPUT
3134 815 3260 874 VII.

2263 909 2340 962 De
2391 908 2608 963 diversa
2663 925 2852 978 pugna
2907 907 3136 970 diaboli,
3185 923 3352 977 quam
3404 909 3686 964 sustinuit.

2194 1001 2577 1075 Impugnabat
2624 1011 2816 1061 tamen
2862 1002 3131 1060 diabolus
3191 1002 3583 1062 Bomualdum
3634 1003 3835 1061 multis

2121 1098 2177 1148 et
2214 1093 2388 1149 variis
2430 1094 2811 1151 tentationum
2848 1091 3330 1160 immissionibus,
3367 1093 3623 1150 maxime
3660 1091 3832 1149 initio

2121 1181 2536 1251 conversionis,
2585 1190 2955 1255 mentemque
3003 1180 3129 1253 ejus
3184 1196 3280 1252 per
3324 1181 3505 1238 multa
3544 1180 3817 1239 vitiorum

2123 1266 2411 1326 incentiva
2444 1272 2719 1344 raptabat,
2753 1270 2921 1327 modo
2950 1269 3036 1326 illi
3067 1268 3127 1325 in
3172 1269 3508 1326 memoriam
3549 1284 3824 1328 revocans

2123 1371 2259 1428 quas
2289 1362 2344 1413 et
2376 1368 2610 1431 quanta,
2657 1367 2719 1417 ut
2754 1366 2886 1431 puta
2927 1358 3019 1416 vir
3054 1367 3342 1425 strenuus,
3377 1358 3436 1415 in
3482 1357 3696 1418 smculo
3732 1373 3828 1416 ac-

2123 1445 2356 1517 quirere
2394 1449 2620 1518 potuit;
2654 1447 2823 1506 modo
2853 1463 2988 1521 qua;
3037 1446 3278 1517 ingratis
3318 1446 3656 1520 propinquis
3698 1460 3831 1503 nec-

2123 1532 2264 1590 dum
2308 1541 2436 1606 post
2473 1550 2532 1591 se
2574 1533 3102 1607 concupiscibiliter
3139 1533 3528 1591 haereditanda
3566 1533 3829 1608 reliquit;

2125 1621 2296 1678 modo
2335 1637 2510 1694 parva
2550 1623 2728 1680 nimis
2761 1629 2815 1680 et
2845 1622 3067 1680 nullius
3104 1621 3299 1679 meriti
3343 1638 3466 1679 esse
3503 1637 3637 1697 quae
3681 1623 3832 1680 face-

326 1713 644 1771 crastinum
700 1723 1063 1788 praepararet.
1122 1715 1248 1788 Ipse
1307 1723 1497 1772 autem
1555 1723 1677 1788 post
1731 1720 2228 1796 conjugemBret,
2277 1713 2618 1784 accusabat;
2670 1713 2858 1781 modo,
2913 1714 3049 1770 tanti
3093 1712 3304 1770 laboris
3341 1712 3619 1769 honorem
3663 1713 3831 1770 incu-

329 1817 663 1872 remanens,
695 1804 787 1862 his
822 1805 1058 1872 de_suis
1101 1806 1404 1874 thesauris,
1438 1822 1572 1879 quae
1609 1807 1718 1865 sibi
1765 1809 2044 1868 videban-

331 1897 444 1960 tur,
486 1889 713 1961 ablatis,
756 1907 888 1951 cum
937 1894 1189 1967 quodam
1222 1911 1327 1952 suo
1358 1894 1657 1965 familiari,
1688 1895 1911 1954 Joanne
1942 1898 2045 1956 sci-

327 1979 460 2036 licet
479 1981 841 2039 Grandenico
866 1981 1033 2054 (197),
1063 1983 1167 2056 qui
1191 1983 1448 2056 praefatis
1477 1985 1893 2057 conjurationis
1915 2000 2046 2044 con-

326 2068 482 2126 scius
508 2069 711 2138 fuerat,
745 2077 954 2130 etcum
984 2071 1168 2130 tribus
1189 2071 1310 2130 illis
1336 2071 1486 2140 (198)
1519 2074 1702 2132 beatis
1734 2076 1875 2133 viris
1897 2091 2046 2148 quos

325 2159 752 2231 praeposuimus
785 2176 990 2218 navem
1022 2163 1298 2231 ascendit,
1333 2162 1543 2220 deinde
1583 2163 1642 2219 in
1682 2163 1932 2222 Galliam
1971 2165 2042 2222 ad

327 2247 748 2306 monasterium
791 2248 946 2318 (199)
987 2249 1212 2308 abbatis
1249 2249 1490 2310 Guarini
1525 2267 1772 2324 magnus
1801 2269 2044 2311 conver-

327 2349 428 2392 sus
479 2335 729 2407 aufugit.
792 2336 958 2396 Petro
1016 2339 1194 2412 igitur
1247 2347 1304 2396 et
1357 2340 1578 2398 Joanne
1630 2343 1928 2401 monachis
1981 2343 2043 2401 in

329 2424 390 2482 S.
425 2423 724 2482 Michaelis
748 2427 1012 2484 coenobio
1042 2427 1224 2497 factis,
1267 2427 1529 2488 Marinus
1568 2436 1622 2486 et
1659 2430 2043 2502 Romualdus,

328 2529 446 2571 non
509 2514 678 2588 longe
733 2531 767 2572 a
819 2517 1167 2574 monasterio
1221 2517 1513 2589 degentes,
1565 2518 1634 2576 ad
1692 2521 2047 2593 singularem

330 2602 530 2673 vitam,
564 2603 658 2661 cui
679 2605 891 2662 assueti
922 2606 1169 2676 fuerant,
1201 2614 1585 2665 revertuntur.
1623 2607 1847 2678 Quibus
1871 2611 2045 2667 etiam

326 2691 441 2763 ipsi
483 2692 604 2765 jam
651 2693 785 2752 dicti
827 2694 1048 2763 fratres,
1090 2704 1316 2768 peracto
1347 2696 1452 2753 vix
1481 2713 1682 2756 annuo
1721 2698 1924 2771 spatio,
1973 2699 2044 2756 ad

329 2779 739 2853 perferendam
771 2782 1028 2855 ejusdem
1058 2782 1390 2847 solitudinis
1408 2784 1825 2843 districtionem
1852 2801 2048 2859 aggre-

330 2871 448 2942 gati
485 2876 642 2930 sunt.

1003 2977 1248 3051 CAPUT
1280 2976 1374 3035 Vl.

2126 1802 2293 1874 tiens,
2351 1802 2537 1875 longae
2593 1802 2728 1859 vitae
2789 1803 3040 1876 spatium
3118 1800 3502 1874 promittebat.
3656 1815 3833 1874 quam

2125 1905 2297 1961 saepe,
2325 1888 2595 1948 cellulam
2625 1891 2752 1962 ejus
2780 1889 3128 1963 percutiens,
3157 1903 3312 1956 cum,
3341 1903 3474 1946 cum
3505 1887 3699 1946 adhuc
3731 1889 3834 1946 vix

2124 1976 2591 2049 obdormisceret,
2625 1978 2919 2048 excitavit,
2949 1984 3004 2036 et
3033 1977 3198 2051 quasi
3221 1977 3462 2050 jamjam
3491 1975 3836 2034 imminente

2124 2067 2488 2140 crepusculo,
2519 2083 2622 2140 per
2643 2075 2818 2126 totam
2847 2075 3071 2125 noctem
3097 2067 3394 2136 vigilando
3419 2066 3694 2123 deduxit!
3732 2066 3838 2124 Per

2123 2154 2470 2214 continuum
2521 2157 2701 2214 ferme
2738 2156 3236 2230 quinquennium,
3279 2171 3451 2229 super
3490 2157 3662 2227 pedes
3709 2157 3835 2229 ejus

2126 2249 2182 2298 et
2236 2257 2403 2300 crura
2455 2242 2722 2303 diabolus
2770 2251 3048 2303 nocturno
3091 2253 3344 2318 tempore
3387 2244 3605 2316 jacuit;
3644 2251 3720 2314 et,
3762 2260 3835 2303 ne

2128 2329 2240 2386 huc
2301 2329 2554 2405 illucque
2607 2348 2666 2390 se
2724 2332 2889 2391 facile
2941 2339 3202 2395 verteret.
3291 2340 3421 2408 typo
3492 2331 3834 2406 phantastici

2125 2418 2397 2491 ponderis
2469 2423 2826 2494 aggravavit.
2885 2421 3028 2492 Quis
3082 2423 3369 2495 explicare
3445 2421 3634 2480 valeat
3694 2428 3834 2495 quot

2127 2509 2438 2568 frementes
2490 2510 2766 2568 vitiorum
2844 2509 3052 2568 bestias
3110 2509 3393 2583 pertulit?
3451 2526 3629 2583 quam
3683 2527 3835 2584 saepe

2126 2603 2436 2672 praasentes
2475 2598 2708 2674 iniquos
2761 2600 2999 2672 spiritus
3049 2599 3382 2656 durissimis
3433 2599 3839 2672 increpationi-

2127 2688 2236 2747 bus
2265 2688 2588 2762 eugavit?
2621 2688 2784 2746 Unde
2813 2689 3006 2758 etiam,
3038 2690 3088 2746 si
3124 2690 3370 2747 fratrum
3409 2689 3623 2762 aliquis
3655 2689 3836 2746 silen-

2129 2780 2192 2836 tii
2237 2787 2488 2853 tempore
2533 2779 2738 2837 cellam
2777 2781 2903 2852 ejus
2937 2781 3145 2852 quavis
3186 2780 3520 2838 necessitate
3569 2781 3835 2854 compul-

2127 2883 2229 2927 sus
2259 2868 2465 2938 adiret,
2498 2869 2690 2926 statim
2731 2869 2899 2927 miles
2929 2869 3138 2928 Christi
3181 2877 3414 2942 paratus
3441 2869 3512 2926 ad
3544 2869 3838 2943 praelium,

2129 2955 2296 3014 solito
2325 2971 2505 3026 more,
2544 2957 2735 3029 ipsum
2780 2973 2904 3016 esse
2942 2957 3284 3016 existimans
3313 2957 3631 3030 diabolum,
3671 2958 3843 3016 claris

335 3068 994 3151 Qualiter-Romualdus
1035 3087 1140 3124 uno
1210 3087 1351 3151 anno
1411 3071 1503 3151 _de
1572 3074 1788 3142 pugillo
2787 3046 2984 3106 dicens
3007 3071 3020 3104 :
3042 3046 3385 3151 Quotendis
3406 3048 3839 3151 m.od(o,nturpis-

396 3155 499 3208 per
565 3140 729 3204 diem,
789 3148 839 3195 et
896 3142 1070 3196 tribus
1145 3145 1307 3196 annis
1388 3142 1454 3195 de
1529 3134 1629 3196 sua
1655 3134 1675 3140 '
1702 3146 2044 3211 agricultura
2067 3134 2112 3151 '
2134 3135 2327 3192 sime?
2352 3134 2506 3205 Quid
2533 3136 2635 3194 tibi
2669 3137 2730 3193 in
2777 3151 2992 3207 eremo,
3026 3136 3096 3193 de
3123 3135 3268 3194 caelo
3297 3137 3557 3209 dejecte?
3597 3137 3840 3204 Recede.

402 3213 563 3264 vixit.

402 3312 628 3372 Interea
688 3315 1068 3390 Romualdus,
1127 3333 1368 3375 accenso
1441 3318 1650 3376 mentis
1735 3318 2042 3390 desiderio,

323 3404 495 3476 etrapit
524 3403 594 3460 de
625 3405 947 3463 virtutibus
980 3406 1042 3463 in
1085 3406 1328 3464 virtutes
1367 3405 1709 3465 mirabiliter
1744 3422 1998 3465 crescere
2029 3428 2041 3466 :

329 3499 384 3547 et
432 3490 686 3564 reliquos
743 3494 948 3550 fratres
995 3501 1208 3556 sanctae
1245 3494 1696 3552 conversationis
1752 3495 2047 3567 gressibus

333 3579 564 3652 longius
610 3580 872 3639 anteire:
904 3587 968 3638 ut
999 3580 1140 3653 jam,
1181 3581 1468 3656 quidquid
1500 3581 1652 3639 inter
1692 3583 1894 3641 fratres
1921 3584 2047 3642 sive

331 3667 403 3726 de
470 3668 874 3742 spiritualibus
930 3671 1052 3727 sive
1119 3670 1296 3728 etiam
1358 3669 1428 3728 de
1481 3671 1874 3744 corporalibus
1926 3673 2047 3745 ipse

331 3757 683 3828 decerneret,
726 3757 953 3818 cunctis
992 3758 1344 3829 volentibus,
1387 3759 1512 3833 ejus
1539 3761 1780 3819 omnino
1815 3767 2045 3819 senten-

334 3845 414 3902 tia
471 3845 828 3919 praavaleret.
870 3845 999 3919 Ipse
1047 3862 1280 3921 quoque
1324 3846 1585 3906 Marinus
1615 3847 1901 3921 gaudebat
1931 3848 2047 3907 Bo-

333 3933 571 3992 mualdo
598 3950 722 3992 esse
749 3935 1012 4006 devotus,
1042 3937 1136 3994 cui
1167 3952 1356 4009 nuper
1387 3938 1571 3995 fuerat
1601 3936 1724 4009 ipse
1753 3937 2044 4011 praelatus.

334 4023 442 4081 Per
469 4024 815 4083 continuum
839 4024 1053 4099 quippe
1085 4042 1305 4084 annum
1335 4026 1697 4085 Bomualdus
1719 4026 1865 4084 nihil
1887 4026 2046 4086 aliud

328 4111 387 4168 in
451 4111 652 4170 cibum
713 4113 936 4184 habuit,
995 4113 1107 4170 nisi
1172 4120 1396 4172 tantum
1455 4130 1556 4188 per
1609 4114 1872 4186 singulos
1924 4114 2050 4173 dies

327 4216 404 4258 ex
461 4217 584 4260 uno
637 4201 858 4275 pugillo
921 4203 1064 4260 elixi
1129 4203 1328 4259 ciceris
1393 4203 1562 4260 vixit.
1645 4202 1857 4262 Tribus
1909 4219 2048 4263 vero

389 4341 528 4406 (196)
569 4341 773 4394 Felicia
801 4356 830 4393 a
854 4343 1094 4394 Dandulo
1120 4347 1175 4396 et
1197 4357 1229 4395 a
1261 4345 1374 4395 fere
1405 4344 1656 4396 omnibus
1687 4345 2032 4408 nominatur;

2133 3223 2294 3281 canis
2319 3223 2659 3294 immunde;
2685 3239 2983 3294 evanesce,
3014 3223 3251 3282 coluber
3279 3231 3591 3284 veternose.
3611 3226 3842 3299 Hisigi-

2137 3320 2230 3371 tur
2260 3320 2317 3370 et
2347 3312 2684 3386 hujusmodi
2725 3312 2916 3369 verbis
2950 3312 3274 3370 declarabat
3309 3329 3370 3372 se
3402 3329 3533 3372 cum
3569 3314 3844 3387 malignis

2134 3399 2438 3474 spiritibus
2475 3401 2536 3458 in
2574 3399 2697 3458 acie
2726 3415 2955 3472 semper
2983 3401 3268 3470 assistere,
3304 3407 3360 3460 et
3408 3401 3541 3459 fidei
3577 3417 3636 3460 se
3662 3403 3842 3460 armis

2132 3491 2460 3548 accinctum
2485 3490 2934 3564 provocantibus
2962 3490 3226 3550 hostibus
3265 3491 3324 3550 in
3363 3506 3628 3564 campum
3667 3493 3842 3564 proti-

2133 3594 2250 3638 nus
2269 3579 2520 3637 obviare.

2765 3664 3010 3725 CAPUT
3041 3665 3196 3729 VIII.

2144 3759 2323 3814 Unum
2378 3774 2546 3826 genus
2597 3760 2724 3831 uitae
2780 3758 3102 3824 Romualdi;
3137 3764 3187 3813 et
3227 3759 3294 3831 de
3326 3763 3650 3831 paenitentia
3701 3765 3852 3818 Petri

2604 3830 2780 3892 ducis,
2827 3835 2876 3883 et
2911 3831 3203 3900 prophetia
3243 3830 3380 3898 ejus.

2209 3933 2461 4006 Contigit
2516 3939 2710 3992 autem
2787 3939 2853 3992 ut
2907 3933 3242 4008 aliquando,
3320 3934 3534 3994 librum
3589 3937 3660 3996 de
3730 3939 3844 3998 vita

2135 4021 2377 4080 Patrum
2432 4023 2646 4095 legens,
2727 4021 2785 4079 in
2862 4022 3027 4080 illum
3091 4023 3283 4082 locum
3354 4025 3632 4086 incideret
3700 4026 3846 4084 436

2135 4110 2240 4169 ubi
2288 4112 2617 4170 continetur
2657 4110 2811 4185 quod
2850 4109 3086 4184 quidam
3126 4112 3482 4188 fratres-per
3509 4117 3847 4177 continuam

2133 4200 2556 4260 hebdomadam
2596 4199 2970 4272 singulariter
2999 4200 3330 4274 jejunantes
3359 4203 3532 4274 (200),
3567 4203 3848 4264 Sabbato-

2143 4345 2404 4414 sationem
2472 4343 2718 4394 Venetias
2764 4343 2938 4405 rediit,
2999 4348 3052 4396 et
3107 4348 3494 4399 monasterium
3537 4351 3588 4399 S.
3639 4350 3849 4414 Georg

406 4414 704 4502 Sansovino
747 4411 984 4502 (elicita,
1011 4415 1225 4502 'quaauin
1269 4417 1489 4494 antiqua
1535 4414 1722 4465 altaris
1753 4414 2113 4502 tabulaiadD
2145 4413 2485 4502 venetiarnm
2559 4415 2814 4502 condidit,
2879 4416 3022 4502 quod
3090 4417 3579 4502 impraesentiarum
3644 4411 3845 4502 mona-

331 4484 378 4535 S.
427 4485 691 4535 Joannem
746 4488 812 4536 de
869 4485 1090 4537 Judaica
1140 4487 1480 4538 Venetiarum
1521 4491 1882 4548 cognomento
1937 4488 2041 4538 Ha-

329 4554 548 4616 ripelra
592 4555 916 4617 inscribitur,
963 4559 1120 4622 cujus
1181 4563 1472 4608 etiamnum
1507 4556 1844 4607 nobilissima
1877 4558 2062 4621 vulgo-

337 4625 616 4686 yalipino
669 4625 869 4677 familia
931 4632 1127 4678 exstat.
1191 4627 1434 4678 Pitssima
1495 4625 1612 4677 haec
1665 4625 1862 4677 femina
1924 4627 2040 4688 fuit,

341 4708 460 4759 quae
509 4699 668 4746 unico
711 4696 854 4748 edito
898 4697 1009 4748 filio
1055 4699 1272 4762 (nempe
1324 4700 1474 4748 Petro
1517 4697 1742 4749 Urseolo
1786 4695 1828 4746 ll
1885 4696 2045 4762 duce)

342 4779 450 4816 una
510 4779 629 4817 cum
697 4779 895 4830 sponso
974 4771 1234 4818 castitatis
1308 4772 1583 4832 perpetuae
1645 4772 1826 4818 votum
1899 4772 2047 4818 vov1t

343 4835 481 4892 Deo;
544 4841 615 4897 et,
668 4837 889 4888 calcatis
958 4835 1112 4888 rebus
1173 4836 1427 4889 humanis
1493 4839 1696 4896 animo.
1756 4837 2046 4890 caelestium

341 4905 605 4957 bonorum
659 4911 877 4960 lanlum
928 4909 1382 4972 contemplatione
1442 4908 1688 4971 gavisam
1745 4921 1869 4970 esse,
1947 4922 2040 4972 po-

342 4981 646 5043 tentemque
675 4980 739 5030 in
785 4992 942 5042 opere
986 4979 1153 5042 fuisse
1201 4983 1496 5042 praedicant
1529 4980 1843 5037 Sabellicus,
1880 4980 2045 5033 Justi-

345 5050 556 5109 nianus,
587 5053 689 5101 etc.

405 5119 540 5182 (197)
591 5121 826 5171 Joannes
873 5133 944 5172 ex
997 5119 1376 5185 antiquissima
1412 5133 1566 5186 teque
1603 5133 1668 5173 ac
1713 5122 2049 5174 nobilissima

345 5187 658 5242 Gradonea
692 5198 854 5255 gente
893 5192 946 5244 D.
990 5192 1118 5243 Petri
1151 5191 1356 5244 Ursemi
1385 5205 1573 5256 nepos,
1614 5193 1707 5256 qui
1751 5206 2046 5258 nunquam,

345 5264 488 5313 sicut
530 5266 584 5312 et
625 5275 742 5325 ipse
790 5261 1062 5320 Urseolus,
1113 5263 1280 5314 Caedis
1318 5263 1457 5314 Petri
1500 5263 1748 5315 Candiani
1799 5265 2050 5317 conscius

347 5331 542 5383 fuerat.

411 5401 548 5465 (198)
579 5401 672 5454 His
702 5401 984 5456 addendus
1015 5401 1252 5455 Joannes
1286 5402 1637 5458 Maurocenus
1674 5405 1869 5470 aequali
1897 5405 2050 5460 nobi-

347 5473 499 5525 litate
554 5474 864 5539 pietateque
915 5474 1118 5534 socius,
1185 5477 1242 5526 et
1293 5476 1497 5528 Urseoll
1549 5489 1741 5540 gener,
1794 5478 1886 5541 qui
1934 5484 2054 5540 post

336 5548 592 5596 exactam
641 5546 694 5596 in
744 5546 1058 5598 Cannensi
1109 5545 1364 5598 canoblo
1415 5547 1767 5600 monasticam
1818 5559 2052 5602 conver-

2143 4485 2227 4536 chi
2288 4486 2727 4547 congregationis
2772 4483 2823 4538 S.
2885 4483 3103 4535 Justinus
3155 4499 3254 4538 seu
3307 4489 3495 4540 Montis
3543 4490 3716 4541 Casini
3765 4493 3846 4542 in-

2143 4555 2349 4607 colunt.

2207 4625 2341 4690 (199)
2369 4625 2745 4676 Monasterinm
2787 4636 2982 4689 nempe
3015 4623 3254 4689 Cumani,
3290 4627 3373 4679 cui
3409 4633 3637 4690 present
3665 4631 3848 4683 Guari.

2145 4710 2251 4748 nus
2280 4694 2466 4758 abbas,
2500 4709 2555 4746 in
2837 4696 3133 4748 Helenensi
3167 4702 3352 4760 situm,
3383 4703 3526 4763 quod
3564 4701 3851 4754 Damianus

2144 4781 2309 4832 supra
2330 4767 2392 4819 in
2415 4767 2690 4818 ulterioris
2725 4763 2908 4818 Gallia
2932 4767 3130 4829 nibus
3161 4769 3392 4820 locatum
3429 4771 3597 4824 fuisse
3628 4778 3808 4825 statuit

2147 4852 2250 4890 nec
2299 4851 2607 4902 perperam,
2671 4851 2796 4888 nam
2843 4838 2919 4888 ul.
2977 4839 3027 4888 .
3085 4838 3419 4891 Mabillonius
3466 4842 3519 4893 in
3575 4842 3848 4898 Observat.

2147 4909 2220 4961 ad
2277 4911 2457 4960 Vitam
2500 4906 2558 4960 S.
2605 4910 2666 4960 .
2721 4905 2934 4968 Urseoli,
2992 4923 3046 4960 .
3102 4912 3148 4970 4,
3199 4909 3852 4968 adnotavit:0uxanense

2148 4975 2202 5030 S.
2247 4978 2521 5046 Michaelis
2569 4979 2882 5041 canobium,
2933 4993 3248 5045 quanquam
3292 4982 3352 5032 in
3399 4983 3727 5037 Calataunia
3762 5001 3847 5046 -

2146 5052 2335 5120 silum,
2385 5051 2447 5120 in
2497 5045 2679 5101 Gallias
2727 5049 2924 5113 nibus
2979 5053 3083 5102 rite
3139 5052 3375 5104 locatum
3435 5059 3528 5113 est,
3599 5045 3851 5120 quando-

2149 5119 2368 5192 quidem
2404 5119 2854 5172 Barchinonensis
2901 5126 3123 5182 tractus,
3190 5124 3485 5183 Ceritania,
3538 5119 3740 5192 aliique
3781 5130 3854 5180 ad

2151 5190 2502 5245 Lubricatum
2546 5205 2765 5244 amnem
2789 5193 3096 5252 comitatus.
3123 5195 3471 5259 jampridem
3515 5190 3726 5250 Gallica
3753 5201 3847 5251 di-

2153 5264 2296 5315 tioni
2320 5267 2671 5316 accusarunt.

2216 5334 2354 5397 (200)
2377 5335 2503 5387 Vide
2538 5333 2828 5386 Palladium
2860 5346 2909 5385 c.
2945 5334 3006 5386 24
3028 5340 3082 5388 et
3109 5349 3229 5401 cap.
3273 5337 3377 5396 106,
3415 5350 3535 5403 quia
3569 5342 3854 5405 jejuuandi

2153 5418 2350 5459 severa
2373 5405 2706 5459 consuetudo
2739 5405 2808 5456 ab
2834 5405 2962 5470 Reg.
2985 5405 3046 5458 S.
3087 5409 3309 5461 Antonii
3339 5423 3384 5460 .
3415 5409 3465 5473 2,
3489 5416 3758 5474 statuitur,
3797 5419 3854 5465 et

2154 5477 2320 5600 .
2376 5478 2659 5600 Attbanaaio
2717 5476 2770 5527 in
2844 5475 3136 5542 Syntagm.
3198 5478 3455 5533 doctrina
3488 5485 3563 5533 ad
3608 5482 3860 5540 manavit.

2298 5560 2392 5600 rva
2418 5560 2502 5600 nr.

2160 5560 2502 5600 ODOOI'VllIll'.
