4108 6206
329 240 433 300 963

795 242 856 300 S.
897 237 1119 299 PETRI
1160 237 1480 297 DAMIANI
1519 235 1676 297 OPP.
1720 234 1912 295 PARS
1952 232 2093 294 SEU
2133 233 2382 294 TOMUS
2420 234 2494 292 ΙΙ.
2545 267 2598 276 οη
2647 230 3101 293 SANCTORUM
3143 233 3363 294 VITIE.

3732 238 3836 296 964

334 381 466 426 rum
494 365 589 425 die
623 365 837 440 pariter
870 363 1282 432 convenirent;
1339 364 1579 438 ipsoque
1630 371 1683 421 ct
1740 358 2320 432 DominicoAgulam
2348 360 2572 419 cunctis
2600 357 2975 418 sectatoribus
2996 358 3310 432 singularis
3333 360 3470 418 vitae
3502 360 3838 433 praeﬁgens,

327 455 425 516 die
445 457 657 532 jejuuii
696 457 940 529 rigorem
973 455 1423 529 interponerent,
1455 461 1509 511 et
1539 453 1837 512 remissius
1872 453 2037 510 victi-

333 551 540 605 tarent.
570 545 751 614 Quem
785 543 1019 603 vivendi
1046 544 1311 602 ordinem
1340 543 1532 601 statim
1561 542 1920 601 Romualdus
1942 558 2038 599 ar-

337 637 535 709 ripuit,
587 642 642 694 et
679 636 740 693 in
779 649 846 692 eo
874 632 1208 707 quindecim
1236 633 1353 690 fere
1377 632 1546 689 annis
1572 632 1662 689 vel
1693 649 1761 689 eo
1788 631 2040 704 amplius

335 725 612 782 continua
653 721 982 780 austeritate
1033 721 1365 795 permansit.
1421 719 1622 777 Petrus
1658 727 1852 779 autem
1891 720 2034 790 dux,

327 812 466 886 quia
517 810 715 869 multis
767 809 999 868 educari
1041 809 1262 868 deliciis
1299 809 1503 868 solitus
1550 810 1754 878 fuerat,
1799 809 2035 882 jamjam

331 905 440 963 sub
498 910 608 961 tam
679 902 919 960 districti
992 901 1199 974 jejunii
1280 901 1531 974 pondere
1607 900 2034 959 succumbebat.

334 994 498 1053 Unde
523 1009 584 1052 se
606 993 676 1051 ad
707 992 875 1065 pedes
897 992 964 1051 B.
989 989 1297 1049 Romualdi
1327 989 1630 1048 humiliter
1645 989 1848 1048 stravit
1877 987 2036 1060 (201).

329 1085 537 1145 Jussus
580 1099 718 1142 vero
775 1089 840 1141 ut
893 1089 1172 1157 surgeret,
1232 1081 1628 1140 necessitatem
1683 1096 1848 1139 suam
1906 1095 2040 1137 cum

330 1172 682 1231 verecundia
715 1177 943 1230 coactus
979 1171 1221 1245 aperuit.
1256 1171 1440 1241 Pater,
1474 1170 1686 1244 inquit,
1728 1169 1864 1244 quia
1915 1184 2041 1227 ma-

329 1277 512 1334 gnum
542 1277 750 1336 corpus
778 1263 980 1331 habeo,
1028 1277 1130 1335 pro
1181 1261 1426 1335 peccatis
1457 1261 1601 1319 meis
1628 1277 1701 1319 ex
1741 1260 1847 1317 hac
1872 1259 2042 1332 paxi-

332 1350 494 1408 matii
523 1351 826 1409 medietate
857 1351 997 1423 (202)
1025 1356 1344 1408 sustentare
1377 1365 1469 1407 me
1503 1364 1613 1406 non
1638 1364 1892 1422 possum.
1927 1348 2041 1406 Bo-

331 1443 601 1503 mualdus
639 1444 835 1518 igitur,
887 1443 1178 1517 fragilitati
1214 1443 1303 1516 pie
1330 1442 1710 1516 compatiens,
1749 1449 2043 1500 consuetae

331 1548 624 1592 mensura;
660 1535 938 1607 quadram
983 1532 1288 1606 paximatii
1329 1532 1478 1602 (“203)
1514 1548 1689 1605 super
1717 1532 1958 1602 addidit,
1988 1535 2044 1589 et

331 1623 414 1681 sic
456 1623 671 1682 labenti
705 1625 826 1697 jam
863 1625 1048 1694 fratri,
1089 1640 1164 1682 ne
1192 1624 1430 1682 omnino
1471 1623 1756 1692 deﬁceret,
1809 1623 2044 1681 miscri-

2126 455 2188 506 ut
2221 454 2358 506 tunc
2393 464 2453 505 se
2485 448 2889 521 unusquisque
2917 447 3234 506 eremiticaa
3265 450 3400 506 vitm
3421 448 3718 522 jejunium
3753 457 3839 507 te-

2125 552 2261 594 nere
2291 546 2612 610 cognoscat,
2643 539 2691 595 si
2732 554 2831 611 per
2874 537 3290 596 hebdomadam
3335 539 3650 605 lriduanas,
3688 536 3838 594 437

2124 633 2180 683 et
2212 625 2497 684 biduanas
2536 626 2684 696 (206)
2723 625 3063 700 jejunando,
3105 627 3306 699 quinta
3344 627 3483 684 feria
3534 634 3589 684 et
3631 627 3837 684 Domi-

2126 716 2272 774 nicis
2317 715 2524 774 diebus
2560 716 2715 772 olera
2756 715 2846 772 vel
2887 715 3272 789 quodcunque
3327 716 3623 788 liquamen
3681 715 3836 784 (207)

2122 821 2257 864 cum
2306 805 2620 879 gratiarum
2669 805 2892 863 actione
2941 807 3237 879 percipiat,
3277 807 3532 878 exceptis
3567 807 3840 865 videlicet

2124 895 2352 954 duabus
2381 896 2519 952 anni
2559 893 3058 968 Quadragesimis;
3103 895 3162 952 in
3209 895 3428 968 quibus
3468 912 3584 954 non
3640 897 3837 955 solum

2125 988 2246 1061 ipse
2283 987 2379 1044 sed
2418 994 2475 1044 et
2517 986 2778 1060 plerique
2822 987 2910 1044 sui
2943 985 3213 1059 discipuli
3254 987 3426 1044 totius
3458 987 3840 1046 hebdomadzc

2126 1076 2276 1135 soliti
2308 1082 2471 1133 erant
2501 1076 2844 1134 continuare
2887 1075 3199 1149 jejunium.
3234 1076 3303 1132 Et
3332 1082 3482 1135 certe
3519 1077 3660 1134 satis
3697 1091 3839 1133 con-

2126 1183 2338 1240 gruum
2384 1173 2506 1224 erat
2552 1172 2617 1225 ut
2664 1167 2765 1241 qui
2810 1167 2997 1225 Deum
3030 1167 3092 1224 in
3125 1168 3301 1226 choro
3331 1167 3565 1226 laudare
3613 1183 3842 1241 semper

2127 1257 2390 1315 studebat
2437 1265 2491 1315 et
2531 1264 2822 1332 tympano,
2875 1258 3197 1331 praecipuas
3239 1258 3656 1316 modulationis
3705 1259 3843 1316 har-

2129 1344 2372 1402 moniae
2444 1345 2871 1410 consonantiae,
2945 1344 3220 1417 diapason
3279 1344 3550 1403 videlicet
3600 1351 3659 1402 et
3715 1345 3843 1402 dia-

2127 1443 2295 1507 pente
2346 1441 2517 1506 atque
2554 1434 2908 1492 diatessaron
2955 1434 3123 1504 (208),
3159 1435 3376 1510 jugiter
3421 1435 3478 1492 in
3535 1451 3707 1495 aures
3748 1435 3847 1493 in-

2125 1522 2548 1595 circumscripti
2607 1524 2852 1582 luminis
2898 1530 3250 1597 personaret.
3303 1524 3578 1598 Jejunare
3643 1531 3842 1583 autem

2125 1613 2387 1681 omnino,
2432 1613 2540 1670 hoc
2576 1620 2660 1671 est
2705 1612 2859 1670 diem
2893 1615 3114 1687 absque
3164 1614 3286 1672 ullo
3324 1614 3454 1672 cibo
3498 1615 3842 1686 transigere,

330 1713 544 1772 cordia)
574 1730 816 1773 manum
855 1714 1113 1784 tetendit,
1143 1721 1198 1772 et
1229 1713 1298 1802 ad
1329 1715 1728 1786 peragendum
1756 1713 1904 1770 bene
1951 1700 2434 1802 vi-Biicfifip'sg
2483 1701 2800 1802 εφρὶεεὶφο
2841 1703 3055 1802 fecerit,
3081 1704 3227 1802 aliis
3264 1704 3598 1802 omnimodo
3645 1704 3846 1802 prohi-

333 1803 509 1861 veudi
563 1804 670 1862 iter
715 1805 869 1878 quod
915 1810 1164 1878 coeperat
1211 1803 1598 1862 conﬁrmavit.
1656 1803 1830 1862 Hunc
1890 1802 2046 1860 filius

333 1892 458 1966 ejus
487 1891 598 1949 sibi
635 1893 992 1967 mquivocus,
1033 1895 1125 1951 vir
1171 1893 1338 1950 valde
1389 1893 1709 1951 secundum
1765 1891 2045 1949 smculum

331 1981 608 2053 prudens,
684 1980 1000 2054 aliquando
1082 1981 1359 2039 visitavit.
1428 1981 1536 2040 Cui
1604 1981 1788 2053 Pater,
1851 1980 2045 2038 nescio

334 2075 534 2128 utrum
593 2069 910 2142 prophetiae
965 2069 1171 2142 spiritu
1231 2085 1333 2127 seu
1400 2070 1752 2128 revelatione
1825 2069 2044 2142 aliqua,

333 2173 701 2231 quaecunque
731 2157 842 2217 sibi
873 2166 1064 2216 essent
1093 2166 1372 2218 eventura
1407 2159 1704 2233 praedixit.
1739 2157 1908 2230 Novi,
1950 2159 2042 2215 in-

333 2247 480 2320 quit,
524 2247 605 2305 iili
650 2246 748 2313 mi,
799 2245 1001 2320 procul
1037 2247 1235 2319 dubio,
1283 2249 1421 2322 quia
1465 2250 1672 2307 ducem
1726 2256 1778 2306 te
1829 2247 2046 2306 consti-

336 2340 498 2393 tuent
526 2333 702 2406 (204),
731 2341 788 2392 et
821 2335 1264 2407 prosperaberis.
1305 2335 1396 2394 Tu
1425 2335 1823 2394 tantummodo
1855 2340 2046 2406 satage

335 2430 402 2484 ut
450 2431 506 2482 et
552 2424 824 2483 Ecclesiis
855 2423 1068 2483 Christi
1117 2440 1225 2484 sua
1257 2425 1391 2499 jura
1437 2440 1762 2496 conserves,
1813 2430 1868 2482 et
1915 2440 2047 2496 erga

333 2514 614 2588 subditos,
643 2515 895 2590 alicujus
931 2531 1128 2574 amore
1161 2515 1250 2573 vel
1279 2516 1434 2589 odio,
1465 2532 1498 2574 a
1522 2514 1746 2585 justitia
1786 2531 1906 2575 non
1942 2517 2044 2573 de-

339 2603 540 2664 clines.

1001 2678 1246 2738 CAPUT
1278 2679 1377 2737 IX.

695 2767 874 2822 Aliud
910 2768 1131 2822 vivendi
1174 2784 1342 2836 genus
1378 2769 1692 2826 Romualdi.

408 2869 543 2929 Post
583 2871 708 2928 hinc
747 2877 942 2930 autem
989 2872 1348 2931 Romualdus
1397 2873 1610 2931 iterum
1659 2874 1857 2948 legens
1911 2875 2047 2946 quia

337 2965 570 3017 sanctus
595 2958 872 3018 Silvester
897 2960 1060 3020 urbis
1098 2961 1300 3020 Romae
1335 2963 1635 3037 episc0pus
1663 2964 2045 3024 Sabbatorum

2109 1791 2314 1858 .bebat.
2366 1791 2600 1849 Dicebat
2644 1791 2802 1850 enim
2851 1792 2922 1851 ad
2973 1793 3381 1866 perfectionem
3427 1793 3683 1851 tendenti
3732 1795 3842 1851 hoc

2128 1895 2356 1938 summe
2390 1896 2726 1953 congruere,
2781 1886 2849 1939 ut
2887 1882 3146 1955 quotidie
3197 1881 3455 1941 comedat
3509 1889 3563 1940 et
3613 1898 3847 1956 semper

2128 1970 2362 2037 esuriat,
2399 1976 2688 2042 quatenus
2737 1971 2841 2028 hoc
2879 1986 3010 2029 caro
3045 1986 3148 2045 per
3186 1971 3664 2030 consuetudinem
3698 1971 3845 2029 levi-

2129 2063 2240 2128 get,
2274 2056 2427 2130 quod
2453 2073 2627 2130 grave
2668 2058 2904 2116 novitiis
2935 2057 3106 2118 initio
3140 2059 3538 2119 conversionis
3581 2069 3841 2134 apparet.

2131 2145 2585 2219 Parvipendebat
2631 2153 2824 2206 autem
2879 2147 2929 2205 si
2980 2150 3113 2222 quis
3154 2150 3224 2206 ad
3273 2157 3499 2224 tempus
3562 2165 3845 2222 maguum

2129 2234 2270 2306 quid
2326 2235 2622 2309 inciperet,
2678 2237 2727 2294 si
2782 2251 2899 2295 non
2955 2237 3130 2295 etiam
3183 2238 3244 2296 in
3299 2254 3367 2298 eo
3426 2239 3848 2313 longanimiter

2133 2332 2539 2396 perseveraret.

2204 2414 2446 2488 Vigilias
2487 2432 2623 2476 vero
2660 2423 2971 2491 temperate
3001 2425 3216 2478 etcum
3251 2435 3458 2494 magna
3497 2421 3847 2480 discretione

2134 2505 2426 2564 faciendas
2475 2507 2731 2565 maxime
2759 2507 3056 2579 suadebat,
3093 2525 3169 2566 ne
3203 2511 3298 2568 cui
3338 2511 3578 2570 fortasse
3613 2514 3847 2570 contin-

2134 2603 2292 2669 geret
2328 2603 2392 2654 ut
2430 2598 2641 2671 sopori,
2688 2599 2935 2672 peractis
2974 2600 3274 2658 nocturnis
3321 2600 3545 2668 ciliciis,
3596 2617 3848 2660 consen-

2136 2684 2284 2741 tiret.
2327 2684 2475 2744 Sane
2525 2687 2857 2762 hujusmodi
2893 2702 3165 2746 somnum
3217 2689 3310 2746 vir
3348 2698 3580 2749 sanctus
3615 2693 3675 2748 in
3726 2700 3850 2751 tan-

2138 2779 2259 2832 tum
2292 2775 2538 2834 habebat
2565 2792 2830 2847 exosum,
2865 2783 2931 2837 ut
2961 2779 3010 2837 si
3045 2779 3177 2852 quis
3215 2780 3268 2838 ei
3298 2782 3686 2854 confiteretur,
3719 2791 3850 2856 post

2134 2865 2438 2924 duodecim
2499 2868 2852 2940 psalmorum
2932 2871 3180 2943 vigilias,
3239 2871 3325 2930 vel
3384 2873 3639 2930 maxime
3693 2872 3851 2930 circa

2135 2952 2465 3012 diluculum
2516 2957 2892 3028 obdormisse,
2950 2974 3323 3032 nequaquam
3385 2968 3576 3034 posset
3629 2977 3698 3020 eo
3751 2962 3850 3019 die

335 3046 491 3106 diem
533 3047 920 3121 jejunandum
965 3064 1109 3121 esse,
1166 3061 1228 3109 ut
1276 3066 1472 3108 revera
1519 3052 1698 3109 sancti
1758 3051 2033 3109 Paschatis

2214 3057 2269 3100 m
2301 3044 2426 3115 ejus
2454 3042 2682 3102 licentia
2717 3060 2876 3103 sacra
2918 3046 3227 3104 missarum
3266 3049 3546 3106 solemnia
3588 3050 3847 3109 celebra-

336 3134 588 3208 vigilias,
627 3136 944 3196 instituerit
973 3137 1144 3209 (205),
1185 3153 1323 3197 mox
1364 3140 1763 3198 remissionem
1815 3140 2046 3199 θειώδη
2069 3132 2109 3142 “”
2133 3147 2214 3190 re.
2262 3132 2497 3190 Dicebat
2525 3134 2698 3192 etiam
2732 3135 2942 3194 melius
2974 3151 3112 3202 esse,
3151 3137 3197 3194 si
3223 3137 3496 3210 possibile
3530 3140 3621 3209 sit,
3655 3155 3848 3197 unum

334 3225 398 3282 in
425 3225 692 3299 quintam
731 3227 936 3285 feriam
974 3228 1372 3300 commutavit,
1432 3236 1488 3286 et
1536 3229 1638 3300 sic,
1674 3229 2046 3289 inﬁrmorum

335 3313 715 3374 imbecillitati
745 3317 1072 3388 consulens,
1107 3319 1347 3391 longum
1374 3319 1668 3394 jejunium
1703 3319 2048 3379 discretione

334 3402 531 3463 habita
565 3404 792 3465 faciliu’s
829 3406 1099 3465 reddidit.
1148 3407 1314 3466 Hanc
1349 3408 1633 3468 nimirum
1673 3408 1909 3468 vivendi
1954 3425 2047 3468 re-

399 3632 535 3694 (20t)
557 3632 669 3685 Hoc
692 3631 967 3686 indubiam
1003 3635 1395 3688 monimentum
1432 3639 1514 3688 est
1547 3637 1595 3687 S.
1635 3636 1910 3688 Romualdi
1937 3636 2041 3688 dis-

333 3703 574 3768 cipulum
597 3705 826 3769 ejusque
849 3706 1189 3768 spiritaalem
1220 3707 1389 3759 illium
1417 3707 1589 3760 fuisse
1613 3707 1798 3758 divum
1831 3708 2039 3760 Petrum

334 3774 634 3837 Urseolum,
668 3776 870 3840 quippe
905 3779 996 3840 qui
1025 3780 1151 3829 ante
1179 3780 1302 3839 ejus
1333 3779 1523 3843 pedes,
1553 3779 1627 3830 uti
1660 3779 1904 3842 magistri
1934 3780 2037 3839 sui,

336 3845 611 3899 humiliter
647 3859 849 3910 rogans
881 3861 940 3900 se
973 3852 1290 3913 prosternit.

396 3917 532 3982 (202)
590 3918 649 3968 ln
714 3918 916 3982 Regula
978 3919 1257 3972 eremitica
1310 3933 1342 3971 a
1407 3919 1462 3973 Β.
1517 3920 1672 3974 Paulo
1742 3921 2040 3974 Iustiniano

333 3989 478 4042 edita
567 3989 706 4050 1520,
773 3991 826 4041 in
901 3991 1232 4044 monasterio
1316 3991 1622 4044 Fontisboni
1697 4005 1868 4058 prope
1944 3995 2042 4046 Ca-

333 4059 654 4122 maldulum,
714 4072 832 4124 cap.
891 4061 972 4119 28,
1041 4062 1341 4114 scribitur:
1384 4063 1510 4113 Erat
1578 4064 1686 4113 illis
1749 4065 2043 4127 quotidiani

333 4130 439 4180 cibi
490 4144 733 4182 mensura
781 4145 874 4194 per
920 4133 1148 4194 singulos
1209 4147 1334 4198 pars
1385 4135 1606 4184 dimidia
1648 4137 1940 4197 paximatii,
1988 4137 2042 4186 id

336 4209 404 4251 est
442 4203 585 4263 sicci,
635 4209 727 4251 aut
779 4202 984 4252 biacocti
1031 4205 1190 4266 panis
1245 4206 1536 4254 dimidium.
1596 4207 1745 4271 Apud
1801 4208 2036 4258 nonnul-

333 4272 420 4325 los
479 4274 824 4336 pazimatium
864 4277 970 4326 est
1031 4275 1188 4334 panis
1259 4276 1674 4336 subcinericius,
1747 4279 1834 4329 vel
1909 4279 2015 4330 hor

337 4343 588 4396 deaceus.

397 4413 532 4479 (203)
594 4415 646 4467 B.
703 4415 893 4468 Paulus
967 4417 1161 4469 Justin.
1238 4419 1292 4469 in
1357 4419 1571 4470 laudata
1647 4420 1847 4478 Regula
1902 4432 1994 4469 ere

334 4488 514 4539 mitica
567 4490 640 4538 ait
677 4502 690 4539 :
726 4488 781 4538 id
837 4496 930 4551 est,
989 4496 1228 4551 quartam
1281 4499 1476 4554 partem
1521 4491 1812 4553 hujusmodi
1851 4485 2027 4556 panis.

397 4557 847 4623 (204)1mpletum
891 4563 976 4612 est
1014 4561 1117 4612 hoc
1165 4561 1476 4613 vaticinium
1525 4567 1645 4626 post
1695 4563 1876 4614 Vitalis
1913 4563 2038 4613 Can-

334 4628 482 4681 diani
517 4632 571 4680 et
611 4629 829 4682 Tribuni
859 4630 1065 4683 Memmi
1111 4631 1381 4690 ducatum,
1422 4643 1543 4683 cum
1572 4645 1714 4685 anno
1745 4633 1856 4696 991,
1887 4635 2038 4696 juxta

333 4700 657 4765 prophetiam
695 4703 859 4752 sancti
887 4703 1144 4764 genitoris
1177 4703 1259 4752 sui
1285 4704 1538 4753 tricesimo
1571 4707 1734 4754 artati:
1767 4720 1909 4756 anno
1937 4706 2041 4754 dus:

333 4779 532 4895 {gaius
565 4773 664 4895 iniit
698 4773 884 4826 Petrus
930 4774 1188 4826 Urseolus
1225 4775 1289 4838 ll,
1331 4776 1469 4827 sicut
1513 4776 1704 4827 scribit
1745 4777 2037 4835 Dandulus,

415 4856 607 4895 .ix.c.
668 4881 681 4895 .

360 4843 430 4896 ib.
454 4856 535 4906 ix,
559 4856 607 4896 c.
638 4847 681 4895 i.

395 4915 532 4978 (205)
588 4915 715 4968 Vide
777 4917 1058 4981 epistolam
1117 4915 1263 4967 Petri
1309 4915 1548 4969 Damiani
1609 4916 1677 4969 ad
1736 4928 1853 4968 suae
1901 4928 2035 4970 cou—

333 4986 669 5054 greg'ationis
719 4989 996 5048 eremitas,
1053 4990 1089 5040 t.
1154 4987 1192 5050 l,
1253 4987 1345 5039 lib.
1402 5001 1480 5047 vr,
1539 5001 1626 5054 ep.
1691 4989 1768 5046 35.
1817 4987 1911 5039 ubi
1968 4988 2036 5042 de

335 5053 440 5108 hac
494 5055 547 5107 B.
613 5057 852 5111 Silvestri
912 5057 1182 5112 sententia
1227 5059 1283 5110 in
1337 5053 1587 5112 Sabbato’
1606 5060 1885 5125 jejunandi
1933 5059 2036 5113 dis-

331 5128 551 5179 seritur.

399 5198 532 5260 (206)
566 5199 841 5266 Frequens
883 5201 1074 5254 barum
1109 5211 1303 5255 vocum
1335 5211 1512 5254 unum
1546 5200 1604 5253 in
1637 5202 1865 5254 vetustis
1899 5213 2034 5255 con-

336 5268 718 5335 stitutionibus,
757 5273 824 5325 de
845 5284 1073 5337 quarum
1098 5272 1496 5338 signiﬁcatione
1517 5276 1569 5325 et
1589 5285 1693 5325 usu
1720 5273 1829 5326 late
1857 5273 2035 5327 disse-

333 5340 405 5391 rit
424 5339 592 5394 Lucas
617 5343 1088 5408 Barchinonensis,
1125 5347 1260 5397 alias
1292 5345 1561 5409 Hispanus
1592 5344 1786 5405 dictus,
1824 5345 1878 5396 in
1903 5345 2034 5398 Hist.

333 5412 679 5464 Romualdirta
732 5413 771 5466 Ι.
821 5429 874 5480 v,
926 5426 975 5468 c.
1032 5417 1081 5468 3.
1137 5418 1378 5468 Biduana
1432 5420 1613 5470 autem
1671 5419 1726 5470 et
1769 5417 2032 5477 triduana,

331 5481 668 5536 vocabantur
716 5487 924 5552 jejunis
994 5487 1213 5552 antiquo
1261 5491 1536 5552 "tempore,
1603 5499 1730 5540 cum
1784 5488 1919 5542 feria
1975 5499 2047 5554 ii,

333 5555 388 5608 et
435 5566 514 5614 Ill,
567 5556 620 5606 et
663 5567 749 5612 iv;
798 5561 851 5610 et
898 5561 1085 5623 postea
1124 5571 1199 5620 vi,
1255 5559 1392 5611 feria
1424 5563 1479 5613 et
1519 5558 1746 5612 Sabbato
1789 5560 1847 5611 in
1889 5567 2034 5623 pane

2131 3224 2421 3296 psalmum
2443 3241 2516 3282 ex
2536 3226 2704 3284 corde
2726 3233 2931 3285 etcum
2953 3229 3397 3302 compunctione
3413 3236 3642 3287 cantare
3664 3245 3845 3303 quam

2131 3320 2367 3372 centum
2427 3331 2558 3374 cum
2616 3319 2828 3375 mentis
2886 3317 3239 3377 fabulatione
3313 3336 3662 3392 percurrere.
3734 3321 3846 3379 Cui

2131 3408 2327 3462 autem
2380 3403 2506 3461 haec
2545 3405 2725 3478 gratia
2763 3405 3010 3479 perfecte
3059 3407 3190 3465 data
3240 3424 3354 3467 non
3412 3417 3577 3482 esset,
3641 3411 3842 3468 horta-

2141 3629 2194 3678 et
2261 3639 2400 3692 aqua
2461 3628 2829 3692 jejunabatur,
2925 3633 2981 3682 ut
3061 3632 3302 3695 priorum
3397 3633 3608 3687 scilicet
3682 3635 3849 3686 trium

2139 3695 2350 3750 dierum
2407 3698 2684 3760 triduana,
2749 3702 3088 3764 sequentium
3149 3715 3281 3755 vero
3343 3703 3573 3755 duorum
3617 3703 3850 3754 biduana

2141 3768 2418 3820 diceretur
2491 3769 2843 3830 abstinentia;
2906 3776 3067 3836 prout
3144 3772 3194 3824 Β.
3269 3771 3457 3826 Paulus
3511 3775 3852 3828 Justiniauus

2138 3839 2198 3890 in
2255 3840 2378 3903 Reg.
2431 3844 2706 3894 eremitica
2757 3855 2878 3908 cap.
2934 3844 3017 3905 27,
3089 3846 3360 3908 exposuit.
3426 3845 3499 3897 De
3558 3846 3709 3898 hisce
3758 3848 3849 3909 je-

2135 3912 2306 3976 juniis
2357 3912 2569 3976 legatur
2611 3915 2773 3966 etiam
2819 3919 3008 3968 noster
3070 3915 3254 3968 Petrus
3302 3915 3446 3969 Dam.
3511 3929 3700 3979 opusc.
3752 3931 3849 3976 xv,

2140 3995 2185 4034 c.
2248 3985 2297 4040 6,
2365 3987 2416 4035 et
2465 3995 2651 4047 opusc.
2716 3998 2836 4044 xw,
2901 3988 2954 4036 in
3011 3987 3206 4049 quibus
3268 3988 3341 4039 ait
3407 3989 3474 4040 de
3519 3989 3717 4052 jejunii
3783 3991 3853 4040 si-

2139 4053 2484 4115 gniﬁcatione
2533 4069 2546 4106 :
2591 4056 2835 4118 Jejunare
2887 4065 3056 4107 autem
3116 4058 3239 4107 illo:
3313 4059 3531 4110 dicimus
3579 4061 3670 4122 qui
3743 4075 3850 4124 pa—

2138 4138 2255 4196 rtem
2310 4139 2423 4175 cum
2473 4126 2576 4176 sale
2633 4136 2675 4176 et
2737 4141 2879 4190 aqua
2933 4130 3256 4194 percipiunt,
3316 4139 3374 4180 ut
3435 4139 3602 4181 autem
3662 4141 3854 4196 pra-ter

2143 4195 2246 4246 haec
2306 4197 2454 4248 aliud
2522 4199 2725 4261 aliquid
2787 4201 3016 4264 additur,
3079 4204 3358 4267 perfectum
3417 4195 3681 4267 jejunium
3740 4218 3852 4252 non

2143 4281 2173 4316 υ
2184 4273 2360 4318 ocatur

2210 4337 2343 4407 (207)
2373 4343 2712 4406 Quodcunque
2763 4343 2996 4408 tegumen
3041 4345 3172 4409 legit
3215 4345 3267 4396 Β.
3328 4347 3519 4400 Paulus
3552 4346 3746 4398 Justin.
3792 4347 3847 4397 in

2153 4411 2252 4474 Reg
2263 4450 2275 4462 .
2304 4415 2583 4464 eremitica.

2206 4486 2341 4550 (208)
2388 4486 2478 4537 Hae
2512 4497 2676 4538 voces
2714 4499 2745 4538 a
2779 4488 3000 4540 musicis
3031 4489 3096 4540 ad
3127 4489 3516 4551 signiﬁcandas
3549 4491 3854 4553 praecipuas

2093 4573 2106 4583 ι
2143 4569 2243 4610 seu
2303 4558 2595 4623 perfectas,
2663 4562 2722 4610 ut
2783 4562 2998 4620 vocant,
3066 4558 3393 4612 barmonicae
3461 4561 3852 4612 modulationis

2144 4631 2528 4681 consonantias
2600 4634 2869 4691 usurpatae
2936 4633 3098 4690 sunt;
3155 4642 3280 4682 nam
3341 4632 3594 4696 diapason
3656 4637 3851 4682 octava

2142 4704 2242 4762 est,
2343 4701 2584 4765 diapente
2693 4702 2962 4764 signiﬁcat
3041 4704 3300 4766 quintam,
3385 4710 3439 4756 et
3528 4705 3851 4752 diatessaron

2142 4773 2403 4836 quartam.
2461 4771 2590 4823 Cum
2645 4785 2777 4836 ergo
2817 4772 2872 4823 in
2918 4773 3353 4837 quadragesimis
3407 4773 3458 4826 B.
3529 4772 3852 4827 Romualdus

2141 4846 2372 4906 ejusque
2439 4843 2690 4907 discipuli
2753 4857 2786 4896 a
2848 4844 3122 4897 Dominica
3187 4847 3243 4897 in
3309 4847 3632 4898 Dominicam
3696 4845 3848 4897 refe-

2141 4915 2372 4966 ctionem
2423 4927 2580 4966 suam
2629 4915 2923 4975 diﬂerrent,
2979 4918 3126 4969 recte
3173 4928 3272 4981 per
3327 4920 3531 4969 octavae
3581 4916 3848 4968 interval-

2138 4983 2252 5036 lum
2301 4985 2554 5051 diapason
2614 4987 2980 5039 harmonicam
3018 4989 3074 5040 in
3122 4989 3320 5041 divinis
3381 4988 3609 5041 auribus
3659 4999 3851 5051 perso-

2140 5055 2358 5108 nabant.
2397 5057 2635 5122 Dumque
2678 5057 2799 5110 aiiis
2833 5058 3171 5123 temporibus
3202 5059 3547 5112 hebdomadas
3575 5058 3848 5122 jejunium

2140 5128 2197 5179 in
2261 5128 2397 5181 feria
2447 5131 2634 5193 quinta
2680 5129 3016 5194 relaxabant,
3082 5132 3257 5194 ipsam
3306 5131 3563 5196 diapason
3613 5131 3669 5180 in
3719 5141 3847 5192 gra-

2137 5200 2349 5253 viorem
2430 5201 2684 5266 diapente,
2750 5213 2871 5266 qua:
2944 5206 3028 5254 est
3097 5216 3128 5254 a
3197 5204 3370 5268 prima
3437 5201 3713 5254 Dominica
3791 5199 3847 5251 in

2138 5273 2378 5336 quintam
2461 5271 2673 5335 feriam,
2755 5276 2808 5326 et
2874 5273 3174 5326 acutiorem
3232 5273 3567 5335 diatessaron,
3620 5283 3742 5336 quas
3817 5283 3849 5321 a

2139 5344 2326 5408 quinta
2373 5342 2511 5397 feria
2561 5344 2629 5396 ad
2679 5344 2986 5410 proximum
3041 5343 3375 5398 Dominicum
3431 5344 3578 5397 diem
3624 5342 3848 5394 residua

2137 5417 2235 5476 est,
2299 5413 2630 5478 dividebant,
2675 5416 2862 5479 sicque
2917 5415 3202 5481 praecipuis
3243 5413 3614 5468 consonantiis
3651 5424 3848 5466 eorum

2133 5486 2340 5550 jejunia
2411 5497 2511 5549 per
2598 5485 2882 5550 mysticam
2959 5485 3247 5540 melodiam
3318 5486 3572 5539 distincta
3642 5493 3844 5537 nosce-

2127 5559 2353 5611 bantur.
