4108 6206
305 288 416 348 965

1691 295 1869 354 VITA
1911 296 1968 356 S.
2015 293 2425 357 ROMUALDI.

3719 301 3823 360 966

305 413 480 471 batur
518 416 708 469 tamen
748 427 1116 485 nequaquam
1157 414 1480 488 desperare,
1528 432 1893 492 nequaquam
1937 419 2404 487 velAnentihus,
2461 417 2618 477 solus
2659 433 2792 478 cum
2837 419 2958 478 solo
3003 428 3297 493 gestorum
3345 436 3582 481 suorum
3620 425 3828 483 seriem

305 503 381 559 ab
425 501 548 576 ipsa
594 502 874 574 corporali
915 504 1326 562 exercitatione
1363 513 1664 580 tepescere,
1697 510 1877 566 donec
1916 510 2035 582 ipse

2112 524 2344 565 narrare
2386 509 2551 580 quasi
2597 525 2696 582 per
2747 509 3164 567 confessionem
3209 511 3398 586 cmpit.
3452 509 3558 569 Cui
3603 513 3692 570 vir
3737 529 3829 572 ve-

309 590 416 664 qui
447 591 806 648 voluntatem
859 591 1014 649 dedit
1049 593 1260 651 tribuat
1281 585 1471 652 'etiam
1504 595 1817 668 aliquando
1849 597 2034 656 facul-
2109 597 2404 668 nerabilis,
2476 597 2566 654 his
2626 613 2759 672 quzn
2824 597 2897 654 ab
2972 615 3038 657 eo
3119 585 3516 659 referebantur
3591 601 3824 672 auditis,

310 685 503 737 tatem.
541 678 969 738 Tantummodo
1015 682 1294 740 orationis
1340 683 1644 742 incensum
1687 689 1899 744 mentis
1938 687 2031 744 in-

310 768 490 825 tentio
531 766 591 823 in
637 767 824 842 Deum
863 769 1043 827 semel
1080 771 1200 828 ﬁxa
1239 773 1544 845 custodiat,
1582 775 1734 848 quod
1776 778 2032 835 exterius

305 856 550 914 veniens
601 856 1016 928 cogitationum
1061 875 1204 917 aura
1230 862 1544 933 perturbat.
1585 862 1695 922 Ubi
1747 864 1901 922 enim
1949 882 2034 936 est

304 943 547 1002 intentio
601 953 772 1012 recta,
813 955 1010 1006 contra
1048 949 1404 1008 voluntatem
1461 953 1731 1020 cogitatio
1792 955 2034 1013 veniens

305 1048 421 1091 non
454 1040 537 1091 est
570 1033 820 1092 nimium
856 1036 1244 1095 formidanda.

929 1131 1080 1189 438
1112 1137 1359 1194 CAPUT
1388 1139 1462 1196 Χ.

305 1227 382 1280 De
411 1227 603 1280 comite
641 1227 740 1296 qui
783 1241 1003 1280 vaccam
1048 1229 1342 1352 thpuit.t8t
1397 1245 1514 1283 eam
1563 1229 1882 1286 comedenda
1934 1248 2030 1287 ne-

1019 1314 1081 1352 ca
1109 1314 1172 1352 us
1203 1315 1255 1352 es
1287 1341 1301 1352 .

1019 1314 1172 1352 catus
1203 1314 1301 1354 ρει.

380 1382 638 1452 Quodam
692 1401 828 1444 vero
867 1392 1140 1459 tempore,
1181 1385 1319 1444 dum
1361 1386 1554 1445 adhuc
1606 1388 1664 1446 in
1723 1387 1926 1447 Gallia)
1961 1390 2032 1447 ii-

310 1473 487 1533 nibus
541 1474 682 1548 (209)
740 1483 1081 1547 moraretur,
1139 1476 1482 1534 familiarem
1542 1478 1653 1536 sibi
1722 1481 2030 1553 quemdam

314 1564 557 1622 habebat
603 1565 935 1638 agricolam,
990 1566 1092 1639 qui
1143 1567 1253 1624 sibi
1302 1575 1357 1625 et
1403 1569 1671 1626 utensilia
1710 1569 1921 1642 quibus
1970 1570 2028 1627 in

313 1651 456 1710 cella
511 1669 654 1726 opus
699 1661 784 1712 est
823 1654 1137 1728 aliquando
1174 1655 1437 1726 faciebat,
1466 1663 1521 1714 et
1564 1657 1612 1714 si
1661 1657 1799 1730 quid
1841 1658 1893 1714 ei
1935 1674 2031 1730 op-

2113 685 2406 758 respondit
2434 686 2601 743 aliter
2630 703 2769 744 eum
2797 687 3006 746 salvari
3041 689 3279 746 minime
3311 705 3494 762 posse,
3522 690 3632 748 nisi
3658 706 3826 749 mun-

2113 773 2252 832 dum
2296 773 2632 848 relinquens
2675 777 2742 834 ad
2785 779 3196 836 monasterium
3237 781 3580 837 convolaret.
3627 779 3832 838 Comes

2113 871 2329 932 autem,
2366 879 2500 920 mox
2553 874 2744 923 mente
2794 867 3076 938 turbatus,
3113 868 3194 924 ait
3236 869 3374 941 quia
3418 869 3681 927 videlicet
3740 870 3832 928 sui

2115 952 2442 1025 spirituales
2491 953 2621 1023 viri,
2655 957 2755 1029 qui
2797 957 2922 1029 ejus
2967 963 3090 1014 acta
3133 965 3561 1028 cognoscerent,
3606 973 3828 1030 nequa-

2115 1056 2289 1114 quam
2323 1043 2398 1098 ita
2423 1043 2707 1100 sentirent
2744 1060 2932 1117 neque
2969 1051 3082 1102 tam
3112 1045 3533 1103 intolerabilem
3564 1061 3685 1103 rem
3718 1046 3829 1103 sibi

2115 1130 2429 1204 aliquando
2474 1131 2802 1190 suaderent.
2849 1132 3060 1190 Ascitis
3093 1134 3287 1206 itaque
3325 1134 3607 1208 episcopis
3640 1141 3694 1192 et
3729 1135 3831 1192 ab.

2118 1220 2348 1280 batibus
2373 1222 2474 1294 qui
2505 1238 2701 1280 secum
2733 1229 3029 1292 venerant,
3065 1224 3234 1298 cmpit
3265 1224 3324 1282 in
3366 1240 3674 1283 commune
3701 1241 3830 1300 per-

2115 1313 2346 1385 quirere
2379 1318 2486 1380 [an]
2521 1312 2598 1370 ita
2627 1329 2716 1370 res
2745 1312 2893 1370 sicut
2919 1313 3022 1370 Dei
3061 1329 3263 1372 servus
3294 1314 3607 1374 testabatur
3635 1332 3695 1374 se
3729 1316 3831 1373 ha-

2115 1401 2292 1459 beret.
2318 1401 2411 1459 Illi
2443 1409 2637 1460 autem
2667 1401 2730 1460 B.
2774 1402 3082 1462 Romualdi
3111 1405 3454 1462 sententiam
3486 1420 3687 1463 omnes
3715 1421 3831 1463 una

2116 1505 2254 1548 voce
2290 1491 2651 1560 confirmant,
2705 1506 2765 1547 se
2822 1498 3012 1548 autem
3068 1492 3125 1548 id
3169 1493 3364 1550 comiti
3423 1498 3662 1553 eatenus
3715 1510 3834 1553 non

2114 1579 2354 1648 dixisse,
2411 1586 2624 1637 terrore
2673 1579 3026 1648 constrictos,
3068 1588 3370 1639 excusant.
3414 1582 3582 1639 Tunc
3618 1598 3830 1653 comes,

2117 1667 2351 1725 semotis
2414 1668 2717 1737 omnibus,
2777 1668 2884 1725 hoc
2930 1684 3062 1726 cum
3121 1667 3185 1726 Β.
3245 1669 3568 1728 Bomualdo
3623 1678 3835 1728 secreto

314 1751 635 1842 portunum.
663 1753 830 1842 esset,
861 1746 1035 1842 ditior
1065 1746 1339 1842 charitate
1369 1763 1542 1842 quam
1576 1749 1874 1842 rebu_s,_de
1908 1766 2096 1842 sumB
2117 1754 2284 1811 valde
2327 1755 2583 1814 consilio
2617 1755 2852 1828 pepigit,
2892 1763 2954 1813 ut
2996 1757 3067 1813 ad
3116 1756 3391 1815 Casinum
3433 1764 3687 1815 montem
3726 1758 3837 1815 sub

317 1833 670 1906 paupertatis
725 1834 916 1908 inopia
955 1834 1220 1892 hilariter
1258 1835 1640 1894 ministrabat.
1680 1836 1870 1912 Hujus
1898 1855 2030 1895 vac-

313 1936 438 1981 cam
497 1937 689 1981 comes
742 1923 979 1998 quidam
1041 1924 1326 1998 superbus
1383 1932 1438 1982 et
1503 1925 1781 1992 tumidus,
1846 1926 2039 1984 missis

314 2010 598 2083 parasitis,
659 2011 880 2083 impetu
938 2011 1240 2071 barbarico
1285 2012 1501 2086 rapuit,
1551 2013 1790 2088 ejusque
1838 2029 2040 2072 carnes

313 2099 622 2173 prmparari
651 2100 762 2158 sibi
783 2100 856 2158 ad
878 2103 1186 2175 prandium
1210 2118 1343 2162 cum
1366 2119 1574 2176 magna
1594 2105 1748 2177 gula)
1768 2105 2040 2161 aviditate

315 2190 604 2262 praecepit.
665 2190 810 2248 Ecce
867 2199 1064 2249 autem
1148 2192 1401 2250 rusticus
1453 2192 1661 2250 cellam
1729 2193 2038 2251 Romualdi

315 2279 562 2338 festinus
624 2282 980 2355 aggreditur,
1042 2282 1283 2356 jacturte
1341 2298 1465 2340 sua:
1523 2299 1720 2343 casum
1773 2284 2040 2342 clamosis

315 2369 634 2429 ululatibus
682 2373 1048 2442 vociferatur,
1106 2388 1265 2446 spem
1326 2389 1490 2432 suam
1548 2380 1604 2431 et
1657 2389 1780 2432 sum
1831 2375 2040 2432 domus

317 2457 568 2517 ablatam
619 2476 742 2518 esse
799 2461 1192 2533 conqueritur.
1239 2461 1484 2520 Sanctus
1528 2463 1723 2535 itaque
1761 2463 2038 2522 Bomual-

315 2546 429 2606 dus
489 2546 562 2606 ad
616 2549 883 2607 eumdem
933 2553 1203 2608 comitem
1252 2551 1474 2610 concito
1529 2551 1711 2624 gradu
1764 2552 2038 2610 nuntium

315 2637 533 2710 dirigit,
576 2644 629 2696 et
677 2645 740 2697 ut
785 2640 1022 2712 pauperi
1071 2639 1289 2698 animal
1338 2657 1510 2700 suum
1563 2641 1762 2699 reddat
1820 2642 2039 2700 humil-

317 2725 456 2782 lima
501 2725 922 2799 supplicatione
967 2725 1221 2800 deposcit
1268 2728 1424 2800 (210).
1471 2727 1654 2801 Cujus
1701 2744 1894 2802 preces
1945 2729 2040 2788 lu-

316 2813 511 2872 bricus
549 2830 741 2873 comes
779 2821 1043 2888 protervo
1089 2815 1296 2890 spiritu
1353 2816 1592 2890 respuit,
1631 2823 1686 2874 et
1724 2833 1900 2890 quem
1949 2834 2040 2876 sa-

315 2920 515 2980 porem
564 2923 772 2965 crassae
808 2921 996 2964 vaccae
1037 2906 1222 2965 lumbi
1265 2908 1585 2981 potuissent
1630 2909 1862 2979 habere,
1905 2910 2042 2982 quia

317 2996 445 3070 ipso
493 2998 586 3055 die
624 3005 772 3056 esset
811 3005 1170 3070 gustaturus,
1211 2999 1477 3058 asseruit.
1519 3000 1884 3058 Adveniente
1931 3016 2042 3058 au-

320 3092 434 3144 tem
499 3088 640 3146 hora
689 3088 940 3161 prandii,
999 3087 1254 3162 apposita
1315 3103 1532 3156 mensa,
1601 3105 1786 3148 vaccae
1838 3104 2038 3146 carnes

2117 1849 2401 1916 praetextu
2480 1843 2761 1902 orationis
2842 1852 3100 1917 pergeret
3137 1889 3150 1910 ,
3209 1852 3263 1901 et
3339 1847 3401 1903 in
3488 1847 3835 1905 monasterio

2123 1929 2181 1990 S.
2221 1933 2516 1992 Benedicti
2554 1932 2756 1991 divino
2781 1949 2841 1990 se
2869 1933 3104 1990 servitio
3132 1935 3587 1993 irrevocabiliter
3612 1936 3836 1993 manci-

2120 2027 2298 2094 paret.

2770 2091 3015 2151 CAPUT
3057 2091 3186 2150 XII.

2396 2183 2472 2236 De
2499 2181 2690 2249 Sergio
2718 2181 2792 2236 ad
2817 2184 3072 2238 sweulum
3101 2185 3301 2238 reverti
3331 2185 3560 2242 volente.

2194 2273 2416 2330 Interea
2467 2271 2704 2345 Sergius
2754 2279 2914 2346 pater
2956 2274 3267 2332 Romualdi
3302 2275 3621 2332 monachus
3654 2274 3837 2332 eﬂici-

2122 2368 2238 2433 tur,
2302 2362 2400 2419 sed
2455 2362 2753 2434 aliquanto
2811 2370 2970 2436 post,
3034 2363 3311 2421 suadente
3363 2363 3614 2432 diabolo,
3676 2363 3838 2420 facta)

2120 2451 2517 2511 conversionis
2554 2451 2857 2526 ptenitens,
2902 2452 2962 2510 in
2994 2453 3310 2527 ngyptum
3354 2454 3538 2511 redire
3577 2461 3833 2512 conatur.

2121 2538 2282 2610 Quod
2350 2542 2616 2613 protinus
2678 2542 2970 2612 monachi,
3023 2542 3272 2600 coenobii
3338 2541 3607 2600 videlicet
3655 2543 3838 2601 sancti

2125 2626 2321 2686 Severi
2354 2626 2519 2700 (213),
2551 2629 2703 2703 quod
2748 2645 2861 2688 non
2897 2630 3124 2702 longius
3150 2629 3223 2688 ab
3259 2630 3402 2688 urbe
3441 2630 3721 2688 Ravenna
3750 2638 3836 2689 est

2121 2717 2395 2790 positum,
2440 2717 2542 2776 ubi
2582 2733 2835 2790 corpore,
2875 2734 2991 2777 non
3037 2719 3206 2776 corde
3244 2716 3481 2790 Sergius
3521 2719 3834 2790 habitabat,

2121 2806 2188 2864 B.
2223 2806 2546 2865 Bomualdo
2573 2807 2827 2864 indicare
2860 2823 2958 2880 per
2998 2807 3274 2866 nuntium
3316 2807 3683 2866 studuerunt.
3715 2807 3836 2866 Hac

2121 2895 2221 2954 ille
2271 2896 2503 2954 sinistra
2555 2895 2830 2954 relatione
2895 2896 3196 2969 perculsus
3257 2897 3644 2954 necessarium
3717 2913 3840 2954 esse

2121 2985 2377 3044 decrevit
2405 2993 2468 3044 ut
2505 2985 2802 3046 Guarinus
2837 2987 3015 3045 abbas
3045 2994 3099 3044 et
3135 2987 3387 3045 Joannes
3434 2986 3837 3045 Grandenicus

2125 3090 2240 3133 una
2307 3090 2440 3132 cum
2507 3073 2714 3132 comite
2767 3075 2837 3132 ad
2895 3076 3022 3150 ejus
3080 3076 3578 3134 conversationem
3635 3093 3839 3150 perge-

324 3137 434 3144 ""‘
499 3137 640 3146 """‘
692 3137 940 3161 l"“”‘“"’
1000 3137 1254 3162 “t’l’v‘”“"
1315 3137 1532 3156 ""'"‘”"
1614 3137 1785 3148 '““"“’
1840 3137 2037 3146 ""‘""‘“’

316 3174 505 3234 allata)
534 3183 691 3248 sunt,
734 3182 808 3247 ct,
840 3177 1060 3236 divinae
1090 3177 1331 3235 ultionis
1356 3176 1472 3249 jam
1513 3177 1857 3234 imminente
1901 3193 2036 3234 sen-

2173 3171 2271 3232 snt,
2310 3164 2432 3236 ipse
2469 3179 2604 3222 vero
2633 3164 2896 3237 pereunti
2922 3137 3073 3237 patri
3107 3163 3452 3238 quantocius
3483 3137 3837 3223 subveniret.

320 3264 525 3334 tentia,
567 3265 630 3322 in
664 3266 790 3339 ipso
826 3265 1034 3353 edendi
1078 3265 1248 3324 initio
1285 3280 1476 3323 comes
1515 3266 1797 3324 frustrum
1837 3265 2038 3323 bovini

319 3353 475 3411 renis
530 3353 680 3423 (211)
731 3353 1098 3424 abscindens,
1139 3353 1250 3411 sibi
1291 3353 1352 3410 in
1393 3369 1457 3410 os
1510 3355 1686 3412 misit.
1736 3354 1898 3424 Quod
1946 3371 2038 3412 re-

318 3449 487 3515 pente
512 3445 572 3501 in
612 3444 771 3503 illius
801 3449 1031 3515 gutture
1058 3450 1177 3500 tam
1209 3442 1586 3501 immobiliter
1621 3443 1808 3513 mnsit,
1844 3449 2040 3502 utnec

318 3535 388 3592 ad
438 3535 710 3593 interiora
751 3533 1097 3594 descendere
1146 3549 1254 3592 nec
1297 3534 1448 3592 foras
1485 3534 1616 3607 ejici
1674 3534 1811 3593 ullis
1865 3549 2038 3592 cona-

321 3624 478 3683 tibus
523 3625 820 3696 potuisset.
863 3624 1072 3697 Sicque
1125 3623 1277 3682 inter
1328 3639 1567 3683 suorum
1621 3639 1828 3682 manus
1867 3623 2041 3682 inter-

319 3714 480 3775 cluso
518 3716 852 3789 spiraminis
901 3715 1062 3773 aditu
1113 3715 1357 3774 terribili
1402 3719 1584 3772 morte
1645 3721 1878 3775 necatus
1935 3721 2038 3787 est,

321 3810 378 3863 et
413 3804 570 3862 unde
618 3810 813 3862 contra
868 3804 967 3862 Dei
1007 3820 1243 3862 servum
1279 3804 1806 3877 concupiscentiam
1851 3805 2042 3862 carnis

320 3892 554 3964 explere
601 3891 672 3949 ad
724 3890 1084 3949 saturitatem
1137 3890 1342 3960 voluit,
1400 3892 1537 3950 inde
1582 3892 1740 3964 justo
1795 3892 1898 3950 Dei
1939 3893 2042 3966 ju-

320 3981 471 4040 dicio
497 3981 785 4040 carnalem
816 3980 994 4040 vitam
1024 3981 1216 4039 adhuc
1236 3981 1476 4054 jejunus
1509 3980 1726 4040 amisit.

991 4078 1235 4136 CAPUT
1267 4077 1370 4136 XI.

597 4174 675 4226 De
704 4170 932 4227 Olibano
961 4171 1356 4225 con-versionem
1396 4171 1762 4240 promittente.

390 4259 563 4318 Alius
607 4259 848 4332 quidam
898 4275 1090 4318 comes
1129 4258 1300 4329 (212),
1343 4257 1626 4317 Olibanus
1685 4258 1947 4328 nomine,
1979 4258 2052 4317 in.

320 4349 538 4408 eisdem
570 4348 892 4409 Galliarum
933 4349 1194 4422 partibus
1222 4354 1360 4416 erat,
1401 4349 1512 4407 sub
1542 4347 1713 4420 cujus
1741 4349 1873 4421 jure
1911 4363 2040 4406 mo-

321 4437 639 4496 nasterium
697 4454 926 4512 quoque
970 4437 1231 4511 praedicti
1290 4435 1533 4495 Guarini
1582 4437 1804 4494 abbatis
1855 4439 2040 4494 fuerat

321 4526 595 4600 positum.
643 4496 756 4596 Qui
792 4496 1029 4585 sublimi
1064 4525 1300 4599 quidem
1335 4525 1592 4584 culmine
1641 4533 1886 4585 terrente
1934 4496 2111 4600 po-D

323 4616 540 4674 testatis
595 4623 838 4687 erectus,
897 4617 995 4675 sed
1046 4614 1194 4670 439
1249 4616 1452 4680 multis
1506 4622 1625 4673 erat
1676 4623 2037 4690 peccatorum

325 4703 582 4764 molibus
608 4711 972 4778 aggravatus.
1007 4705 1117 4764 Hic
1144 4703 1460 4778 aliquando
1497 4703 1884 4762 Iiomualdum
1917 4719 2041 4775 gra-

327 4794 406 4852 tia
442 4793 791 4853 visitationis
827 4793 987 4866 adiit,
1037 4801 1110 4862 et,
1156 4794 1378 4852 caeteris
1417 4799 1580 4851 extra
1622 4793 1890 4852 cellulam
1924 4809 2042 4852 ma-

390 4975 528 5039 (209)
556 4974 616 5027 In
644 4976 934 5029 solitudine
960 4987 1158 5038 nempe
1183 4975 1518 5028 Cuxanensis
1543 4975 1789 5027 caenobil.

394 5047 532 5107 (210)
566 5046 620 5098 Β.
670 5047 1034 5112 Hieronymus
1074 5057 1106 5098 e
1148 5046 1318 5110 Praga
1363 5045 1644 5098 sanctitate
1695 5049 1745 5096 et
1794 5045 2037 5100 doctrina

330 5116 557 5170 illustris
631 5117 1058 5170 Camaldulensis
1119 5122 1318 5176 asceta,
1395 5118 1486 5182 qui
1551 5115 1749 5168 saeculo
1807 5129 1885 5170 xv
1936 5118 2034 5171 ﬂo-

331 5190 458 5248 ruit,
510 5189 564 5239 in
607 5189 655 5240 S.
703 5189 978 5243 Romualdi
1024 5189 1136 5241 Vita
1197 5189 1344 5241 addit
1401 5189 1702 5239 minitatum
1752 5189 1921 5242 fuisse
1951 5189 2040 5242 Ro-

331 5259 611 5312 mualdum
657 5261 839 5313 comiti
882 5261 1136 5317 divinam,
1183 5273 1303 5326 quae
1334 5260 1678 5325 postmodum
1708 5263 1896 5312 secuta
1938 5263 2036 5322 est,

333 5329 616 5384 ultionem.

399 5402 539 5464 (211)
569 5403 644 5454 Ab
675 5404 1006 5468 Hieronymo
1040 5402 1238 5456 eodem
1270 5401 1526 5454 scribitur
1562 5403 1784 5466 frustum
1816 5403 2040 5455 naccinae

336 5473 532 5523 carnis.
587 5472 779 5527 Petrus
819 5487 951 5528 vero
994 5473 1063 5527 de
1113 5472 1387 5525 Natalibus
1430 5471 1680 5528 absolute
1725 5475 1800 5528 ait
1825 5495 1837 5523 :
1861 5489 1915 5524 os
1959 5489 2042 5525 su-

338 5542 449 5679 bit;
494 5543 553 5594 in
615 5554 816 5608 gutture
870 5548 1093 5612 raptoris
1135 5545 1513 5604 transvertitur,
1568 5553 1613 5596 et
1657 5545 1747 5600 ius
1794 5544 2041 5598 continuo

339 5627 397 5664 tu
444 5623 640 5670 ocatur.

339 5623 449 5670 ΙυῙῘ
444 5623 640 5670 ocatur.

2123 3253 2327 3311 Petrus
2382 3258 2577 3310 autem
2635 3254 2758 3311 dux
2819 3261 3148 3312 extremum
3209 3253 3330 3327 jam
3383 3253 3537 3312 diem
3598 3255 3839 3312 feliciter

2121 3343 2422 3400 clauserat.
2457 3341 2563 3399 His
2590 3341 2783 3415 itaque
2811 3342 3042 3402 duobus
3077 3342 3346 3400 comitem
3392 3342 3454 3400 in
3493 3358 3695 3402 eorum
3728 3343 3838 3400 fide

2121 3429 2432 3500 commisit,
2467 3429 2702 3502 utrique
2730 3430 2987 3504 quidem,
3017 3431 3115 3489 sed
3142 3430 3354 3489 Joanni
3386 3431 3701 3505 prmcipue,
3731 3434 3836 3506 qui

2123 3521 2175 3578 ei
2216 3517 2480 3577 subditus
2530 3525 2664 3588 erat,
2713 3535 2814 3592 per
2862 3519 3248 3578 obedientiam
3295 3520 3619 3594 specialiter
3668 3537 3833 3578 man-

2123 3608 2265 3666 dans
2315 3611 2396 3678 ut,
2431 3607 2656 3666 etiamsi
2698 3608 2995 3668 Guarinus
3032 3609 3378 3683 abscederet,
3417 3610 3540 3684 ipse
3577 3627 3636 3670 se
3677 3627 3837 3670 nun-

2123 3711 2299 3768 quam
2322 3713 2354 3755 a
2376 3697 2584 3756 comite
2609 3705 2916 3771 separaret.

2757 3827 3000 3888 CAPUT
3030 3828 3189 3888 XIII.

2122 3919 2197 3973 De
2243 3919 2544 3990 prudentia
2589 3921 2902 3983 Romualdi,
2955 3926 3006 3976 et
3059 3922 3241 3976 labore
3287 3923 3525 3989 itineris,
3577 3929 3628 3981 et
3661 3924 3835 3983 disci-

2719 3993 2881 4063 plina
2912 3993 2973 4047 in
2994 3998 3230 4064 patrem.

2192 4078 2513 4138 Audientes
2556 4087 2753 4139 autem
2799 4080 2963 4140 illius
3014 4083 3266 4156 regionis
3296 4083 3502 4142 incolm
3540 4086 3680 4160 quia
3720 4086 3839 4146 Bo-

2122 4167 2395 4227 mualdus
2451 4167 2612 4227 abire
2669 4169 3014 4244 disponeret,
3076 4171 3259 4230 nimio
3310 4188 3559 4232 maerore
3627 4176 3842 4235 turbati

2124 4264 2280 4326 sunt,
2335 4263 2411 4326 et,
2457 4265 2763 4317 tractantes
2824 4261 2976 4318 intra
3022 4277 3082 4319 se
3125 4261 3374 4334 qualiter
3412 4262 3484 4320 ab
3521 4263 3631 4322 hac
3667 4264 3836 4322 illum

2122 4344 2440 4406 intentione
2471 4349 2869 4420 reprimerent,
2909 4349 3016 4406 hoc
3044 4349 3162 4408 illis
3206 4351 3434 4418 tandem
3471 4352 3839 4424 potissimum

2125 4436 2318 4493 visum
2351 4447 2436 4495 est
2472 4445 2537 4496 ut
2583 4455 2718 4498 eum
2759 4439 2953 4497 missis
3000 4439 3466 4498 interfectoribus
3502 4441 3682 4515 impia
3723 4444 3841 4514 pie-

2128 4530 2239 4581 tate
2296 4525 2664 4598 perimerent,
2703 4532 3009 4599 quatenus,
3059 4527 3197 4599 quia
3240 4543 3374 4586 eum
3423 4544 3541 4586 non
3585 4536 3842 4602 poterant

2127 4613 2376 4670 retinere
2431 4613 2748 4686 viventem,
2808 4615 3081 4672 haberent
3145 4631 3248 4689 pro
3303 4616 3620 4689 patrocinio
3675 4623 3841 4676 terrte

2127 4701 2218 4758 vel
2258 4699 2405 4756 440
2459 4703 2702 4762 cadaver
2746 4703 3038 4762 exanime.
3084 4704 3192 4762 His
3238 4721 3376 4762 vero
3419 4705 3688 4779 cognitis,
3734 4707 3843 4764 Bo-

2129 4791 2402 4850 mualdus
2440 4799 2613 4866 caput
2649 4808 2822 4852 suum
2860 4793 3120 4867 undique
3172 4793 3511 4866 decalvavit,
3553 4802 3628 4863 et,
3663 4795 3842 4868 hujus

2204 4971 2335 5032 (212)
2373 4971 2581 5024 Urseoli
2607 4972 2971 5025 encomiastes
3007 4985 3175 5039 penes
3211 4971 3568 5025 Mabillonium
3595 4986 3649 5024 n.
3672 4974 3730 5024 18
3751 4989 3841 5038 pa-

2140 5044 2251 5095 triae
2274 5045 2558 5106 dominum,
2584 5048 2636 5096 et
2656 5058 2711 5096 n.
2750 5045 2806 5095 19
2836 5045 3012 5096 ducem
3042 5045 3185 5095 illius
3201 5045 3484 5110 provincia
3512 5047 3668 5098 vocat
3698 5045 3845 5099 hunc

2141 5115 2418 5168 Olibanum
2472 5116 2743 5175 comitem,
2785 5117 2875 5180 qui
2915 5115 3133 5169 Galliam
3177 5117 3602 5175 Narbonensem,
3645 5129 3843 5182 nempe

2139 5187 2518 5246 Catalauniam,
2587 5187 2676 5239 ubi
2724 5188 2998 5240 Cunnum
3039 5190 3203 5241 situm
3253 5191 3355 5251 est,
3419 5201 3521 5241 suo
3569 5185 3671 5240 sub
3720 5190 3844 5252 jure

2141 5257 2377 5311 tenebat.

2201 5331 2337 5395 (213)
2390 5329 2576 5383 Nobile
2645 5331 2773 5384 olim
2851 5331 2950 5384 fuit
3018 5330 3160 5381 inter
3223 5330 3460 5382 Classem
3517 5333 3571 5382 et
3629 5328 3840 5383 naven-

2139 5415 2264 5454 nam
2309 5414 2606 5466 assurgens
2663 5403 2714 5454 S.
2769 5403 2951 5455 Severi
3010 5399 3333 5460 coenobium,
3391 5403 3548 5463 cujus
3600 5401 3669 5454 ad
3703 5401 3841 5455 hanc

2141 5473 2283 5526 diem
2371 5475 2689 5536 perseverat
2778 5471 3032 5534 ecclesia,
3119 5470 3188 5523 de
3270 5483 3376 5535 qua
3456 5469 3578 5525 fuse
3655 5469 3842 5525 Fortu-

2140 5545 2270 5598 nius
2301 5543 2444 5596 Hist.
2491 5543 2742 5608 Camatd.,
2781 5546 2924 5608 part.
2958 5555 3019 5606 ιι,
3064 5541 3158 5596 lib.
3199 5555 3240 5607 ι,
3285 5545 3341 5596 et
3381 5542 3651 5600 Classensi
3697 5543 3846 5596 unita

2142 5619 2242 5670 est.
