4108 6206
327 294 430 357 967

793 296 851 354 s.
898 293 1119 353 PETRI
1158 268 1480 352 DAMIANI
1520 282 1695 351 ore;
1724 288 1912 367 PAas
1953 287 2095 349 seu
2134 286 2384 347 TOMUS
2424 286 2499 346 II.
2540 320 2609 331 —
2650 260 3105 347 SANGTORUM
3151 282 3371 345 VITE.

3738 287 3849 347 968

326 417 415 481 rei
459 418 900 478 exsecutoribus
945 416 1168 476 cellulae
1217 416 1342 489 ejus
1390 417 1511 490 jam
1566 415 2034 489 appropinquan-
2057 410 2294 473 ARecte
2326 412 2503 484 igitur
2528 410 2787 487 Sergius,
2815 416 3121 486 postquam
3169 416 3446 470 aeternam
3474 412 3680 486 vitam,
3708 429 3849 488 quae

331 510 507 580 tibus,
536 509 725 583 primo
757 509 873 567 fere
921 505 1180 564 diluculo
1213 505 1514 564 comedere
1554 505 1721 577 quasi
1772 519 1871 578 per
1914 502 2038 560 avi-

324 597 564 659 ditatem
590 596 763 669 cmpit
806 594 973 665 (214).
1008 594 1103 652 Illi
1132 601 1327 653 autem
1368 596 1476 652 hoc
1524 593 1783 651 videntes
1806 592 2040 649 demen~

326 689 468 747 tiam
498 686 811 755 credidere,
853 691 926 756 et,
968 684 1315 743 arbitrantes
1359 688 1608 741 mentem
1658 683 1854 741 laesam
1891 697 2035 753 esse,

326 792 533 851 corpus
601 774 810 834 laedere
875 773 1167 847 dedignati
1237 779 1393 830 sunt.
1450 772 1545 832 Sic
1621 771 1900 840 videlicet,
1956 770 2039 828 sic

323 869 575 943 prudens
627 863 943 940 spiritualis
980 863 1164 922 David
1202 862 1425 922 insania
1464 860 1694 920 stultam
1734 860 2040 918 carnaliter

326 956 677 1031 sapientium
717 953 1012 1027 superavit
1047 952 1318 1010 astutiam
1358 954 1408 1022 (Ι
1450 955 1579 1020 Reg.
1604 949 1770 1027 XXI).
1812 949 1955 1007 Nam
1982 955 2038 1006 et

322 1043 580 1103 volentes
628 1057 861 1116 peccare
897 1041 1173 1108 cohibuit,
1216 1046 1271 1096 et
1305 1039 1374 1096 ad
1410 1040 1747 1096 meritorum
1792 1051 2037 1095 suorum

319 1132 800 1209 cumulumgsine
852 1132 1051 1189 mortis
1099 1129 1411 1188 formidine
1460 1129 1660 1186 mortis
1712 1126 2033 1202 periculum

320 1221 653 1282 declinavit.
684 1220 903 1279 Deinde
926 1220 1047 1295 jam
1078 1220 1257 1279 libera
1287 1222 1370 1279 uti
1400 1220 1664 1278 facultate
1697 1217 2030 1293 permissus,

320 1326 437 1370 non
465 1325 616 1384 equo
648 1309 850 1379 fultus,
881 1325 996 1367 non
1025 1308 1296 1367 vehiculo
1321 1309 1671 1382 deportatus,
1713 1308 1810 1366 sed
1842 1307 2035 1364 solum

320 1399 385 1457 in
434 1413 614 1457 manu
655 1398 847 1456 ferens
897 1396 1188 1467 baculum,
1234 1396 1409 1455 nudis
1438 1395 1669 1469 plantis,
1702 1411 1777 1454 ex
1811 1394 2035 1452 intimis

321 1487 642 1550 Galliarum
683 1488 900 1548 finibus
930 1488 1271 1547 Ravennam
1307 1502 1491 1561 usque
1515 1486 1795 1560 pervenit,
1836 1485 2035 1560 ibique

320 1584 541 1650 patrem
587 1577 659 1635 ad
696 1577 982 1635 saeculum
1020 1577 1229 1635 reverti
1283 1574 1575 1634 volentem
1622 1574 1937 1648 reperiens,
1969 1573 2031 1631 in

320 1666 481 1742 ligno
528 1668 700 1740 pedes
759 1668 885 1740 ejus
950 1666 1169 1724 fortiter
1240 1665 1494 1735 strinxit,
1550 1663 1828 1737 gravibus
1897 1679 2031 1722 eum

2122 506 2276 563 Deus
2342 510 2446 577 est,
2498 520 2735 563 cernere
2786 504 3021 575 meruit,
3080 520 3112 561 a
3170 503 3474 578 temporali
3530 520 3669 564 mox
3728 505 3849 563 vita

2121 592 2349 652 defecit.

2689 671 2830 728 441
2869 672 3113 733 CAPUT
3154 672 3278 732 XV.

2267 770 2344 822 De
2370 783 2524 823 crure
2551 769 2779 823 Joannis
2802 771 3030 839 propter
3060 766 3484 822 inobedientiam
3505 768 3705 833 fracto.

2191 859 2472 921 Olihanus
2509 863 2649 935 (1’16)
2711 868 2903 922 autem
2946 878 3159 934 comes,
3199 878 3303 921 sua
3343 861 3681 935 relinquens
3721 862 3846 920 ﬁlio

2120 965 2258 1008 cum
2314 951 2497 1010 multa
2555 952 2892 1011 divitiarum
2965 952 3145 1026 copia,
3210 950 3545 1026 quindecim
3623 949 3845 1009 scilicet

2121 1038 2347 1097 onustis
2385 1041 2657 1098 thesauro
2692 1040 2995 1113 sagmariis
3033 1038 3212 1109 (217),
3254 1038 3664 1098 comitantibus
3701 1053 3839 1097 eum

2122 1127 2380 1186 Guarino
2406 1136 2462 1187 et
2493 1129 2732 1199 Joanne,
2763 1129 2889 1204 ipso
2916 1145 3148 1205 quoque
3182 1128 3425 1197 Marino,
3457 1127 3529 1185 ad
3559 1126 3624 1185 B.
3659 1127 3843 1186 Bene-

2122 1220 2258 1278 dicti
2318 1235 2380 1278 se
2431 1222 2850 1280 monasterium
2897 1220 3165 1292 contulit,
3214 1227 3270 1278 et
3324 1220 3452 1277 vale
3503 1218 3703 1277 dicens
3750 1218 3844 1276 his

2121 1310 2223 1385 qui
2258 1326 2454 1369 secum
2484 1318 2780 1381 venerant,
2816 1310 2900 1367 nil
2935 1310 3044 1368 tale
3069 1310 3140 1368 de
3168 1326 3235 1369 eo
3264 1324 3450 1381 usque
3478 1316 3617 1367 tunc
3645 1308 3843 1382 suspi-

2121 1404 2333 1468 cantes,
2386 1400 2587 1459 multis
2630 1400 2944 1473 gemitibus
2984 1406 3039 1458 et
3074 1400 3290 1458 amaris
3322 1413 3383 1456 se
3411 1398 3645 1458 ﬂetibus
3689 1397 3841 1456 affli-

2121 1497 2318 1562 gentes
2376 1489 2446 1546 ad
2501 1490 2729 1564 propria
2778 1505 3031 1549 remeare
3081 1490 3285 1563 coegit.
3336 1489 3600 1548 Marinus
3641 1495 3839 1546 autem

2120 1580 2292 1653 paulo
2324 1586 2447 1652 post
2485 1580 2761 1655 Apuliam
2792 1596 2995 1640 versus
3030 1580 3192 1650 abiit,
3224 1580 3423 1654 ibique
3470 1578 3837 1654 postmodum

2120 1668 2181 1725 in
2230 1667 2543 1728 solitudine
2593 1669 2863 1727 habitans
2896 1669 2970 1727 ab
3022 1669 3303 1743 Agarenis
3348 1675 3433 1728 est
3486 1667 3841 1728 latrunculis

323 1754 576 1815 vinculis
617 1754 893 1828 alligavit,
935 1754 1270 1813 verberibus
1327 1754 1489 1811 duris
1540 1751 1769 1821 aﬁlixit,
1803 1758 1858 1810 et
1906 1759 2033 1809 tanv
2058 1755 2456 1827 Binterfectus
2505 1757 2671 1828 (218).
2713 1757 2885 1817 Brevi
2920 1765 3045 1833 post
3084 1763 3338 1833 tempore
3376 1758 3672 1818 Guarinus
3708 1772 3840 1816 ora-

330 1843 434 1903 diu
491 1859 698 1917 corpus
747 1844 874 1917 ejus
927 1844 1020 1917 pia
1090 1844 1391 1902 severitate
1459 1842 1802 1915 perdomuit,
1859 1843 2042 1900 donec

323 1933 451 2007 ejus
504 1939 759 1992 mentem
812 1934 884 1992 ad
930 1933 1135 1992 salutis
1177 1938 1393 1992 statum
1438 1930 1553 1990 Deo
1600 1932 1882 2001 medente,
1948 1947 2041 1990 re-

321 2021 518 2083 duxﬁ.

961 2090 1206 2150 CAPUT
1244 2091 1396 2150 XIV.

526 2185 800 2252 Quomodo
829 2183 1055 2251 Sergius
1082 2181 1228 2236 vidit
1252 2183 1525 2253 Spiritum
1555 2187 1821 2238 sanctum.

397 2290 634 2365 Sergius
683 2290 865 2364 igitur
913 2288 1140 2347 tandem
1200 2304 1357 2347 sanie
1399 2290 1604 2348 mentis
1641 2295 1864 2363 recepto
1900 2303 2038 2346 con-

322 2380 478 2451 silio,
512 2379 805 2455 quidquid
844 2379 1005 2453 prius
1063 2379 1391 2452 retrograda
1427 2380 1725 2439 voluntate
1775 2378 2038 2452 deliquit,

325 2468 729 2544 multipliciter
781 2468 1147 2543 postmodum
1222 2468 1392 2527 rectis
1448 2474 1662 2525 sanctae
1735 2481 2039 2524 conversa-

322 2557 500 2617 tionis
548 2557 843 2631 gressibus
892 2555 1239 2614 emendavit.
1291 2555 1550 2615 Habebat
1597 2556 1851 2631 dcnique
1890 2554 2042 2612 inter

325 2653 531 2705 caetera
599 2645 1074 2706 consuetudinem
1147 2655 1279 2703 ante
1350 2647 1662 2719 quamdam
1732 2643 2042 2704 Ealvatoris

321 2736 642 2810 imaginem
708 2737 1041 2808 frequenter
1090 2736 1378 2805 assistere,
1439 2736 1638 2810 ibique
1690 2734 2041 2809 peculiarius

322 2840 518 2896 orans,
568 2823 851 2882 uberibus
895 2823 1165 2898 lacrymis
1217 2831 1273 2882 et
1317 2826 1499 2884 multa
1548 2842 1609 2884 se
1657 2826 1847 2884 cordis
1900 2841 2039 2883 con-

325 2914 558 2973 tritione
598 2920 868 2973 mactare.
906 2912 1170 2984 Quadam
1199 2915 1378 2989 igitur
1405 2916 1517 2989 die,
1548 2916 1688 2975 dum
1728 2917 1811 2975 ibi
1853 2923 2039 2977 atten-

325 3003 441 3063 tius
476 3002 539 3061 in
570 3002 826 3062 oratione
854 3004 1179 3077 persisteret
1213 3007 1380 3077 (nova
1410 3021 1519 3074 res,
1560 3013 1617 3065 et
1647 3008 1858 3066 nostris
1892 3014 2038 3067 tem-

2125 1846 2296 1904 tionis
2331 1862 2505 1906 causa
2546 1848 2866 1905 discurrere
2904 1847 3130 1917 solitus,
3170 1846 3429 1905 Joannes
3465 1860 3605 1904 vero
3647 1845 3843 1904 fratris

2121 1934 2388 2008 exemplo
2445 1934 2517 1992 ad
2566 1934 2721 1992 idem
2794 1934 3090 2008 religionis
3156 1934 3414 1994 ofﬁcium
3470 1938 3838 2009 provocatus,

2122 2022 2585 2097 Hierosolymam
2624 2039 2946 2083 commeare
2991 2025 3111 2097 pari
3146 2025 3388 2085 consilio
3429 2025 3837 2084 decreverunt.

2122 2111 2245 2170 Hoc
2287 2111 2467 2185 igitur
2514 2112 2793 2172 Olihanus
2842 2114 3092 2187 cognito,
3131 2114 3311 2173 tristis
3362 2121 3419 2173 et
3470 2114 3614 2172 ﬂens
3668 2113 3839 2170 obse-

2122 2215 2280 2258 crare
2321 2200 2693 2260 devotissime
2742 2202 2912 2276 cmpit
2953 2217 3026 2261 ne
3070 2219 3131 2261 se
3182 2203 3392 2261 violata
3443 2201 3557 2261 ﬁde
3606 2201 3843 2259 desere-

2124 2296 2270 2358 rent,
2334 2290 2454 2361 sed,
2501 2289 2648 2348 sicut
2688 2289 2751 2348 B.
2802 2290 3166 2350 Romualdus
3209 2296 3578 2364 praeceperat,
3631 2290 3696 2347 in
3736 2288 3841 2347 Dei

2122 2379 2289 2438 illum
2328 2381 2565 2440 servitio
2602 2372 2979 2454 custodirent,
3018 2382 3236 2442 addens
3275 2382 3493 2441 etiam:
3549 2380 3843 2440 Memento

2124 2474 2185 2527 tu
2225 2469 2448 2542 saltem,
2507 2471 2781 2542 Joannes,
2827 2471 2967 2546 quia
3004 2472 3277 2544 magister
3319 2478 3459 2530 tuus
3496 2472 3559 2530 in
3599 2478 3696 2529 tua
3748 2485 3843 2528 me

2124 2559 2466 2634 propensius
2502 2559 2619 2618 ﬁde
2655 2560 2965 2632 commisit,
2995 2568 3050 2619 et
3080 2561 3316 2618 titulum
3354 2560 3461 2618 tibi
3500 2558 3842 2617 inobedieno

2123 2648 2238 2719 tim,
2288 2650 2334 2707 si
2385 2648 2653 2719 discedis,
2702 2649 2985 2722 opposuit.
3022 2648 3118 2707 Illi
3167 2659 3363 2708 autem
3405 2648 3694 2707 obstinata
3742 2650 3840 2707 in-

2122 2737 2378 2795 tentione
2438 2736 2499 2795 in
2544 2739 2833 2812 proposito
2888 2736 3274 2812 persistentes,
3334 2736 3535 2795 relicto
3600 2736 3841 2796 tandem

2121 2824 2382 2895 Olihano,
2415 2827 2894 2901 peregrinationis
2928 2826 3038 2885 iter
3072 2827 3381 2900 arripiunt.
3418 2827 3684 2901 Cumque
3731 2826 3837 2885 de-

2121 2919 2456 2978 scendentes
2498 2919 2568 2976 de
2621 2924 2816 2978 monte
2865 2919 2986 2993 jam
3045 2918 3107 2976 in
3158 2916 3496 2992 campestria
3550 2915 3861 2975 declinas-

2121 3014 2267 3080 sent,
2320 3007 2560 3081 ﬁgentes
2610 3025 2671 3067 se
2708 3009 2832 3067 loco
2879 3008 3268 3067 necessarium
3313 3005 3534 3081 aliquid
3586 3005 3743 3064 inter
3777 3022 3843 3066 se

327 3091 568 3192 poribus
615 3091 879 3151 inaudita
912 3094 947 3165 l)
1000 3100 1234 3192 repente
1278 3094 1393 3192 sibi
1448 3098 1639 3192 nescio
1685 3114 1799 3173 qua
1853 3099 2365 3192 speciectractare
2396 3105 2713 3192 coeperunt.
2758 3099 2847 3171 Et,
2882 3099 3036 3157 inter
3056 3096 3366 3192 agendum,
3397 3096 3587 3155 subito
3625 3095 3840 3192 Guari-

330 3180 583 3256 Spiritus
643 3187 877 3240 sanctus
932 3182 1218 3255 apparuit.
1271 3183 1381 3253 Qui
1435 3185 1703 3258 protinus
1754 3202 1788 3244 a
1842 3186 2040 3261 Sergio

324 3272 460 3346 quis
507 3278 656 3329 esset
708 3270 1108 3342 interrogatus,
1164 3271 1467 3332 manifeste
1521 3274 1660 3348 quia
1712 3275 1834 3349 ipse
1892 3282 2040 3334 esset

327 3360 578 3437 Spiritus
616 3368 849 3420 sanctus
868 3361 1149 3439 asseruit,
1197 3368 1253 3421 et
1295 3364 1485 3423 subito
1529 3365 1696 3438 quasi
1744 3372 2038 3440 pertrans-

321 3453 446 3511 iens
493 3453 566 3511 ab
617 3450 802 3512 oculis
853 3466 914 3509 se
966 3451 1295 3524 aspicientis
1340 3453 1540 3512 evasit.
1582 3454 1785 3513 Statim
1832 3454 1933 3513 ille
1975 3453 2035 3512 in

318 3540 598 3599 exstasim
639 3546 859 3614 raptus,
902 3547 1075 3614 atque
1103 3542 1230 3614 ejus
1262 3557 1437 3615 quem
1480 3541 1700 3601 viderat
1738 3542 1876 3616 igne
1905 3558 2038 3601 suc-

317 3646 549 3701 census,
588 3629 762 3704 cmpit
809 3645 912 3705 per
957 3628 1275 3689 claustrum
1334 3633 1670 3691 monasterii
1727 3637 1851 3703 post
1901 3648 2038 3691 eum

320 3718 595 3779 velociter
640 3734 889 3788 currere,
944 3719 1261 3793 fratresque
1302 3720 1408 3794 qui
1458 3720 1579 3779 illic
1625 3721 1879 3791 aderant,
1910 3738 2037 3780 ma-

321 3821 435 3881 gno
480 3806 723 3865 fervoris
772 3806 1013 3880 impetu,
1060 3823 1176 3881 quo
1232 3807 1482 3881 Spiritus
1532 3816 1764 3868 sanctus
1804 3808 2033 3885 abisset,

310 3894 690 3968 interrogare.
742 3894 870 3953 Illis
907 3902 1101 3955 autem
1146 3896 1207 3953 in
1251 3896 1540 3954 insaniam
1584 3913 1719 3956 eum
1766 3898 2037 3959 cecidisse

316 3983 660 4058 putantibus
708 3990 884 4058 atque
934 3984 1106 4046 illum
1158 3985 1304 4044 dure
1361 3984 1829 4059 corripientibus,
1888 4003 2037 4047 asse-

313 4074 475 4133 rebat
505 4073 742 4149 Sergius
779 4091 839 4133 se
880 4074 1163 4149 Spiritum
1197 4082 1459 4134 sanctum
1496 4076 1712 4151 absque
1758 4076 1880 4135 ulla
1923 4077 2033 4136 du-

316 4160 524 4220 bietate
564 4163 800 4231 vidisse,
834 4168 891 4221 et
918 4170 1051 4222 ante
1104 4179 1274 4222 suum
1318 4172 1684 4237 conspectum
1728 4166 2035 4225 visibiliter

318 4255 720 4322 pertransisse.
778 4247 888 4316 Qui
937 4250 1129 4306 statim
1207 4250 1483 4323 languore
1531 4259 1827 4324 correptus
1890 4252 2034 4312 lecto

316 4334 618 4405 decubuit,
646 4342 704 4393 et
741 4336 896 4393 intra
936 4350 1145 4409 paucos
1181 4337 1305 4395 dies
1338 4336 1491 4395 felici
1528 4340 2032 4399 consummatione

322 4424 534 4485 ﬁnivit.
587 4424 742 4485 Hinc
798 4439 937 4485 sane
989 4427 1263 4501 probatur
1314 4428 1469 4502 quod
1521 4429 1722 4489 divina
1769 4447 1907 4493 voce
1958 4433 2031 4492 ad

321 4515 560 4590 Moysen
615 4515 870 4575 dicitur:
902 4521 1025 4578 Non
1075 4520 1217 4574 enim
1266 4519 1475 4575 videbit
1512 4534 1596 4574 me
1646 4520 1800 4576 homo
1851 4527 1903 4577 et
1954 4524 2044 4596 vi-_

316 4610 407 4661 vet
433 4606 633 4674 (Exod.
667 4612 912 4677 XXXIII).
946 4606 1097 4664 Hinc
1138 4605 1337 4665 Daniel
1371 4621 1505 4665 cum
1531 4622 1648 4666 non
1678 4607 1887 4679 Deum,
1932 4609 2030 4669 sed

315 4694 601 4755 visionem
632 4696 732 4755 Dei
774 4712 836 4755 se
871 4695 1242 4770 conspexisse
1271 4696 1504 4767 diceret,
1539 4696 1698 4754 addit
1738 4718 1751 4754 :
1788 4701 2033 4769 Elangm’

318 4794 371 4844 et
425 4790 690 4857 xgrotavi
752 4804 855 4859 per
920 4790 1036 4844 dies
1102 4790 1373 4860 plurimos
1441 4788 1580 4861 (215)
1655 4791 1816 4857 (Dan.
1874 4794 2020 4861 VIII).

392 4981 522 5040 (214)
584 4976 736 5032 Haud
794 4979 1057 5033 dissimile
1113 4979 1425 5043 exemplum
1479 4980 1534 5031 in
1578 4979 1718 5033 libro
1774 4981 2030 5034 Doctrina:

331 5046 566 5094 Patrum.
601 5055 652 5094 n.
679 5042 725 5092 3.

377 5055 752 5115 ίέἱηλὲἔδνηηιδυ.
954 5105 1019 5115 ..
1146 5105 1258 5115 ..-.
1352 5114 1357 5115 ,
1442 5102 1455 5115 .
1532 5102 1544 5115 .

396 5102 790 5233 Ettsg'llulgata
824 5107 972 5180 caret
1006 5105 1108 5159 hac
1134 5105 1369 5180 dictione
1398 5102 1666 5176 plurimos.

417 5168 510 5241 2.16
562 5167 758 5241 Nempe
793 5166 948 5241 οιιριυ
974 5180 1067 5220 seu
1102 5167 1274 5241 alios,
1314 5163 1638 5241 qupdgtdem
1669 5170 1769 5241 est,
1809 5169 2030 5241 (nemen

334 5227 487 5294 ip'iis
511 5227 845 5294 regionibus
868 5229 934 5282 in
953 5237 1149 5294 quens)
1184 5227 1351 5294 tutel
1381 5229 1496 5294 ipse
1516 5227 2029 5294 monachusfactus,

338 5289 673 5357 Cannensis
702 5293 758 5342 et
797 5289 1376 5357 Rivipullensjsﬂabbas
1403 5289 1671 5349 adiectus,
1704 5293 1830 5345 inde
1861 5289 2029 5344 Ausoé

341 5353 533 5417 aeneis
564 5355 855 5417 episcopus
877 5353 1091 5408 creatus
1109 5353 1225 5407 fuit.

407 5412 694 5480 (‘21?)Equi
731 5412 970 5480 onerant
998 5428 1097 5469 seu
1122 5417 1363 5480 iumenta
1389 5414 1738 5480 explicantur
1764 5416 2028 5478 sagman’i,

357 5476 558 5540 tuine
618 5476 792 5540 Leone
844 5479 1086 5531 Ostiense
1122 5476 1496 5540 'hecneadeyi
1560 5476 1850 5540 referente,
1919 5483 2032 5530 tum

346 5538 416 5602 ab
488 5537 606 5602 ipso
670 5537 823 5592 Petro
890 5540 1125 5594 Dunlani
1173 5541 1228 5591 tu
1273 5538 1381 5592 Vite
1433 5538 1482 5591 8.
1535 5540 1787 5602 Odllonis,
1834 5537 1904 5592 'et
1974 5541 2031 5593 in

329 5601 504 5667 eplsto

2128 3186 2187 3243 ni
2215 3200 2403 3260 equus
2429 3185 2655 3244 furioso
2683 3192 2900 3245 rotatus
2934 3187 3154 3259 impetu
3189 3187 3246 3244 in
3277 3185 3453 3243 aliam
3495 3190 3713 3259 partem
3744 3182 3841 3240 iu-

2128 3273 2244 3331 vito
2293 3288 2512 3332 sessore
2543 3273 2797 3345 divertit,
2830 3280 2885 3332 et
2921 3273 3164 3333 Joannis
3199 3273 3400 3331 tibiam
3433 3273 3639 3332 ferrato
3682 3273 3840 3333 calce

2124 3362 2452 3437 percutiens
2500 3363 2686 3438 fregit.
2728 3362 2839 3434 Qui
2868 3363 3025 3423 illico
3052 3362 3122 3422 ad
3160 3369 3367 3421 terram
3405 3361 3591 3422 nimio
3640 3362 3840 3422 dolore

2125 3458 2459 3525 prostratus,
2509 3454 2632 3526 jam
2682 3468 2809 3511 sero
2854 3467 3096 3524 memor,
3132 3451 3386 3525 magistri
3432 3456 3718 3526 praecepta
3762 3449 3836 3509 ad

2127 3547 2381 3597 mentem
2429 3547 2675 3613 revocat,
2718 3549 2773 3599 et
2829 3556 2890 3599 se
2946 3540 3252 3615 perﬁdum,
3306 3556 3366 3599 se
3423 3539 3839 3600 inobedientiaa

2124 3643 2291 3687 reum
2332 3628 2520 3687 verbis
2561 3629 2811 3704 publica:
2848 3629 3227 3688 confessionis
3270 3636 3514 3688 accusat.
3548 3628 3615 3687 In
3660 3629 3839 3686 fracto

2122 3732 2376 3792 namque
2411 3733 2577 3777 crure
2629 3718 2831 3777 didicit
2867 3719 3003 3791 quia
3031 3718 3204 3776 ﬁdem
3239 3718 3504 3792 frangere
3540 3723 3838 3792 peccatum

2125 3804 2255 3864 fuit.
2289 3804 2380 3874 Et,
2410 3806 2548 3878 quia
2570 3806 2692 3880 ipse
2720 3807 2962 3866 rationis
2985 3822 3167 3882 capax
3199 3806 3470 3880 magistro
3499 3804 3841 3865 inobediens

2123 3895 2365 3964 exstitit,
2406 3894 2477 3952 ad
2516 3895 2933 3955 incolumitatis
2975 3912 3099 3955 suae
3136 3895 3455 3955 custodiam
3506 3893 3840 3954 irrationale

2122 3983 2342 4042 animal
2389 3982 2597 4042 sessori
2636 3983 2868 4042 obedire
2902 3984 3165 4043 nescivit.
3223 3983 3456 4055 Deinde,
3486 3982 3630 4043 illuc
3679 3984 3841 4043 unde

2123 4072 2322 4130 venire
2358 4078 2609 4146 coeperat
2659 4074 2909 4143 rediens,
2958 4073 3164 4132 cellam
3194 4073 3305 4132 sibi
3350 4072 3622 4131 aediﬁcari
3659 4087 3839 4148 prope

2124 4159 2540 4219 monasterium
2594 4160 2776 4234 petiit,
2818 4160 3018 4236 ibique
3053 4176 3154 4236 per
3204 4160 3439 4235 triginta
3476 4161 3593 4220 fere
3625 4176 3834 4232 annos,

2120 4251 2382 4325 quandiu
2410 4250 2581 4319 vixit,
2605 4254 2802 4308 sancta
2828 4250 3264 4309 conversatione
3286 4250 3623 4324 permansit.
3651 4249 3836 4308 Multa

2119 4336 2265 4394 442
2321 4339 2384 4397 in
2465 4355 2532 4398 eo
2581 4338 2849 4410 Charitas,
2906 4340 3053 4398 mira
3121 4340 3438 4410 humilitas,
3482 4339 3834 4398 abstinentia

2121 4442 2258 4486 vero
2294 4426 2548 4485 districta
2591 4427 2769 4485 nimis
2802 4432 2857 4486 et
2886 4436 3075 4498 cauta,
3106 4427 3185 4486 ita
3230 4434 3294 4486 ut
3324 4441 3430 4485 nec
3473 4427 3628 4484 intra
3665 4426 3833 4485 clau-

2117 4523 2299 4575 strum
2343 4516 2684 4575 monasterii
2731 4517 3041 4592 quisquam
3080 4517 3251 4575 sciret
3288 4516 3428 4589 (219)
3468 4515 3561 4573 vir
3592 4521 3835 4575 sanctus

2115 4607 2362 4681 qualiter
2410 4608 2718 4688 jejunaret.
2783 4607 2939 4665 Inter
2994 4606 3219 4681 reliqua
3269 4612 3464 4664 autem
3538 4604 3829 4663 virtutum

2115 4695 2284 4766 dona,
2311 4695 2388 4753 ita
2416 4710 2661 4755 exosum
2699 4695 2941 4754 habebat
2977 4695 3342 4755 detractionis
3376 4694 3589 4753 vitium
3622 4700 3831 4770 quate-

2115 4799 2249 4857 nus,
2284 4799 2423 4843 mox
2451 4790 2515 4842 ut
2541 4785 2673 4857 quis
2697 4783 2770 4842 ad
2807 4783 3228 4843 detrahendum
3270 4799 3337 4844 os
3366 4783 3631 4858 aperiret,
3666 4782 3832 4842 velut

2190 4979 2323 5043 (218)
2348 4977 2409 5043 In,
2431 4977 2617 5030 codice
2647 4990 2744 5030 ms.
2771 4979 2894 5031 vita:
2921 4979 2972 5030 Β.
3007 4979 3189 5032 Marini
3220 4978 3453 5043 legitur:
3486 4977 3550 5029 ab
3572 4978 3832 5043 Ages-onis

2129 5040 2451 5106 latrunculis,
2503 5053 2719 5102 quorum
2758 5043 2887 5092 vitia
2918 5044 3104 5106 acriter
3136 5040 3458 5106 corripiebat,
3502 5054 3597 5106 pro
3626 5040 3832 5091 Christi

2126 5105 2338 5169 nomine
2373 5105 2483 5169 ipse
2503 5112 2761 5169 correptus
2798 5112 2842 5154 et
2863 5104 3020 5169 impie
3031 5104 3300 5166 jugulum:
3322 5104 3564 5169 martyrii
3583 5114 3829 5153 coronam

2126 5167 2335 5239 meruit“
2359 5166 2598 5238 obtinere.
2644 5166 2879 5239 ligarem.
2920 5166 3063 5217 circa
3116 5179 3319 5239 snitum
3362 5166 3731 5239 millesimum,
3766 5169 3827 5239 in

2127 5230 2283 5292 apice
2304 5228 2533 5292 Gargani
2552 5226 2766 5287 montis,
2792 5229 2883 5280 ubi
2911 5239 3153 5279 eremum
3178 5229 3228 5279 Β.
3259 5228 3494 5299 Marinus
3516 5226 3617 5279 sibi
3636 5228 3824 5279 condi-

2126 5291 2298 5363 derat,
2340 5298 2517 5363 castra
2550 5287 3004 5363 metantesferall
3033 5300 3273 5363 circnma
3307 5289 3510 5341 italiam
3538 5293 3725 5363 totam,
3758 5300 3827 5360 ac

2128 5351 2305 5406 Gallia
2341 5352 2720 5417 Hispaniasque
2760 5352 2941 5405 littora
2985 5351 3055 5404 ad
3086 5352 3357 5404 Oceanum
3393 5362 3567 5417 usque
3612 5352 3824 5414 rapinis

2127 5426 2295 5478 perva
2335 5419 2512 5467 amnt.

2204 5426 2341 5539 (219g)
2362 5477 2447 5539 De
2469 5476 2521 5529 Β.
2545 5478 2745 5528 Joanne
2768 5477 3050 5531 Gradonico
3076 5476 3209 5529 satis
3234 5475 3504 5539 eruditum
3536 5487 3822 5539 commen-

2136 5536 2335 5602 unum
2361 5536 2624 5592 habemus
2642 5542 2674 5589 ι
2700 5540 2955 5602 religioso
2988 5540 3106 5592 viro
3129 5538 3365 5591 Amedeo
3395 5537 3546 5591 Lutto
3572 5537 3820 5589 liuor-Ita

2128 5600 2324 5654 Veneto
2344 5612 2553 5653 conseri
2561 5607 2726 5666 ptum.
