4108 6206
407 293 513 350 969

1713 298 1876 354 VITA
1917 298 1978 354 S.
2009 295 2388 354 liOMUAl.Dl.

3577 309 3686 365 970

366 484 373 492 _
406 411 604 483 sagitta
633 409 817 481 vigore
839 407 1035 482 lapidis
1062 424 1383 481 repercussa
1413 411 1468 466 in
1495 410 1819 484 dirigentem
1870 425 2002 482 pro-
2033 415 2077 472 A
2107 412 2358 468 studebat
2378 374 2618 483 quotidie
2646 415 2715 470 ad
2745 413 2950 486 majora
2978 417 3263 486 prolicere,
3304 419 3371 476 de
3409 422 3616 480 viribus
3642 427 3696 482 in

382 499 556 558 tinus
601 503 952 567 redundaret,
976 504 1048 557 ita
1079 504 1147 558 ab
1185 519 1252 559 eo
1296 503 1439 559 illius
1465 496 1792 561 obtrectatio
1821 505 1999 574 repri-

2105 501 2248 558 vires
2275 519 2545 570 crescere,
2568 514 2642 570 et,
2697 520 2912 577 semper
2935 511 3226 580 semetipso
3261 513 3454 569 fortior
3472 556 3486 579 ,
3519 516 3696 573 nullas

406 604 650 650 meretur
676 594 848 666 (220).
896 595 1022 650 Post
1071 595 1190 667 ejus
1221 610 1348 651 vero
1371 595 1578 651 obitum
1619 596 1878 653 nonnulla
1905 613 2001 668 per
2063 631 2068 636 -
2095 593 2210 666 jam
2237 605 2450 667 poterat
2473 600 2716 654 enervati
2741 601 2914 656 hostis
2937 603 3164 658 insidias
3194 603 3505 662 formidare.
3538 608 3697 680 Szepe

405 698 531 739 eum
556 684 820 740 miracula
850 684 1114 739 divi-nitus
1138 685 1280 740 facta
1306 694 1450 740 sunt.

1005 771 1239 828 CAPUT
1278 771 1416 828 XVI.

627 862 702 918 De
751 861 1048 919 Romualdo
1086 881 1120 918 α
1145 863 1474 920 (immanibus
1521 880 1787 936 percusso.

485 954 820 1010 Romnaldus
849 963 1052 1019 autem,
1104 965 1230 1026 post
1253 957 1427 1026 patris
1479 959 1906 1029 correptionem,
1948 961 2001 1014 in

409 1047 603 1116 palude
645 1044 848 1102 Classis
893 1046 1144 1104 cellulam
1199 1046 1401 1120 ﬁgens,
1457 1048 1512 1104 in
1572 1049 1691 1106 loco
1719 1050 1811 1121 qui
1860 1049 2003 1106 Pons

412 1135 561 1191 Petri
615 1137 816 1192 dicitur
841 1137 1126 1193 habitavit.
1157 1137 1510 1195 Postm‘odum
1540 1154 1692 1207 vero,
1744 1157 1853 1196 non
1881 1157 2005 1198 eor-

412 1225 559 1294 poris
611 1225 989 1294 aegritudinem
1033 1236 1310 1292 metuens,
1346 1243 1452 1283 non
1505 1227 1694 1285 fetoris
1744 1245 2003 1286 nauseam

413 1318 856 1384 perhorrescens,
885 1318 977 1372 sed
1015 1334 1082 1374 ne
1111 1320 1500 1376 imbecillitatis
1520 1322 1812 1378 occasione
1826 1336 2004 1392 quan-

414 1408 664 1463 tnmiibet
708 1423 767 1464 se
813 1409 883 1463 ab
932 1411 1275 1467 abstinentia:
1318 1413 1499 1484 rigore
1535 1415 1880 1478 remitteret,
1938 1412 2008 1468 ad

2102 690 2248 745 enim
2276 689 2380 746 sibi
2409 691 2462 745 in
2493 691 2631 748 cella
2655 692 2936 757 residenti,
2969 693 3114 748 velut
3143 697 3405 752 teterrimi
3433 701 3582 754 corvi
3613 699 3700 756 vel

2101 781 2387 846 vultures,
2446 781 2619 852 iniqui
2669 783 2892 852 spiritus
2926 785 3248 841 videbantur
3291 785 3588 856 assistere,
3647 804 3702 848 et

2102 870 2258 941 quasi
2315 871 2385 926 ad
2435 873 2770 929 custoditum
2821 875 3072 932 animalis
3119 876 3386 945 cadaver,
3419 879 3545 951 quia
3593 895 3698 938 non

2105 963 2379 1020 audebant
2424 965 2687 1021 accedere
2712 1007 2726 1028 .
2762 968 3099 1038 cogebantur
3138 972 3350 1030 eminus
3393 983 3701 1046 aspectare.

2105 1053 2262 1125 Saepe
2287 1069 2348 1110 se
2385 1055 2439 1110 in
2471 1054 2658 1126 figuris
2681 1056 3000 1129 Ethiopum
3023 1102 3038 1125 ,
3071 1074 3213 1132 saepe
3240 1078 3302 1118 se
3327 1077 3426 1134 per
3454 1066 3672 1123 diverso

2107 1161 2227 1200 rum
2257 1146 2574 1202 animalium
2619 1149 2830 1218 species
2857 1149 3237 1208 ostendebant.
3274 1152 3482 1222 Quibus
3523 1157 3704 1214 clarus

2105 1237 2309 1294 Christi
2338 1239 2706 1308 triumphator
2726 1241 3035 1307 insultabat,
3066 1245 3288 1302 dicens:
3313 1246 3453 1304 Ecce
3478 1256 3702 1320 paratus

2106 1350 2247 1399 sum,
2286 1335 2498 1400 vertite;
2537 1345 2594 1390 et
2630 1333 2675 1390 si
2724 1349 2848 1405 qua:
2896 1336 2948 1390 in
2988 1335 3141 1395 vobis
3179 1349 3265 1396 est
3312 1337 3462 1413 (224)
3506 1347 3701 1409 virtus.

2107 1425 2396 1480 ostendite.
2447 1423 2698 1496 Nunquid
2744 1427 2858 1495 jam
2891 1429 3112 1482 omnino
3166 1429 3430 1489 deficitis?
3462 1439 3702 1507 nttnquid

413 1498 616 1554 Classis
645 1500 830 1556 itidem
862 1503 1153 1571 prtedium,
1192 1503 1282 1560 ubi
1315 1515 1402 1560 est
1423 1505 1649 1560 ecclesia
1704 1506 1761 1559 Β.
1788 1504 2006 1559 Martini

2109 1519 2216 1588 iam
2247 1519 2376 1573 victi
2406 1517 2565 1580 estis,
2590 1525 2647 1574 et
2682 1519 2890 1589 aliquas
2918 1529 3107 1577 contra
3147 1523 3549 1583 Deiservulum
3583 1498 3706 1584 ecr-

415 1603 534 1657 qua:
575 1589 775 1644 dicitur
807 1590 862 1644 in
911 1589 1072 1663 Sylva
1103 1592 1277 1662 (221),
1308 1593 1580 1662 migravit.
1613 1593 1690 1648 lbi
1717 1609 1845 1648 vero
1875 1609 2008 1662 qua-

415 1679 540 1733 dam
586 1679 714 1746 die,
761 1681 890 1735 dum
942 1681 1358 1751 completorium
1401 1684 1554 1756 (222)
1585 1693 1844 1748 caneret,
1881 1685 2007 1754 quia

2112 1604 2261 1660 tandi
2290 1607 2572 1661 machinas
2606 1623 2710 1661 non
2743 1605 2992 1663 habetis?
3043 1607 3137 1666 llis
3173 1611 3405 1684 denique
3436 1625 3489 1670 et
3521 1618 3707 1686 hujus-

2113 1699 2256 1751 modi
2287 1697 2466 1751 Verbis
2495 1695 2835 1754 confundens
2868 1700 3083 1770 iniquus
3111 1703 3365 1772 spiritus,
3413 1707 3702 1765 confestim

415 1770 702 1837 antiquum
744 1770 854 1825 illic
880 1773 1252 1827 cmmeterium
1305 1771 1507 1839 fuerat,
1529 1782 1591 1828 ut
1628 1789 1772 1844 saepe
1796 1774 1890 1838 fit,
1920 1789 2008 1829 su-

2111 1808 2226 1856 cos,
2252 1791 2400 1848 velut
2427 1794 2608 1850 missis
2637 1797 2862 1851 totidem
2901 1794 3129 1866 jaculis,
3165 1798 3456 1874 eli'ugabat.
3507 1805 3707 1862 Videtis

416 1857 531 1911 bito
571 1857 644 1911 illi
686 1873 752 1914 ex
804 1858 1111 1926 huiusmodi
1153 1861 1476 1930 recogitatio
1520 1861 1740 1926 incidit,
1773 1877 2009 1930 moxque

415 1947 534 2016 ejus
575 1949 816 2003 animum
853 1965 1084 2020 magnus
1111 1952 1471 2020 phantastica:
1505 1952 1772 2008 illusionis
1813 1952 2013 2008 horror

417 2036 634 2093 invasit.
661 2039 908 2111 Cumque
935 2042 1038 2096 hoc
1061 2043 1314 2099 crebrius
1354 2043 1408 2099 in
1441 2052 1622 2099 mente
1670 2044 2009 2110 revolveret,

414 2145 546 2186 ecce
588 2132 808 2203 maligni
840 2133 1065 2202 spiritus
1095 2136 1374 2205 repentino
1404 2137 1606 2206 impetu
1652 2136 1844 2192 cellam
1889 2135 2012 2206 ejus

417 2223 647 2296 ingressi
676 2224 926 2293 protinus
952 2225 1104 2281 illu
1134 2227 1189 2281 in
1223 2235 1424 2282 terram
1456 2234 1742 2297 sternunt,
1783 2228 2006 2282 immani

409 2328 536 2368 eum
595 2313 740 2368 czede
789 2315 1107 2381 coniiciunt,
1159 2325 1215 2371 et
1262 2317 1544 2372 exhaustis
1602 2317 1762 2388 longo
1799 2315 2010 2386 jejunio

419 2406 678 2460 membris
738 2406 1043 2462 dirissimos
1088 2407 1240 2479 (225)
1293 2409 1433 2463 ictus
1483 2409 1717 2464 illidunt.
1765 2408 2006 2465 Tandem

422 2493 773 2562 liomualdus,
827 2496 971 2551 inter
1001 2497 1117 2566 ipsa
1185 2499 1596 2564 percussionum
1644 2498 1873 2554 verbera
1922 2515 2008 2555 reo

420 2595 605 2655 specto
636 2587 833 2642 divinae
875 2589 1063 2658 gratiae
1093 2589 1370 2656 visitatus,
1395 2590 1453 2645 in
1493 2590 1636 2646 hanc
1659 2605 1850 2646 vocem
1876 2605 2006 2646 eru-

419 2677 528 2744 pit:
553 2677 732 2732 Chare
759 2677 907 2745 Jesu,
935 2680 1130 2735 dilecte
1151 2681 1301 2745 Jesu,
1327 2698 1497 2751 quare
1521 2698 1607 2739 me
1635 2681 2010 2752 dereliquisti?

420 2768 674 2839 Nunquid
695 2772 920 2826 omnino
943 2787 1030 2826 me
1054 2773 1396 2828 inimicorum
1429 2774 1675 2830 manibus
1705 2773 2007 2830 tradidisti?

419 2858 500 2912 Ad
535 2860 648 2914 lucc
689 2876 878 2915 omnes
920 2861 1090 2932 iniqui
1128 2864 1352 2932 spiritus
1388 2865 1566 2919 divina
1591 2865 1794 2920 virtute
1835 2864 2004 2935 fugati

351 2973 358 2979 -
421 2959 568 3002 sunt.
610 2948 678 3002 Et
726 2950 986 3004 continuo
1017 2960 1161 3005 tanta
1199 2953 1368 3006 divini
1415 2951 1616 3008 amoris
1658 2952 2009 3023 compunctio

423 3038 700 3092 ﬂomualtli
743 3043 1235 3117 pectusaccendit,
1261 3052 1318 3097 ut
1341 3051 1510 3098 totum
1554 3058 1653 3099 cor
1683 3042 1804 3114 ejus
1841 3043 1904 3100 itt-
1926 3043 2010 3099 la-

418 3147 635 3202 crymas
660 3132 815 3200 quasi
840 3147 968 3188 cera
999 3132 1354 3202 liquesceret,
1380 3146 1434 3189 et
1462 3135 1531 3189 de
1559 3142 1637 3190 tot
1667 3131 2010 3191 allisionibus

419 3226 648 3280 sauciati
682 3207 924 3296 corporis
964 3226 1038 3280 nil
1067 3228 1317 3282 sentiret.
1377 3227 1497 3281 Mox
1523 3240 1690 3282 sanus
1715 3236 1774 3282 et
1799 3228 2009 3283 validus

419 3319 486 3373 de
517 3327 660 3374 terra
683 3318 942 3384 surrexit,
957 3326 1030 3383 et,
1046 3319 1172 3374 licet
1187 3319 1512 3389 impediente
1525 3321 1702 3374 adhuc
1721 3320 2005 3388 sanguine,

421 3409 490 3464 ad
518 3410 769 3464 eumdem
818 3411 1013 3479 psalmi
1043 3426 1260 3466 versum
1290 3425 1452 3480 quem
1500 3410 1795 3481 reliquerat
1825 3412 2005 3466 rediit.

425 3501 478 3552 ln
531 3500 777 3569 ingressu
825 3499 1026 3569 quippe
1063 3500 1368 3554 daemonum
1413 3499 1650 3557 fenestra
1695 3503 1906 3558 cellula:
1955 3504 2006 3558 in

424 3594 652 3646 frontem
683 3590 830 3645 illius
855 3590 1111 3661 impegit,
1136 3590 1299 3664 ω
1332 3594 1512 3662 inqua
1546 3592 1835 3648 manifesta
1862 3605 2012 3662 post-

424 3685 640 3740 modum
688 3683 918 3739 cicatrix
975 3685 1256 3750 occalluit,
1321 3695 1443 3755 qum
1488 3686 1712 3742 evidens
1768 3687 2010 3742 vulneris

422 3777 718 3843 indicium,
756 3778 996 3848 quandiu
1041 3779 1128 3832 vir
1160 3788 1386 3835 sanetus
1423 3779 1580 3848 vixit,-
1606 3781 1863 3837 ostendit.

1014 3889 1244 3946 CAPUT
1275 3891 1439 3946 XVII.

422 3979 500 4034 De
527 3980 720 4049 iniquis
742 3979 1008 4048 spiritibus
1034 4021 1048 4044 ,
1079 3983 1170 4049 qui
1195 3981 1292 4103 sbibi
1329 3982 1463 4035 velut
1491 3983 1623 4036 dim:
1655 3983 1886 4040 volucres
1916 4002 2008 4054 ap-

1079 4067 1203 4103 nare
1237 4066 1348 4103 am.

1077 4066 1348 4119 parebant.

489 4136 612 4192 Jam
642 4139 807 4207 igitur
838 4138 992 4193 miles
1020 4138 1249 4204 Christi,
1286 4149 1504 4196 assueto
1545 4140 1684 4198 bello
1715 4143 2004 4211 robustior,

493 4296 640 4418 (220)
669 4297 870 4352 Desunt
917 4297 968 4352 in
1014 4296 1276 4354 Vaticano
1313 4301 1499 4356 codice
1531 4301 1648 4358 haec
1685 4304 1884 4374 verba,
1931 4307 2006 4362 ita

507 4385 566 4418 eo
595 4369 612 4418 i
637 4368 742 4418 lius
765 4367 1074 4418 obtrectatio
1099 4371 1484 4418 remimeretur-

422 4384 486 4421 ao
507 4385 566 4420 eo
595 4367 742 4420 illius
765 4367 1074 4422 obtrectatio
1099 4371 1484 4437 reprimeretur.

492 4437 642 4517 (221)
678 4437 1008 4517 liecensetur
1044 4439 1338 4492 etiamnum
1385 4440 1526 4517 inter
1564 4439 1776 4517 Classis
1805 4448 2005 4517 praedia
2037 4452 2084 4510 D

421 4505 526 4560 non
557 4505 804 4575 ignobilis
832 4505 932 4562 iste
956 4507 1128 4586 locus,
1165 4511 1516 4586 vetustu_r_n_S.
1564 4511 1788 4586 Martini
1805 4505 2006 4586 cogno-

423 4586 663 4631 mentum
691 4591 945 4654 servans;
982 4578 1130 4632 nulla
1163 4591 1340 4634 tatnen
1371 4579 1442 4633 ibi
1487 4583 1722 4651 antiqua:
1748 4578 2006 4642 Ecclesia:

423 4645 969 4711 reu'tanent'vestigia.

494 4715 652 4788 (222)
673 4715 968 4788 lnter_alia_
977 4718 1372 4788 quamplurima
1410 4718 1700 4781 laudabilia
1757 4725 2004 4782 instituta

422 4800 540 4848 tutu:
566 4784 887 4864 universalis
929 4784 1170 4864 Ecclesia
1213 4805 1243 4844 a
1291 4791 1832 4864 monachisaccepit,
1865 4798 2004 4852 hanc

419 4869 635 4923 quoque
657 4854 822 4908 divini
849 4857 1029 4923 operis
1057 4869 1266 4924 partem
1286 4899 1300 4924 ,
1329 4861 1489 4915 veluti
1532 4854 1849 4922 diurnarum
1895 4868 2003 4922 latt-

422 4929 548 4996 dum
576 4925 843 4996 epilogum
872 4939 926 4979 et
948 4931 1358 4996 compendium,
1389 4943 1418 4984 a
1457 4931 1823 4991 lienedictinis
1861 4955 2002 4994 sum-

422 4995 597 5062 psisse
615 4995 856 5048 nonnulli
883 4995 1169 5064 scripsere.
1197 4998 1272 5052 Re
1297 5009 1473 5054 tamen
1502 5007 1713 5062 veras.
1738 5007 1800 5061 P.
1834 5007 2004 5064 Bene-

422 5065 596 5140 dictus
629 5065 838 5140 nonnisi
870 5066 1193 5140 corupletorii
1231 5084 1424 5124 nomen
1458 5071 1506 5125 ei
1533 5073 1698 5140 dedit,
1730 5092 1852 5132 nam
1878 5089 2004 5135 ante

421 5133 537 5212 ejus
560 5142 775 5212 tetatem
805 5136 917 5189 haec
943 5133 1074 5212 liora
1098 5140 1354 5194 canonica
1389 5142 1442 5194 in
1469 5157 1570 5196 usu
1604 5133 1720 5212 jam
1740 5157 1877 5202 erat.
1900 5133 2004 5204 ⁷νί-

421 5205 562 5258 desis
595 5203 837 5288 Mat-tene
857 5215 912 5258 et
952 5205 1180 5288 Cullme't‘,
1216 5225 1336 5288 cap.
1383 5225 1525 5288 xvn;
1558 5203 1734 5285 M'ege,
1759 5234 1878 5288 cap.
1915 5203 2002 5276 xvt

421 5274 794 5344 commentarii
827 5275 879 5328 in
904 5290 1014 5344 reg.
1039 5278 1096 5332 S.
1130 5274 1425 5335 Benedicti.

488 5343 637 5414 (225)
667 5343 797 5414 γει,
817 5343 1062 5408 εοιΙάάα
1073 5349 1321 5404 rissimas.

671 5413 726 5489 |_n
751 5413 1025 5489 _Vaticano
1053 5419 1172 5489 cod.
1203 5420 1398 5489 legitur
1422 5426 1510 5477 sit.

447 5551 460 5563 .
493 5482 642 5555 (225)
673 5484 935 5563 Balneum
943 5488 1208 5563 _oppi_dth
1232 5482 1316 5563 est
1343 5493 1396 5546 in
1422 5493 1775 5551 Romandiola
1803 5500 1906 5554 sub
1929 5502 2008 5555 di-

425 5555 570 5608 tione
601 5555 882 5631 temporali
912 5555 1087 5631 Magni
1133 5559 1364 5631 Etruriae
1407 5563 1562 5620 ducis
1587 5606 1603 5631 ,
1635 5568 1900 5631 spirituali
1934 5581 2008 5626 ta-

423 5636 565 5697 men
586 5626 972 5697 monachorum
1010 5626 1508 5687 ’Camaldnlensium
1537 5675 1551 5697 ,
1590 5626 1681 5697 'an
1731 5639 2004 5696 abbatlam

425 5652 548 5676 Iucu
587 5652 972 5680 muuauum'um
1020 5652 1508 5687 uaruamurensrum
1537 5675 1551 5697 ν
1631 5652 1681 5690 III
1731 5652 2004 5696 abbatlam

415 5688 499 5745 ibi
529 5692 591 5746 Β.
621 5696 801 5750 Mariae
834 5692 1037 5766 Virgini
1081 5714 1293 5754 sacram
1319 5652 1782 5778 incolunt.unlgo
1821 5707 2004 5780 Bagoa

856 5792 1128 5854 ΡΑτιιοι.
1179 5788 1450 5852 CXLIV.

2111 1900 2244 1955 ergo
2265 1885 2511 1941 diabolus
2530 1887 2658 1956 quia
2690 1897 2786 1957 per
2811 1889 3161 1960 semetipsum
3188 1905 3377 1950 contra
3411 1897 3503 1952 Dei
3535 1899 3707 1955 fama.

2113 1974 2223 2029 lum
2271 1976 2570 2044 praevalere
2623 1987 2727 2032 non
2779 1989 2991 2048 posset,
3045 1977 3112 2037 ad
3163 1986 3352 2041 callida
3383 2001 3707 2060 argumenta

2110 2077 2428 2130 conversus,
2453 2077 2776 2137 quocunque
2800 2069 2884 2124 vir
2912 2069 3134 2126 sanctus
3162 2073 3294 2140 ibat,
3319 2077 3704 2148 discipulorum

2110 2152 2229 2222 ejus
2247 2156 2469 2223 animos
2493 2156 2755 2213 adversus
2776 2165 2900 2213 eum
2927 2159 2980 2214 in
3014 2159 3594 2235 malitiamjexcitabat,
3623 2182 3704 2234 ut,
3782 2161 3799 2177 ⁸

2111 2236 2242 2312 quia
2287 2247 2546 2300 retentari
2588 2262 2713 2302 cum
2745 2246 2815 2303 ab
2853 2263 3086 2307 accenso
3115 2251 3197 2308 sui
3244 2249 3474 2314 fcr'voris
3503 2259 3704 2331 impetu

2114 2335 2445 2404 impossibile
2494 2335 2703 2402 fuerat,
2751 2339 2943 2394 saltem
2994 2343 3062 2396 ab
3106 2342 3297 2402 aliena:
3335 2347 3528 2405 salutis
3574 2367 3703 2407 cura

2109 2434 2503 2496 compesceret,
2537 2436 2615 2492 et,
2641 2427 2767 2499 quia
2800 2431 2914 2501 ipse
2937 2433 3008 2486 ab
3024 2434 3180 2490 hoste
3211 2439 3453 2508 Super-ari
3483 2440 3707 2498 minime

2107 2523 2311 2590 passa,
2340 2518 2427 2574 vel
2454 2534 2520 2574 ex
2552 2519 2675 2576 aliis
2702 2523 2988 2577 victoriam
3018 2542 3123 2580 non
3157 2538 3397 2599 negaret.

2689 2631 2920 2691 CAPUT
2961 2632 3146 2693 XVIII.

2110 2717 2190 2772 De
2223 2721 2490 2775 monachis
2517 2719 2874 2777 Romualdum
2904 2727 3324 2808 verberantibuc,
3348 2740 3398 2785 et
3423 2732 3602 2789 divina
3621 2736 3706 2792 ira

2774 2809 3057 2861 percussis.

2181 2877 2485 2950 Aliquando
2509 2863 2759 2954 namque
2798 2885 2869 2939 ad
2907 2885 3084 2942 locum
3119 2885 3207 2958 qui
3246 2891 3503 2948 Balneum
3551 2896 3702 2968 (293)

2109 2970 2330 3036 dicitur,
2345 2972 2437 3042 qui
2458 2973 2706 3029 videlicet
2730 2976 2782 3028 in
2810 2973 3068 3032 Saxenati
3089 2981 3416 3038 constitutus
3438 2994 3522 3039 est
3544 2994 3616 3041 tet
3632 2990 3706 3043 ri-

2113 3064 2274 3129 torio,
2312 3064 2558 3130 transiit;
2585 3065 2674 3120 ubi
2707 3068 2869 3121 etiam
2919 3084 3022 3123 non
3072 3085 3245 3139 pauco
3276 3085 3519 3143 tempore
3547 3095 3702 3133 rom-

2115 3169 2359 3218 morans,
2394 3157 2785 3211 monasterium
2833 3155 3001 3232 m
3035 3167 3102 3214 ad
3144 3161 3202 3214 Β.
3229 3161 3553 3237 Archangeli
3601 3169 3700 3224 Mi-

2113 3245 2317 3300 chaelis
2345 3247 2604 3302 hunorem
2629 3251 2932 3304 construxit
2952 3291 2967 3314 ,
2999 3263 3028 3305 a‘
3057 3268 3162 3321 quo
3193 3270 3295 3309 non
3327 3256 3483 3328 longe
3509 3262 3700 3315 ce’iam

2110 3337 2166 3392 in
2181 3352 2244 3392 ea
2263 3334 2834 3394 nabitaturusintravit
2851 3339 3021 3410 (226).
3042 3338 3166 3398 illuc
3186 3355 3365 3400 autem
3386 3349 3537 3420 ilngo
3553 3351 3699 3420 (227)

2113 3428 2353 3482 marcbio
2381 3437 2586 3498 septem
2622 3427 2724 3483 sibi
2760 3445 2858 3500 pro
2884 3429 3208 3488 necessitate
3236 3437 3381 3492 misit
3409 3441 3700 3497 nomisma-

2113 3527 2226 3571 tum
2255 3516 2454 3583 libras;
2480 3533 2617 3588 quas
2642 3518 2728 3576 ilic
2747 3560 2762 3586 ,
2793 3529 2854 3574 nt
2883 3521 3023 3577 bene
3049 3523 3305 3594 prodigus
3339 3529 3703 3586 misericordi-

2113 3616 2196 3662 ter
2235 3607 2596 3678 dispensaret,
2626 3611 2856 3678 adcepit.
2891 3607 3088 3667 Audito
3116 3613 3297 3686 itaque
3324 3619 3465 3686 quod
3515 3637 3702 3677 ntoua-

2112 3697 2338 3752 sterium
2388 3695 2638 3754 Paiatioli
2691 3697 2840 3770 (228)
2874 3696 3069 3758 fuiSset
3117 3703 3242 3776 igne
3285 3722 3697 3780 consumptum,

2111 3789 2393 3856 sexaginta
2434 3787 2634 3844 solidos
2678 3788 2744 3846 dc
2781 3793 3036 3861 przedicta
3069 3793 3295 3864 pecunia
3339 3792 3598 3859 fratribus
3647 3806 3698 3860 in

2111 3878 2442 3948 adjutorium
2466 3879 2689 3946 direxit,
2724 3882 2924 3952 reliqua
2957 3891 3162 3951 autem,
3195 3889 3333 3942 utin
3362 3889 3539 3947 simile
3566 3909 3700 3963 imus

2110 3967 2463 4037 expenderet,
2495 3971 2811 4023 reservavit.
2834 3971 3063 4040 Cognito
3094 3975 3218 4038 hoc,
3249 3979 3496 4034 monachi
3527 3981 3583 4036 S.
3603 3983 3701 4038 Mi-

2110 4058 2319 4113 cbaelis
2360 4057 2601 4113 belluino
2647 4071 2836 4114 contra
2873 4077 2998 4116 eum
3043 4063 3228 4120 furore
3252 4073 3504 4126 commoti
3547 4085 3697 4144 sunt,

2113 4160 2225 4204 tum
2254 4149 2380 4219 quia
2413 4151 2596 4219 pravis
2621 4164 2814 4206 eorum
2862 4153 3104 4211 moribus
3146 4160 3454 4218 cetrtrarius
3485 4162 3602 4232 jam
3643 4168 3698 4222 in

2110 4321 2460 4396 appell_ati_tr,_
2477 4323 2749 4396 situmque
2795 4326 2984 4396 estin
3029 4325 3315 4396 Apenniao
3363 4344 3547 4391 monte
3593 4356 3698 4395 non

2110 4393 2298 4465 procul
2323 4393 2392 4448 ab
2423 4393 2617 4465 [inemo
2638 4393 3059 4465 Catualdulensi,
3078 4393 3134 4451 in
3164 4403 3437 4458 territorio
3459 4393 3698 4465 Sarsinai

2111 4463 2285 4527 urbis,
2336 4478 2459 4534 quae
2502 4464 2804 4534 antiquitus
2835 4464 3074 4532 Saxena,
3120 4467 3328 4525 Saxina
3373 4477 3426 4527 et
3472 4463 3698 4533 Sassina

2113 4533 2552 4602 nuncupabatur.

2181 4621 2335 4694 (226)
2374 4621 2692 4694 Βτίιίῇθτοη.
2741 4624 3030 4694 Pragensis
3065 4627 3142 4681 ait
3173 4646 3186 4681 :
3221 4627 3602 4689 Monasterium
3643 4637 3698 4692 ire

2111 4683 2486 4768 S.‘l_l_ic'ftaelis_'
2509 4691 2706 4768 honore
2730 4683 3022 4768 cons‘t'ruxit
3041 4737 3055 4758 ,
3085 4698 3139 4750 in
3161 4715 3262 4768 quo
3292 4683 3698 4760 ordiri—otism;

2110 4762 2299 4842 unc-his
2318 4770 2366 4816 et
2397 4762 2602 4842 abbate,
2653 4764 2762 4832 ipse
2791 4780 2895 4842 non
2929 4767 3079 4842 longe
3105 4784 3137 4820 a
3166 4762 3341 4842 castro
3379 4770 3696 4842 Vcrgarrtho

2110 4830 2450 4911 reclusionem
2496 4833 2551 4886 in
2588 4830 2760 4911 parvu-
2796 4833 2986 4911 ceilula
3019 4830 3264 4911 intrauit.
3306 4830 3696 4911 i’ergfte'retum‘,

2109 4915 2203 4954 seu
2242 4899 2609 4978 Yergaretrgu,
2634 4912 2688 4957 et
2720 4902 3048 4978 Yerghereta,
3069 4918 3148 4962 est
3169 4899 3436 4978 Apennini
3460 4899 3698 4970 castrum

2111 4970 2407 5096 :tpnﬁlgqgse
2431 4989 2461 5026 a
2500 4972 2698 5028 Balnco
2719 4970 2872 5042 juxta
2919 4975 3080 5048 Sapis
3108 4970 3290 5048 (vulgo
3319 4980 3502 5054 Satrio)
3533 4984 3703 5042 nomi-
3736 5003 3740 5007 '

2129 5058 2143 5093 l
2170 5058 2195 5095 s
2300 5059 2374 5096 re
2411 5080 2423 5094 .

2111 5057 2195 5095 IIIS
2224 5057 2423 5096 Ιοιιιυε.

2112 5132 2336 5274 mg?)
2357 5134 2573 5260 Iﬁet-hsce
2603 5137 2831 5209 ilugone
2853 5141 3086 5197 Etruria:
3110 5144 3353 5215 principe
3377 5149 3500 5204 vide
3534 5164 3698 5223 supra
3729 5126 3737 5135 ’

2185 5295 2334 5370 (22g)
2360 5297 2520 5370 Plura
2551 5297 3041 5370 httjﬁuscenominis
3070 5303 3186 5359 loca
3225 5305 3282 5360 in
3313 5306 3486 5362 italia.
3523 5311 3698 5370 Unum

2113 5365 2254 5419 inter
2275 5365 2521 5446 Bedesim
2547 5365 3204 5446 etﬂantli‘anumliuvium
3227 5392 3391 5446 supra

2113 5438 2533 5513 [nenasteriuay
2567 5440 2711 5493 aliud
2746 5443 2797 5494 in
2825 5442 3109 5513 paludibus
3140 5438 3458 5503 Ravennam
3486 5438 3707 5513 interea

2109 5504 2242 5587 εξωιξ
2270 5506 2448 5587 ostia,
2473 5507 2540 5561 de
2564 5525 2678 5577 quo
2703 5504 2838 5579 puto
2873 5512 2971 5587 hic
3004 5525 3309 5587 sermonem
3640 5504 3698 5581 li:

2111 5574 2319 5658 Mariae“
2334 5585 2452 5658 erat
2477 5574 3144 5658 nuncupatum._Ali-ud_in_
3163 5574 3528 5658 Monmiridi,

2111 5643 2958 5733 regisli’opuloniteiiilgtrurian;
3001 5653 3147 5709 aliud
3172 5655 3224 5710 in
3267 5643 3706 5733 numquath

2112 5714 2632 5787 millibus'passibus
2657 5720 2866 5777 Albano
2891 5714 3123 5780 distans.

3068 5818 3191 5898 31_
