4108 6206
383 233 473 287 971

840 231 898 286 S.
939 231 1142 287 PETRI
1182 231 1463 286 DAMIANI
1503 232 1650 287 OPP.
1695 231 1870 286 PARS
1899 229 2026 287 SEU
2065 233 2301 290 TOMUS
2339 235 2400 290 Il.
2433 264 2502 276 -—
2539 235 2958 293 SANCTORUM
3003 234 3205 293 VITIE.

3532 238 3641 294 972

378 343 562 430 multis
593 341 740 414 (229)
766 344 1069 406 exstiterant,
1102 353 1212 396 tum
1237 343 1365 412 quia
1385 357 1505 412 qum
1534 343 1608 396 illi
1646 343 1960 398 defereban-
1987 355 2032 414 Α
2063 345 2266 401 divisus
2286 363 2314 399 a
2337 349 2606 416 proximo,
2629 349 2792 402 etiam
2820 351 2864 404 si
2888 349 3114 404 alterum
3142 350 3388 415 haberet,
3412 352 3645 422 gentisne

382 445 489 500 tur,
527 451 631 491 non
662 435 742 490 eis
773 435 986 498 omnia,
1021 436 1113 490 sed
1149 435 1395 504 quaedam
1434 435 1555 488 aliis
1593 435 1956 504 impendebat.

381 523 544 578 Facta
577 525 740 595 igitur
766 524 1188 594 conspiratione,
1232 524 1561 579 unanimiter
1607 525 1798 580 cellam
1843 524 1961 602 ejus

381 630 503 669 cum
536 615 759 671 sudibus
793 624 847 669 et
872 613 1152 684 phalangis
1183 614 1331 684 (250)
1365 615 1696 685 irrumpunt,
1722 615 1962 669 verberi-

381 703 481 758 bus
503 719 624 758 eum
653 704 836 758 multis
863 703 1121 768 afﬁciunt,
1139 713 1214 770 et,
1234 705 1461 772 direptis
1485 705 1756 769 omnibus,
1789 705 1962 774 turpi-

382 808 464 849 ter
497 795 908 850 dehonestatum
950 795 1017 848 de
1067 793 1266 851 ﬁnibus
1316 795 1428 849 suis
1476 795 1765 863 expellunt.
1827 794 1962 849 Cum

379 887 566 953 itaque
597 885 905 940 eliminat-us
931 885 1077 956 (251)
1107 885 1300 949 abiret,
1329 895 1385 941 et
1425 884 1590 938 nimia
1622 883 1854 938 tristitiae
1883 885 1964 938 vis

380 975 433 1026 in
467 975 661 1029 mentis
692 973 806 1043 ejus
841 973 950 1041 jam
992 974 1250 1028 interiora
1279 973 1648 1038 descenderet,
1684 973 1782 1027 hoc
1823 973 1965 1041 apud

381 1065 730 1134 semetipsum
761 1065 1045 1130 deliberat,
1071 1074 1128 1117 ut
1150 1066 1262 1134 jam
1296 1064 1363 1119 de
1395 1071 1594 1118 caetero
1619 1078 1714 1116 sua
1745 1068 1964 1117 cbnten-
1995 1064 2001 1071 '

379 1165 490 1220 tus,
521 1155 708 1211 alienae
753 1154 940 1232 salutis
969 1169 1154 1208 curam
1201 1154 1422 1208 omnino
1469 1161 1773 1223 postponat.
1809 1152 1965 1206 Post-

380 1261 544 1314 quam
593 1246 843 1300 videlicet
892 1245 1277 1315 cogitationem
1322 1254 1504 1301 tantus
1559 1245 1801 1299 animum
1850 1243 1967 1312 ejus

383 1345 560 1389 terror
606 1335 804 1389 invasit
850 1343 940 1398 ut,
993 1335 1040 1388 si
1094 1335 1145 1388 in
1178 1350 1242 1389 eo
1269 1337 1411 1405 quod
1449 1345 1628 1390 mente
1651 1343 1969 1404 conceperat

383 1427 652 1480 obstinate
687 1427 1032 1496 persisteret,
1059 1427 1368 1495 periturum
1407 1441 1466 1482 se
1500 1427 1968 1495 damnandumque

385 1517 569 1571 divino
598 1514 801 1583 judicio
839 1516 1146 1570 nullatenus
1173 1516 1463 1571 dubitaret.
1495 1515 1743 1570 Monachi
1788 1526 1968 1570 autem

385 1616 662 1677 compotes
708 1608 796 1661 diu
845 1608 1165 1662 desideratas
1204 1607 1423 1661 ultionis
1470 1605 1670 1671 elfecti,
1713 1615 1770 1661 et
1816 1606 1970 1676 quasi

2061 434 2343 491 charitatis
2379 453 2542 492 unum
2570 439 2748 493 lumen
2782 439 2984 494 amisit.

2648 524 2875 581 CAPUT
2913 526 3054 580 XIX.

2139 611 2224 670 De
2251 617 2492 687 jussione
2529 616 2699 668 sancti
2736 613 3057 682 Apollinaris
3083 617 3152 670 ad
3176 615 3549 672 Romualdum.

2131 706 2434 776 Aliquando
2459 714 2638 756 autem
2669 703 2754 756 vir
2785 712 3008 758 sanctus
3037 720 3143 760 non
3183 705 3342 775 longe
3385 711 3578 762 mansit
3612 729 3641 763 a

2033 795 2243 851 'Catria
2271 795 2440 864 (255).
2475 793 2717 864 Ctunqtte
2746 793 2816 846 ibi
2840 793 3149 862 aliquandiu
3175 812 3498 862 moraretur,
3532 817 3644 854 ina-

2064 886 2258 942 nifestc
2281 886 2382 940 sibi
2418 885 2477 938 B.
2511 884 2836 955 Apollinaris
2868 888 3136 954 apparuit,
3175 901 3225 940 et
3276 900 3537 956 quatenus
3577 895 3643 947 ad

2065 992 2218 1030 suum
2248 975 2396 1046 (256)
2429 975 2813 1029 monasterium
2845 986 3108 1045 pergeret,
3141 976 3322 1045 ibique
3345 983 3522 1047 potius
3545 983 3643 1034 ha-

2065 1067 2281 1130 bitaret,
2314 1082 2380 1121 ex
2433 1081 2625 1136 magna
2675 1067 3000 1122 auctoritate
3038 1069 3308 1137 prmcepit.
3366 1072 3514 1135 Quod
3566 1074 3649 1123 vir

2066 1165 2284 1212 sanctus
2313 1172 2652 1226 nequaquam
2686 1158 3062 1228 negligendum
3089 1160 3313 1224 ducens,
3353 1161 3530 1213 locum
3584 1165 3634 1213 in

2065 1261 2174 1314 quo
2211 1246 2524 1299 morabatur
2578 1247 2697 1300 sine
2743 1248 3088 1302 cunctatione
3136 1248 3391 1314 deseruit,
3440 1258 3494 1304 et
3540 1268 3648 1318 ιιιιυ

2069 1338 2265 1412 missus
2292 1335 2470 1392 fuerat
2500 1337 2730 1407 impiger
2756 1337 3052 1392 festinavit.

2670 1425 2897 1481 CAPUT
2935 1426 3050 1481 XX.

2367 1515 2444 1571 De
2481 1516 2799 1571 habitatione
2835 1517 2948 1586 ejus
2987 1518 3040 1571 in
3079 1516 3345 1588 Origario.

2143 1605 2381 1660 Inclusus
2404 1614 2486 1660 est
2514 1607 2678 1661 etiam
2704 1607 2935 1675 quodam
2957 1616 3198 1677 tempore
3225 1607 3305 1661 vir
3331 1608 3650 1663 venerabilis

385 1696 626 1768 projecto
655 1697 806 1765 gravi
835 1711 998 1751 onere
1028 1696 1243 1767 levigati
1271 1695 1450 1768 (252),
1485 1696 1586 1750 hoc
1616 1695 1759 1765 quod
1788 1696 1841 1750 in
1871 1695 1963 1750 Dei
1995 1699 2041 1757 B
2069 1695 2120 1749 in
2154 1695 2346 1765 palude
2390 1695 2539 1767 (257)
2591 1695 3022 1760 Commiaclcnsi,
3063 1712 3183 1766 qua:
3228 1695 3427 1751 dicitur
3459 1694 3651 1768 Origa-

387 1785 650 1840 famulum
681 1796 907 1856 egerant
950 1785 1136 1839 multis
1183 1785 1324 1840 inter
1353 1799 1412 1840 se
1441 1784 1688 1839 laudibus
1715 1784 1968 1849 efferunt,

385 1875 518 1930 etin
544 1875 960 1929 immoderatum
990 1860 1173 1927 ludum
1204 1881 1366 1942 atque
1395 1873 1726 1928 cachinnum
1755 1888 1813 1927 se
1837 1871 1973 1926 laeti-

388 1965 460 2019 tia
519 1965 860 2018 lenocinante
912 1962 1216 2028 resolvunt;
1271 1963 1464 2018 deinde
1486 1963 1685 2030 etiam,
1733 1973 1793 2016 ut
1839 1962 1970 2016 tanti

341 2119 344 2122 ,
388 2056 569 2125 gaudii
629 2054 1027 2110 solemnitatem
1079 2053 1481 2122 quodammodo
1523 2052 1970 2122 jucundissimam

389 2145 624 2209 faciant,
669 2155 1014 2212 sumptuosas
1044 2141 1355 2197 deliciarum
1402 2143 1585 2212 capias
1609 2141 1710 2198 sibi
1746 2143 1812 2197 ad
1839 2157 1968 2197 conv-

385 2236 589 2290 vivium
616 2245 830 2304 parant.
857 2233 987 2289 Erat
1005 2248 1135 2289 vero
1165 2242 1290 2289 tunc
1311 2233 1507 2298 hiems,
1531 2249 1648 2303 quae
1670 2248 1775 2288 non
1800 2233 1971 2288 solum

385 2325 746 2380 vicissitudini
797 2333 1123 2393 temporum,
1157 2322 1252 2378 sed
1288 2322 1498 2393 frigidis
1527 2337 1742 2392 quoque
1784 2337 1970 2377 eorum

390 2415 664 2469 mentibus
701 2413 980 2482 aptissime
1010 2411 1365 2482 congruebat.
1398 2409 1550 2466 Unus
1570 2420 1752 2464 autem
1781 2423 1846 2463 ex
1868 2411 1972 2475 eis,

389 2507 483 2575 qui
535 2507 589 2560 in
637 2505 1008 2560 beatissimum
1055 2503 1256 2559 Christi
1311 2503 1570 2558 famulum
1598 2503 1751 2574 (255)
1783 2503 1974 2557 saevior

389 2599 586 2665 fuerat,
615 2597 721 2652 mel
748 2597 1051 2666 acquirere,
1089 2595 1231 2651 unde
1259 2594 1490 2649 mulsum
1531 2593 1874 2664 epulantibus
1897 2589 1976 2644 fa-

390 2703 563 2758 ceret,
602 2692 906 2761 satagebat.
931 2689 1174 2757 Cumque
1219 2687 1386 2758 Sapin
1415 2687 1632 2740 ﬂuvium
1682 2687 1782 2740 hoc
1819 2683 1975 2738 sudio

394 2789 772 2843 transmearet,
803 2777 1202 2832 offendentibus
1229 2777 1280 2829 in
1304 2775 1524 2846 planeas
1550 2773 1697 2850 (251)
1726 2772 1972 2842 pedibus,

394 2872 576 2928 subito
600 2870 664 2925 de
698 2882 856 2940 ponte
887 2867 1241 2937 dejieitur,'et
1276 2862 1473 2918 ﬂuviali
1504 2863 1760 2932 voragine
1799 2860 1976 2914 fundi-

398 2977 484 3019 tus
509 2963 832 3018 absorbente
863 2967 1107 3030 raptatus
1133 2956 1514 3026 exstinguitur.
1552 2954 1704 3008 Justo
1734 2951 1976 3007 videlicet

2073 1786 2249 1840 rium:
2283 1787 2423 1840 unde
2455 1785 2820 1856 postmodum,
2862 1801 2972 1856 prae
3003 1785 3166 1840 nimio
3203 1785 3462 1854 palustris
3508 1787 3652 1842 caeni

2072 1875 2262 1939 fetore,
2306 1885 2363 1930 et
2405 1885 2660 1944 corrupto
2696 1889 2859 1937 aere,
2912 1875 2985 1928 ita
3034 1884 3180 1930 totus
3228 1877 3550 1931 tumefactus
3595 1887 3654 1934 et

2071 1963 2337 2034 depilatus
2365 1965 2515 2029 exiit,
2547 1975 2606 2019 ut
2648 1979 2986 2034 nequaquam
3041 1965 3229 2019 eadem
3279 1983 3397 2035 qua:
3443 1967 3650 2022 inclusa

2074 2054 2250 2109 fuerat
2297 2055 2506 2124 species
2562 2055 2856 2110 videretur.
2911 2053 3045 2109 Nam
3093 2064 3146 2109 et
3207 2070 3337 2110 caro
3374 2057 3490 2126 ejus
3539 2067 3650 2112 tota

2071 2152 2293 2199 eatenus
2329 2153 2447 2198 erat
2493 2143 2701 2208 viridis,
2727 2154 2785 2197 ut
2815 2144 2900 2197 vix
2955 2143 3186 2198 stellioni
3236 2144 3384 2214 (258)
3418 2145 3653 2200 discolor

2071 2245 2382 2306 appareret.

2659 2324 2884 2380 CAPUT
2926 2324 3068 2380 XXI.
3097 2331 3103 2338 '

2216 2417 2292 2471 De
2323 2417 2454 2472 cella
2479 2411 2710 2481 incensa,
2743 2427 2790 2470 et
2819 2433 2910 2486 per
2931 2418 3218 2470 orationem
3245 2419 3522 2472 exstincta.

2142 2507 2261 2562 Alio
2287 2522 2500 2576 quoque
2515 2515 2752 2575 tempore
2780 2507 2832 2560 in
2885 2506 3056 2560 insula
3085 2522 3203 2576 qur
3237 2508 3461 2563 Pereunt
3501 2507 3652 2579 (259)

2075 2597 2274 2651 dicitur
2340 2597 2633 2661 habitavit;
2669 2611 2788 2665 qum
2830 2594 3082 2650 videlicet
3125 2597 3295 2650 insula
3331 2612 3362 2651 a
3393 2584 3650 2651 Ravenna

2075 2687 2209 2742 urbe
2242 2687 2521 2741 duodecim
2551 2686 2664 2740 fere
2694 2685 2933 2740 millibus
2961 2685 3147 2740 distat.
3183 2687 3255 2740 lbi
3297 2701 3423 2740 vero
3446 2687 3570 2740 dum
3597 2687 3652 2740 in

2075 2775 2206 2830 cella
2233 2791 2353 2830 cum
2381 2776 2615 2845 quodam
2643 2773 2808 2846 m
2863 2775 3154 2830 venerabili
3192 2777 3330 2837 viro,
3361 2791 3457 2831 suo
3496 2776 3654 2829 nimi-

2053 2925 2062 2930 _,
2076 2879 2194 2918 rum
2219 2864 2503 2934 discipulo,
2527 2863 2812 2920 Guilielmo
2832 2864 3069 2928 nomine,
3095 2873 3420 2933 moraretur,
3442 2864 3652 2932 angusti

2075 2954 2312 3023 parietes
2334 2953 2622 3008 habitaculi
2658 2962 2880 3022 repente
2903 2953 3115 3007 flamma
3144 2955 3425 3022 corripuit,
3461 2955 3657 3010 deinde

396 3054 559 3127 445
605 3053 699 3107 Dei
739 3053 962 3122 judicio,
991 3060 1048 3104 ut
1077 3049 1288 3104 turbida
1313 3049 1461 3102 illum
1495 3062 1633 3116 aqua
1659 3047 1880 3100 satiaret
1911 3043 1977 3098 ad
2005 3042 2052 3106 (ἶ
2081 3049 2148 3103 ad
2182 3049 2288 3104 alta
2316 3047 2705 3113 conscendens,
2730 3049 2994 3102 dominari
3020 3063 3116 3117 per
3155 3057 3296 3102 tecta
3333 3048 3514 3102 liberis
3541 3047 3657 3116 jam

400 3145 838 3214 mortem;quia,
888 3142 940 3196 in
992 3157 1055 3194 eo
1094 3138 1235 3209 quod
1287 3137 1414 3193 ﬂere
1461 3137 1756 3198 debuerat,
1806 3132 1979 3187 mellis

398 3236 740 3292 dulcedinem
771 3234 839 3288 ad
875 3233 997 3286 vitm
1036 3229 1384 3300 concupierat
1430 3227 1780 3296 voluptatem.
1809 3223 1980 3278 Nocte

401 3343 551 3390 vero,
580 3325 708 3380 dum
736 3339 925 3379 omnes
952 3338 1018 3376 ex
1052 3335 1200 3375 more
1230 3319 1601 3389 quiescerent,
1624 3313 1982 3368 descendente

401 3417 588 3472 crebra
617 3414 821 3469 nivium
865 3411 1237 3475 multitudine,
1277 3416 1497 3478 repente
1533 3415 1643 3460 tota
1676 3403 1980 3459 communis

401 3509 616 3565 ardificii
644 3521 806 3577 super
843 3519 936 3560 eos
972 3501 1177 3558 fabrica
1228 3499 1473 3564 corruit,
1515 3506 1571 3552 et
1612 3496 1764 3550 alteri
1797 3501 1979 3562 caput,

400 3603 490 3656 alii
522 3600 782 3664 brachia,
840 3606 896 3652 et
937 3595 1024 3650 alii
1051 3609 1208 3650 crura
1251 3590 1337 3647 vel
1379 3589 1632 3668 qumlibet
1673 3588 1776 3641 alia
1817 3600 1984 3639 mem-

402 3697 500 3749 bra
529 3691 802 3749 contrivit.
835 3688 938 3744 Uni
968 3689 1132 3744 etiam
1179 3699 1367 3741 eorum
1401 3684 1591 3738 oculus
1629 3680 1849 3736 evulsus
1879 3686 1982 3742 est,

402 3796 457 3842 et
501 3786 695 3840 merito
724 3781 1044 3837 divisionem
1097 3791 1372 3846 corporea:
1417 3773 1554 3829 lucis
1597 3770 1847 3842 pertulit,
1893 3767 1983 3836 qui

484 4000 634 4070 (229)
663 3998 856 4052 Snrius
885 3997 1049 4051 habet
1073 4011 1086 4048 :
1105 3995 1223 4064 jam
1245 4007 1310 4047 ex
1336 3989 1514 4044 multis
1537 3987 1712 4041 annis.

484 4091 632 4162 (250)
667 4089 968 4162 Phalangns
999 4100 1098 4162 pro
1124 4084 1354 4162 perticis
1380 4080 1577 4162 posuit.
1619 4075 1907 4162 Familiare
1927 4072 1987 4162 id

407 4142 947 4218 Αιὲῑέςτδεπιηιιυιιῖ,
1001 4142 1078 4208 im
1117 4142 1181 4207 ἑκ
1223 4142 1414 4212 Plinio,
1446 4150 1538 4203 lib.
1579 4162 1673 4211 νη,
1703 4161 1754 4200 c.
1793 4142 1984 4218 56;_S.

408 4211 641 4300 λὲίέῐιβιζ
667 4211 821 4300 serm.
851 4211 1064 4300 IQOLde
1091 4211 1503 4300 Temp;12fer..
1525 4232 1586 4297 tu
1627 4224 1738 4300 post
1781 4228 1834 4300 tv
1855 4211 1987 4300 Po-

410 4283 534 4352 ιηὲιῗ.
557 4297 852 4364 Quadrag.;
872 4294 932 4348 S.
957 4283 1315 4364 Prosperolbe
1337 4283 1760 4364 promissionibas
1782 4291 1989 4364 etprw-

2079 3139 2284 3193 viribus
2307 3137 2490 3206 C(Bpit.
2532 3135 2784 3190 Protinus
2805 3137 2889 3189 vir
2927 3147 3146 3190 sanctus
3170 3137 3236 3189 ad
3271 3135 3444 3190 solita:
3471 3135 3656 3190 defen-

2081 3227 2248 3281 sionis
2294 3234 2612 3294 argumenta
2657 3223 2995 3294 confugiens,
3057 3240 3163 3279 non
3217 3240 3336 3293 quae
3385 3226 3453 3279 ibi
3505 3235 3662 3279 erant

2083 3321 2314 3388 reposita
2366 3319 2511 3372 foras
2561 3318 2869 3377 extrahere.
2928 3332 3058 3382 non,
3107 3326 3165 3370 ut
3227 3332 3342 3370 mos
3383 3326 3484 3376 est.
3532 3318 3660 3370 tecti

2083 3410 2351 3464 scindulas
2399 3408 2548 3479 (2ιο)
2589 3409 2890 3478 dissipare;
2924 3424 3030 3462 non
3081 3423 3340 3476 aquarum
3385 3409 3663 3462 abundan-

2085 3505 2212 3557 tiam
2249 3518 2523 3572 spargere.
2555 3516 2658 3556 non
2691 3501 2812 3555 ullis
2832 3499 3096 3570 impulsus
3117 3508 3198 3555 est
3221 3499 3286 3554 ad
3314 3500 3662 3570 exstinguen-

2085 3597 2182 3650 dos
2218 3596 2367 3666 ignes
2415 3594 2623 3648 nisibus
2649 3592 2945 3657 anhelare;
2990 3589 3328 3645 solummodo
3357 3590 3661 3644 orationem

2086 3685 2244 3752 fudit,
2273 3693 2326 3742 et
2351 3682 2636 3740 confestim
2675 3683 2971 3738 stridentes
2998 3680 3202 3748 ignium
3253 3679 3442 3750 globos
3481 3680 3662 3734 divina

2087 3777 2258 3831 virtus
2284 3773 2564 3830 extinxit.

2091 3989 2378 4043 illustrium
2404 3988 2562 4058 longe
2587 3984 3023 4058 celeberrimum.
3060 3981 3212 4038 Tunc
3250 3983 3353 4058 hoc
3381 3981 3434 4034 in
3463 3981 3579 4058 loco
3600 3980 3663 4035 Β.

2089 4058 2422 4128 Lodulphus,
2455 4051 2682 4123 hujusce
2711 4053 3024 4128 monasterii
3054 4066 3158 4128 se_u_
3175 4051 3354 4121 potius
3375 4052 3542 4128 eremi
3571 4066 3669 4128 ex-

2089 4121 2308 4192 citator,
2335 4121 2566 4188 vivebat,
2599 4141 2721 4178 cum
2747 4140 2776 4177 a
2803 4123 2866 4176 D.
2895 4122 3197 4179 Romualdo
3220 4121 3514 4175 eremitica:
3543 4121 3667 4174 vita:

2091 4198 2236 4266 leges
2267 4197 2537 4265 accepisse
2563 4194 2806 4249 habetur.

2165 4287 2312 4356 (256)
2350 4287 2405 4340 Id
2431 4283 2849 4356 estAClassenae,
2911 4284 2965 4337 in
3006 4296 3114 4351 quo
3158 4281 3460 4337 monastico
3515 4282 3667 4335 sche-

411 4351 745 4441 nauium,
768 4351 884 4441 par.
915 4379 987 4426 ιι,
1021 4379 1071 4416 c.
1095 4351 1180 4441 Ξ)ςῄ
1199 4351 1439 4441 Ηοιιιὶίιιξ
1469 4365 1646 4441 tamen
1665 4351 1990 4441 abjecta‘as:
2017 4382 2066 4441 ι)
2095 4351 2238 4410 male
2269 4351 2498 4411 donatus
2523 4354 2716 4408 fuerat.

411 4418 679 4506 inratione
729 4418 1226 4506 patangasjoca't,
1274 4427 1554 4506 atquenita
1606 4418 1800 4504 legitur
1849 4418 1989 4490 apud

413 4494 739 4569 Varronem,
759 4503 852 4558 lib.
876 4494 949 4567 {v,
991 4501 1065 4555 De
1095 4494 1403 4568 vita’popu'li
1431 4494 1679 4549 Romani.

476 4596 632 4679 ⁸(251)
665 4592 980 4648 Foutisboni
1010 4591 1173 4646 editio
1199 4587 1362 4643 habet
1391 4605 1405 4640 :
1443 4601 1560 4640 cum
1587 4584 1762 4654 itaque
1786 4579 1865 4635 sic
1898 4577 1995 4634 eli-

410 4677 676 4721 minatus.

485 4756 632 4823 (252)
666 4755 718 4808 ld
758 4764 841 4808 est
867 4751 1115 4806 alteriati.

442 4882 445 4884 -
489 4847 637 4917 (255)
667 4845 798 4900 Cod.
832 4844 976 4908 Ἴθι..
1006 4842 1244 4896 militem.

491 4916 645 5009 (ξω)
669 4935 878 5009 Planco:
909 4939 1034 4986 sunt
1065 4929 1258 4984 tabulae
1283 4926 1484 5009 planta,
1513 4916 1998 5009 QtltltAptzttleIt't‘iItnt-

420 4989 683 5074 viiZ—unile
711 5004 949 5074 dejectus
968 5009 1071 5064 est,
1092 4989 1506 5074 componebant,
1531 4989 1606 5074 uti
1631 4989 1685 5045 et
1713 4991 1766 5045 in
1799 4989 1996 5074 Plinio,

421 5080 457 5132 l.
487 5065 580 5131 vin
601 5068 692 5140 ,c.
716 5065 806 5136 45,
835 5072 1048 5141 legitur,
1079 5085 1168 5122 nec
1197 5065 1400 5142 pontes
1425 5065 1559 5142 asini
1582 5069 1872 5142 transeunt,
1911 5072 2001 5125 per

423 5134 688 5202 raritatem
715 5134 1022 5215 planca'rum
1043 5135 1476 5191 translucentibus
1498 5134 1690 5201 ﬂuviis.
1760 5188 1762 5190 τ

503 5257 653 5327 (255)
695 5255 847 5327 Mons
881 5259 963 5306 est
988 5249 1166 5303 Catria
1205 5246 1497 5327 altissimus
1525 5237 2000 5327 interrApenuinps

424 5315 646 5382 vertice'
668 5325 836 5379 nubes
887 5329 1198 5392 penetrans,
1251 5316 1304 5368 in
1343 5315 2000 5392 Urbina-tensennimirutlt

428 5378 648 5458 ducatu,
669 5378 927 5449 ditecesi's
956 5378 1274 5459 Eugubinte,
1307 5385 1513 5459 positus
1544 5383 1682 5459 inter
1700 5378 2000 5459 Callensem

432 5452 720 5520 urbem'et
761 5452 1252 5517 Saxum-ferratum
1291 5452 1566 5526 oppidum,
1617 5452 1683 5526 a_d
1733 5452 1884 5526 cujus
1922 5459 2004 5526 ra-

433 5514 997 5591 iiiéés‘inéhaéie’num
1028 5527 1278 5581 invisitnr
1307 5514 1378 5576 Sf
1404 5522 1595 5596 Crucis
1630 5514 2004 5596 Fontisq‘tvelf

435 5608 570 5664 lana:
607 5609 995 5673 nuncupatum,
1045 5612 1108 5652 ac
1155 5605 1234 5650 tot
1281 5593 1668 5647 monachorum
1717 5593 2004 5645 sanctitate

2165 4447 2314 4517 (257)
2374 4446 2514 4517 Lege
2579 4443 2973 4517 Qamaclensi.“
3001 4442 3310 4517 Comaelum
3382 4442 3513 4517 urbs
3586 4449 3671 4517 est

2093 4508 2414 4589 episcopalis
2448 4508 2701 4589 EEmilite,
2725 4512 2904 4589 -vulgo
2933 4511 3275 4589 (Ῑοιηαειςιιέοι
3315 4508 3674 4589 celebris_pi-

2093 4579 2335 4642 scatione
2366 4587 2434 4640 ob
2466 4600 2637 4654 aquas
2667 4583 2797 4638 inibi
2824 4579 3161 4652 s'tagnantes.
3189 4579 3330 4634 Infra
3361 4579 3669 4633 Ferrariam

2091 4669 2175 4712 est
2198 4657 2298 4710 sita
2340 4655 2408 4710 ad
2440 4654 2568 4708 Padi
2609 4654 2768 4707 ostia.

2164 4746 2313 4816 (258)
2350 4743 2540 4822 Stellio
2578 4751 2656 4822 est
2692 4741 2895 4822 animal
2926 4735 3667 4822 lacertteparumdissimile,

2100 4808 2308 4887 tergnni
2352 4815 2563 4894 habens
2589 4811 2890 4892 lucentibus
2929 4810 3247 4879 quibusdam
3288 4808 3453 4878 guttis
3483 4808 3669 4860 distiu-

2100 4898 2275 4942 ctum:
2307 4886 2370 4940 de
2396 4898 2460 4937 eo
2487 4881 2691 4936 letus
2718 4881 2753 4934 l.
2795 4895 2878 4943 nt,
2908 4895 2958 4933 c.
3010 4879 3094 4932 10.

2172 4976 2319 5044 (259)
2357 4973 2532 5029 Insula
2571 4981 2688 5026 erat
2727 4972 2798 5044 ad
2841 4969 2970 5044 Padi
3021 4968 3181 5034 ostia,
3225 4965 3530 5044 antiquitus
3567 4962 3679 5032 Py-

2104 5035 2269 5101 return
2297 5035 2458 5106 dicta,
2493 5057 2618 5097 mox
2669 5043 2831 5096 etiam
2878 5038 3174 5092 Peretrnm.
3225 5037 3286 5090 Β.
3314 5035 3678 5106 Hieronymus

2106 5116 2388 5184 Pragensis
2407 5103 2648 5184 eremum
2678 5111 2742 5166 de
2780 5108 3035 5184 [fereter
3097 5116 3270 5162 vocat.
3324 5103 3477 5159 Nunc
3521 5103 3678 5157 locus

2106 5187 2166 5242 S.
2208 5179 2416 5239 Alberlo
2455 5181 2610 5251 vulgo
2653 5179 2969 5250 appelatur.

2175 5293 2322 5365 (240)
2352 5294 2560 5365 Legum
2585 5289 2828 5365 nonnulli
2855 5285 3156 5365 scandulas.
3311 5289 3435 5365 sunt
3466 5279 3679 5365 tabellae

2103 5383 2133 5420 e
2156 5355 2385 5436 ligno'in
2412 5355 2600 5436 tEnttes
2627 5360 2853 5436 laminas
2876 5358 3076 5436 seisst
3113 5355 3467 5436 quibusnante
3495 5355 3683 5436 iuven-

2106 5420 2442 5506 tasvtegttlag
2482 5433 2630 5506 aedes
2667 5432 3039 5506 tegebantur“
3064 5420 3251 5506 Isidor.
3294 5422 3442 5506 Qn‘g.
3486 5420 3530 5506 ΔΙ.
3560 5434 3679 5506 ξιξ,

2106 5525 2155 5560 cr.
2221 5499 2341 5559 ‘l9v:
2401 5499 2701 5563 Scindulaz,

2105 5579 2320 5631 dantur.

2780 5515 2840 5551 eo
2902 5494 3039 5566 quod
3088 5490 3404 5548 scindantur
3451 5500 3499 5543 ct
3545 5490 3681 5541 diei-
