4108 6206
379 367 487 422 975

965 482 1193 540 CAPUT
1230 483 1393 539 XXII.

456 576 532 632 De
569 569 706 647 Rege
743 576 944 644 hospite
995 573 1307 697 Ronmaldjt;
1348 584 1395 629 et
1450 589 1573 644 quta
1622 572 1899 627 Abbattum

1060 660 1260 697 suscepi
1290 682 1305 697 .

1060 660 1305 713 suscepit.

367 723 381 743 ’
442 733 656 791 Eodem
696 750 829 790 vero
855 743 1095 804 tempore
1115 734 1300 804 junior
1327 732 1478 805 (241)
1503 731 1630 788 Otto
1650 731 1971 801 Imperator,

377 823 721 880 Classensem
750 823 1022 879 abhatiam
1045 822 1298 878 ordinare
1335 822 1671 887 desiderans,
1694 821 1969 890 optionem

376 918 644 971 fratribus
682 915 852 978 dedit,
906 924 963 969 ut
992 929 1153 983 quem
1210 913 1312 983 ipsi
1353 913 1570 978 vellent,
1595 912 1970 967 indubitanter

377 1005 667 1075 eligerent.
700 1006 773 1059 At
798 1003 873 1058 illi
911 1004 1171 1058 continuo
1215 1002 1547 1056 unanimiter
1571 1010 1831 1072 expetunt
1863 1001 1970 1055 Ro-

378 1096 680 1152 mualdum.
713 1094 1010 1165 Imperator
1043 1103 1248 1159 autem,
1278 1094 1523 1149 ditlidens
1545 1094 1762 1149 beatum
1790 1094 1970 1148 virum

375 1189 442 1242 ad
470 1187 680 1259 regiam
705 1185 882 1241 aulam
910 1187 1124 1242 evocari
1155 1203 1312 1256 posse
1345 1201 1445 1257 per
1475 1187 1742 1253 nuntium,
1773 1187 1853 1242 ire
1900 1187 1970 1243 ad

374 1291 500 1331 eum
548 1291 645 1345 per
672 1275 1022 1345 semetipsum
1048 1276 1236 1341 voluit,
1265 1285 1321 1329 et
1358 1277 1425 1329 ad
1462 1275 1651 1330 cellam
1685 1274 1802 1344 ejus
1855 1276 1970 1331 sole

369 1364 482 1436 jam
527 1364 807 1421 occidente
851 1365 1116 1434 pervenit.
1152 1364 1248 1419 Cui
1292 1363 1648 1430 Romualdus,
1693 1366 1819 1434 quia
1853 1380 1968 1420 ma-

373 1469 544 1524 gnum
574 1454 834 1524 hospitem
874 1455 928 1509 in
965 1444 1131 1524 parva
1157 1455 1319 1509 domo
1341 1464 1679 1524 susceperat,
1710 1454 1965 1511 lectulum

282 1554 285 1559 '
380 1561 539 1600 suum
585 1546 653 1600 ad
683 1546 1066 1618 quiescendum
1095 1546 1226 1602 dare
1254 1548 1507 1618 dignatus
1539 1558 1642 1602 est.
1666 1545 1961 1617 Cooperto—

381 1638 522 1693 rium
549 1647 726 1695 tamen
773 1616 868 1694 rex
910 1640 1104 1704 noluit,
1133 1641 1259 1710 quia
1288 1640 1643 1709 asperrimum
1681 1639 1964 1710 judicavit.

377 1727 536 1784 Mane
561 1742 744 1784 autem
770 1729 931 1793 facto,
963 1745 1059 1784 rex
1101 1745 1224 1784 eum
1257 1744 1440 1783 secum
1478 1731 1544 1783 ad
1565 1729 1831 1799 palatium
1868 1731 1969 1785 du-

378 1819 485 1885 xit,
510 1821 837 1890 tandemque
865 1820 966 1875 sibi
999 1820 1226 1884 instare,
1258 1829 1317 1874 ut
1337 1820 1610 1874 abbatiam
1637 1821 1959 1891 susciperet,
1995 1838 2041 1896 Β

377 1911 564 1966 multis
613 1913 865 1981 precibus
915 1912 1100 1980 coepit.
1163 1910 1266 1978 Qui
1311 1926 1433 1965 cum
1490 1910 1868 1975 reluctaretur,
1909 1922 1966 1967 et.
2023 1964 2035 1989 t

376 2003 540 2073 regia:
584 2003 832 2073 petitioni
884 2017 1165 2057 assensum
1233 2001 1449 2070 penitus
1504 2002 1819 2071 denegaret.
1871 2016 1965 2055 rex

375 2100 559 2147 autem
589 2107 621 2146 e
646 2093 925 2147 contrario
946 2091 1563 2160 excommunicationem
1600 2099 1655 2145 et
1676 2093 1965 2146 anathema

375 2183 444 2236 ab
483 2183 738 2237 oumibus
771 2182 1060 2251 episcopis,
1093 2181 1541 2250 archiepiscopis,
1582 2189 1638 2236 et
1668 2190 1781 2235 toto
1803 2196 1965 2251 syno-

375 2276 482 2332 dali
511 2276 742 2331 concilio
777 2277 1092 2336 minaretur,
1145 2274 1361 2327 tandem
1396 2273 1709 2327 imminente
1738 2272 1965 2327 necessi-

374 2377 487 2423 tate
517 2365 824 2430 succubuit,
856 2373 912 2419 et
939 2364 1247 2418 animarum
1280 2364 1522 2433 regimen
1551 2372 1774 2418 coactus
1803 2377 1960 2417 acce-

374 2459 475 2528 pit.
504 2457 793 2513 Referebat
818 2454 973 2527 (242)
1003 2465 1129 2509 tunc
1164 2454 1268 2509 hoc
1287 2453 1390 2509 sibi
1420 2469 1761 2524 nequaquam
1791 2454 1963 2513 videri

376 2562 596 2611 novum,
651 2546 744 2600 sed
796 2554 922 2599 ante
946 2544 1379 2614 quinquennium
1414 2544 1533 2598 sibi.
1566 2542 1734 2597 fuisse
1763 2544 1983 2599 divini-

375 2648 466 2693 tus
519 2636 842 2693 revelatum.
874 2635 1119 2706 Regehat
1148 2635 1334 2705 itaque
1387 2635 1680 2690 monachos
1729 2635 1830 2691 sub
1880 2635 1964 2714 di-

374 2729 564 2784 stricta
609 2727 808 2796 reguhe
853 2726 1161 2796 disciplina,
1209 2740 1385 2794 neque
1412 2724 1570 2779 alicui
1602 2724 1671 2777 ab
1699 2739 1762 2777 ea
1792 2723 1960 2780 decli-

375 2828 508 2869 nare
567 2812 785 2882 impuue
839 2811 1075 2876 licebat;
1132 2826 1237 2864 non
1289 2810 1520 2879 denique
1571 2809 1804 2873 nobilis,
1853 2825 1958 2865 non

374 2905 573 2960 litteris
642 2904 890 2958 eruditus
965 2917 1061 2972 per
1107 2912 1262 2956 actus
1316 2885 1536 2954 illicitos
1600 2900 1654 2953 in
1711 2900 1958 2955 dextram

264 3022 287 3035 ο
377 2994 673 3064 laevamque
703 3004 911 3063 partem
948 2991 1254 3056 deflectere,
1312 2990 1395 3044 vel
1429 3006 1457 3044 a
1482 2997 1644 3046 rectae
1670 2987 1960 3047 conversa-

377 3084 538 3139 tionis
589 3084 821 3137 audebat
870 3081 1195 3138 rectitudine
1253 3081 1493 3136 deviare.
1558 3079 1655 3135 Vir
1726 3081 1959 3150 denique

1670 361 1828 418 VITA
1872 361 1930 413 S.
1973 356 2351 415 ROMUAIJH.

2005 482 2053 541 Α
2083 474 2547 532 etmouasteriutn
2585 473 2818 528 demisit.
2850 473 3021 528 Porro
3062 485 3240 553 autem
3292 492 3381 531 rex
3419 478 3662 536 Tiburti-

3551 366 3687 421 97f."

2077 583 2202 622 nam
2236 577 2364 622 tunc
2402 565 2679 621 civitatem
2705 564 3006 620 obsidebat.
3046 564 3206 621 Cives
3228 566 3662 640 eniminclytutu

2072 642 2193 729 ejus
2220 658 2411 713 ducem
2425 655 2598 726 (245),
2624 655 2948 710 Mazolinum
2966 656 3215 720 nomine,
3248 655 3658 722 interfecerant.

2074 749 2251 819 ipsum
2280 762 2495 818 quoque
2518 762 2699 817 regem
2737 747 3004 817 correptis
3050 747 3217 801 armis
3263 746 3414 820 (246)
3469 765 3501 804 a
3547 753 3662 808 suis

2075 837 2349 893 mcenibus
2400 837 2777 893 exturbarant.
2830 835 2984 892 Unde
3037 851 3143 891 non
3187 837 3411 893 dubium
3463 847 3549 895 est
3597 842 3656 896 Β.

2078 926 2444 981 Romualdum
2496 926 2625 980 illuc
2681 940 2751 981 ex
2808 926 2987 981 divina
3025 927 3365 1002 providentia
3409 929 3659 997 missum,

2072 1018 2165 1088 qui
2217 1017 2506 1072 imminens
2549 1026 2629 1071 tot
2674 1017 2977 1072 animarum
3033 1018 3331 1088 periculum
3379 1032 3663 1091 sequestra

2071 1125 2206 1181 pace
2255 1109 2455 1164 delevit
2506 1109 2679 1180 (247).
2730 1108 2845 1164 Hoc
2895 1111 3096 1165 etenim
3148 1111 3288 1166 inter
3331 1126 3425 1167 eos
3471 1122 3668 1182 pactus

2071 1210 2174 1263 est.
2210 1210 2270 1254 ut
2293 1199 2547 1256 Tiburtes
2577 1201 2644 1255 ad
2669 1200 2933 1255 honorem
2962 1201 3105 1272 regis
3140 1216 3418 1257 murorum
3449 1214 3659 1274 partem

2073 1293 2369 1353 diruerent,
2408 1291 2626 1347 obsides
2653 1291 2873 1354 darent,
2901 1291 3054 1347 ducis
3081 1307 3211 1348 vero
3254 1293 3659 1351 interfectorem

2072 1386 2139 1438 ad
2177 1382 2296 1454 ejus
2326 1390 2555 1439 matrem
2605 1392 2911 1439 catenatum
2963 1384 3279 1454 dirigerent.
3322 1385 3452 1452 Quae
3483 1386 3661 1442 sancti

2068 1476 2175 1531 viri
2214 1476 2347 1533 fusis
2397 1477 2466 1531 ad
2496 1478 2679 1533 ‘Deum
2734 1474 2987 1545 precibus
3049 1478 3316 1549 mitigata,
3363 1479 3657 1535 crudeliter

2069 1566 2298 1633 offensa,
2325 1567 2599 1622 etcrimen
2634 1566 2875 1631 indulsit,
2905 1576 2961 1621 et
2991 1567 3317 1623 incolumem
3343 1568 3414 1622 ad
3435 1568 3653 1638 propria

2074 1658 2254 1711 redire
2287 1658 2561 1728 permisit.

2634 1745 2862 1802 CAPUT
2893 1746 3081 1801 XXIV.

2472 1838 2549 1892 De
2603 1836 2755 1908 (248)
2798 1847 2981 1890 sancto
3029 1834 3268 1891 Venerio.

2138 1928 2288 1984 Fecit
2323 1942 2540 1998 quoque
2586 1926 2915 1983 venerabilis
2963 1927 3047 1980 vir
3097 1927 3240 1995 apud
3288 1927 3458 1983 Tibur
3485 1928 3652 1985 alium

2067 2021 2192 2075 boni
2240 2021 2421 2089 operis
2467 2020 2723 2080 fructum,
2777 2032 2939 2087 quem
2968 2017 3183 2071 silentio
3205 2019 3654 2086 praetereundum

2067 2124 2186 2164 esse
2232 2124 2339 2163 non
2381 2110 2641 2164 arbitror.
2690 2108 2919 2174 Quidam
2947 2121 3181 2177 namque
3206 2108 3395 2163 beatus
3423 2108 3527 2174 vir,
3548 2107 3658 2165 Ve-

2073 2200 2258 2253 nerius
2306 2201 2524 2253 nomine
2553 2239 2569 2264 ,
2630 2198 2876 2252 habitare
2929 2198 3181 2267 primitus
3221 2198 3276 2251 in
3323 2199 3656 2254 monasterio

2067 2291 2232 2360 coepit
2288 2305 2409 2345 cum
2488 2298 2669 2343 tanta°
2710 2289 3014 2343 humilitate
3062 2296 3118 2342 et
3168 2287 3534 2357 simplicitate,
3585 2300 3679 2345 uti

2066 2396 2257 2436 omnes
2311 2380 2458 2435 illum
2508 2379 2701 2459 fratres
2744 2381 3124 2436 subsannando
3161 2380 3540 2451 despicerent,
3597 2393 3681 2437 ειη

2065 2470 2297 2524 delirum
2337 2485 2463 2523 eum
2508 2480 2671 2540 atque
2721 2472 3025 2525 dementem
3072 2485 3192 2526 θρεθ
3235 2466 3512 2540 putarent.
3548 2472 3652 2527 Alii

2065 2564 2301 2632 namque
2335 2562 2483 2616 illum
2538 2577 2680 2632 saepe
2708 2560 3074 2631 colaphizare,
3106 2562 3193 2616 alii
3248 2563 3489 2628 sordida,
3541 2580 3646 2634 qua

2064 2652 2267 2708 lebetes
2294 2638 2818 2724 (269)'lavahantur,
2853 2668 2990 2723 aqua
3030 2651 3393 2722 perfundere;
3436 2654 3529 2708 alii
3562 2655 3649 2708 di-

2063 2745 2238 2800 versis
2283 2745 2433 2805 illum
2477 2745 2722 2800 solebant
2749 2747 3119 2800 conviciorum
3156 2744 3351 2816 jurgiis
3388 2747 3649 2804 lacerare.

2066 2834 2312 2903 Cumque
2343 2834 2431 2890 ille
2460 2850 2520 2890 se
2540 2830 2899 2905 perpenderet
2927 2836 3069 2889 inter
3115 2844 3194 2889 tot
3220 2836 3445 2891 adversa
3503 2845 3651 2892 tran-

2062 2925 2288 3002 quillum
2344 2940 2455 2979 suae
2501 2926 2701 2979 mentis
2748 2934 2946 2980 statum
2984 2906 3231 2982 ‘servare
3283 2942 3389 2980 non
3442 2943 3642 2999 posse,

2063 3013 2399 3077 consortium
2428 3015 2708 3079 deserens,
2754 3015 2807 3067 in
2839 3013 3181 3070 solitudinem
3212 3015 3422 3086 fugiens
3454 3032 3649 3087 prope-

2064 3107 2224 3160 ravit.
2275 3104 2381 3160 Ubi
2424 3119 2521 3173 per
2563 3121 2659 3160 sex
2713 3120 2907 3168 annos,
2956 3106 3164 3174 absque
3213 3108 3339 3161 vino
3391 3110 3648 3178 omnique

377 3182 598 3268 sanctus
626 3173 805 3268 cordis
837 3173 1024 3227 oculos
1055 3170 1108 3225 in
1146 3166 1371 3268 uelum-
1395 3170 1610 3268 ﬁgens,_
1749 3171 1958 3268 υςο-Ἆι
1987 3172 2032 3232 C
2064 3195 2363 3265 pulmento,
2403 3166 2505 3249 sub
2545 3194 2723 3248 nimiae
2771 3166 3131 3249 districtionis
3188 3194 3354 3268 448
3395 3166 3675 3252 ariditate

374 3264 626 3319 omnibus
647 3261 1069 3334 obtemperaret,
1099 3276 1205 3316 non
1230 3260 1450 3316 timebat
1467 3260 1773 3315 hominibus
1793 3259 1955 3332 447

376 3354 680 3424 displicere.
737 3352 852 3407 Hoc
901 3362 1080 3406 autem
1113 3351 1262 3420 (245)
1302 3343 1500 3405 fratres
1525 3349 1953 3411 considerantes.

376 3442 698 3513 semetipsos
747 3442 896 3512 prius
952 3447 1211 3495 accusant
1284 3439 1411 3508 quia
1470 3439 1613 3494 hunc
1663 3438 1764 3494 sibi
1820 3455 1958 3509 pra:-

374 3547 497 3589 esse
542 3536 936 3602 poposcerant;
967 3529 1159 3585 deinde
1191 3524 1375 3582 multis
1403 3542 1528 3582 eum
1556 3528 1954 3584 detractionum

376 3622 840 3679 susurratiouibus
889 3619 1174 3682 lacerant,
1230 3628 1285 3673 et
1350 3618 1502 3675 duris
1577 3619 1955 3676 scandalorum

375 3712 579 3768 aculeis
628 3720 852 3767 vexant.

942 3797 1171 3853 CAPUT
1208 3797 1397 3854 XXIII.

448 3891 525 3946 De
567 3890 781 3946 abbatia
833 3891 1097 3960 dimissa:
1135 3899 1182 3943 et
1233 3905 1360 3957 pace
1408 3889 1547 3944 inter
1596 3891 1771 3960 regem
1837 3900 1887 3943 et

944 3959 1183 4013 Tiburtes
1221 3959 1386 4027 facta.

449 4073 777 4129 Romualdus
813 4073 996 4142 itaque
1042 4073 1231 4127 videns
1284 4082 1340 4126 et
1392 4087 1545 4126 suam
1575 4071 1956 4140 perfectionem

377 4166 719 4235 aliquatenus
750 4163 939 4230 minui,
969 4172 1029 4217 et
1073 4162 1286 4216 illorum
1332 4178 1511 4216 mores
1565 4163 1855 4232 proclivius
1903 4164 1956 4219 in

366 4253 646 4308 deteriora
674 4252 937 4316 converti,
980 4266 1159 4321 regem
1192 4251 1419 4322 impiger
1446 4251 1601 4318 adiit,
1635 4261 1710 4317 et,
1746 4266 1810 4307 eo
1849 4269 1956 4307 non

374 4346 566 4401 leviter
616 4345 916 4399 reluctante
944 4383 959 4401 .
1011 4359 1116 4397 una
1164 4358 1288 4399 cum
1345 4344 1753 4415 archiepiscOpo
1808 4344 1956 4415 (244)

377 4438 705 4501 Ravennate,
747 4437 801 4491 in
831 4436 1109 4506 utriusque
1138 4446 1428 4505 conspectu
1467 4435 1670 4506 virgam
1709 4437 1955 4506 projecit,

446 4611 758 4699 (24ξλριψ
803 4625 997 4699 [tempe
1034 4609 1263 4699 hujusce
1320 4610 1555 4699 nominis
1595 4610 1811 4699 tertius,
1860 4607 1950 4677 qui

374 4678 519 4737 anno
546 4678 747 4738 Christi
804 4680 908 4735 996
932 4678 1007 4735 'in
1034 4678 1239 4735 Italiam
1268 4681 1415 4735 venit
1441 4681 1557 4734 sedi
1584 4678 1894 4748 apostolicae
1920 4692 1951 4730 a
1992 4706 1993 4709 η

373 4752 677 4821 Crescentii
725 4751 881 4805 ducis
937 4750 1222 4821 tyrannide
1265 4758 1473 4805 vexatae
1494 4764 1651 4819 opem
1695 4748 1904 4802 laturus
1931 4787 1946 4812 ,

367 4820 526 4890 juxta
554 4819 890 4890 ,Baironium,

466 4889 594 4945 242)
634 4888 757 4943 Vat.
787 4891 907 4944 cod.
965 4898 1160 4945 tamen.
1237 4894 1242 4898 ’

466 4891 575 4944 242
634 4891 757 4943 Vat.
787 4891 907 4944 cod.
965 4898 1160 4945 tamen.
1237 4894 1242 4898 ’

466 4891 594 5031 245)
632 4959 688 5013 In
718 4960 908 5014 eodem
949 4959 1136 5031 codice
1185 4956 1380 5026 legitur
1409 4976 1423 5013 :
1477 4957 1593 5012 Hoc
1625 4968 1798 5013 autem
1828 4975 1948 5012 sns-

373 5028 731 5101 ceptiifratges
759 5044 876 5101 sero
907 5028 1321 5101 considerantes,
1350 5036 1456 5101 etc.

445 5095 595 5170 (244)
649 5098 982 5170 Cerbertus,
1034 5098 1125 5166 qui
1177 5097 1517 5166 postmodum
1560 5095 1821 5153 Silvester
1868 5097 1949 5165 II,

370 5166 523 5239 ponit.
546 5166 701 5239 max.
750 5166 873 5239 fuit.

443 5238 593 5307 (245)
636 5236 972 5307 Mazp‘lintmt
990 5235 1152 5289 habet
1199 5243 1265 5307 e_t_
1305 5234 1813 5307 vaticanusycodex.
1844 5237 1949 5291 Su-

372 5303 489 5362 rius
542 5303 673 5362 vero
749 5303 1133 5376 Matnolinnm;
1210 5303 1952 5376 Masoh‘numrﬂieronymus

374 5376 698 5444 Pragensis;
739 5385 794 5428 et
842 5373 1191 5428 Mamolinnm
1236 5376 1459 5444 antiqua
1487 5375 1675 5429 editio.

444 5393 477 5431 a
516 5393 698 5438 ensis;
739 5393 794 5428 et
842 5393 1191 5428 namounum
1236 5393 1326 5427 aut

444 5393 594 5517 (ἕω)
634 5447 754 5517 Vat.
782 5445 902 5517 cod.
957 5445 1022 5517 de
1044 5447 1181 5517 suis,
1221 5452 1326 5517 etc.

444 5512 595 5586 (247)
630 5513 1229 5586 Legendusllarouins
1262 5514 1328 5586 ad
1357 5512 1605 5586 an._99_6,
1638 5515 1836 5586 n._477_,
1885 5514 1954 5571 de

375 5582 655 5640 obsidione
685 5582 846 5649 b'ujns
866 5583 1161 5637 Tiburtina:
1183 5583 1419 5652 civitatis
1448 5582 1630 5652 (vulgo
1671 5582 1857 5652 Tivoli)
1884 5586 1952 5639 ab

376 5657 512 5710 urbe
559 5654 733 5708 Roma
777 5653 996 5707 circiter
1024 5652 1090 5706 18
1121 5650 1357 5704 millibus
1390 5650 1643 5720 passuum
1680 5650 1949 5708 distantis.

374 5721 631 5779 Tiburtes
684 5732 887 5787 autem,
940 5734 1209 5776 memores
1253 5722 1384 5774 tanti
1434 5722 1679 5776 beneficii
1736 5723 1867 5791 ipsis
1919 5740 1949 5776 a

1981 4519 2033 4577 Ι)

2061 3285 2381 3354 permansit.
2435 3284 2587 3337 Ilunc
2633 3282 2781 3354 (250)
2831 3282 3016 3352 itaque
3061 3281 3415 3349 Romualdus,
3466 3286 3648 3340 audita

2060 3374 2178 3443 ejus
2240 3372 2379 3428 fama
2416 3412 2433 3438 ,
2485 3359 2709 3428 visitare
2763 3373 2995 3427 curavit.
3064 3371 3235 3438 Quem
3305 3373 3645 3444 interrogans

2060 3464 2162 3518 sub
2185 3461 2340 3531 cujus
2386 3461 2651 3531 regimine
2697 3462 2937 3532 degeret,
2988 3462 3209 3532 cujusve
3258 3461 3483 3518 arbitrio
3533 3478 3646 3518 suae

2060 3555 2486 3609 conversationis
2529 3554 2894 3609 obedientiam
2963 3551 3279 3621 exhiberet;
3361 3557 3642 3626 respondit

2061 3660 2152 3707 se,
2206 3643 2384 3699 alieno
2435 3643 2669 3698 solutum
2723 3643 2968 3715 imperio,
3010 3645 3115 3699 hoc
3155 3646 3305 3716 sequi
3343 3647 3486 3713 quod
3540 3646 3642 3704 sibi

2061 3733 2246 3787 utilius
2285 3734 2579 3788 videretur.
2632 3732 2729 3788 Cui
2782 3732 3113 3790 Ilomualdus
3157 3737 3235 3788 ait
3266 3753 3280 3786 :
3315 3735 3370 3790 Si
3421 3750 3638 3792 crucem

2059 3821 2262 3876 Christi
2286 3831 2489 3891 portas,
2519 3835 2765 3898 superest
2802 3831 2860 3876 ut
2886 3822 3093 3878 Christi
3120 3824 3483 3879 obedientiam
3529 3841 3635 3880 non

2063 3914 2357 3984 relinquas.
2394 3913 2539 3968 Vade
2564 3914 2751 3985 igitur,
2778 3922 2833 3968 et
2857 3930 3121 3969 consensu
3147 3930 3177 3968 a
3203 3915 3421 3985 proprio
3446 3915 3641 3971 abbate

2060 4012 2333 4071 suscepto,
2382 4009 2679 4065 revertere,
2708 4011 2764 4057 et
2805 4004 2906 4058 sub
2946 4003 3062 4073 ejus
3098 4002 3337 4057 dominio
3366 4003 3641 4059 humiliter

2061 4092 2219 4157 vive;
2252 4100 2520 4160 quatenus
2553 4090 2695 4145 sacri
2743 4092 2923 4160 operis
2966 4092 3273 4158 mdiﬁcium,
3316 4094 3459 4161 quod
3500 4095 3638 4149 bona

2060 4183 2310 4239 voluntas
2338 4182 2591 4247 aediﬁcat,
2621 4181 2895 4237 humilitas
2917 4182 3064 4254 (251)
3092 4183 3274 4255 erigit,
3318 4184 3649 4240 obedientize.

2060 4274 2232 4329 virtus
2257 4287 2321 4327 ex
2332 4271 2501 4327 tollat.

2131 4364 2280 4429 Haec,
2308 4370 2362 4419 et
2397 4361 2567 4419 multa
2589 4362 2691 4418 alia
2717 4361 3088 4418 aedificationis
3108 4364 3308 4418 monita
3332 4363 3634 4433 proferens,

2060 4456 2245 4510 docuit
2279 4468 2402 4508 eum
2454 4454 2704 4528 qualiter,
2737 4436 3157 4523 cogitationibus
3204 4455 3316 4507 suis
3358 4454 3638 4533 resistere.

2060 4610 2123 4664 ι).
2161 4609 2461 4689 Romualdo
2504 4604 2721 4673 collati,‘
2746 4606 2820 4664 uti
2864 4618 3151 4679 patronum
3179 4609 3473 4665 etiamnum
3506 4627 3625 4689 eum

2060 4687 2409 4734 venerantur.
2636 4704 2643 4709 η
3534 4730 3541 4735 ,

2130 4747 2277 4819 (248)
2318 4748 2495 4802 Etiam
2548 4747 2841 4825 Vaticanus
2868 4745 3037 4825 codex
3083 4749 3629 4825 sanctumuappellat,

2058 4834 2181 4873 cum
2237 4817 2414 4872 tamen
2447 4826 2676 4872 careant
2745 4819 2846 4872 hoc
2899 4817 3061 4871 titqu
3119 4831 3272 4886 capp.
3327 4817 3514 4873 XXVII
3572 4833 3629 4874 et

2057 4886 2271 4942 XXVIII
2320 4902 2442 4958 qua:
2494 4897 2619 4941 sunt
2666 4904 2678 4939 :
2724 4886 2798 4940 De
2843 4886 3120 4958 Bonifacio
3175 4896 3425 4958 martyre,
3472 4899 3531 4942 et
3566 4891 3630 4944 de

2055 4958 2263 5012 Joanne
2306 4956 2353 5011 ei
2411 4958 2691 5011 Benedicto
2738 4957 3079 5022 martyribus,
3126 4956 3217 5022 qui
3283 4956 3350 5012 ab
3390 4956 3625 5014 Ecclesia

2053 5038 2362 5098 sanctorum
2393 5028 2515 5081 albo
2567 5034 2694 5080 sunt
2735 5026 2974 5095 ascrip‘i.
3031 5024 3111 5081 Ex
3138 5040 3244 5094 quo
3269 5030 3420 5097 argui
3451 5037 3627 5098 potest
3672 5064 3678 5071 ο

2061 5095 2269 5150 Venerii
2299 5098 2580 5151 sanctitas.
2812 5106 2813 5109 ‘
2917 5147 2925 5159 ,

2125 5165 2273 5237 (249)
2313 5164 2473 5237 Lenes
2499 5165 2886 5237 monachorum
2917 5163 3197 5237 antiquum
3226 5163 3626 5237 in'lumcntum,

2055 5233 2196 5305 quod
2228 5233 2282 5290 et
2310 5235 2567 5288 colobium
2606 5233 2906 5298 dicebatur,
2943 5233 3077 5305 _sine
3125 5235 3369 5296 manicis,
3419 5248 3481 5305 et
3524 5234 3628 5305 ali-

2056 5303 2200 5372 quod
2241 5305 2435 5374 capitis
2494 5306 2889 5374 operimentum
2931 5303 3175 5374 habens;
3248 5306 3389 5357 unde
3454 5304 3521 5359 de
3566 5304 3627 5359 S.

2055 5375 2217 5430 Petro
2246 5371 2467 5430 Ufseolo
2490 5371 2789 5442 anonymus
2825 5371 3203 5446 Rivipullensis
3225 5374 3459 5441 scripsit,
3482 5375 3629 5446 quod

2052 5454 2292 5515 posuerat
2338 5459 2495 5515 super
2524 5440 2679 5510 caput
2731 5440 3139 5515 suumlebetem.

2127 5513 2273 5584 (259)
2316 5513 2701 5584 Desiderantur
2738 5513 2791 5565 in
2836 5510 3313 5584 Vaticanohcodice
3350 5512 3464 5584 haec
3503 5526 3629 5567 ver-

2053 5579 2180 5636 ba':
2224 5579 2380 5636 Hunc
2430 5583 2604 5651 itaque
2626 5579 2971 5645 Romualdus,
3005 5579 3194 5634 audita
3213 5580 3323 5651 ejus
3353 5581 3523 5651 fama,
3555 5585 3628 5637 ei-

2056 5655 2217 5710 δίαινε
2250 5654 2472 5705 curavit.

2127 5722 2275 5793 (251)
2319 5722 2439 5776 Vat.
2480 5721 2651 5776 codex
2682 5721 2841 5775 habet
2864 5720 3050 5789 erigat.
