4108 6206
435 372 538 425 975

928 365 987 421 S.
1030 364 1231 421 PETRI
1264 364 1544 421 DAMlANI
1584 362 1736 421 OPP.
1766 364 1944 421 PARS
1971 364 2101 422 SEU
2142 365 2374 421 TOMUS
2403 367 2465 421 ii.
2489 396 2557 407 —
2592 366 3009 424 SANCTORUM
3043 368 3244 426 νΙΤᾸΞ.

3558 375 3664 430 976

436 482 668 550 qualiter
688 487 868 550 posset
895 477 1203 546 iniquorum
1234 475 1517 547 spirituum
1567 474 2002 529 infestationibus
2030 481 2077 539 Α
2103 489 2196 529 sus
2223 482 2305 528 est
2331 474 2633 543 relinquere
2656 475 2927 530 saeculum.
2981 474 3084 542 Qui
3128 493 3250 533 mox
3281 494 3311 533 a
3343 496 3468 550 rege
3507 481 3675 538 licen-

437 582 761 639 repuguare,
818 576 873 631 et
914 565 987 619 ita
1045 565 1421 620 confirmatum
1472 572 1525 618 et
1575 564 1895 618 instructum
1948 563 2002 617 in

435 657 603 713 multa
636 670 756 711 eum
780 653 1061 710 alacritate
1088 652 1327 722 reliquit.
1364 651 1457 706 ille
1486 652 1670 722 igitur,
1697 651 1868 707 sancti
1900 651 2002 705 viri

436 748 755 803 documenta
798 744 1099 815 'gratanter
1145 740 1494 811 amplectens,
1545 739 1795 795 abbatem
1847 755 2001 794 suum

434 837 680 910 protinus
708 822 862 902 adiit,
890 848 1211 890 consensum
1263 832 1489 901 accepit,
1537 840 1592 885 et
1638 833 1706 887 ad
1755 832 2003 887 dilectam

433 925 781 981 solitudinem
803 922 1126 993 quantocius
1154 920 1435 975 remeavit.
1473 919 1666 973 Volens
1707 927 1888 973 autem
1948 919 2003 973 in

432 1014 778 1084 possessione
824 1012 906 1068 sui
960 1008 1275 1065 monasterii
1328 1008 1609 1072 habitare,
1658 1007 1901 1061 ascendit
1949 1007 2004 1061 in

433 1104 701 1173 quoddam
726 1117 917 1158 saxum
957 1100 1120 1155 nullis
1141 1098 1422 1154 hominum
1464 1096 1708 1166 vestigiis
1735 1096 2002 1166 pervium,

430 1200 484 1246 et
509 1191 575 1247 ab
601 1192 836 1245 humana
866 1189 1080 1259 penitus
1120 1186 1535 1242 conversatione
1579 1193 1868 1249 remotum,
1902 1183 2004 1237 ibi-

431 1296 537 1351 que
565 1293 662 1351 per
688 1289 922 1334 quatuor
948 1292 1119 1332 annos
1143 1275 1294 1331 omni
1350 1275 1590 1329 humano
1620 1271 1818 1329 solatio
1844 1271 2007 1327 desti-

433 1378 609 1432 tutus,
638 1366 985 1438 singulariter
1012 1364 1282 1429 habitans,
1331 1362 1573 1432 exceptis
1603 1359 1773 1416 tribus
1797 1358 2009 1415 buccel-

433 1454 500 1509 lis
528 1471 664 1525 quas
690 1456 758 1510 de
786 1453 1112 1510 monasterio
1134 1468 1316 1508 secum
1341 1451 1626 1515 detulerat,
1682 1464 1790 1505 non
1814 1464 2007 1519 panem

434 1544 712 1608 comedit,
760 1557 867 1599 non
913 1542 1094 1595 vinum
1142 1540 1315 1605 bibit,
1369 1553 1481 1595 non
1539 1546 1752 1594 coctum
1808 1537 2008 1607 aliquid

435 1630 657 1684 omnino
682 1627 945 1699 gustavit,
973 1627 1065 1681 sed
1092 1626 1220 1681 solis
1255 1626 1509 1679 arborum
1550 1624 1725 1693 pomis
1784 1632 1841 1678 et
1884 1624 2010 1678 her-

2107 564 2237 618 tiam
2264 573 2542 633 expetens,
2575 580 2680 618 non
2731 566 2890 618 modo
2935 565 3147 621 facilem
3192 571 3409 638 reperit,
3460 572 3555 625 sed
3592 572 3675 625 ni-

2105 653 2272 707 mium
2301 652 2466 708 etiam
2495 653 2728 708 alacrem
2756 653 2903 709 fecit.
2936 654 3067 708 Erat
3094 656 3237 710 enim
3264 659 3552 727 praedictus
3574 660 3673 719 ἰω-

2105 750 2326 811 perator
2354 744 2652 798 monastico
2680 743 2856 799 ordini
2887 743 3038 799 valde
3084 744 3394 813 benevolus,
3422 757 3476 803 et
3506 749 3673 804 nimia

2105 834 2249 899 ci't'ca
2280 833 2373 889 Dei
2408 832 2641 889 famulos
2665 832 2947 890 affectione
2976 837 3216 891 devotus.

2174 922 2292 993 ipse
2311 933 2488 980 autem
2515 939 2631 990 rex,
2661 939 2728 980 ex
2750 926 2940 980 eodem
2968 926 3199 982 crimine
3222 927 3381 983 beato
3408 928 3526 984 viro
3547 945 3677 985 cou-

2105 1009 2303 1078 fessus,
2330 1013 2661 1082 paenitentiae
2704 1028 2867 1068 causa
2888 1014 3046 1070 nudis
3082 1015 3305 1085 pedibus
3332 1018 3400 1072 de
3434 1017 3675 1079 Romana

2107 1102 2242 1163 urbe
2302 1102 2675 1179 progrediens,
2720 1103 2798 1158 sic
2843 1117 3012 1173 usque
3054 1103 3108 1159 in
3151 1102 3459 1175 Garganum
3525 1108 3675 1181 (255)

2109 1202 2346 1246 montem
2376 1192 2442 1245 ad
2482 1190 2539 1247 S.
2571 1191 2844 1248 Michaelis
2867 1194 3105 1264 perrexit
3130 1195 3431 1253 ecclesiam.
3465 1196 3570 1261 Per
3598 1209 3678 1254 to-

2109 1287 2218 1335 tam
2244 1280 2405 1337 etiam
2436 1280 2913 1354 Quadragesimam
2942 1284 2996 1339 in
3035 1284 3302 1343 Classensi
3348 1292 3678 1345 monasterio
3718 1354 3725 1357 _

2106 1367 2168 1421 B.
2215 1369 2559 1445 Apollinaris,
2601 1372 2787 1443 paucis
2838 1372 2939 1428 sibi
2988 1374 3404 1439 adhaerentibus,
3457 1380 3675 1437 mansit.

2110 1458 2211 1516 Ubi
2233 1458 2439 1530 jejunio
2459 1470 2514 1517 et
2535 1462 2867 1531 psalmodiis,
2895 1472 3056 1533 prout
3080 1463 3314 1532 valebat,
3337 1466 3679 1534 intentus,ct-

2107 1549 2232 1611 licio
2256 1551 2324 1606 ad
2343 1565 2562 1606 carnem
2583 1551 2825 1617 indutus,
2854 1562 3041 1608 aurata
3070 1552 3301 1624 desuper
3325 1571 3559 1629 purpura
3603 1569 3679 1614 te-
3758 1536 3767 1540 ⁷

2109 1641 2355 1710 gebatur.
2396 1640 2560 1698 Lecto
2584 1642 2745 1696 etiam
2762 1640 3089 1713 fulgentibus
3126 1644 3306 1712 palliis
3330 1656 3521 1711 strato,
3565 1647 3680 1717 ipse

432 1720 624 1811 hami"
675 1716 946 1811 “diem”?
996 1716 1154 1811 νίιίξς
1194 1714 1325 1811 ET
1367 1720 1546 1811 ξυιθω
1576 1711 1631 1767 in
1662 1713 2011 1811 θοξίθξῖξεθιο
2112 1728 2166 1783 in
2192 1738 2367 1785 storea
2395 1730 2460 1784 de
2493 1731 2717 1800 papiriis
2747 1711 2991 1785 confecta
3022 1741 3205 1789 tenera
3234 1733 3446 1788 delicati
3491 1711 3679 1811 corpo-

434 1808 679 1879 qutedam
711 1805 1038 1870 concavitas,
1066 1803 1157 1858 ubi
1186 1803 1539 1872 colligebatur
1565 1816 1704 1871 aqua
1729 1801 2004 1892 in_hieme,

2113 1820 2186 1875 ris
2223 1821 2465 1875 membra
2511 1822 2736 1875 terebat.
2768 1820 3020 1877 Promisit
3052 1822 3233 1892 itaque
3262 1824 3320 1877 Β.
3374 1801 3679 1881 Romualdo

436 1912 503 1950 es
567 1910 676 1965 qua
700 1894 783 1948 vir
830 1900 1053 1947 sanctus
1093 1901 1199 1946 tota
1246 1890 1466 1945 bibebat
1511 1896 1719 1943 aestate.
1768 1886 2004 1943 Tandem

435 2001 571 2041 vero
597 1984 819 2055 cognito
847 1982 990 2052 quod
1026 1982 1099 2035 ibi
1143 1994 1332 2035 servus
1379 1978 1472 2033 Dei
1523 1985 1847 2050 moraretur,
1897 1990 2010 2030 cte-

433 2087 630 2148 perunt
676 2077 743 2131 ad
765 2090 889 2131 eum
918 2074 1072 2141 multi
1121 2071 1416 2137 conﬂuere,
1462 2070 1707 2125 ciborum
1752 2068 2007 2122 alimenta

435 2168 669 2231 deferre,
700 2176 753 2221 et
780 2179 1006 2235 qumque
1030 2163 1131 2219 sibi
1158 2162 1318 2233 quasi
1343 2162 1649 2221 necessaria
1672 2158 2007 2216 ministrare.

436 2260 679 2326 Quorum
702 2257 790 2312 ille
832 2255 1031 2312 nullius
1065 2253 1335 2323 indigens,
1366 2262 1557 2309 cuncta
1581 2248 1888 2322 pastoribus
1916 2263 2011 2320 pe-

437 2364 624 2409 corum
681 2356 737 2403 et
775 2346 897 2401 aliis
936 2344 1301 2414 indigentibus
1342 2342 1648 2399 exhibebat.
1676 2340 2012 2397 Exhortante

437 2448 619 2495 autem
657 2439 757 2494 loci
793 2439 1046 2509 episcopo
1070 2476 1085 2502 ,
1142 2435 1424 2490 basilicam
1474 2420 1577 2489 sibi
1625 2432 1744 2487 ﬁeri
1789 2440 1846 2486 et
1884 2444 2013 2486 con-

437 2531 645 2593 sacrari
683 2530 948 2599 permisit.
1002 2527 1060 2583 In
1105 2541 1213 2596 qua
1261 2526 1375 2596 ipse
1423 2524 1699 2593 aliquanto
1746 2529 1870 2591 post
1920 2520 2004 2576 de-

435 2620 652 2675 'uuctus
677 2626 780 2683 est,
815 2626 871 2672 et
898 2632 928 2672 a
962 2615 1281 2685 quibusdam
1308 2628 1370 2669 se
1413 2612 1783 2684 quaerentibus
1822 2611 2010 2665 inven-

441 2720 527 2769 tus
569 2715 652 2764 est
699 2704 921 2763 acclivis
970 2712 1096 2759 ante
1125 2703 1313 2767 altare,
1351 2702 1503 2771 quasi
1544 2716 1706 2759 causa
1751 2698 2013 2754 orationis

444 2798 499 2850 in
530 2795 729 2854 cubitis
751 2801 811 2848 et
847 2793 1078 2862 genibus
1094 2793 1304 2862 jacens.
1354 2790 1457 2846 Ubi
1486 2790 1740 2851 nonnulla
1773 2803 1868 2858 per
1890 2803 2012 2843 eum

438 2881 698 2947 Dominus
757 2880 1139 2937 miraculorum
1179 2880 1333 2946 signa
1371 2881 1586 2949 operari
1618 2879 1868 2949 dignatus
1909 2887 2011 2932 est.

438 2974 532 3029 Sic
562 2973 812 3043 denique,
842 2973 922 3031 sic
948 2973 1089 3027 bona
1116 2980 1263 3032 terra
1291 2971 1485 3028 uberes
1526 2969 1735 3029 [ructus
1762 2967 2013 3032 reddidit,

447 3079 561 3133 qua:
599 3062 749 3125 Verbi
795 3077 980 3123 semen
1022 3076 1090 3117 ex
1138 3074 1232 3124 ore
1278 3059 1562 3124 ﬁomualdi
1604 3058 2013 3129 multiplicatum

448 3151 699 3223 suscepit.
1797 3159 1814 3175 ⁸

636 3282 639 3283 κ
892 3238 1060 3311 ω
1109 3237 1335 3297 CAPUT
1382 3237 1548 3294 xxv.

659 3352 737 3407 De
778 3350 1015 3416 Tammo,
1055 3361 1103 3406 et
1130 3350 1374 3421 religione
1412 3351 1543 3421 regis
1576 3349 1798 3404 Ottonis.

516 3460 671 3530 Apud
701 3461 1011 3530 praedictam
1039 3473 1252 3529 quoque
1283 3459 1554 3513 civitatem
1583 3458 1850 3514 convertit
1886 3457 2016 3513 bea-

447 3554 691 3627 tissimus
712 3552 795 3604 vir
821 3549 1191 3621 (Romualdus)
1220 3549 1501 3603 Tanimum
1535 3547 1682 3620 (252)
1732 3547 2013 3616 quemdam

449 3645 824 3710 Teutonicum,
857 3645 972 3713 qui,
996 3644 1137 3698 sicut
1157 3641 1375 3706 dicitur,
1402 3643 1457 3695 in
1482 3649 1686 3696 tantum
1727 3641 1837 3711 regi
1860 3639 2018 3693 fami-

448 3736 599 3790 liaris
647 3734 703 3789 et
765 3734 961 3789 charus
1017 3713 1449 3797 exstiteratfut
1503 3730 1783 3798 utriusque
1838 3737 2016 3783 vestes

451 3826 738 3895 utrumque
756 3828 1121 3891 contegerent,
1164 3827 1219 3874 et
1248 3819 1527 3873 amborum
1565 3831 1757 3872 manus
1784 3831 1891 3870 una
1918 3830 2015 3885 pa-

452 3913 630 3983 ropsis
673 3912 942 3967 communi
990 3924 1130 3980 saepe
1159 3908 1406 3964 convivio
1450 3909 1701 3964 sociaret.
1757 3905 2017 3960 Crescen-

457 4000 562 4056 tiUs
588 3999 736 4071 (253)
779 4014 1009 4070 namque
1045 4006 1266 4055 senator
1294 3997 1568 4053 Romanus
1601 3996 2019 4066 indignationem

454 4096 597 4164 regis
617 4095 921 4157 incurrens,
948 4093 1001 4145 in
1021 4099 1257 4146 montem
1293 4091 1383 4159 qui
1399 4089 1594 4144 dicitur
1617 4088 1789 4144 sancti
1811 4085 2018 4157 Angeli,

457 4180 771 4251 confugium
822 4181 995 4250 petiit,
1044 4189 1117 4242 et,
1166 4179 1291 4248 quia
1328 4178 1553 4233 munitio
1595 4176 2020 4248 inexpugnabilis

457 4284 564 4335 est,
607 4272 884 4326 obsidente
928 4284 1052 4340 rege
1076 4269 1143 4322 ad
1173 4268 1561 4323 defendendum
1605 4281 1664 4320 se
1704 4264 2024 4320 ﬁduciaiiter

459 4362 794 4441 praeparavit.
827 4360 923 4416 Cui
962 4360 1214 4415 Tammus
1266 4375 1332 4414 ex
1372 4368 1638 4429 prascepto
1666 4358 1807 4429 regis
1848 4356 2020 4427 jusju-

2084 1909 2270 1977 ‘quod,
2301 1908 2585 1978 imperium
2618 1909 2947 1981 relinquens,
2980 1912 3360 1967 monachicum
3383 1916 3680 1985 susciperet

2110 1999 2393 2064 habitum;
2421 2006 2499 2065 et,
2552 1999 2638 2053 cui
2681 2000 2945 2054 innumeri
2987 2000 3240 2056 mortales
3266 2010 3419 2057 erant
3438 2004 3681 2071 obnoxii,

2102 2087 2215 2233 jam
2260 2088 2375 2159 ipse
2417 2088 2743 2158 paupercula
2778 2088 3049 2160 subjectus
3085 2092 3251 2165 coepit
3297 2107 3418 2149 esse
3468 2094 3682 2152 debitor

2110 2193 2173 2233 su
2202 2217 2217 2233 .

2662 2269 2893 2325 CAPUT
2925 2270 3114 2326 XXVI.

2114 2378 2266 2444 Quod
2298 2376 2624 2435 Romualdus
2669 2382 2810 2451 apud
2849 2381 3099 2435 Casinum
3137 2385 3438 2451 tegrotavit,
3496 2383 3683 2447 deinde

2641 2446 2711 2502 ad
2742 2446 2963 2504 Peream
2991 2454 3144 2506 venit.

2182 2577 2512 2645 Romualdus
2540 2577 2701 2647 igitur
2720 2592 2840 2633 cum
2862 2593 2949 2647 eo,
2974 2594 3131 2649 quem
3147 2581 3510 2650 praediximus,
3528 2580 3683 2641 Tam.

2113 2683 2223 2733 mo,
2262 2678 2318 2723 et
2354 2683 2478 2727 cum
2520 2668 2797 2732 Bonifacio
2823 2669 2940 2725 viro
2977 2668 3145 2741 450
3187 2670 3334 2739 (256)
3361 2671 3685 2737 clarissimo,

2113 2773 2272 2827 quem
2301 2773 2441 2823 nunc
2484 2756 2853 2815 felicissimum
2903 2746 3191 2830 martyrem
3219 2775 3280 2821 se
3304 2760 3501 2817 habere
3541 2761 3683 2817 Rus-

2114 2845 2263 2907 siana
2294 2846 2553 2915 gloriatur
2574 2845 2835 2911 Ecclesia,
2866 2855 2923 2901 et
2945 2862 3071 2913 cum
3095 2847 3217 2902 aliis
3243 2851 3517 2907 conversis
3539 2850 3684 2903 Teu-

2116 2932 2350 3003 tonibus,
2375 2948 2407 2988 a
2433 2932 2648 2989 Tiburis
2674 2934 2871 3003 oppido
2893 2935 2961 2989 ad
2991 2936 3380 2999 monasterium
3418 2937 3478 2991 Β.
3512 2938 3715 2991 Βθαεοο

2116 3022 2263 3085 dicti,
2302 3023 2444 3094 quod
2472 3024 2528 3086 in
2562 3024 2762 3091 Casino
2803 3026 3155 3087 constitutum
3179 3035 3283 3092 est,
3320 3038 3500 3083 monte
3523 3029 3684 3091 deve-

2042 3140 2089 3202 C
2120 3112 2221 3168 nit.
2285 3112 2367 3181 ibi
2418 3127 2610 3187 nempe
2648 3114 2885 3185 graviter
2937 3114 3241 3173 inﬁrmatus
3294 3126 3396 3183 est,
3448 3119 3539 3174 sel
3576 3119 3687 3174 cito

2115 3216 2182 3257 ex
2213 3202 2393 3259 divina
2451 3202 2820 3265 misericordia
2868 3204 3157 3269 convaluit.
3212 3205 3452 3267 Habebat
3505 3218 3689 3269 autem

2112 3305 2308 3369 equum
2334 3290 2466 3345 satis
2505 3291 2800 3363 egregium,
2860 3307 3019 3365 quem
3078 3292 3183 3348 sibi
3232 3292 3383 3363 (257)
3442 3294 3686 3349 Buschvi

2114 3378 2415 3441 Sclavonici
2462 3380 2603 3453 regis
2638 3378 2783 3441 ﬁlius
2829 3380 3071 3449 dederat,
3101 3379 3274 3445 factus
3310 3383 3379 3437 ab
3403 3398 3468 3437 eo
3495 3399 3683 3437 mona-

2113 3471 2269 3524 chus.
2296 3467 2448 3523 Hunc
2475 3470 2559 3524 vir
2601 3481 2818 3537 sanctus
2861 3472 3177 3541 humilitatis
3201 3474 3379 3539 studio
3416 3484 3686 3545 permuta-

2115 3560 2211 3624 vit,
2243 3568 2296 3613 et
2341 3558 2553 3614 lucroso
2578 3561 2893 3629 concambio
2939 3563 3152 3617 asinum
3202 3563 3480 3628 laudabilis
3527 3580 3684 3633 nego-

2118 3648 2279 3700 tiator
2302 3646 2507 3714 accepit
2529 3646 2743 3716 (Matth.
2769 3663 2859 3701 xxi
2887 3647 2925 3717 ).
2951 3648 3128 3704 Nimio
3154 3652 3350 3721 quippe
3362 3652 3685 3721 Redempto-

2115 3735 2192 3790 ris
2219 3735 2388 3791 nostri
2414 3735 2702 3801 desiderio,
2731 3737 2820 3811 qui
2855 3737 3035 3793 asellas
3059 3748 3208 3809 tergo
3229 3741 3569 3803 consederat,
3606 3743 3689 3793 vir

2116 3824 2447 3889 venerabilis.
2485 3824 2588 3881 hoc
2637 3825 2812 3897 ipsum
2860 3827 3057 3895 anitnal
3088 3828 3341 3884 libentius
3386 3830 3684 3898 equitant.

2117 3911 2252 3966 Cum
2314 3913 2397 3967 his
2446 3913 2610 3983 igitur
2651 3914 2901 3973 omnibus
2950 3918 3195 3985 superius
3247 3919 3537 3973 nominatis
3580 3917 3690 3971 Bo-

2118 4002 2365 4056 mualdus
2394 4003 2460 4056 ad
2502 4002 2749 4069 Pereum,
2778 4005 2867 4060 ubi
2895 4004 3091 4067 dudum
3134 4006 3487 4073 habitaverat,
3512 4009 3687 4074 rediit,

2119 4092 2300 4161 ibique
2323 4091 2572 4160 denique,
2605 4094 2688 4148 his
2714 4102 2769 4148 et
2793 4093 2912 4149 aliis
2939 4093 3119 4152 multis
3150 4095 3404 4150 fratribus
3432 4112 3691 4173 aggrega-

2123 4180 2190 4235 tis
2220 4188 2275 4244 et
2313 4195 2409 4251 per
2450 4181 2614 4239 cellas
2654 4182 2890 4251 singulas
2926 4184 3255 4251 constitutis,
3289 4194 3438 4242 tanto
3476 4187 3689 4253 fervore

2120 4273 2410 4343 eremiticze
2455 4262 2877 4333 conversationis
2919 4276 3149 4345 rigorem
3199 4284 3253 4331 et
3301 4278 3355 4335 in
3411 4292 3472 4334 se
3516 4287 3571 4333 et
3632 4279 3690 4333 in

2123 4361 2243 4417 aliis
2273 4362 2460 4426 tenuit,
2490 4370 2549 4415 ut
2588 4361 2798 4431 illorum
2828 4363 2939 4418 vita
2986 4364 3235 4423 omnibus
3279 4366 3345 4420 ad
3381 4379 3517 4435 quos
3547 4365 3689 4423 fama

459 4452 685 4505 randum
718 4450 1019 4506 securitatis
1041 4450 1313 4519 praestitit,
1343 4458 1395 4503 et
1421 4450 1492 4502 ita
1523 4448 1611 4503 ille
1640 4449 1909 4516 deceptus,
1929 4449 2019 4502 ad-
2052 4464 2098 4523 ι)
2125 4450 2435 4505 earumdem
2476 4451 2760 4519 pervenire
2810 4461 3037 4521 poterat,
3086 4454 3347 4509 mirabilis
3384 4456 3687 4511 haberetur.

458 4542 665 4611 nitente.
692 4554 828 4611 papa
883 4539 1052 4609 (254),
1082 4538 1175 4608 qui
1230 4537 1330 4601 sibi
1382 4538 1631 4597 inimicus
1682 4545 1819 4603 erat,
1870 4538 2022 4606 quasi

459 4647 583 4686 reus
624 4616 919 4701 majeStatis
947 4629 1226 4699 capitalem
1265 4629 1588 4684 sententiam
1630 4628 1811 4682 subiit.
1861 4626 2024 4695 Cujus

460 4737 685 4779 uxorem
724 4731 908 4799 postea
960 4722 1251 4792 imperator
1299 4720 1352 4774 in
1396 4720 1751 4797 concubinam
1797 4720 2022 4789 accepit.

460 4814 595 4881 Quia
628 4813 787 4885 igitur
814 4814 1069 4881 Tammus
1090 4822 1141 4881 et
1171 4811 1373 4883 fraudis
1397 4812 1646 4875 conscius
1676 4802 1749 4875 \et
1790 4809 2024 4881 perjurio

458 4907 743 4973 tenebatur
771 4905 1056 4973 obnoxius,
1080 4905 1283 4963 idcirco
1309 4918 1341 4959 a
1366 4903 1525 4969 beato
1564 4903 1861 4963 Romualdo
1908 4903 2023 4973 jus-

534 5058 680 5129 (252)
717 5056 1025 5129 Fontisboni
1087 5057 1251 5129 edit_i_o
1308 5056 1468 5110 habet
1536 5054 1761 5129 Tgmum.
1814 5057 2025 5129 nomine

464 5124 739 5206 quemdam
764 5125 1145 5206 {colonica-mn
1185 5125 1543 5206 Hieronymus
1570 5124 1859 5194 Pragensis
1888 5124 2025 5189 Tha,

465 5194 609 5251 nium
640 5195 871 5266 appellat.
900 5204 953 5266 et
978 5194 1505 5266 primipemntilitiw.

535 5262 689 5338 (253)
710 5262 800 5322 'De
827 5262 985 5338 hujus
1009 5262 1545 5338 Crescentiibistoria
1574 5262 1698 5338 lege
1728 5262 1921 5338 Daren:
1957 5263 2025 5319 ad

466 5331 591 5389 ann.
620 5331 745 5398 996,
772 5352 826 5405 ιλ.
859 5331 911 5405 7,
942 5348 1055 5403 seq.
1088 5334 1286 5405 verum
1312 5331 1646 5405 Lamhcrtus;
1666 5331 2029 5405 schafuabu,_-.

502 5405 648 5456 ensis
692 5400 1167 5472 monachus,'qui
1190 5402 1388 5472 specto
1433 5415 1490 5455 x1
1539 5400 1695 5472 vixit,
1722 5400 1788 5472 in
1831 5400 2027 5472 Annal.

532 5473 773 5601 mini-giae
811 5472 887 5531 ad.
919 5468 1118 5527 annum
1146 5470 1272 5534 998,
1302 5469 1597 5529 Crescentii
1619 5468 2028 5531 decollationem

586 5556 649 5601 ICl

470 5555 649 5595 reuinci

540 5550 900 5675 ῗὲἓλῗιηειηρθ
928 5603 1173 5675 Gregorio
1200 5605 1235 5676 Υ
1253 5605 1589 5676 imperatoris
1612 5606 2029 5676 consanguineo,

472 5673 556 5732 cui
609 5696 635 5731 ει
673 5673 998 5731 (ἶτεειὲθηιὶο
1032 5673 1339 5743 oppositus
1362 5673 1539 5735 fuerat
1579 5673 1838 5742 antipapa'
1871 5673 2034 5730 Joan-

2126 4538 2257 4605 Quis
2294 4540 2443 4605 enim
2482 4555 2586 4595 non
2618 4540 3031 4609 obtupesceret?
3060 4542 3190 4609 Quis
3224 4559 3326 4599 non
3357 4544 3690 4605 immutatio-

2125 4642 2247 4694 nem
2279 4627 2473 4682 divina:
2497 4629 2731 4691 dexteras
2759 4629 3099 4698 praedicaret,
3130 4646 3251 4691 cum
3295 4632 3517 4693 vidisset
3545 4635 3695 4703 prius

2126 4719 2371 4775 homines
2390 4719 2597 4782 sericis,
2628 4721 2737 4774 imo
2763 4720 3032 4776 deauratis
3060 4724 3294 4778 vestibus
3313 4723 3553 4792 indutos,
3575 4739 3695 4778 cre—

2124 4807 2239 4863 bris
2264 4808 2675 4878 obsequentium
2711 4811 2898 4865 cuneis
2929 4812 3282 4881 constipatos,
3323 4814 3563 4868 omnium
3589 4812 3688 4866 de-

2128 4895 2374 4967 liciarum
2402 4896 2685 4965 atilueutiis
2712 4909 2988 4967 assuetos;
3023 4915 3173 4965 nunc,
3190 4915 3286 4959 eos
3317 4909 3567 4961 cerneret
3587 4915 3693 4966 uno

2129 5046 2391 5120 nesjiygl,
2405 5056 2569 5120 antea
2597 5050 2881 5120 episcopus,
2908 5049 3273 5120 Placentinus.

2204 5065 2229 5102 s
2256 5065 2391 5113 1m,
2413 5065 2569 5111 antea
2597 5065 2627 5104 e
2667 5065 2881 5120 iscopus
2909 5065 3273 5115 Placentinus.

2204 5115 2359 5185 (255)
2401 5117 2474 5171 De
2502 5119 2609 5171 situ
2629 5065 2793 5188 ﬁujus
2819 5120 2969 5174 canit
2993 5119 3241 5175 Lucanus
3269 5122 3407 5180 libco
3431 5137 3502 5177 τι

2279 5193 2501 5255 Appulus
2521 5195 2749 5249 Adriacas
2770 5198 2875 5245 exit
2898 5196 3153 5257 Garganus
3175 5199 3231 5248 in
3248 5200 3416 5248 unda.

2198 5263 2474 5344 (256))11ο
2499 5266 2653 5321 divus
2663 5265 2972 5348 Donifacius
2995 5268 3392 5348 ipsissitnusest
3495 5268 3696 5348 Brinno,

2133 5332 2340 5406 dequo
2366 5334 2767 5406 in__mon_astico
2794 5332 3065 5391 Breviario
3106 5336 3286 5406 agitur
3328 5338 3391 5391 15
3419 5336 3694 5406 Octobris.

2135 5400 2405 5474 Videndus
2427 5400 2762 5474 Mabijlonius
2791 5418 2913 5457 saec.
2942 5419 3015 5469 vr,
3041 5421 3091 5474 p.
3122 5400 3173 5467 Ε
3202 5407 3269 5460 ad
3302 5421 3499 5459 annum
3526 5405 3695 5469 1009;

2134 5479 2189 5543 et
2232 5469 2358 5543 inde
2401 5472 2819 5543 commentarius
2870 5469 3054 5543 novus
3084 5474 3315 5528 Conratli
3363 5474 3612 5543 Januingi
3639 5474 3698 5529 in

2132 5537 2697 5613 Junjopoflandiano,
2717 5550 2842 5593 tom.
2875 5540 2963 5613 Ἣ,
2986 5550 3123 5613 part.
3154 5558 3195 5606 ι,
3226 5558 3347 5613 pag.
3373 5543 3457 5596 2'1.

2206 5607 2359 5679 (257)
2392 5606 2647 5679 Vaticano
2688 5612 2741 5662 in
2796 5606 3195 5679 codice'legitur
3217 5606 3486 5672 Bliscnvi;
3514 5624 3707 5665 verum

2137 5676 2454 5734 mendosum
2493 5678 2595 5736 hoc
2628 5692 2820 5732 nomen
2854 5692 2977 5733 esse
3011 5676 3253 5735 nonnulli
3290 5688 3589 5737 autumant.
