4108 6206
396 239 502 296 979

823 255 880 310 S.
912 255 1112 312 PETRI
1154 259 1436 316 DAMIANI
1471 261 1621 320 OPP.
1648 263 1826 320 PARS
1865 265 1995 320 SEU
2030 266 2264 322 TOMUS
2305 268 2366 322 ll.
2409 299 2475 308 —
2519 269 2944 328 SANCTORUM
2986 273 3192 330 ῊΤΑΞ.

3537 284 3640 338 980

398 372 651 425 astabant
679 375 864 436 stupor
888 369 1173 436 oppressit,
1207 378 1264 424 ut
1293 371 1440 442 (262)
1469 373 1581 440 luce
1613 375 1833 440 sentire,
1868 391 1966 429 nec
1995 383 2039 436 A
2071 379 2301 432 naehnm
2325 381 2565 447 mittttnt,
2593 393 2646 437 et
2661 399 2770 452 per
2787 400 2907 438 eum
2933 401 2962 439 a
2988 401 3208 441 summa:
3231 390 3373 444 sedis
3403 392 3645 448 antistite

405 453 605 527 aliquid
635 454 983 509 humanitatis
1003 455 1234 510 ollicium
1265 473 1427 526 agere
1465 459 1802 530 aliquatenus
1843 477 1968 532 pos-

395 557 556 608 sent,
591 541 684 595 sed
711 543 913 608 cuncti,
957 543 1344 614 velutlapides,
1386 548 1543 618 rigidi
1580 560 1635 604 et
1673 551 1973 606 immobiles

392 643 802 702 permanerent.
845 632 958 686 Rex
1007 644 1185 689 autem
1231 637 1333 693 hoc
1387 641 1633 705 audiens,
1673 643 1840 698 nimio
1879 645 1973 697 do-

391 717 514 770 ‘urc
545 735 847 790 percussus,
879 724 1097 778 omnino
1119 725 1381 782 deliberat
1414 744 1518 783 non
1546 731 1716 785 solum
1751 731 1970 786 fratrem

402 811 672 874 occidere,
698 815 788 867 sed
814 823 866 867 et
895 825 1122 870 cunctos
1168 818 1258 886 qui
1299 819 1400 873 sibi
1429 821 1562 874 tanti
1590 830 1771 877 reatus
1800 821 1974 876 fauto-

403 912 490 953 res
513 901 854 967 exstiterant,
883 904 1073 973 gladiis
1105 905 1390 962 trucidare.
1417 907 1520 962 Sed
1545 924 1666 963 cum
1692 909 1818 964 illuc
1852 925 1975 978 pro-

402 987 884 1054 tinusadvenisset,
909 1001 981 1057 et,
1011 1007 1236 1062 corpore
1251 997 1502 1066 martyris
1525 997 1700 1052 adhuc
1721 997 1775 1051 in
1799 999 1976 1053 medio

371 1076 598 1144 .posito,
625 1074 848 1132 fratrem
877 1081 1035 1134 simul
1066 1097 1187 1136 cum
1238 1083 1460 1150 reliquis
1503 1084 1812 1140 hominibus
1859 1086 1975 1140 sine

371 1179 564 1220 .sensu
619 1175 673 1222 et
698 1177 846 1223 motu
877 1170 1204 1238 stupefactus
1248 1181 1428 1228 astare
1473 1175 1825 1242 conspiceret,
1873 1177 1976 1230 hoc

369 1253 499 1318 ,sihi
533 1270 656 1309 cum
701 1257 816 1312 suis
844 1260 1092 1314 omnibus
1113 1260 1330 1330 placuit,
1359 1272 1418 1316 ut
1446 1264 1596 1332 prius
1621 1279 1718 1334 pro
1744 1265 1825 1319 eis
1848 1279 1972 1319 ora-

403 1344 477 1398 tio
505 1343 674 1408 fieret,
696 1347 740 1402 si
767 1347 990 1402 forsitan
1015 1350 1118 1406 illis
1142 1352 1320 1406 divina
1346 1353 1712 1408 misericordia
1759 1369 1974 1410 sensum

400 1455 560 1506 quem
596 1439 891 1494 amiserant
939 1441 1287 1508 refortnaret;
1339 1445 1530 1500 deinde
1578 1447 1623 1500 si
1666 1447 1976 1516 acquiesce-

403 1541 524 1587 rent
564 1533 809 1598 credere,
837 1534 1044 1589 indulto
1078 1536 1304 1591 crimine
1333 1538 1610 1603 viverent;
1641 1538 1723 1592 sin
1772 1547 1973 1600 autem.

403 1636 592 1676 omnes
629 1621 894 1678 ultoribus
936 1623 1127 1693 gladiis
1177 1625 1484 1680 interirent.
1529 1625 1662 1680 Cum
1704 1627 1872 1696 igitur
1921 1637 1976 1680 et

371 1759 376 1763 ,
407 1720 476 1772 ab
498 1715 615 1784 ipso
645 1728 770 1783 rege
821 1724 874 1769 et
912 1730 940 1768 a
971 1717 1184 1771 caeteris
1205 1717 1527 1786 Christianis
1546 1718 1747 1773 diutius
1783 1718 1972 1774 fuisset

405 1813 639 1866 oratum,
671 1818 776 1858 non
809 1803 979 1858 solum
1007 1806 1155 1874 prior
1183 1821 1374 1861 sensus
1402 1806 1715 1877 stupefactis
1737 1809 1968 1864 homini-

368 1940 374 1944 .
405 1897 506 1952 bus
536 1896 801 1959 redditur,
824 1899 917 1952 sed
943 1898 1162 1968 insuper
1191 1900 1470 1955 consilium
1499 1917 1711 1972 quoque
1732 1901 1974 1974 flagitan-

406 1985 487 2039 σιω
515 1999 657 2040 verte
680 1985 869 2041 salutis
897 1997 1140 2057 augetur.
1171 1987 1306 2043 Nam
1329 1990 1584 2045 continuo
1603 1991 1972 2059 paenitentiam

372 2110 374 2112 τ
407 2072 488 2126 sui
515 2073 757 2128 criminis
779 2074 1028 2130 flebiliter
1048 2085 1324 2146 expetunt,
1358 2079 1608 2148 baptismi
1635 2091 1977 2136 sacramenta

405 2177 527 2216 eum
557 2177 749 2232 magna
779 2164 1061 2221 alacritate
1087 2167 1407 2236 suscipiunt,
1440 2184 1601 2238 super
1629 2186 1824 2240 corpus
1845 2187 1978 2241 quo-

406 2266 511 2322 que
555 2253 852 2310 beatissimi
881 2257 1134 2328 martyris
1161 2259 1445 2314 ecclesiam
1482 2269 1824 2316 construunt.
1871 2262 1977 2318 Ve-

407 2351 708 2399 rumtamen
741 2359 840 2415 ego
867 2346 912 2401 si
962 2348 1030 2402 de
1071 2348 1172 2404 hoc
1199 2349 1431 2404 mirabili
1459 2350 1576 2406 viro
1604 2362 1814 2418 cuncta,
1861 2368 1980 2423 quae

407 2430 514 2486 dici
544 2433 807 2489 veraciter
833 2445 1081 2504 possunt,
1113 2437 1374 2492 virtutum
1401 2439 1540 2494 dona
1567 2440 1771 2495 referre
1796 2449 1977 2496 tenta—

409 2539 543 2592 rem,
574 2527 828 2583 deficeret
859 2529 1085 2584 forsitan
1115 2530 1317 2602 lingua,
1355 2547 1461 2587 non
1500 2532 1786 2588 deficiente
1813 2543 1984 2588 mateo

408 2615 511 2670 ria.
572 2617 708 2672 Dum
761 2619 925 2688 igitur
973 2619 1232 2675 Bonifacii
1265 2621 1441 2676 virtus
1487 2623 1703 2692 preprio
1746 2623 1984 2692 indigeat

404 2702 572 2774 stylo,
604 2705 808 2760 idcirco
843 2715 1020 2761 tamen
1047 2708 1193 2762 illum
1219 2723 1339 2763 cum
1371 2711 1490 2765 aliis
1509 2709 1792 2766 Romualdi
1823 2711 1984 2765 disci-

409 2793 550 2860 pulis
580 2804 950 2850 summotenus
988 2797 1076 2851 hic
1098 2797 1258 2868 553
1289 2813 1590 2854 memorare
1619 2813 1896 2864 curamus,
1921 2808 1981 2852 ut

410 2899 478 2939 ex
509 2897 694 2938 eorum
717 2882 874 2938 laude
893 2899 1053 2954 quam
1086 2901 1310 2954 magnus
1332 2889 1414 2941 vir
1439 2887 1703 2958 gloriosus
1730 2889 1982 2958 Magister

413 2992 600 3032 eorum
651 2974 812 3029 fuerit
861 2975 1307 3044 demonstremus,
1338 2987 1621 3047 quatenus,
1651 2978 1776 3034 dum
1822 2979 1978 3034 celsi-

411 3066 543 3123 tudo
572 3065 845 3122 clientium
887 3065 1114 3124 auribus
1138 3066 1372 3124 fidelium
1415 3067 1646 3136 insonat,
1679 3083 1839 3140 quam
1883 3084 1977 3124 ex—
2010 3094 2054 3158 ε

415 3155 595 3212 celsus
639 3155 838 3210 Doctor
867 3170 1053 3211 eorum
1103 3156 1264 3212 fuerit
1306 3173 1368 3213 ex
1403 3158 1583 3214 schola
1613 3174 1774 3229 quam
1816 3159 1986 3216 tenuit

414 3246 732 3300 innotescat.
1806 3267 1830 3290 .

943 3355 1170 3412 CAPUT
1223 3355 1453 3413 XXVIII.

664 3465 738 3520 De
772 3465 978 3522 Joanne
1013 3475 1062 3522 et
1093 3465 1372 3523 Benedicto
1404 3471 1738 3541 martyribus.

489 3567 718 3642 Interea,
750 3575 1049 3632 Romualdo
1102 3578 1156 3631 in
1212 3577 1380 3634 Pereo
1433 3578 1608 3634 adhuc
1672 3580 1984 3646 habitante,

415 3665 705 3721 Buselavus
730 3680 826 3720 rex
849 3681 1033 3735 preces
1066 3667 1372 3735 imperatori
1407 3668 1627 3736 direxit,
1656 3679 1715 3723 ut
1751 3669 1851 3725 sibi
1879 3671 1991 3740 spi-

417 3754 642 3809 ritnales
666 3756 808 3809 viros
837 3755 1071 3810 mitteret
1097 3755 1187 3825 qui
1216 3756 1362 3826 regni
1387 3757 1467 3810 sui
1495 3766 1705 3827 gentem
1732 3759 1800 3814 ad
1829 3758 1986 3814 fidem

419 3852 694 3898 vocarent.
739 3841 857 3897 Mox
905 3843 1261 3899 Romualdum
1315 3844 1606 3912 imperator
1649 3848 1986 3917 aggreditur,

417 3945 471 3988 et
501 3934 721 3989 concedi
751 3935 852 3990 sibi
895 3935 959 3990 tle
989 3936 1101 3990 suis
1129 3937 1409 3991 monachis
1444 3937 1534 4005 qui
1565 3936 1689 3992 illuc
1731 3939 1988 3993 destinari

423 4022 624 4077 utiliter
667 4021 884 4076 valeant
925 4023 1262 4091 deprecatur.
1307 4023 1396 4080 Ille
1435 4038 1565 4081 vero
1606 4025 1734 4080 nulli
1770 4040 1987 4082 suorum

373 4172 377 4176 _
422 4116 522 4166 hoc
551 4113 842 4181 praecipere
865 4111 1008 4165 velut
1027 4126 1091 4164 ex
1115 4111 1439 4180 praelationis
1462 4110 1779 4169 auctoritate
1802 4112 1989 4177 voluit,

421 4201 515 4253 sed
561 4201 614 4253 in
653 4214 836 4252 eorum
869 4208 991 4253 voto
1032 4215 1251 4268 ponens,
1286 4201 1400 4255 sive
1439 4203 1688 4257 manendi
1732 4205 1845 4257 sive
1897 4205 1992 4258 ab—

420 4288 578 4342 eundi
608 4287 689 4342 eis
719 4286 867 4356 (263)
928 4290 1198 4355 cptioncm
1235 4290 1400 4345 dedit.
1437 4291 1719 4360 ignorabat
1745 4293 1888 4346 enim
1923 4307 1991 4347 ex

424 4391 476 4434 ta
501 4396 530 4430 ιι
565 4377 849 4431 metuendo
878 4379 1091 4447 neg-::tio
1115 4378 1442 4435 voluntatem
1472 4382 1586 4447 Dei,
1627 4391 1682 4436 et
1719 4383 1838 4438 ideo
1885 4397 1989 4438 non

379 4459 384 4464 ”
424 4467 552 4520 illud
605 4481 702 4520 suo
743 4467 836 4520 sed
867 4465 1092 4520 fratrum
1124 4468 1300 4536 potius
1337 4469 1563 4524 arbitrio
1603 4471 1990 4526 committebat.

421 4562 791 4630 Interrogante
818 4556 980 4630 igtur
1005 4575 1099 4615 eos
1125 4559 1294 4630 (264),
1329 4571 1384 4615 et
1407 4561 1684 4616 humiliter
1707 4563 1995 4617 obsecran-

421 4658 491 4713 te,
526 4651 736 4704 tandem
767 4647 871 4703 duo
895 4647 1228 4702 solummodo
1250 4657 1375 4702 sunt
1400 4664 1465 4702 ex
1493 4650 1743 4704 omnibus
1792 4650 1994 4704 inventi

417 4739 512 4808 qui
543 4755 600 4792 se
625 4740 763 4794 ultro
788 4739 853 4790 ad
882 4736 1128 4791 eumdem
1159 4748 1434 4807 promptos
1465 4737 1715 4793 ollerunt.
1755 4739 1992 4805 Quorum

421 4843 562 4881 unus
587 4825 838 4886 Joannes,
861 4824 1181 4879 Benedictus
1210 4825 1346 4880 alter
1371 4827 1679 4882 v0cabatur.
1722 4827 1782 4881 lli
1813 4827 1995 4896 itaque

420 4921 488 4974 ad
516 4918 833 4973 Buselavum
865 4926 1073 4979 euntes,
1097 4915 1149 4970 in
1171 4932 1350 4971 eremo
1374 4918 1521 4985 prius
1548 4933 1642 4972 eos
1670 4925 2000 4971 sustentante

421 5025 650 5067 manere
675 5016 976 5078 coeperunt,
1003 5017 1057 5060 et
1099 5017 1156 5062 ut
1192 5007 1486 5076 praedicare
1511 5011 1844 5076 postmodum
1878 5023 2000 5075 pos-

426 5107 567 5159 sent,
593 5096 682 5152 Sci
702 5095 958 5149 tvonicatu
991 5095 1224 5164 linguam
1251 5092 1516 5149 laboriose
1554 5094 1762 5149 discere
1784 5096 2000 5150 studue-

425 5197 569 5241 runt.
611 5185 852 5253 Septimo
880 5197 1008 5238 vero
1043 5200 1204 5243 anno,
1243 5198 1362 5236 cum
1405 5184 1515 5252 jam
1554 5181 1816 5252 loquelam
1841 5193 1998 5238 terra:

429 5276 584 5346 plene
609 5282 1018 5345 cognoscerent,
1047 5289 1210 5329 unum
1236 5279 1302 5328 ad
1329 5273 1626 5330 Romanam
1669 5276 1854 5329 urbem
1881 5291 1990 5331 mo-

504 5451 652 5521 (262)
691 5451 747 5506 In
797 5453 1054 5507 Vaticano
1096 5452 1280 5507 codice
1335 5453 1565 5522 legitur:
1606 5460 1662 5504 ut
1708 5467 1809 5506 nec
1856 5452 1997 5520 loqui

438 5538 528 5574 nec
559 5523 765 5582 sentire,
809 5537 901 5575 nec
947 5522 1156 5589 aliquod
1203 5522 1544 5576 humanitatis
1585 5523 1803 5592 ofﬁcium
1850 5539 2001 5591 agere

445 5592 772 5652 aliudtenus
799 5595 1101 5657 potuissent.

2073 466 2399 534 praedicandi
2447 469 2718 525 licentiam
2771 482 2978 540 petunt.
3007 474 3328 544 ,lnjungunt
3377 482 3539 534 etiam
3586 492 3646 534 ut

2073 556 2295 610 nuntius
2325 557 2413 612 ille
2438 557 2647 628 aliquos
2671 575 2853 616 secum
2881 563 2946 617 de
2981 562 3043 615 Β.
3087 563 3365 621 Rontualdi
3388 569 3644 623 fratribus

2074 646 2293 700 duceret
2316 649 2426 716 qui,
2454 650 2744 714 eremiticae
2764 655 3186 709 conversationis
3211 658 3358 724 gnari
3382 699 3396 722 ,
3425 675 3545 713 cum
3566 661 3646 715 eis

2075 736 2231 791 simul
2260 737 2314 792 in
2341 738 2654 796 Sclavorum
2683 743 2925 811 partibus
2955 745 3279 800 habitarent.

2147 870 2439 926 Busclavus
2469 882 2646 928 autem
2686 873 2872 929 volens
2897 890 3150 931 coronam
3173 877 3253 932 sui
3277 878 3422 948 regni
3451 894 3513 934 ex
3541 879 3648 932 Ro-

2077 974 2234 1013 mana
2283 961 2606 1016 auctoritate
2651 963 2944 1032 suscipere,
2993 966 3276 1033 praedictos
3317 970 3648 1022 venerabiles

2077 1036 2223 1104 viros
2253 1049 2449 1103 obnixa
2487 1050 2652 1120 erepit
2694 1052 3078 1120 supplicatione
3105 1055 3395 1124 deposcere
3455 1067 3512 1110 ut
3547 1060 3647 1126 ipsi

2077 1137 2302 1207 plurima
2330 1139 2446 1208 ejus
2471 1142 2606 1195 dona
2632 1156 2780 1211 papae
2810 1142 3102 1210 deferrent,
3131 1155 3187 1200 et
3213 1161 3466 1200 coronam
3493 1149 3588 1202 sibi
3618 1165 3648 1201 a

2077 1230 2206 1285 sede
2231 1230 2524 1300 apostolica
2555 1241 2909 1300 reportarent.
2948 1234 3048 1301 Qui
3085 1236 3246 1305 regite
3288 1238 3529 1305 petitioni
3561 1254 3649 1291 as-

2077 1334 2294 1376 sensum
2323 1321 2535 1390 penitus
2561 1322 2908 1394 denegantes,
2951 1325 3237 1380 dixerunt:
3272 1326 3377 1381 Nos
3409 1329 3460 1380 in
3493 1344 3650 1382 sacro

2078 1409 2267 1466 ordine
2290 1412 2448 1480 positi
2476 1426 2682 1478 sumus,
2735 1424 2964 1468 tractare
2993 1417 3148 1470 nobis
3176 1417 3451 1471 saecularia
3491 1433 3651 1488 nego-

2081 1500 2154 1554 tia
2192 1501 2409 1554 minime
2437 1501 2588 1568 licet;
2614 1511 2669 1557 et
2701 1503 2797 1565 ita,
2822 1504 3186 1574 relinquentes
3222 1519 3424 1576 regem,
3457 1506 3520 1560 ad
3548 1507 3651 1559 cel-

2081 1587 2186 1642 lam
2240 1591 2439 1646 reversi
2489 1599 2633 1646 sunt.
2674 1591 2900 1658 Quidam
2945 1608 3075 1648 vero
3117 1595 3261 1664 regis
3303 1605 3652 1664 agnoscentes

2083 1678 2393 1742 consilium,
2417 1680 2509 1734 sed
2532 1680 2659 1750 quid
2682 1681 2848 1735 sancti
2879 1681 2977 1735 viri
3007 1683 3376 1752 responderint
3405 1684 3651 1753 ignoran-

2005 1761 2044 1816 Β
2077 1778 2175 1834 tes,
2197 1771 2471 1839 copiosum
2502 1771 2618 1824 auri
2649 1772 2885 1841 pondus,
2914 1774 3054 1840 quod
3089 1774 3401 1828 mittendum
3441 1784 3652 1842 aposto-

2076 1858 2179 1914 lico
2206 1860 2409 1927 fuerat,
2445 1876 2628 1917 secum
2665 1876 2758 1916 eos
2796 1863 3046 1917 detulisse
3080 1865 3145 1917 ad
3174 1864 3415 1918 cellulam
3453 1864 3652 1933 opinati

2075 1958 2219 2004 sunt.
2258 1950 2456 2006 Deinde
2489 1951 2626 2005 intra
2668 1966 2728 2006 se
2772 1954 3128 2009 conventione
3171 1964 3326 2024 pacta
3357 1957 3652 2010 condicunt

2077 2048 2137 2093 ut
2165 2051 2328 2096 noctu
2369 2056 2606 2096 eremqu
2638 2041 2866 2098 latenter
2907 2043 3132 2114 ingressi
3173 2045 3464 2098 monachos
3491 2045 3654 2098 inter-

2078 2130 2306 2184 ficerent
2346 2138 2403 2184 et
2433 2131 2714 2199 pecuniam
2745 2141 3100 2200 asportarent.
3160 2131 3306 2198 Quos
3352 2147 3472 2186 cum
3512 2133 3652 2186 beati

2079 2219 2179 2273 viri
2208 2227 2476 2274 tentantes
2513 2219 2810 2288 irrumpere
2835 2222 3252 2289 persensissent,
3273 2222 3535 2276 adventus
3563 2236 3656 2276 eo-

2080 2323 2198 2364 rum
2232 2325 2446 2365 causam
2484 2311 2728 2380 protinus
2760 2323 3134 2380 agnoscentes,
3157 2315 3545 2368 confessionem
3574 2314 3652 2367 in-

2081 2410 2164 2454 ter
2191 2415 2249 2455 se
2273 2399 2450 2456 facere
2478 2412 2532 2457 et
2556 2414 2753 2458 sanctae
2775 2404 2953 2459 crucis
2982 2419 3041 2460 se
3078 2419 3290 2475 erepere
3316 2405 3510 2460 vexillo
3533 2421 3653 2458 mu-

2081 2489 2217 2544 nire.
2268 2490 2436 2545 Erant
2469 2501 2649 2545 autcm
2696 2491 2767 2546 ihi
2815 2493 2922 2548 duo
2965 2494 3115 2562 pueri
3171 2508 3354 2547 eorum
3397 2493 3654 2562 obsequio

2080 2577 2244 2649 454
2267 2595 2334 2632 ex
2364 2579 2482 2633 aula
2507 2581 2653 2650 regia
2678 2581 2911 2650 deputati
2939 2583 3052 2651 qui,
3083 2593 3240 2651 prout
3269 2583 3409 2636 vires
3434 2583 3652 2646 dabant,

2046 2716 2050 2720 .
2081 2675 2226 2720 stare
2253 2681 2351 2735 pro
2379 2668 2581 2722 sanctis
2621 2677 2675 2723 et
2718 2667 2924 2724 furibus
2955 2670 3206 2724 resistere
3235 2671 3336 2724 nisi
3367 2679 3511 2724 sunt.
3554 2670 3656 2723 Fu-

2084 2769 2171 2809 res
2200 2770 2326 2811 vero
2366 2767 2579 2826 reperto
2625 2758 2838 2812 tandem
2889 2758 3036 2812 aditu
3080 2759 3349 2814 irruentes
3400 2760 3658 2814 extractis

2080 2845 2272 2914 gladiis
2307 2861 2497 2903 omnes
2544 2849 2746 2918 pariter
2783 2850 3114 2904 occiderunt.
3156 2849 3306 2904 Tunc
3349 2845 3656 2905 thesaurum

2079 2951 2236 2990 anxie
2273 2939 2668 3005 perquirentes,
2699 2939 2792 2994 sed
2823 2939 3028 2994 eversis
3053 2940 3301 2993 omnibus
3340 2939 3471 2992 nihil
3509 2939 3659 2992 inve-

2085 3030 2312 3094 nieutes,
2341 3041 2396 3086 ut
2421 3033 2552 3088 tanti
2585 3042 2765 3088 reatus
2787 3034 2991 3088 crimen
3012 3032 3324 3101 obtegerent
3345 3041 3398 3086 et
3425 3031 3655 3084 humana

2087 3123 2322 3194 suspicio
2355 3138 2460 3180 non
2488 3123 2673 3188 armis,
2700 3125 2794 3179 sed
2822 3123 3050 3179 ﬂammis
3081 3125 3254 3192 potius
3279 3123 3420 3192 quod
3455 3122 3657 3177 factum

2086 3215 2264 3268 fuerat
2286 3214 2624 3282 deputarent,
2667 3213 2858 3268 cellam
2909 3201 3196 3267 incendere
3239 3221 3293 3265 et
3331 3213 3442 3280 ipsa
3481 3209 3658 3264 conati

2085 3312 2211 3358 sunt
2264 3312 2561 3374 martyrum
2609 3303 2869 3358 cadavera
2915 3302 3262 3370 conﬂagrare.
3315 3303 3420 3356 Sed
3457 3297 3657 3354 admoti

2087 3392 2259 3461 ignes,
2288 3392 2500 3446 amissis
2520 3401 2720 3446 natura).
2745 3392 2969 3456 viribus,
3002 3391 3073 3445 nil
3096 3392 3313 3446 omnino
3341 3404 3658 3444 consumere

2087 3482 2211 3536 ullis
2255 3482 2528 3537 hominum
2576 3483 2767 3538 studiis
2809 3493 3046 3552 potuere.
3095 3482 3169 3536 Ita
3219 3483 3362 3536 Enim
3397 3497 3491 3536 eos
3542 3482 3654 3548 ipsa

2086 3571 2248 3626 etiam
2293 3574 2554 3640 pariezum
2602 3574 2854 3628 materies
2899 3573 3184 3641 repellebat
3209 3588 3272 3626 ac
3301 3574 3346 3626 si
3385 3588 3482 3642 pro
3505 3571 3660 3640 lignis

2088 3661 2360 3717 durissimi
2411 3662 2586 3730 silices
2633 3671 2834 3717 essent.
2887 3663 3150 3717 Frustrati
3200 3662 3379 3731 itaque
3430 3660 3572 3714 fures
3606 3661 3657 3712 in

2089 3751 2268 3822 fugam
2295 3767 2354 3806 se
2381 3750 2628 3806 conferre
2654 3752 2919 3814 nituntur,
2943 3752 3034 3807 sed
3055 3751 3229 3806 ethoc
3257 3751 3359 3805 illis
3387 3765 3451 3805 ex
3481 3751 3658 3804 divina

2088 3843 2422 3913 providentia
2475 3842 2790 3913 denegatur.
2851 3841 2982 3896 Tota
3041 3842 3302 3912 siquidem
3357 3849 3513 3895 nocte
3566 3854 3662 3908 per

2091 3935 2290 3989 fruteta
2346 3947 2664 3998 nemorum,
2717 3949 2814 4003 per
2864 3933 3200 3988 latitudinem
3249 3932 3516 3991 saltuum.
3566 3945 3662 4000 per

2090 4039 2258 4092 opaca
2300 4023 2552 4078 silvarum
2603 4024 2745 4078 viam
2795 4025 2994 4078 anxiati
3039 4032 3162 4078 sunt
3204 4037 3465 4093 quaerere,
3500 4036 3660 4090 quam

2094 4123 2272 4166 tamen
2306 4113 2606 4166 nuilatenns
2645 4111 2858 4167 valuere
2898 4111 3214 4166 errabundis
3249 4109 3488 4179 vestigiis
3515 4109 3663 4162 inve.

2093 4203 2229 4256 nire.
2271 4201 2374 4256 Sed
2406 4216 2579 4270 neque
2607 4202 2862 4271 pugiones
2887 4201 2940 4255 in
2966 4201 3183 4271 vaginas
3215 4199 3505 4254 recondere
3543 4211 3664 4250 are-

2094 4274 2252 4347 factis
2279 4291 2511 4346 brachiis
2535 4301 2840 4364 pOtuerunt.
2885 4290 2982 4346 Ubi
3029 4307 3156 4346 vero
3195 4300 3502 4344 sanctorum
3521 4285 3666 4355 jace-

2096 4381 2226 4435 bant
2251 4394 2498 4448 corpora,
2523 4380 2795 4448 copiosum
2821 4379 2998 4433 lumen
3028 4385 3195 4448 usque
3229 4374 3281 4431 itt
3319 4378 3460 4431 diem
3485 4376 3667 4444 splen-

2095 4472 2313 4526 descere
2345 4479 2400 4524 et
2435 4469 2737 4524 dulcissima
2767 4469 3020 4539 angelica:
3056 4467 3336 4523 cantilenae
3373 4481 3476 4520 non
3505 4465 3664 4518 desiit

2095 4562 2330 4616 suavitas
2351 4574 2622 4616 resonare.

2165 4668 2494 4724 Adveniente
2522 4675 2697 4722 autem
2725 4667 2830 4731 die,
2858 4668 2999 4735 quod
3031 4665 3226 4720 factum
3269 4664 3441 4718 fuerat
3484 4679 3662 4733 regem

2094 4756 2262 4812 latere
2287 4771 2389 4810 non
2415 4757 2604 4824 potuit.
2643 4749 2744 4821 Qui
2785 4755 2924 4809 illico
2953 4756 3018 4809 ad
3046 4769 3285 4808 eremum
3321 4768 3443 4807 cum
3474 4766 3663 4805 nume-

2101 4862 2221 4901 rosa
2263 4846 2442 4916 populi
2479 4832 2818 4899 multitudine
2850 4844 3142 4903 festinavit.
3172 4854 3224 4898 et
3263 4859 3330 4897 ne
3368 4842 3513 4895 fures
3540 4855 3664 4894 eva-

2099 4937 2307 4998 derent,
2334 4933 2470 4988 facta
2494 4949 2691 4988 corona
2722 4934 2994 4988 hominum
3017 4943 3180 4986 totam
3209 4932 3396 4987 silvam
3431 4931 3664 4998 undique

2097 5023 2491 5078 circumcinxit.
2525 5021 2626 5087 Qui
2651 5023 2861 5076 tandem
2889 5023 3083 5091 reperti
3117 5030 3240 5076 sunt
3269 5021 3530 5075 manifesti
3557 5021 3663 5073 cri-

2099 5111 2260 5164 minis
2287 5111 2363 5164 rei
2390 5118 2447 5164 et
2471 5110 2537 5163 ad
2566 5109 2770 5180 gladios
2799 5126 2926 5165 suos
2954 5110 3128 5164 adhuc
3155 5110 3332 5164 divina
3368 5124 3434 5163 ex
3463 5109 3666 5162 ultione

2099 5201 2267 5270 ligati.
2307 5199 2420 5254 Rex
2462 5209 2658 5261 autem,
2690 5201 2814 5269 quid
2848 5204 2910 5256 de
2934 5203 3014 5257 eis
3040 5201 3239 5256 faceret
3280 5203 3461 5255 habita
3491 5201 3668 5254 consi-

2101 5291 2374 5347 deratione
2401 5290 2722 5356 deliberans,
2763 5293 2864 5346 hoc
2903 5303 3169 5360 postremo
3207 5293 3438 5347 decrevit
3479 5301 3536 5345 ut
3573 5306 3664 5345 ne—

2171 5464 2316 5537 (265)
2361 5463 2610 5537 anibus
2634 5465 2860 5537 habetur
2889 5467 2938 5537 in
2963 5467 3146 5537 codice
3180 5467 3455 5522 Vaticano.

2171 5535 2316 5606 (261)
2359 5533 2492 5604 Rege
2508 5533 2572 5588 'in
2595 5535 2784 5590 eodem
2805 5536 2988 5590 codice
3013 5535 3246 5590 additur.
