4108 6206
457 268 555 347 ast

1711 266 1871 322 V'ITA
1909 267 1968 324 S.
2014 266 2392 324 ROMUALDI.

3616 258 3723 332 bss

453 394 726 453 quaquam
752 395 868 447 eos,
899 381 1042 436 sicut
1068 380 1440 445 merebantur,
1492 381 1665 437 occidi
1697 380 2035 450 praeciperet,
2063 380 2114 440 Δ
2141 377 2427 433 domadam
2457 377 2512 432 in
2542 376 2673 434 cella
2702 379 3041 445 consisteret,
3069 380 3260 438 diebus
3278 395 3409 438 vero
3434 383 3729 441 Dominicis

453 472 547 526 sed
590 470 783 526 feneis
831 473 1039 528 catenis
1083 472 1293 529 vinctos
1334 472 1403 527 ad
1444 472 1690 543 sepulcra
1742 482 2041 544 martyrum

451 563 773 626 destinaret,
804 574 1071 633 quatenus
1091 574 1182 619 aut
1218 565 1287 619 ibi
1320 580 1491 634 usque
1517 565 1585 619 ad
1612 564 1819 621 obitum
1845 565 1896 618 in
1924 564 2041 619 vin-'

452 651 588 707 culis
600 652 980 708 miserabiliter
1000 656 1259 717 viverent,
1289 663 1405 722 aut,
1421 655 1465 710 si
1488 655 1693 710 sanctis
1713 655 2042 725 martyribus

451 742 612 796 aliter
641 743 932 807 videretur,
961 744 1058 812 ipsi
1090 759 1182 799 eos
1210 760 1308 800 sua
1333 745 1699 801 misericordia
1728 746 2037 801 liberarent.

452 831 553 898 Qui
578 847 700 887 cum
734 832 799 886 ad
827 845 1136 888 sanctorum
1171 834 1434 890 tumulum
1466 834 1694 891 fuissent
1730 851 1797 891 ex
1840 852 2037 906 praece‘

449 933 544 993 pto
574 922 715 993 regis
740 923 974 987 attracti,
1003 938 1124 979 mox
1160 924 1414 982 ineffabili
1459 926 1759 982 divinitatis
1796 929 2042 997 omnipo-

452 1013 620 1067 tentia
648 1012 838 1068 fractis
887 1027 1013 1069 sunt
1050 1015 1276 1071 nexibus
1322 1015 1578 1072 absoluti.
1630 1018 1853 1083 Deinde,
1900 1017 2040 1073 facta

450 1118 615 1176 super
635 1120 862 1176 corpora
883 1116 1192 1163 sanctorum
1213 1108 1458 1174 basilica,
1483 1108 1899 1164 innumerabilia
1935 1124 2041 1165 non

450 1196 623 1252 solum
681 1207 805 1253 tunc
847 1198 943 1253 sed
975 1207 1031 1253 et
1059 1213 1199 1254 nunc
1228 1197 1301 1253 ibi
1335 1198 1471 1253 fiunt
1496 1213 1567 1254 ex
1609 1198 1793 1254 divina
1844 1200 2042 1256 virtute

452 1287 699 1358 prodigia,
735 1288 904 1360 (265).

1015 1377 1243 1435 CAPUT
1281 1375 1474 1433 XXIX.

556 1465 634 1518 De
668 1467 923 1521 monacho
950 1483 1043 1538 per
1071 1467 1316 1538 angelum
1354 1469 1420 1522 de
1454 1482 1662 1523 carcere
1691 1464 1933 1522 liberato.

519 1555 817 1623 Imperator
840 1564 1022 1610 autem
1047 1555 1333 1622 Henricus,
1353 1556 1601 1612 Busciavi
1624 1556 1909 1613 consilium
1932 1570 2041 1610 non

447 1644 725 1713 ignorans,
771 1646 1005 1715 undique
1049 1647 1165 1701 vias
1204 1646 1463 1702 custodiri
1495 1656 1844 1718 praeceperat,
1891 1655 1970 1712 ut,
1992 1646 2040 1701 si

445 1734 739 1790 Busclavus
793 1735 1019 1789 Romam
1067 1736 1288 1792 nuntios
1333 1737 1595 1803 mitteret,
1638 1737 1692 1792 in
1747 1737 1865 1807 ejus
1896 1737 2040 1793 illico

446 1824 695 1881 manibus
720 1825 1055 1880 devenirent.
1097 1824 1393 1881 Monachus
1421 1826 1568 1896 (266)
1593 1841 1724 1896 ergo
1743 1827 1834 1897 qui
1866 1842 2039 1898 nuper

445 1916 645 1972 missus
672 1931 704 1971 a
741 1917 944 1972 sanctis
991 1917 1321 1987 martyribus
1360 1917 1554 1983 fuerat,
1589 1919 1802 1973 demum
1848 1926 2039 1987 captus

443 2014 527 2059 est
576 2014 633 2059 et
676 2019 802 2059 mox
846 2004 1106 2060 carcerali
1150 2005 1409 2084 custodite
1455 2006 1813 2077 mancipatus.
1871 2005 2040 2062 Nocte

443 2110 574 2149 vero
604 2094 751 2149 illum
777 2095 941 2168 455
971 2095 1195 2166 angelus
1223 2096 1435 2152 Domini
1465 2097 1519 2152 in
1544 2112 1762 2154 carcere
1780 2098 2036 2164 visitavit,

443 2191 500 2237 et
523 2192 926 2241 consummatos
952 2199 1074 2239 esse
1102 2199 1199 2241 eos
1244 2201 1474 2255 quorum
1495 2185 1762 2259 legatione
1783 2186 2043 2259 fungeba-

447 2287 536 2332 tur
583 2277 858 2332 admonuit
910 2277 1103 2349 (267);
1156 2280 1484 2348 statimque,
1541 2291 1731 2352 aperto
1780 2280 2042 2337 divinitus

447 2384 692 2434 carcere,
743 2379 1101 2439 praeparatum
1142 2371 1242 2426 sibi
1293 2356 1422 2427 esse.
1461 2372 1733 2441 navigium
1777 2372 1830 2426 in
1880 2370 2043 2426 fluvio

445 2477 606 2532 quem
646 2463 976 2518 transiturus
1004 2472 1123 2518 erat
1173 2464 1424 2519 asseruit.
1466 2463 1585 2531 Quo
1626 2461 1891 2519 festinans
1919 2479 2039 2519 mo-

445 2553 651 2609 nachus
675 2552 931 2624 angelicae
952 2552 1326 2624 promissionis
1354 2553 1512 2608 fidem
1543 2568 1729 2609 veram
1756 2568 1876 2610 esse
1905 2569 2037 2625 pro-

446 2644 612 2699 bavit.

1020 2734 1249 2792 CAPUT
1297 2736 1469 2790 XXX.

445 2821 523 2878 De
546 2826 859 2896 monasterio
879 2826 1050 2896 sancti
1078 2825 1339 2880 Adelberti
1361 2835 1677 2887 constructo,
1700 2836 1747 2880 et
1768 2819 2040 2896 prophetia

706 2894 1014 2950 ’Romualdi
1043 2896 1292 2950 adversus
1328 2913 1494 2966 regem
1524 2896 1751 2965 prolata.

517 3005 652 3060 Dum
679 3016 981 3063 moraretur
1001 3016 1181 3061 autem
1208 3006 1541 3062 Romualdus
1568 3008 1746 3064 adhuc
1769 3008 1821 3063 in
1844 3008 2032 3074 Pereo,

443 3093 742 3164 Imperator
765 3094 897 3151 Otto
921 3096 1308 3151 monasterium
1352 3096 1501 3167 (268)
1535 3098 1608 3152 ibi
1652 3098 1722 3152 ad
1771 3099 2030 3156 honorem

444 3180 503 3238 S.
532 3183 804 3238 Adelberti
856 3199 922 3240 eo
952 3193 1272 3255 suggerente
1297 3186 1617 3246 construxit,
1660 3187 1747 3242 cui
1778 3188 2033 3259 contigua

442 3271 740 3328 ﬂassemis
768 3273 997 3328 cmnobii
1029 3272 1276 3341 praesidia
1330 3273 1577 3337 contulit,
1628 3282 1684 3328 et
1723 3290 1785 3328 ea
1830 3277 1933 3333 siiri
1964 3292 2032 3333 ex

444 3359 610 3417 fiscali
641 3363 980 3432 possessione
1007 3363 1060 3416 in
1079 3361 1377 3418 Firmensis
1398 3364 1724 3419 ntonarcbia:
1738 3365 1885 3436 (269)
1911 3382 2034 3436 par-

445 3452 588 3508 tibus
617 3454 1064 3522 recontpensavit.
1106 3455 1315 3511 Abbate
1349 3471 1477 3527 ergo
1510 3456 1616 3512 illic
1656 3471 1723 3512 ex
1749 3456 2033 3514 Romualdi

443 3536 722 3614 discipulis
759 3547 1054 3601 constituto
1092 3554 1147 3602 et
1193 3547 1454 3601 fratribus
1494 3548 1819 3618 aggregatis,
1867 3548 2033 3619 coepit

443 3647 540 3687 eos
579 3633 910 3699 Rotnualdus
932 3640 1032 3691 sub
1061 3652 1252 3707 magna
1284 3644 1470 3692 tenere
1493 3637 1762 3701 custodia,
1791 3645 1844 3691 et
1868 3637 2032 3692 doce-

445 3721 539 3777 bat
594 3738 690 3780 eos
736 3726 837 3781 sub
889 3727 1126 3799 regulari
1185 3728 1366 3784 vivere
1413 3728 1717 3799 disciplina.
1772 3727 2036 3800 Praecepit

443 3811 607 3866 etiam
653 3812 834 3870 abbati
865 3816 1000 3870 utin
1031 3831 1273 3872 eremum
1300 3816 1559 3884 secedens
1584 3831 1680 3887 per
1707 3826 1873 3872 totam
1904 3818 2036 3875 lteb-

516 3968 665 4039 (265)
702 3972 744 4025 A
790 3956 1290 4030 Camaldulensibus
1328 3975 1523 4029 horum
1560 3981 1870 4028 sanctorum
1905 3986 2036 4030 suo-

442 4055 562 4095 rum
601 4040 864 4097 festivitas
889 4045 976 4099 die
1009 4044 1075 4098 16
1101 4044 1418 4099 Novembris
1455 4043 1780 4098 celebratur.

514 4110 663 4184 (266)
702 4111 947 4184 Raetias,
978 4114 1174 4170 Minius
1197 4115 1398 4184 aliique
1420 4115 1714 4181 scriptores
1741 4111 1886 4167 hunc
1916 4128 2035 4184 mo-

442 4181 679 4252 nachum
713 4181 780 4237 B.
820 4184 1125 4238 Barnabam
1157 4181 1455 4246 nominant,
1488 4185 1578 4252 qui
1612 4199 1717 4237 una
1762 4197 1886 4252 cum
1929 4182 2029 4236 SS.

442 4251 679 4324 andrea,
719 4253 1030 4318 Benedicto,
1074 4254 1228 4310 Justo
1268 4251 1800 4324 aliisque’praeclaris
1825 4251 2036 4324 Gamal-

441 4320 681 4377 tlulensis
702 4324 931 4395 instituti
952 4324 1253 4395 cultoribus
1276 4320 1465 4395 magna
1492 4320 2031 4395 sanct_itate_refulsit,

2144 468 2339 525 fratres
2364 469 2433 524 ad
2460 458 2847 525 monasterium
2891 472 3111 528 veniens
3144 472 3407 529 visitaret.
3450 473 3571 542 Qui,
3606 490 3730 530 san-

2140 559 2214 614 cti
2246 559 2345 613 viri
2370 557 2523 626 jussa
2572 569 2945 624 contemnens,
2983 561 3149 631 coepit
3191 562 3522 616 saaculariter
3548 563 3730 618 vivere

2140 656 2198 702 et
2233 647 2368 717 pede
2392 649 2573 719 operis
2598 649 2764 704 semel
2796 651 3141 706 exorbitante
3179 665 3210 704 a
3251 652 3593 706 rectitudinis
3623 662 3731 707 tra-

2141 739 2271 794 mite
2291 740 2403 809 jam
2434 739 2643 812 longius
2673 741 2965 797 declinare.
3009 741 3209 798 Videns
3236 755 3365 814 ergo
3403 743 3731 800 Romualdus

2141 828 2284 897 quod
2311 830 2609 885 secundum
2637 845 2750 886 suae
2777 830 3072 885 voluntatis
3103 830 3350 885 ardorem
3379 832 3449 885 ibi
3485 833 3732 889 laborare

2140 934 2247 975 non
2273 929 2477 990 posset,
2507 935 2685 993 regem
2707 922 2952 992 protinus
2976 921 3125 987 adiit,
3155 932 3228 987 et,
3247 932 3478 995 acceptre
3499 926 3731 994 promis-

2140 1007 2309 1064 sionis
2338 1019 2583 1076 exactor,
2614 1019 2674 1066 ut
2703 1025 2794 1067 rex
2824 1011 3122 1067 monachus
3154 1012 3307 1067 fieret
3345 1013 3593 1067 insistere
3644 1027 3734 1066 vc-

2142 1101 2449 1156 ltementius
2474 1103 2659 1172 capit.
2699 1102 2768 1156 At
2806 1101 2895 1156 ille
2928 1101 3195 1157 facturum
3237 1117 3298 1158 se
3338 1104 3558 1173 quidem
3590 1105 3734 1172 quod

2139 1192 2458 1261 exigebatur
2482 1194 2804 1256 asseruit,‘si
2834 1202 3011 1249 tamen
3036 1195 3185 1264 prius
3208 1193 3459 1258 Romam,
3487 1210 3605 1264 qua:
3630 1195 3732 1249 sibi

2142 1283 2458 1348 rebellabat,
2482 1283 2787 1354 impeteret,
2813 1293 2888 1348 et,
2912 1299 2975 1339 ea
3005 1284 3242 1348 devicta,
3274 1285 3582 1339 Ravennam
3610 1300 3735 1340 cum
3813 1323 3819 1329 ι

2143 1375 2368 1430 victoria
2384 1384 2676 1432 remearet.
2699 1375 2797 1431 Cui
2812 1374 3171 1430 Romualdus:
3196 1374 3253 1430 Si
3273 1374 3519 1440 Romam,
3538 1377 3734 1445 inquit,

2142 1463 2293 1527 ieris,
2318 1464 2628 1519 Ravennam
2659 1464 2886 1518 ulterius
2907 1479 3012 1517 non
3040 1463 3280 1529 videbis;
3311 1473 3366 1519 et
3394 1465 3738 1534 apertissime

2142 1553 2217 1608 illi
2244 1562 2471 1610 mortem
2504 1553 2857 1624 propinquant
2904 1568 3023 1608 esse
3051 1554 3394 1619 denuntians,
3442 1555 3569 1623 quia
3612 1570 3735 1610 eum

2145 1659 2403 1700 revocare
2425 1661 2529 1699 non
2546 1645 2743 1715 potuit,
2761 1646 2948 1714 procul
2961 1644 3126 1699 dubio
3146 1645 3212 1699 de
3231 1645 3348 1715 ejus
3367 1654 3549 1701 certus
3572 1648 3739 1701 inter-

2071 1723 2117 1781 Β
2145 1738 2255 1803 itu,
2286 1738 2414 1793 dum
2458 1752 2551 1792 rex
2587 1736 2815 1792 Romam
2847 1744 3131 1808 properat,
3182 1736 3510 1792 Romualdus
3557 1741 3735 1794 navim

2137 1829 2465 1893 ascendens,
2493 1829 2559 1884 ad
2589 1827 2863 1883 civitatem
2884 1827 3197 1882 Parentium
3222 1826 3371 1898 (270)
3397 1828 3735 1885 transfretat-

2138 1917 2251 1971 Rex
2306 1918 2506 1986 itaque,
2538 1917 2833 1971 secundum
2863 1917 3005 1971 beati
3043 1916 3140 1970 viri
3185 1918 3545 1987 prophetiam,
3573 1919 3740 1991 456

2137 2008 2229 2061 vix
2260 2021 2290 2060 a
2319 2006 2490 2060 Roma
2523 2006 2723 2060 reverti
2769 2005 3056 2074 incipiens,
3104 2022 3224 2059 ntox
3260 2006 3521 2077 languore
3552 2022 3738 2063 corre—

2139 2102 2265 2165 plus
2291 2095 2431 2167 apud
2463 2094 2753 2150 Paternum
2780 2093 2931 2165 (271)
2960 2092 3252 2150 defunctus
3277 2107 3381 2150 est.

2705 2204 2936 2261 CAPUT
2977 2203 3168 2260 XXXI.

2142 2296 2245 2352 Ubi
2284 2295 2457 2368 gratia
2496 2296 2829 2366 perfectionis
2870 2295 3178 2351 Romualtla
3209 2299 3459 2353 divinitus
3496 2313 3570 2354 est
3607 2317 3735 2356 con-

2858 2382 3024 2421 C6880.

2213 2456 2542 2513 Romualdus
2573 2465 2773 2521 autem,
2811 2457 2981 2511 tribus
3008 2458 3165 2513 annis
3194 2458 3246 2512 in
3274 2456 3581 2513 Parentinae
3605 2459 3739 2514 civi-

2143 2548 2272 2604 tatis
2320 2548 2519 2603 finibus
2571 2547 2843 2611 habitans,
2892 2547 2946 2601 in
2989 2562 3096 2601 ttno
3151 2550 3535 2613 monasterium
3586 2550 3736 2622 (ΞΗ)

2141 2640 2451 2697 construxit
2473 2648 2531 2694 et
2558 2638 2805 2692 abbatem
2834 2637 2887 2691 in
2910 2652 2976 2693 eo
3003 2652 3124 2692 cum
3152 2638 3408 2696 fratribus
3429 2641 3732 2706 ordinavit;

2141 2732 2197 2788 in
2222 2731 2431 2788 duobus
2475 2745 2603 2785 vero
2634 2729 2869 2785 inclusus
2895 2729 3046 2801 (275)
3076 2732 3294 2788 mansit.
3335 2733 3411 2789 lbi
3437 2749 3635 2806 nempe.
3667 2737 3736 2790 ad

2142 2837 2351 2893 magna:
2396 2821 2747 2893 perfectionis
2801 2820 3077 2876 cumulum
3125 2823 3300 2892 pietas
3356 2825 3502 2879 illutn
3555 2827 3735 2881 divina

2140 2914 2411 2984 provexit,
2450 2914 2523 2969 ita
2554 2924 2612 2970 ut
2661 2924 2851 2970 sancto
2885 2912 3098 2971 afﬂatus
3139 2914 3342 2985 Spiritu
3382 2926 3434 2972 et
3479 2919 3736 2975 nonnulla

2143 3016 2367 3061 ventura
2396 3007 2730 3077 prospiceret
2756 3016 2811 3063 et
2838 3007 3006 3062 multa
3042 3007 3253 3064 Veteris
3289 3024 3353 3064 ac
3380 3009 3513 3067 Novi
3547 3010 3736 3066 Testa-

2140 3095 2310 3149 mcnti
2340 3093 2554 3150 occulta
2590 3096 2847 3166 mysteria
2889 3095 3058 3150 radiis
3088 3095 3455 3167 intelligentia:
3484 3111 3737 3170 penetra-

2136 3192 2235 3239 ret.
2253 3182 2591 3238 Anxiabatur
2603 3191 2783 3238 autem
2803 3184 2874 3238 ibi
2891 3183 3178 3253 aliquando
3196 3186 3247 3239 in
3263 3185 3529 3258 lacrymas
3547 3203 3734 3245 erum-

2132 3288 2286 3345 pere,
2315 3273 2411 3328 sed
2437 3272 2581 3328 nullo
2615 3272 2829 3329 valebat
2855 3275 3141 3328 conamine
3180 3275 3245 3330 ad
3289 3279 3509 3333 contriti
3552 3282 3735 3336 cordis

2135 3362 2603 3433 compunctionem
2626 3364 2832 3418 venite.
2848 3363 3070 3418 Factum
3098 3373 3180 3419 est
3203 3379 3332 3436 ergo
3359 3366 3589 3436 quadam
3621 3370 3731 3433 die,

2133 3453 2260 3509 dum
2295 3454 2348 3508 in
2375 3453 2565 3509 cellula
2597 3453 2869 3525 psalleret,
2910 3463 2968 3509 ttt
3012 3456 3064 3510 in
3100 3455 3242 3511 hunc
3271 3457 3463 3527 psalmi
3491 3460 3733 3515 versicu-

2134 3539 2245 3596 lum
2281 3542 2600 3599 incidisset:
2634 3542 2962 3598 Intellectum
2999 3543 3093 3598 tibi
3120 3545 3277 3611 dabo,
3320 3555 3367 3599 et
3393 3545 3649 3602 instruam
3685 3559 3734 3604 te

2134 3617 2190 3689 in
2237 3634 2320 3688 via
2369 3635 2467 3687 hac
2508 3651 2611 3705 qua
2653 3634 2952 3705 gradieris;
2994 3634 3217 3703 [irntabo
3257 3627 3414 3705 super
3460 3647 3509 3691 te
3553 3639 3733 3694 oculos

2133 3740 2274 3778 meos
2305 3721 2476 3794 (Prol.
2521 3724 2693 3796 xxxi).
2736 3724 2978 3793 Repente
3025 3725 3192 3798 igitur
3241 3735 3390 3782 tanta
3418 3728 3519 3783 sibi
3559 3728 3734 3800 lacry-

2137 3830 2348 3870 marum
2377 3813 2570 3869 effusio
2603 3823 2722 3868 orta
2751 3824 2851 3880 cst,
2894 3824 2951 3871 et
2981 3814 3051 3870 ita
3086 3830 3239 3872 mens
3270 3814 3386 3886 ejus
3416 3816 3483 3872 ad
3532 3817 3729 3874 intelli-

2137 3970 2201 4025 D.
2244 3968 2490 4024 Micltacli
2526 3968 2853 4038 archangelo
2898 3970 3095 4034 dicata,
3140 3972 3227 4026 ttbi
3266 3971 3327 4025 Β.
3373 3972 3731 4029 Romuaitlnm

2134 4041 2338 4093 vixisse
2410 4040 2642 4093 traditio
2678 4049 2780 4093 est.
2847 4038 3097 4095 Monacbi
3153 4044 3297 4097 aeris
3352 4043 3732 4098 insalubritate

2135 4109 2343 4181 ibidem
2380 4110 2627 4181 habitare
2675 4118 2971 4181 nequeunt,
3011 4111 3104 4181 qui
3149 4120 3328 4166 tamen
3360 4115 3426 4166 ad
3459 4122 3734 4167 monaste-

2135 4178 2379 4251 riuanr
2419 4178 2635 4251 Malitia:
2679 4177 3044 4251 de‘llluriano'
3088 4196 3254 4251 pr0pe
3308 4182 3558 4238 Venetias
3602 4194 3734 4237 sunt

2139 4248 2407 4322 translati.
2466 4247 2668 4322 Praeter
2727 4247 3298 4322 ecclesiatn,:agrttm
3362 4262 3578 4317 totum,
3635 4253 3730 4322 qui

2136 4317 2339 4372 Lemmi
2385 4334 2415 4372 a
2465 4320 2767 4392 propinquo
2811 4318 3048 4392 Lemma
3080 4317 3300 4375 flumine
3347 4317 3729 4392 nuncupatur,

440 4400 498 4446 et
527 4406 761 4481 quorum
790 4394 937 4478 Vitas
976 4389 1541 4481 bi‘artinusnBatiortius
1571 4392 1739 4448 edidit
1762 4390 2036 4446 Cracoviaa
2064 4422 2114 4481 ο
2139 4404 2236 4444 sua
2265 4398 2414 4481 tenet
2448 4392 2547 4443 sub
2566 4389 2781 4481 .dit‘iolne
2806 4390 3191 4481 Sa‘matbianus
3210 4393 3392 4481 abbas.
3418 4393 3511 4462 qui
3530 4389 3735 4474 gaudet

441 4462 783 4536 ειπερ-1619,
823 4466 962 4536 typis
1000 4464 1180 4519 Basilii
1222 4463 1457 4536 Skalski.

525 4528 676 4602 (267)
715 4519 1159 4600 Ριιο⁴ἀαηιοηαίι,
1212 4536 1264 4589 in
1314 4532 1577 4589 Vaticano
1622 4519 1810 4587 codice
1846 4529 2044 4603 legitur

441 4609 538 4662 inn
548 4604 702 4659 aluit.

514 4672 662 4753 (268)
706 4673 949 4753 Hujusce
980 4675 1297 4753 monasterii
1340 4689 1441 4730 nec
1477 4669 1766 4753 vestigium
1818 4671 2036 4753 quidem

440 4746 602 4801 modo
625 4756 868 4814 apparet.
911 4746 1096 4800 Exstat
1115 4761 1179 4799 eo
1206 4745 1257 4798 in
1282 4745 1400 4800 loco
1426 4744 1656 4801 ecclesia
1685 4756 1790 4795 non
1809 4744 2035 4814 antiqua

439 4818 615 4871 eidem
658 4811 781 4886 divo
823 4816 1045 4886 martyri
1078 4830 1256 4886 sacra,
1289 4830 1410 4884 quae
1448 4821 1705 4882 corrupto
1735 4811 1877 4882 vulgi
1924 4827 2037 4868 ser-

444 4901 603 4941 mone
644 4884 704 4939 S.
749 4884 1218 4940 Alberto'dicitur.

512 4955 740 5039 (26min
765 4956 898 5039 ipsa,
916 4969 1081 5039 quam
1105 4970 1380 5039 vocamus,
1404 4954 1664 5039 marchite
1682 4953 2036 5039 ganeonitana:

439 5021 743 5093 provincia,
783 5021 874 5081 ubi
914 5021 1210 5080 Firmensis
1246 5025 1460 5090 civitas,
1485 5025 1645 5092 vulgo
1681 5021 1900 5089 Fermo,
1939 5024 2047 5079 ha-*

442 5097 621 5152 betur.

514 5164 665 5235 (270)
705 5164 847 5221 Urbs
875 5174 962 5220 est
1000 5165 1053 5219 in
1081 5164 1239 5221 lstria
1272 5165 1373 5221 sub
1412 5164 1739 5220 Venetorum
1772 5164 2031 5231 dominio,

442 5237 600 5304 vulgo
635 5237 893 5304 Parenzo.

513 5302 663 5378 (271)
704 5304 817 5378 Hoc
863 5302 1081 5378 Paterni
1124 5306 1358 5378 nomine
1387 5304 1659 5378 plures__et
1699 5304 1947 5378 civitates
1980 5313 2036 5378 et

441 5373 1034 5440 castra'adnouthtur;
1077 5390 1264 5429 verum
1308 5373 1401 5429 hic
1444 5373 1843 5444 intelligendum
1876 5373 2031 5429 duci-

443 5458 562 5500 mus
590 5445 656 5500 de
685 5454 865 5500 castro
914 5444 1003 5498 illo
1025 5447 1165 5514 quod
1191 5447 1242 5498 in
1269 5445 1563 5515 Tutlertino
1584 5459 1714 5515 agro
1735 5452 1819 5498 est
1844 5444 2029 5509 situm,

442 5525 501 5570 ut
533 5516 762 5571 Cosmus
787 5515 853 5569 de
895 5516 1072 5569 Arena
1123 5517 1177 5570 in
1224 5530 1321 5571 sua
1365 5514 1592 5569 Etruriae
1632 5514 1836 5567 ducum
1890 5516 2032 5568 set-ie

442 5586 718 5648 observat,
749 5600 873 5656 pag.
907 5584 1027 5641 185.

515 5656 668 5728 (272)
708 5651 897 5710 Exstat
934 5664 989 5711 et
1029 5656 1185 5711 modo
1221 5668 1387 5726 pr0pe
1436 5652 1753 5708 Parentium
1803 5651 2028 5708 ecclesia

2147 4458 2576 4516 comitis‘Lemmi
2609 4460 2762 4513 titulo
2801 4476 2828 4510 a
2869 4458 3070 4529 Veneta
3107 4461 3375 4529 republica
3420 4458 3730 4529 nuperrime

2147 4531 2496 4613 confirmato,
2539 4545 2684 4613 anno
2736 4528 2892 4583 1040.
2935 4528 3319 4613 Illustrissima
3349 4528 3607 4613 Vtilpurga.
3632 4530 3729 4613 His

2144 4601 2446 4656 atriensium
2495 4600 2779 4661 comitissa,
2812 4614 3065 4652 consensu
3118 4599 3319 4652 domini
3369 4597 3629 4664 Uczelini,
3682 4611 3733 4655 et

2144 4671 2345 4724 domini
2404 4669 2686 4734 Vedoxtci,
2740 4677 2790 4722 et
2844 4668 3076 4737 ﬁliorum
3104 4677 3153 4721 et
3196 4668 3429 4737 filiarum
3484 4685 3728 4731 suarum,

2144 4740 2383 4809 praefata:
2410 4739 2671 4802 ecclesia),
2713 4736 3227 4809 qum'radhhonorem
3278 4736 3397 4809 Dei,
3445 4748 3492 4809 et
3532 4750 3731 4809 sanctae

2143 4804 2336 4880 Ilariw
2367 4810 2601 4880 virginis,
2642 4818 2694 4880 et
2733 4804 2873 4880 beati
2897 4804 3182 4880 Alfichaelis
3206 4807 3529 4880 archangeli,
3576 4824 3609 4880 _a
3658 4807 3728 4861 Β.

2138 4878 2349 4935 Joanne
2396 4876 2580 4933 alibate
2625 4878 2727 4947 fuit
2773 4876 3035 4945 wdi/icata
3088 4886 3135 4930 et
3184 4894 3218 4931 a
3266 4876 3333 4929 ι).
3380 4876 3730 4947 Hengalmeru

2138 4952 2377 5021 episcopo
2401 4946 2686 5021 Parentino
2708 4954 3035 5021 consecrata,
3067 4946 3358 5021 maximam
3391 4946 3600 5021 l_.entm_i
3633 4962 3727 5000 co-

2141 5017 2364 5075 mitatus
2390 5030 2596 5088 partem
2621 5017 2860 5080 donavit,
2889 5026 3049 5088 prout
3077 5018 3290 5072 videtur
3311 5017 3363 5088 in
3406 5017 3517 5088 ipsa
3552 5018 3729 5088 dona-

2143 5090 2304 5160 tionis
2326 5084 2541 5160 pagina,
2570 5104 2690 5160 quaa
2721 5103 2869 5160 anno
2892 5084 3048 5160 πῆοᾷ
3073 5088 3139 5160 de
3179 5084 3439 5160 mandato
3466 5087 3531 5141 D.
3556 5084 3735 5160 Boni-

2139 5159 2265 5214 facii
2308 5154 2543 5229 episcopi
2588 5154 2872 5213 Parentini
2899 5156 2983 5229 Aab
3022 5157 3235 5213 Andrea
3267 5164 3323 5229 et
3352 5154 3604 5211 Parentio
3632 5173 3733 5229 nro-

2142 5231 2282 5283 tario
2308 5225 2631 5297 transcripta
2669 5228 2793 5291 fuit,
2824 5227 3085 5296 cujusque
3111 5225 3415 5297 exemplum
3450 5240 3612 5280 manu
3646 5227 3727 5281 Cl.

2140 5298 2205 5353 V.
2251 5299 2394 5355 Petri
2430 5295 2678 5368 Delphini
2721 5295 2935 5368 abbatis
2975 5295 3730 5368 Camaldulensisexaratum

2135 5379 2314 5425 exstat
2353 5370 2408 5424 in
2450 5363 2718 5424 tabulario
2768 5365 2828 5422 Si.
2867 5366 3142 5422 Michaelis
3187 5366 3254 5421 de
3303 5363 3567 5431 Muriano,
3603 5379 3726 5436 cap.

2136 5440 2224 5494 66.
2269 5457 2323 5493 n.
2361 5456 2400 5494 ι.

2207 5482 2653 5579 (27’έ›)”ἳοινιθεεε
2678 5507 2730 5579 in
2757 5507 2985 5578 quadam
3009 5516 3217 5579 crypta,
3242 5521 3401 5579 quam
3425 5507 3725 5579 etiamnum

2134 5577 2343 5635 [.etnzni
2376 5580 2586 5643 incolae,
2610 5587 2669 5633 ttt
2696 5577 2869 5634 locUm
2895 5593 2923 5630 a
2949 5579 3008 5632 Β.
3039 5577 3332 5633 liomualdo
3362 5577 3727 5632 inhabitatum

2135 5658 2454 5721 agnoscunt.
