4108 6206
390 280 496 335 983

848 282 907 337 S.
947 282 1148 339 PETRI
1190 286 1465 343 DAMIANI
1503 289 1651 346 OPP.
1691 289 1870 348 PARS
1907 291 2036 348 SEU
2071 294 2305 353 TOMUS
2337 298 2398 354 ll.
2431 330 2499 340 —
2524 300 2945 359 SANCTORUM
2985 304 3189 362 ἫΤΕ.

3524 311 3629 367 984

389 390 592 458 geudas
622 390 817 445 divinae
851 389 1142 462 Scriptura:
1170 398 1463 453 sententias
1490 398 1772 466 illustrata,
1805 410 1865 455 ut
1891 416 1956 456 ex
1986 407 2033 465 Α
2060 418 2181 457 eum
2225 410 2440 464 nuntios
2486 412 2756 483 dirigunt,
2806 424 2859 469 et
2893 415 2958 470 de
3007 416 3192 471 eadem
3245 432 3302 473 re
3348 421 3634 478 consilium

387 481 581 536 eodem
606 481 691 541 die
715 492 768 536 et
796 483 1064 553 deinceps,
1092 487 1326 554 quaniiu
1356 490 1507 555 vix't,
1538 500 1589 544 et
1611 484 1962 559 quandocum-

389 585 495 637 que
515 569 792 639 voluisset,
820 572 1011 627 uberes
1036 574 1136 628 sibi
1166 575 1415 645 lacrymaa
1436 577 1685 634 facillimo
1718 578 1962 644 ﬂuerent,

389 661 699 730 etplurima
732 662 877 715 illum
920 661 1319 733 Scripturarum
1368 670 1622 737 mysteria
1663 669 1811 738 (274)
1857 687 1962 727 non

388 750 639 804 laterent.
698 751 1030 821 Frequenter
1081 755 1222 809 enin
1281 766 1430 813 tanta
1478 758 1625 813 illum
1671 761 1965 817 divinitatis

389 839 770 908 contemplatio
802 842 1064 911 rapiebat,
1094 852 1151 897 ut
1173 846 1328 914 quasi
1352 854 1493 901 totus
1512 848 1562 901 in
1586 847 1850 918 lacrymas
1875 866 1965 905 re-

387 927 614 995 solutus,
649 941 911 989 aestuame
939 935 1281 991 inenarrabili
1318 938 1483 991 divini
1513 940 1715 994 amoris
1749 942 1962 1007 ardore,

387 1018 643 1073 clamaret
672 1038 687 1074 :
724 1021 898 1077 Cliare
924 1022 1073 1088 Jesu,
1098 1026 1278 1090 cbare,
1314 1026 1417 1082 mel
1451 1042 1631 1083 meum
1658 1028 1832 1094 dulce,
1872 1033 1964 1085 de-

384 1107 643 1162 siderium
675 1108 961 1178 ineli‘abile,
988 1112 1217 1167 dulcedo
1245 1123 1575 1179 sanctorum,
1603 1118 1840 1170 suavitas
1869 1134 1964 1171 an-

388 1194 673 1263 gelorum,
729 1207 785 1252 et
834 1210 1025 1253 caetera
1084 1200 1405 1267 huiusmodi.
1459 1201 1588 1269 Qus:
1626 1204 1731 1260 ille
1776 1216 1963 1259 sancto

389 1283 591 1352 Spiritu
621 1286 860 1343 dictante
890 1288 944 1343 in
966 1288 1195 1357 jubilum
1223 1293 1547 1362 proferebat,
1588 1310 1687 1351 nos
1728 1296 1963 1351 humano

385 1389 550 1430 sensu
604 1379 905 1446 exprimere
958 1379 1085 1435 talia
1134 1396 1239 1436 non
1293 1382 1551 1439 valemus.
1610 1384 1758 1439 Sicut
1816 1386 1959 1440 enim

380 1465 669 1533 Apostolus
697 1468 829 1527 dicit
860 1485 873 1521 :
907 1468 1043 1534 Nos,
1073 1470 1205 1524 sicut
1236 1482 1453 1539 oportet,
1491 1487 1645 1526 orare
1679 1474 1958 1537 nescimus,

381 1556 472 1611 sed
498 1555 607 1623 ipse
638 1554 869 1623 Spiritus
899 1568 1014 1611 erat
1041 1573 1136 1627 pro
1163 1560 1307 1614 nobis
1335 1562 1606 1629 gemitibus
1634 1561 1961 1617 inenarrabi-

382 1646 518 1703 Μαι
568 1644 741 1716 (liam.
784 1649 922 1715 vni).
974 1648 1038 1703 Et
1066 1650 1188 1704 ideo
1213 1650 1545 1706 Romualdus
1572 1651 1789 1706 missam
1821 1652 1959 1707 cele-

2067 494 2255 562 majori
2286 498 2462 553 adhuc
2486 503 2759 557 anxietate
2792 505 3090 573 requirunt.
3119 505 3323 573 Quibus
3350 509 3437 562 vir
3473 525 3637 566 vene-

2066 583 2252 639 rabilis
2276 586 2388 641 ait:
2422 588 2535 659 Ego
2563 606 2705 647 nunc
2732 591 2968 648 libellum
3015 595 3082 649 de
3121 594 3267 666 (277)
3308 613 3485 667 pugna
3529 601 3635 654 daa-

2066 687 2282 735 monum
2313 678 2510 745 scribo,
2543 695 2705 760 quem
2730 684 2916 749 vobis,
2951 700 3073 739 cum
3112 687 3382 742 redieritis
3404 729 3418 753 ,
3460 690 3630 756 dabo,

2066 762 2150 816 vel
2194 774 2343 820 certe
2387 767 2502 838 ipse
2535 770 2811 827 vobiscum
2839 773 3062 829 forsitan
3084 777 3261 831 venio.
3294 776 3407 833 Hoc
3437 780 3512 834 illi
3539 797 3635 835 au-

2065 850 2293 918 dientes,
2321 856 2567 922 protinus
2590 857 2642 911 in
2666 855 2860 915 faciem
2884 876 2946 917 se
2971 873 3334 932 prosternunt,
3358 876 3413 920 ct
3432 876 3491 921 ut
3511 884 3632 923 cum

2066 940 2168 995 illis
2197 943 2276 998 ire
2319 944 2666 1014 dignaretur,
2707 949 3012 1021 importuna
3056 956 3342 1011 admodum
3372 958 3635 1029 supplica-

2066 1029 2210 1085 tione
2237 1032 2552 1101 deposcunt.
2581 1037 2763 1093 Altera
2792 1054 2923 1096 vero
2958 1042 3047 1098 die
3088 1044 3287 1099 iturum
3317 1062 3376 1101 se
3405 1063 3526 1102 cum
3555 1050 3636 1104 eis

2065 1118 2440 1177 incunctanter
2457 1127 2710 1191 asseruit,
2736 1138 2789 1182 et
2814 1138 2872 1183 ut
2891 1133 3069 1186 navim
3097 1133 3431 1203 inquirerent
3452 1138 3630 1207 jussit.

2062 1210 2300 1267 Audiens
2328 1214 2433 1269 hoc
2456 1214 2775 1274 Parentinus
2802 1218 2947 1293 (278)
2985 1225 3266 1294 episcopus
3303 1227 3467 1282 nimio
3496 1244 3629 1283 mu:-

2065 1316 2187 1356 rore
2216 1304 2495 1372 perculsus
2527 1315 2628 1362 est.
2655 1307 2937 1368 lnveniens
2963 1329 3174 1385 quoque
3202 1318 3494 1375 monachos
3514 1336 3634 1389 pro-

2062 1404 2184 1464 pter
2220 1396 2492 1465 navigium
2522 1400 2921 1470 discurrentes,
2965 1405 3146 1461 multis
3187 1410 3632 1465 contumeliarum

2065 1499 2160 1541 eos
2204 1485 2576 1543 dehonestavit
2612 1489 2842 1561 injuriis.
2889 1493 3002 1551 Hoc
3031 1495 3193 1551 etiam
3239 1498 3449 1552 cunctis
3482 1498 3633 1566 juxta

2060 1585 2275 1646 portum
2305 1580 2645 1635 manentibus
2665 1583 3024 1654 promulgavit
3047 1586 3300 1648 edictum,
3329 1597 3386 1642 ut
3411 1590 3635 1657 quicun—

2063 1681 2167 1735 que
2196 1666 2495 1727 Romualdo
2524 1671 2702 1731 navim
2731 1672 2861 1728 dare
2882 1684 3250 1743 praesumeret,
3284 1677 3397 1745 ipse
3423 1693 3635 1746 quoque

385 1740 543 1795 brat‘e
585 1750 783 1834 conas
812 1736 1055 1834 ριυιςίιιῑξ
1094 1755 1365 1834 nuntium
1392 1740 1621 1805 νοιδίων
1668 1741 1796 1809 cluia
1814 1758 1894 1834 f3
1929 1757 1958 1798 ³
1990 1755 2035 1814 Β
2062 1755 2229 1828 458
2268 1773 2374 1817 nua
2405 1773 2526 1815 cum
2566 1760 2682 1829 ipso
2715 1736 3047 1819 irrevocabili
3092 1736 3637 1834 profectione-demi-

382 1841 744 1897 t‘crymarum
769 1827 1083 1887 inundantia
1114 1831 1391 1889 continere
1418 1846 1521 1887 non
1549 1840 1779 1900 poterat.
1814 1832 1965 1889 Unde

389 1915 551 1969 etiam
601 1915 938 1984 postmodum
978 1931 1088 1984 prae
1115 1918 1279 1977 nimia
1308 1918 1419 1989 jam
1449 1920 1841 1981 consuetudine
1882 1920 1966 1981 vir

384 2001 643 2072 simplicis
664 2004 849 2067 animi,
885 2013 1083 2072 putans
1111 2006 1335 2075 gratiam
1366 2006 1527 2077 £57
1566 2008 1667 2062 sibi
1704 2008 1964 2069 divinitus

382 2102 735 2160 praerogatam
775 2092 1026 2150 omnibus
1054 2108 1176 2154 esse
1211 2110 1544 2159 concessam,
1594 2097 1804 2155 dicebat
1851 2097 1961 2166 ple-

381 2194 608 2246 rumque
674 2180 948 2249 discipulis
996 2198 1010 2234 :
1058 2182 1255 2237 Cavete
1313 2198 1384 2238 ne.
1448 2184 1646 2239 multas
1692 2186 1962 2256 lacryuias

382 2267 688 2331 eti'undatis,
724 2270 847 2336 quia
887 2278 942 2323 et
978 2269 1150 2323 visum
1190 2272 1441 2327 minuunt
1475 2284 1532 2328 et
1568 2273 1823 2335 verticem
1870 2273 1960 2328 lae-

380 2361 531 2419 dunt.
572 2356 888 2427 Ubicunque
925 2368 1104 2425 autem
1140 2361 1222 2425 vir
1260 2372 1480 2417 sanctus
1519 2364 1761 2418 habitare
1789 2364 1964 2433 dispo-

380 2457 552 2514 neret,
582 2451 876 2515 oratorium
913 2466 1035 2514 cum
1076 2452 1231 2515 altari
1270 2455 1519 2522 primitus
1555 2455 1610 2515 in
1648 2455 1840 2511 cellula
1880 2455 1961 2509 fa-

378 2542 547 2604 ciens,
587 2540 778 2601 deinde
813 2555 872 2605 se
910 2543 1220 2608 recludens,
1263 2544 1466 2605 aditum
1505 2544 1817 2609 damnabat.

925 2652 1153 2709 CAPUT
1192 2653 1406 2709 XXXII.

378 2760 456 2814 De
484 2762 753 2830 praphelia
795 2762 1113 2838 Ilomualdi,
1153 2780 1255 2832 qua
1295 2766 1671 2836 discipulorum
1712 2785 1959 2838 promun-

931 2833 1077 2885 tiaait
1109 2838 1409 2888 adrentum.

448 2957 714 3013 hiiserunt
738 2958 1027 3027 aliquando
1055 2962 1121 3017 ad
1145 2962 1291 3028 illum
1321 2963 1537 3032 fratres,
1562 2967 1655 3038 qui
1681 2970 1961 3025 moraban-

379 3057 466 3102 tur
494 3048 547 3103 in
592 3048 906 3114 solitudine,
941 3066 1060 3121 quae
1089 3051 1362 3109 Bifurcum
1394 3054 1540 3127 (275)
1572 3058 1789 3133 dicitur,
1826 3075 1958 3116 con-
1986 3087 2033 3152 ο

378 3138 561 3194 silium
607 3138 912 3217 ﬂagitantes
949 3142 1182 3212 qualiter
1219 3147 1525 3203 conversari
1570 3148 1621 3215 in
1653 3164 1836 3211 eremo
1860 3152 1956 3217 de-

378 3231 595 3298 berent,
625 3231 855 3301 qualiter
882 3233 1164 3291 diabolicis
1193 3237 1689 3309 impugnationibus
1708 3243 1958 3311 resistere

377 3321 703 3400 potuissent.
735 3322 973 3400 Quorum
1023 3326 1194 3381 nuntii
1232 3342 1353 3384 cum
1396 3330 1463 3385 ad
1511 3333 1897 3397 monasterium
1926 3349 1957 3388 a

378 3396 486 3480 quo
533 3396 816 3468 Romualdi
867 3413 999 3477 cella
1048 3414 1260 3488 longius
1305 3418 1495 3476 aberat
1539 3422 1956 3493 pervenissent,

376 3502 524 3558 illico
552 3503 877 3559 venerabilis
920 3503 1003 3559 vir
1042 3520 1139 3575 per
1179 3508 1425 3577 spiritum
1471 3524 1660 3577 eorum
1708 3515 1959 3589 cognovit

378 3595 690 3659 adventum,
730 3596 1093 3667 praecepitque
1117 3597 1296 3653 abbati
1325 3598 1527 3654 Ansoni
1560 3601 1711 3673 (276)
1734 3604 1823 3672 qui
1853 3604 1954 3665 sibi

375 3693 506 3739 tunc
531 3686 836 3751 assistebat,
866 3687 1049 3745 dicens
1074 3706 1087 3741 :
1130 3689 1295 3754 Vade,
1328 3698 1382 3749 et
1410 3690 1749 3767 pulmentum
1773 3693 1957 3750 fratri-

372 3776 475 3830 bus
498 3786 741 3855 praepara
771 3776 961 3844 quide
990 3777 1295 3847 longinquis
1323 3779 1565 3857 partibus
1597 3782 1950 3867 advenerunt.

375 3861 477 3929 Qui
504 3863 760 3919 continuo
788 3865 955 3933 coepit
997 3879 1119 3920 eum
1160 3866 1437 3933 deridere,
1474 3877 1528 3923 et
1558 3869 1776 3927 dicere:
1818 3862 1954 3938 Quia

375 3966 505 4008 vere
545 3951 713 4007 falsus
755 3955 1014 4024 propheta
1044 3963 1206 4010 esset.
1253 3954 1535 4012 Postremo
1584 3965 1767 4020 tamen,
1807 3958 1956 4019 velut

373 4052 599 4097 coactus
636 4044 704 4097 ad
748 4045 1135 4100 monasterium
1164 4046 1406 4112 veniens,
1440 4062 1533 4103 eos
1559 4063 1695 4117 quos
1720 4049 1803 4103 vir
1832 4064 1952 4105 san-

371 4144 492 4187 ctus
512 4133 837 4203 praedixerat
856 4144 1075 4191 orantes
1095 4133 1208 4206 jam
1231 4137 1285 4201 in
1305 4138 1533 4193 ecclesia
1563 4139 1783 4208 reperit.
1806 4138 1952 4206 Quos

372 4221 623 4275 videlicet
668 4221 998 4277 Romualdus
1043 4223 1213 4277 multo
1254 4224 1508 4278 salutaris
1547 4225 1805 4281 doctrinae
1840 4225 1952 4287 sale

371 4310 629 4375 condivit,
659 4311 843 4377 multis
868 4311 1103 4381 denique
1135 4322 1321 4375 contra
1361 4314 1571 4383 antiqui
1614 4315 1784 4379 hostis
1815 4316 1952 4370 insie
2046 4310 2057 4373 ,'

371 4401 489 4456 dias
512 4401 773 4456 virtutum
820 4404 990 4458 armis
1034 4403 1318 4470 instruxit,
1349 4414 1406 4460 et
1447 4414 1731 4477 postquam
1759 4422 1857 4463 eos
1885 4409 1951 4463 de

369 4493 621 4555 omnibus
648 4495 919 4551 subtiliter
942 4495 1144 4564 docuit,
1161 4513 1282 4553 cum
1307 4498 1470 4555 multa
1492 4515 1586 4557 eos
1612 4501 1679 4556 ad
1703 4516 1944 4558 eremum

264 4618 289 4624 —
370 4583 654 4643 alacritate
679 4586 910 4643 remisit.

900 4696 1127 4754 CAPUT
1173 4698 1266 4755 XX
1277 4697 1413 4756 Xill.

366 4807 441 4861 De
484 4806 655 4867 reditu
693 4808 810 4877 ejus
848 4827 881 4867 tt
925 4807 1218 4883 Parentis,
1242 4822 1290 4865 et
1317 4814 1488 4875 nautis
1513 4830 1627 4883 eius
1660 4818 1855 4873 meritis
1879 4818 1943 4877 de

899 4880 1129 4948 periculo
1159 4880 1414 4937 liberatis.

440 4989 561 5055 Alio
588 5005 803 5063 quoque
845 5001 1084 5072 tempore
1129 5007 1315 5053 rursus
1353 4995 1595 5066 pmdicti
1637 4990 1833 5054 fratres
1877 4999 1951 5061 ad.

436 5160 590 5231 (Ἧι)
624 5159 744 5231 Yat.
784 5157 929 5226 cod~.,
966 5163 1200 5230 mystica.

442 5230 593 5311 {215)
621 5230 823 5311 Bifurci
854 5232 1115 5311 locuspest
1132 5233 1193 5311 in
1218 5231 1441 5302 Alpibus
1466 5234 1689 5311 dominii
1717 5235 1939 5311 Floren-

366 5300 488 5360 tiui,
516 5300 829 5356 Faventiam
854 5300 1061 5363 verstfs,
1094 5301 1182 5355 ubi
1210 5300 1591 5359 monasterium
1621 5304 1743 5361 divo
1774 5305 1942 5359 Bene-

370 5368 511 5423 dicto
541 5383 716 5425 nuncu
755 5378 845 5423 ato
870 5371 1114 5427 absoluto
1141 5371 1354 5429 nomine
1382 5372 1660 5427 dicebatur
1682 5373 1743 5430 8.
1776 5374 1939 5428 Bene-

370 5436 494 5488 dicti
516 5438 570 5487 in
597 5386 829 5488 Alvigus.

408 5436 494 5488 icti
516 5438 570 5487 in
597 5436 829 5491 Alpibus.

443 5454 492 5485 ιιι
516 5454 570 5487 tn
597 5454 829 5505 Alpinus.

443 5502 590 5574 (276)
629 5506 702 5559 De
743 5508 972 5574 quodam
1004 5509 1170 5563 Asone
1213 5509 1535 5569 mentionem
1570 5508 1699 5563 facit
1726 5510 1944 5565 Damia-

377 5586 473 5643 uus
511 5571 565 5643 in
611 5571 885 5643 tomo'hoc
915 5577 965 5628 in
1007 5575 1121 5629 Vita
1152 5575 1253 5635 SS.
1289 5574 1548 5643 Rodnlplti
1576 5590 1624 5629 et
1658 5578 1939 5634 Dominici.

368 5635 561 5695 Nescio
587 5657 652 5694 an
682 5642 822 5696 idem
854 5646 920 5696 sit
948 5660 977 5697 a
1006 5647 1297 5698 monastica
1335 5635 1400 5701 ad
1443 5635 1773 5703 ercmiticam
1816 5665 1941 5703 con-

2063 1861 2246 1916 grans,
2272 1845 2583 1907 Parentium
2606 1849 2831 1923 ulterius
2849 1865 2955 1906 non
2984 1851 3203 1907 rediret.
3234 1852 3449 1907 Festine
3474 1853 3637 1923 igitur

2064 1935 2284 1990 nuntius
2315 1936 2382 1991 ad
2420 1935 2700 1993 Polensem
2736 1917 2885 2009 (97b)
2916 1942 3225 2010 episcopum
3270 1917 3528 2007 mittitur:
3574 1953 3634 1996 ut

2062 2022 2218 2078 beato
2253 2025 2370 2080 viro
2413 2026 2683 2097 navigium
2713 2029 2929 2084 mittere
2961 2044 3068 2084 non
3114 2040 3437 2086 moraretur.
3479 2030 3635 2101 Saepe

2062 2128 2301 2185 namque
2332 2115 2587 2186 praefatus
2609 2117 2892 2188 episcopus
2921 2118 3237 2179 adhortatus
3279 2120 3425 2175 illum
3455 2118 3633 2175 fuerat

2062 2212 2122 2257 ut
2160 2219 2498 2276 nequaquam
2539 2207 2605 2262 de
2648 2218 2846 2279 caetero
2888 2208 2942 2262 in
2994 2218 3102 2263 tam
3149 2210 3377 2265 obscuro
3416 2225 3634 2265 recessu

2061 2291 2299 2348 inclusus
2336 2292 2556 2365 lateretﬁ,
2601 2296 2695 2351 sed
2741 2294 2868 2350 illuc
2911 2298 3095 2365 potius
3136 2312 3194 2353 se
3238 2297 3508 2353 conferret
3542 2297 3632 2352 ubi

2062 2379 2367 2439 animarum
2418 2382 2629 2438 lucrum
2680 2384 2951 2453 copiosius
2996 2384 3175 2442 facere
3219 2386 3511 2457 potuisset,
3564 2402 3634 2441 ne

2060 2469 2310 2531 videlicet
2333 2471 2474 2529 sicut
2502 2473 2668 2528 carbo
2694 2472 2792 2529 soli
2820 2474 3036 2531 sibimet
3054 2475 3289 2540 arderet,
3321 2477 3415 2532 sed
3440 2478 3632 2546 magis,

2064 2572 2123 2620 ut
2153 2578 2339 2621 revera
2385 2566 2603 2621 lucerna
2648 2582 2811 2636 super
2838 2567 3220 2625 candeiabrum
3268 2570 3474 2637 posita,
3518 2584 3636 2623 om-

2062 2652 2219 2708 nibus
2243 2654 2336 2722 qui
2362 2654 2415 2708 in
2444 2655 2603 2709 domo
2633 2652 2725 2710 Dei
2758 2664 2883 2710 sunt
2927 2656 3106 2711 radios
3135 2672 3245 2710 sua:
3286 2656 3419 2712 lucis
3455 2656 3634 2715 infun-

2063 2742 2235 2812 deret,

2134 2833 2270 2893 Dum
2300 2833 2466 2904 igitur
2495 2835 2715 2890 nuntius
2751 2836 2843 2905 qui
2877 2837 3072 2895 missus
3098 2836 3272 2891 fuerat
3294 2844 3632 2905 exspectare-

2065 2932 2169 2988 tur,
2208 2923 2544 2980 Romualdus
2588 2926 2672 2981 his
2712 2927 2803 2996 qui
2836 2942 3018 2982 secum
3046 2937 3203 2981 erant
3231 2926 3487 2981 fratribus
3515 2927 3627 2980 ait:

2064 3011 2331 3077 Noveritis
2355 3014 2539 3084 procul
2565 3016 2728 3071 dubio
2754 3016 2877 3085 quia
2904 3015 3068 3073 frater
3090 3015 3176 3070 ille
3202 3016 3407 3094 tardius
3431 3015 3628 3079 veniet,

2062 3111 2117 3167 et
2147 3103 2205 3161 in
2231 3103 2336 3161 alia
2382 3105 2506 3161 navi
2549 3120 2647 3161 nos
2675 3106 2754 3162 ire
2772 3144 2791 3171 ,
2818 3106 2967 3174 prius
2993 3120 3151 3175 quam
3186 3105 3273 3159 ille
3298 3112 3628 3167 revertatur,

2060 3204 2293 3266 oportet.
2320 3197 2653 3259 Adveniente
2687 3207 2868 3253 autem
2900 3207 3087 3254 sancto
3112 3198 3199 3253 die
3233 3196 3541 3259 Dominico,
3576 3196 3629 3248 in

2060 3284 2178 3355 ipso
2200 3287 2389 3356 prima:
2416 3286 2554 3342 lucis
2578 3286 2894 3357 crepusculo
2921 3287 3055 3340 dixit
3082 3286 3355 3341 assistenti
3388 3285 3487 3339 sibi
3516 3285 3630 3338 cui-

2059 3374 2181 3433 dam
2205 3375 2380 3441 fratri,
2413 3376 2633 3432 nomine
2660 3376 2986 3447 lngelberto,
3021 3375 3109 3445 qui
3139 3384 3322 3445 postea
3359 3373 3629 3443 archiepi-

2058 3477 2252 3533 scopus
2275 3464 2328 3523 in
2350 3465 2597 3535 gentibus
2620 3464 2792 3521 factus
2813 3474 2896 3521 est
2918 3482 2931 3518 :
2956 3463 3204 3534 Respice,
3229 3464 3422 3533 inquit,
3442 3461 3626 3533 procul

2058 3556 2113 3615 in
2156 3556 2410 3629 pelagus,
2452 3567 2507 3613 et
2543 3559 2666 3613 vide
2710 3558 2843 3613 duas
2885 3571 3053 3612 naves
3099 3554 3405 3627 longinquis
3451 3554 3628 3610 adhuc

2055 3646 2244 3715 spatiis
2266 3648 2381 3718 pari
2412 3648 2695 3703 adversum
2728 3662 2825 3703 nos
2855 3647 3141 3703 velocitate
3168 3644 3473 3707 tendentes,
3494 3658 3627 3712 qua-

2057 3753 2174 3795 rum
2210 3753 2311 3794 nos
2336 3738 2555 3795 deﬁnite
2582 3739 2741 3795 debet
2771 3754 2875 3795 una
2906 3738 3196 3808 suscipere.
3235 3735 3335 3803 Qui
3364 3734 3628 3790 curiosius

2055 3826 2360 3894 intendens,
2390 3836 2446 3883 et
2469 3828 2724 3897 expansis
2751 3828 3025 3883 oculorum
3055 3826 3220 3883 radiis
3242 3823 3468 3885 sollicite
3488 3838 3624 3879 cun-

2053 3929 2139 3972 cta
2168 3918 2524 3986 perlustrans,
2570 3918 2786 3987 aliquod
2826 3917 3121 3999 remigandi
3168 3916 3377 3986 signum
3404 3912 3625 3969 omnino

2052 4007 2235 4062 videre
2273 4022 2381 4061 non
2424 4008 2618 4076 potuit.
2649 4008 2718 4060 At
2743 4021 2865 4060 cum
2897 4007 3015 4060 dies
3052 4006 3165 4075 jam
3208 4003 3427 4072 iamque
3454 4001 3626 4055 clare-

2053 4104 2250 4165 sceret,
2273 4111 2398 4151 ecce
2419 4106 2664 4152 extremo
2684 4095 2828 4149 videt
2854 4095 3048 4148 intuitu
3074 4095 3208 4149 duas
3230 4107 3394 4153 naves
3415 4092 3625 4149 eminus

2053 4188 2420 4250 adventantes,
2449 4198 2504 4243 et
2530 4202 2642 4258 prae
2669 4186 2833 4242 nimia
2860 4185 3035 4241 adhuc
3062 4183 3450 4252 longinquitate
3472 4181 3622 4250 quasi

2054 4276 2274 4331 totidem
2315 4275 2563 4333 volucres
2596 4285 2941 4345 apparentes.
2989 4274 3198 4342 Quibus
3236 4272 3451 4326 tandem
3492 4272 3623 4325 sub-

2050 4366 2301 4423 euntibus
2358 4374 2608 4437 portum,
2655 4366 2970 4436 interrogati
3004 4364 3234 4439 remiges
3284 4372 3463 4416 utrum
3510 4359 3624 4413 Ro-

1980 4447 2027 4506 D
2055 4456 2324 4510 mualdum
2347 4470 2468 4510 cum
2491 4454 2604 4509 suis
2632 4459 2684 4509 in
2711 4455 2928 4525 pr0pria
2952 4454 3150 4509 vellent
3169 4468 3303 4509 nave
3332 4452 3620 4520 suscipere,

2051 4559 2187 4605 nova
2219 4558 2341 4600 mox
2386 4543 2577 4613 repleti
2618 4543 2834 4607 laetitia,
2882 4556 2941 4598 se
2972 4550 3028 4596 et
3067 4556 3164 4599 sua
3194 4541 3375 4601 omnis
3407 4540 3459 4595 in
3506 4539 3623 4609 ejus
3697 4598 3717 4614 .

2048 4642 2315 4704 potestate
2343 4633 2700 4698 constituunt,
2729 4641 2785 4687 et
2806 4631 2993 4685 beatos
3012 4645 3070 4685 se
3094 4630 3211 4685 fore
3237 4638 3343 4701 tam
3374 4627 3624 4697 pretiosa:

2050 4723 2355 4796 margarita
2383 4722 2620 4792 pondere
2650 4720 2993 4792 proﬁtentur.
3021 4719 3114 4774 ilio
3136 4719 3321 4789 itaque
3342 4718 3431 4772 die
3449 4716 3621 4770 minas

2047 4814 2190 4868 acris
2225 4812 2575 4875 formidantes
2620 4811 2699 4867 ire
2742 4810 3050 4866 noluerunt.
3079 4808 3407 4865 Romualdus
3440 4814 3619 4861 autem

2044 4903 2363 4958 exhortatus
2406 4910 2490 4957 est
2520 4915 2615 4957 eos
2656 4910 2715 4956 ut
2752 4901 2935 4957 statim
2976 4900 3029 4955 in
3076 4914 3171 4970 spe
3200 4899 3393 4954 divina
3430 4896 3619 4968 gratia:

2046 4991 2149 5053 iter
2183 4991 2519 5069 inciperent,
2565 4990 2834 5059 spondens
2877 4989 2955 5044 eis
2986 4989 3110 5059 quia
3148 4987 3355 5042 nulltun
3397 4987 3618 5041 omnino

2046 5178 2403 5223 versationem
2438 5167 2749 5232 translatus,
2776 5176 2836 5222 ut
2863 5179 3003 5235 saepe
3030 5164 3143 5220 ﬁeri
3174 5172 3302 5221 tunc
3330 5163 3553 5217 solebat.

2114 5235 2925 5313 (QZ?)ptinamcxstaretille!
2991 5304 3013 5313 ι
3205 5301 3226 5313 _
3316 5302 3349 5313 ,Δ
3456 5300 3467 5310 .

2116 5299 2267 5376 (278)
2296 5307 2378 5363 De
2396 5306 2605 5361 Andrea
2648 5306 2881 5376 Parentii
2919 5301 3433 5376 epheopgforsitan
3454 5299 3613 5376 intel-

2046 5368 2313 5443 ligendum
2342 5384 2456 5439 est,
2500 5377 2698 5445 quippe
2714 5374 2813 5445 Aqui
2843 5368 3077 5445 ab_:inno
3104 5368 3209 5428 998
3246 5372 3317 5445 ad
3344 5370 3480 5423 1010
3508 5368 3606 5421 sal-

2048 5438 2407 5519 tc'ntvirrerat,
2439 5438 2675 5519 protuli—ﬂ
2702 5438 2864 5519 [tta‘lia
2890 5442 3082 5519 Spera,
3113 5452 3243 5519 toni.
3279 5438 3343 5503 V,
3370 5446 3609 5519 apparet.

2114 5514 2260 5581 (279)
2293 5511 2538 5569 Fortasse
2581 5512 2883 5571 Berlaldum
2916 5511 3081 5581 fuisse
3118 5513 3258 5581 hunc
3302 5511 3611 5581 episcopum

2044 5576 2201 5640 POliB.
2233 5576 2353 5653 qua:
2381 5582 2704 5653 urbs_lstri:e
2736 5580 3104 5650 antiquissima
3130 5579 3290 5649 vulgo
3316 5576 3451 5632 Pola
3476 5590 3613 5630 nun-

2044 5651 2290 5718 cupatur,
2329 5663 2411 5711 est
2447 5651 2765 5706 habendum.
