4088 6210
403 281 508 343 985

401 499 824 556 commorantes,
855 501 1014 548 nocte
1038 493 1293 566 navigare
1319 505 1623 565 coeperunt.

472 598 628 654 Circa
659 599 947 654 diluculum
975 611 1155 659 autem
1187 604 1369 660 stibito
1394 607 1535 664 venti
1559 607 1805 675 steviunt,
1839 617 1976 665 tem-

403 696 584 756 pestas
610 690 808 752 oritur,
842 706 993 747 mare
1015 693 1084 752 ab
1110 694 1219 750 imo
1237 694 1402 753 fundo
1429 707 1691 753 versatur.
1714 699 1831 755 iam
1851 716 1979 757 vero

405 776 646 831 furentes
697 776 934 847 undique
989 781 1240 849 procellae
1289 782 1435 852 ipsos
1479 800 1695 855 quoque
1750 791 1980 861 remiges

406 865 736 920 transvolant
783 877 839 921 et
883 869 1060 926 navim
1107 869 1234 930 hinc
1260 872 1387 928 inde
1423 877 1794 934 concutientes
1840 887 1980 935 totas

399 967 541 1022 pene
567 954 774 1010 tabulas
807 953 1012 1012 laxant.
1041 957 1264 1018 Videres
1301 960 1483 1030 itaque
1517 962 1798 1030 homines,
1842 966 1980 1022 alios

405 1042 617 1112 quidem
646 1057 706 1098 se
734 1044 801 1100 ad
831 1045 1123 1106 natandum
1151 1063 1371 1114 exuere.
1396 1049 1532 1110 alios
1571 1067 1704 1111 vero
1749 1053 1979 1111 diversis

406 1148 464 1188 se
489 1133 820 1204 palustribus
859 1135 1122 1207 religare,
1159 1141 1422 1208 quosdam
1461 1152 1676 1209 autem,
1705 1155 1766 1200 ut
1791 1161 1980 1217 super-

406 1231 596 1278 natare
621 1221 870 1279 ﬂuctibus
912 1234 1161 1300 possent,
1209 1243 1387 1286 remos
1418 1239 1512 1290 aut
1533 1231 1736 1302 lignum
1762 1234 1980 1304 aliquod

403 1314 648 1369 strictum
696 1324 899 1371 tenere.
946 1314 1188 1386 Cumque
1225 1319 1281 1376 in
1323 1329 1472 1380 tanto
1517 1323 1831 1380 discrimine
1871 1340 1978 1380 non

400 1400 510 1468 jam
537 1402 756 1457 dubium
791 1404 1090 1474 desperatis
1129 1408 1383 1470 omnibus
1421 1411 1758 1483 naufragium
1804 1414 1980 1468 immi-

407 1498 581 1555 neret,
611 1491 753 1546 illico
788 1492 1118 1550 Romualdus
1155 1497 1220 1556 ad
1252 1499 1406 1560 solita
1436 1501 1686 1560 videlicet
1720 1503 1981 1559 orationis

407 1593 743 1638 armamenta
773 1586 1036 1651 cucurrit,
1065 1595 1120 1642 et
1144 1589 1403 1650 reclinato
1435 1591 1708 1661 paululum
1748 1595 1975 1663 capitio,

407 1670 583 1739 capite
620 1670 824 1727 devexo
851 1672 904 1728 in
938 1675 1236 1743 gremium,
1280 1691 1470 1746 preces
1513 1680 1612 1738 sub
1655 1678 1868 1735 silentio
1910 1681 1978 1735 ad

1634 292 1791 354 νιτΑ
1830 294 1889 350 S.
1929 294 2302 354 ROMUALDI.

401 395 702 466 periculum
750 397 1098 455 sustinerent.
1140 397 1221 459 Illi
1269 408 1450 461 tamen
1473 441 1491 470 ,
1523 411 1633 460 tota
1668 405 1756 464 die
1786 406 1978 465 ibidem
2005 411 2058 470 Α

3535 320 3646 377 986

2642 417 2869 477 CAPUT
2904 417 3118 477 XXXV.

2083 518 2160 575 De
2185 520 2405 576 adventu
2433 524 2546 594 ejus
2585 526 2655 580 ad
2688 527 2874 582 vallem
2919 530 2982 583 de
3020 529 3235 596 Castra,
3266 541 3313 586 ct
3345 535 3505 590 multo
3533 538 3648 591 ani-

2428 609 2634 648 marum
2664 597 2839 664 fructu
2869 614 2962 666 per
2987 615 3103 652 eum
3132 599 3292 667 facta.

2148 694 2640 771 Romualduslergo,
2663 702 2964 758 sterilitatis
2979 704 3286 774 impatiens,
3308 709 3463 762 anxia
3485 713 3650 780 coepit

2081 784 2339 842 aviditate
2365 790 2680 858 perquirere
2717 791 2808 846 ubi
2851 801 3048 848 terram
3085 796 3346 864 potuisset
3374 797 3441 853 ad
3473 800 3649 869 profe-

2080 877 2278 931 rendos
2317 879 2616 934 animarum
2663 881 2874 938 fructus
2919 883 3175 940 idoneam
3205 888 3466 945 invenire.
3507 889 3650 948 Misit

2081 963 2266 1035 itaque
2286 968 2590 1023 nuntios'ad
2609 968 2907 1026 Camerina:
2925 974 3215 1042 provinciae
3236 973 3384 1046 (282)
3399 979 3645 1034 comites.

2079 1055 2181 1122 Qui
2210 1055 2397 1111 audito
2428 1060 2649 1114 nomine
2673 1059 2956 1116 Romualdi
2974 1103 2988 1127 ,
3025 1063 3190 1119 nimio
3213 1065 3403 1136 repleti
3430 1069 3648 1138 gaudio,

2079 1153 2273 1199 cuncta
2297 1160 2408 1201 suae
2431 1147 2647 1204 virtutis
2667 1148 2900 1206 oﬂ‘erunt
2922 1153 3146 1221 praedia,
3178 1170 3282 1210 non
3311 1157 3470 1212 modo
3487 1157 3652 1231 ‘60

2080 1233 2338 1288 silvarum
2381 1241 2436 1289 et
2463 1237 2745 1304 mentium,
2792 1238 2908 1303 sed,
2955 1240 3000 1294 si
3045 1241 3146 1296 sibi
3183 1244 3344 1297 etiam
3387 1245 3648 1314 placeret,

2079 1335 2351 1388 agrorum.
2379 1321 2661 1379 Postremo
2706 1334 2974 1394 repertus‘
2995 1337 3078 1383 est
3119 1329 3172 1383 in
3203 1347 3388 1385 eorum
3433 1348 3648 1400 posses-

2079 1408 2231 1463 sione
2258 1408 2408 1464 locus
2442 1412 2736 1466 eromiticae
2757 1415 3156 1471 conversationi
3189 1418 3322 1472 satis
3350 1435 3616 1488 congruus
3634 1461 3648 1485 ,

2079 1497 2355 1552 montibus
2380 1499 2616 1568 undique
2651 1499 2887 1554 vallatus
2915 1511 2971 1555 et
3008 1502 3178 1559 silvis.
3215 1503 3272 1556 ιη
3321 1506 3497 1558 medio
3523 1521 3653 1560 vero

2075 1585 2258 1655 ampla
2287 1587 2531 1654 quaedam
2561 1587 2812 1656 planities
2841 1605 2946 1644 non
2977 1591 3148 1644 solum
3185 1591 3518 1659 proferendis
3545 1592 3655 1646 fru-

2080 1675 2234 1743 gibus
2259 1685 2405 1745 apta,
2435 1677 2529 1731 sed
2558 1677 2858 1747 perspicuis
2886 1679 3048 1734 etiam
3084 1679 3310 1736 fontium
3346 1683 3501 1750 aquis
3528 1682 3654 1736 irri-

405 1760 688 1814 Dominum
718 1760 885 1827 fudit;
915 1763 1107 1818 deinde
1135 1764 1336 1826 Ausoni
1363 1765 1572 1832 abbati,
1607 1768 1700 1835 qui
1733 1769 1979 1824 cominus
2009 1768 2055 1828 Β
2083 1778 2205 1832 803-
2233 1761 2331 1818 Hic
2359 1764 2540 1834 itaque
2566 1765 2717 1844 ιοοιιβ
2745 1765 2900 1820 vallis
2927 1767 2994 1823 de
3019 1767 3207 1824 (3³811⁸0
3241 1768 3535 1838 antiquitus
3563 1785 3655 1824 V0-

405 1851 698 1917 assidebat,
727 1867 914 1907 secure
955 1853 1120 1926 £59
1156 1857 1426 1924 praecepit,
1453 1857 1678 1918 dicens:
1716 1858 1980 1914 Denuntia

406 1941 586 1994 nautis
615 1950 675 1994 ut
703 1957 1042 2018 nequaquam
1080 1943 1326 2021 timeant,
1356 1945 1451 2001 sed
1477 1960 1664 2000 omnes
1694 1961 1752 2001 se
1778 1947 1982 2003 incolu-

407 2045 524 2084 mes
564 2043 820 2085 evasuros
863 2033 1066 2099 absque
1098 2033 1202 2086 ulla
1248 2035 1460 2103 penitus
1503 2036 1853 2106 ambiguitate
1891 2053 1982 2097 co-

405 2127 685 2190 gnoscant.
745 2120 846 2175 Vix
897 2122 1163 2176 modicum
1215 2132 1335 2192 post
1380 2123 1512 2189 hoc,
1563 2134 1616 2180 et
1662 2139 1792 2182 ecce
1840 2127 1980 2182 ultra

406 2211 647 2264 omnium
693 2224 842 2279 spem
890 2213 1096 2281 absque
1142 2212 1252 2266 ullo
1291 2213 1528 2276 humano
1552 2216 1887 2286 studioipsa
1923 2231 1982 2274 se

408 2299 559 2352 navis
605 2299 821 2369 dirigit,
865 2309 919 2356 et
968 2314 1088 2356 mox
1138 2301 1190 2354 itt
1245 2312 1458 2370 portum
1514 2291 1980 2377 Capreola'i(280)

411 2388 647 2441 civitatis
685 2388 902 2459 delapsa
941 2388 1191 2442 celeriter
1222 2390 1566 2450 subintravit.
1617 2391 1768 2450 Tunc
1793 2409 1983 2451 omnes

411 2474 687 2530 liberatori
721 2476 830 2536 Deo
871 2477 1058 2546 dignas
1104 2476 1344 2532 referunt
1368 2480 1592 2549 gratias,
1621 2488 1676 2534 et
1701 2481 1984 2542 manifeste

413 2580 472 2620 se
501 2566 567 2620 de
594 2565 839 2622 faucibus
863 2568 1054 2623 mortis
1079 2577 1291 2638 ereptos
1317 2568 1601 2632 Romualdi
1625 2571 1836 2631 meritis
1860 2586 1985 2646 pro-

415 2658 655 2710 fitentur.
1915 2670 1923 2678 -

943 2744 1171 2803 CAPUT
1213 2745 1450 2801 XXXIV.

2083 1851 2334 1917 cabatur,
2363 1852 2454 1908 ubi
2476 1853 2589 1922 jam
2638 1869 2799 1923 parva
2831 1863 2950 1910 erat
2978 1855 3208 1910 ecclesia
3238 1855 3414 1928 (283),
3457 1857 3510 1912 in
3548 1870 3654 1924 qua

2082 1953 2467 1994 conversurum
2499 1943 2856 2009 quarumdam
2888 1942 3171 1998 mulierum
3217 1944 3500 1998 videbatur
3537 1959 3656 1999 esse

2080 2037 2398 2084 conventus.
2433 2029 2530 2086 His
2563 2032 2745 2099 itaque
2788 2032 2909 2088 loco
2945 2033 3286 2095 sedentibus,
3329 2035 3657 2089 constructis

2079 2119 2289 2176 cellulis
2320 2119 2430 2175 illic
2460 2120 2706 2178 habitare
2728 2136 2850 2174 cum
2879 2122 2990 2178 suis
3027 2123 3303 2192 discipulis
3324 2125 3408 2178 vir
3435 2139 3658 2179 venera-

2081 2209 2203 2266 bilis
2228 2209 2413 2278 erepit.
2440 2208 2514 2264 lbi
2547 2217 2725 2264 autem
2748 2221 2983 2279 quantos
3003 2212 3305 2268 animarum
3333 2212 3541 2268 fructus
3561 2228 3660 2285 per

2081 2296 2232 2352 illum
2260 2297 2522 2353 Dominus
2544 2297 2877 2365 acquisierit,
2904 2299 3026 2366 quis
3047 2297 3222 2354 valeat
3248 2298 3332 2354 vel
3355 2307 3659 2355 atramento

2082 2387 2428 2450 describere,
2474 2385 2559 2443 vel
2607 2385 2784 2455 lingua
2832 2385 3109 2456 proferre?
3153 2386 3378 2455 Cmpere
3429 2401 3660 2456 namque

2081 2475 2333 2530 homines
2374 2474 2442 2529 ad
2472 2475 2846 2545 pmnitentiam
2893 2476 3020 2533 hinc
3052 2475 3180 2532 inde
3223 2475 3524 2540 continere,
3563 2491 3660 2530 sua

2083 2565 2410 2634 pauperibus
2433 2565 2857 2625 misericorditer
2883 2579 3133 2636 erogare,
3151 2566 3242 2619 alii
3267 2565 3523 2620 saeculum
3544 2580 3662 2622 omo

2085 2652 2213 2708 nino
2243 2649 2552 2720 relinquere
2577 2660 2634 2708 et
2658 2653 2727 2707 ad
2747 2661 2948 2709 sanctae
2968 2653 3398 2710 conversationis
3417 2653 3663 2708 ordinem

2083 2745 2277 2818 spiritu
2318 2742 2525 2799 fervido
2553 2742 2828 2799 festinare.
2870 2743 3002 2800 Erat
3034 2743 3186 2816 enim.
3209 2742 3290 2798 vir
3316 2741 3664 2798 beatissimus

2084 2834 2238 2904 quasi
2275 2848 2415 2890 unus
2443 2833 2510 2888 de
2537 2831 2846 2903 Seraphim,
2872 2832 2995 2902 quia
3031 2841 3085 2886 et
3111 2831 3222 2905 ipse
3247 2829 3461 2886 flamma
3496 2826 3662 2884 divini

670 2876 749 2933 De
779 2877 1002 2938 "dum"
1033 2877 1314 2935 “unum
1338 2879 1394 2933 in
1423 2877 1720 2949 “(unum
2087 2876 3387 2992 antorisuiucomparabi’liter'zestuabatfe'falios,
3418 2933 3665 2986 quocun-

487 3004 716 3061 Veniens
745 3007 924 3076 itaque
961 3007 1288 3063 Romualdus
1330 3007 1641 3076 Bifurcum,
1685 3010 1819 3066 visis
1859 3025 2014 3067 om-~
2086 3029 2193 3086 que
2221 3022 2504 3084 pergeret,
2545 3021 2744 3068 sanctae
2787 3009 3184 3081 praedicationis
3229 3007 3441 3062 facibus
3480 3008 3669 3062 incen-

412 3097 566 3151 nium
590 3096 820 3152 fratrum
849 3097 1023 3162 cellis,
1049 3099 1174 3168 quia
1202 3101 1588 3170 superstitione
1615 3098 1993 3171 quadam'am-
2017 3105 2062 3165 C
2096 3077 2277 3161 debat.
2309 3077 2464 3170 sape
2490 3077 2743 3169 namque,
2772 3077 2897 3154 dum
2927 3096 3327 3168 praedicationis
3352 3095 3514 3150 verba
3545 3109 3669 3164 pro.
3757 3077 3796 3096 κ’

413 3188 623 3242 bitiosae
642 3187 984 3253 videbantur,
1006 3187 1060 3242 in
1086 3187 1229 3242 nulla
1261 3203 1445 3249 earum
1475 3191 1677 3245 habere
1696 3190 1986 3260 hospitium
2090 3193 2278 3257 ferret,
2298 3202 2444 3249 tanta
2467 3191 2616 3246 illum
2638 3190 2982 3259 compunctie
3007 3188 3063 3242 in
3089 3186 3354 3256 lacrymas
3374 3185 3666 3246 excitabat,

413 3279 603 3343 voluit,
634 3278 737 3335 nisi
767 3279 819 3334 in
849 3278 938 3334 illa
969 3279 1305 3335 solummodo
1334 3281 1386 3333 in
1409 3295 1514 3350 qua
1544 3280 1737 3337 Petrus
1763 3295 1991 3337 venera-
2090 3292 2151 3337 ut
2179 3281 2359 3337 subito
2386 3281 2744 3348 interruptum
2773 3290 3077 3334 sermonem
3107 3274 3414 3343 relinquens
3433 3271 3670 3340 aliquor-

413 3371 538 3428 bilis
567 3371 718 3441 (28!)
760 3371 875 3440 ejus
913 3371 1209 3442 discipulus
1239 3371 1550 3438 habitabat,
1597 3372 1684 3432 vir
1725 3371 1992 3443 siquidem
2092 3385 2214 3426 sum
2259 3357 2542 3440 repentino
2571 3367 2773 3436 impetu
2810 3365 2954 3420 velut
2981 3378 3170 3418 amens
3195 3362 3495 3433 aufugeret.
3534 3358 3667 3413 Nam

417 3461 678 3516 mirabilis
717 3461 1058 3517 abstinentiae
1098 3461 1385 3530 multaeque
1423 3460 1710 3518 admodum
1740 3462 1996 3520 extremi-
2089 3461 2194 3520 etsi
2283 3458 2500 3532 quando
2547 3472 2671 3514 cum
2719 3453 2977 3510 fratribus
3023 3451 3333 3522 equitabat,
3361 3450 3518 3521 longe
3548 3457 3671 3520 post

416 3548 546 3603 tatis
565 3589 580 3615 ,
606 3549 698 3618 qui
730 3548 977 3604 cellulam
1013 3548 1116 3603 sibi
1151 3549 1224 3604 ad
1269 3549 1326 3604 S.
1357 3547 1648 3605 Hilarionis
1691 3550 1994 3620 exemplum
2093 3551 2229 3607 alios
2255 3551 2481 3607 veniens
2508 3560 2830 3618 semperque
2861 3544 3118 3616 psallens,
3148 3541 3502 3598 nihilominus
3528 3554 3591 3594 ac
3622 3538 3672 3593 si

414 3642 507 3698 vix
538 3657 773 3713 unquam
804 3641 1087 3714 largiorem
1137 3642 1254 3698 ﬁeri
1288 3651 1522 3712 quatuor
1549 3642 1746 3706 cubitis
1771 3643 1997 3714 permit-

419 3734 589 3788 tebat.
620 3733 905 3788 Referebat
929 3742 1109 3788 autem
1146 3746 1307 3788 nosse
1344 3733 1486 3788 idem
1524 3735 1852 3790 venerabilis
1877 3735 1996 3801 vir,

418 3826 544 3894 quia
571 3824 698 3878 dum
730 3825 787 3877 Β.
814 3822 1144 3878 Romualdus
1168 3837 1292 3878 cum
1326 3823 1442 3894 ipso
1471 3832 1735 3889 maneret,
1763 3833 1818 3880 et
1855 3821 2000 3894 psal-

423 3932 541 3970 mos
587 3925 812 3985 uterque
859 3915 1000 3970 inter
1035 3930 1094 3970 se
1132 3915 1350 3970 vicariis
1378 3915 1626 3970 versibus
1667 3913 1998 3978 aiternaret,

347 4029 357 4038 -
419 4007 605 4061 tricies
651 3997 703 4059 in
753 4015 934 4071 nocte,
978 4005 1062 4061 vel
1091 4019 1157 4061 eo
1189 4005 1440 4075 amplius,
1474 4020 1532 4061 se
1575 4004 1902 4060 Bomualdus
1931 4003 2000 4057 ad

422 4096 684 4165 requisita
717 4103 924 4154 natura:
953 4095 1032 4154 ire
1056 4093 1367 4158 simulabat,
1385 4093 1640 4162 quoniam
1666 4092 2000 4148 afﬂuentiam

423 4185 781 4256 lacrymarum
813 4185 1182 4239 inundantiam
1231 4191 1394 4252 atque
1436 4182 1702 4256 singultus
1745 4181 2002 4240 cohibere

425 4291 530 4329 non
560 4281 794 4343 poterat.
823 4273 1065 4343 Cumque
1093 4273 1165 4326 ibi
1193 4270 1518 4327 Romualdus
1547 4271 1856 4340 aliquandiu
1886 4284 2005 4324 mo-

319 4427 324 4429 _
424 4370 660 4426 raretur,
683 4370 738 4417 et
760 4361 957 4418 fratres
983 4375 1088 4416 non
1108 4360 1279 4415 solum
1303 4361 1370 4415 dc
1394 4357 1662 4429 spirituali
1681 4359 2000 4422 certamine,

2094 3642 2148 3697 in
2177 3641 2367 3698 cellam
2396 3639 2676 3703 resideret,
2699 3636 2902 3713 jugiter
2945 3635 3213 3706 lacrymas
3252 3629 3526 3688 effundere
3561 3642 3673 3682 non

2099 3732 2370 3788 cessabat.

2164 3821 2312 3876 Inter
2337 3827 2564 3875 caeteros
2589 3825 2768 3872 autem
2785 3855 2800 3880 ,
2830 3814 3099 3886 praecipue
3135 3810 3420 3866 saeculares
3447 3807 3673 3863 clericos

2097 3909 2190 3980 qui
2217 3924 2312 3980 per
2344 3907 2624 3977 pecuniam
2652 3903 2896 3977 {ordinati
2954 3901 3168 3956 fuerant
3192 3897 3478 3953 durissima
3522 3908 3674 3949 seve~

2097 4001 2258 4055 ritate
2283 3997 2629 4067 corripiebat,
2665 4004 2718 4051 et
2741 4009 2866 4058 eos,
2904 3993 3007 4048 nisi
3035 3991 3278 4046 ordinem
3306 3994 3496 4057 sponte
3522 3985 3676 4039 dese-

2099 4101 2303 4154 rerent,
2333 4089 2556 4145 omnino
2585 4083 2918 4142 damnabiies
2959 4090 3014 4136 et
3055 4079 3338 4136 haereticos
3374 4076 3673 4137 asserebat.

2099 4179 2198 4245 Qui
2231 4192 2424 4232 novam
2448 4190 2561 4230 rem
2585 4173 2862 4228 audientes
2889 4171 3137 4225 occidere
3162 4167 3310 4222 illum
3338 4163 3507 4219 moliti
3530 4170 3674 4216 sunt.

2099 4269 2204 4328 Per
2253 4275 2420 4324 totam
2463 4272 2698 4334 namque
2742 4262 2890 4318 illam
2941 4258 3351 4321 monarcbiam,
3395 4266 3564 4323 usque
3608 4249 3675 4306 ad

2101 4357 2385 4415 Romualdi
2428 4364 2690 4424 tempore,
2724 4351 2942 4421 vulgata
2964 4347 3352 4406 consuetudine
3371 4384 3388 4409 ,
3417 4344 3502 4396 vix
3533 4341 3680 4411 quis-

425 4467 612 4506 verum
636 4451 798 4506 etiam
838 4457 898 4508 ut.
925 4450 1031 4506 sibi
1059 4449 1310 4505 abbatem
1333 4447 1650 4519 prderrent
1673 4455 1731 4502 et
1758 4461 2002 4502 commu-
2029 4443 2082 4505 Ι)
2105 4462 2271 4517 quam
2304 4451 2528 4500 noverat
2554 4441 2916 4496 Simoniacam
2945 4437 3192 4493 haeresim
3222 4448 3349 4489 esse
3377 4440 3676 4502 peccatum.
3697 4451 3710 4462 -

425 4543 514 4598 nia
557 4549 751 4597 cuncta
799 4541 1038 4596 facerent
1064 4539 1397 4602 admoneret.
1429 4535 1679 4609 illi,!quia
1707 4549 1864 4592 suum
1907 4535 2006 4590 hac

425 4632 588 4693 bebat
626 4630 997 4701 unusquisque
1029 4637 1486 4695 sustentatorem,
1522 4636 1580 4685 et
1605 4634 1767 4698 prout
1809 4626 2005 4696 cuique

428 4720 695 4785 libuerat,
741 4719 949 4790 proprii
992 4718 1357 4789 sequebantur
1406 4717 1623 4778 arbitrii
1663 4715 2002 4779 libertatem,

429 4807 723 4864 Romualdi
750 4816 1020 4879 precepts
1057 4807 1332 4879 suscipere
1359 4821 1466 4864 non
1494 4819 1822 4882 magnopere
1846 4818 2006 4868 enra-

429 4907 646 4954 verunt.

501 5088 648 5160 (380)
681 5088 825 5146 Loco
852 5087 1121 5160 Capreoue
1159 5087 1280 5160 iege
1313 5086 1649 5160 Cumlensis
1669 5127 1685 5153 ,
1730 5101 1870 5160 nam
1896 5085 2005 5160 Ctt-

431 5155 808 5230 prutm,'vulgo
833 5155 1039 5225 σαύνια,
1079 5155 1270 5230 civitas
1294 5155 1474 5230 est—49
1497 5158 1717 5230 circiter
1743 5155 2009 5230 milliariis

434 5223 470 5282 ξι
501 5223 990 5294 νωεῑίἰέάὶειθηδ,
1021 5223 1142 5298 qua:
1165 5229 1307 5284 aeris
1329 5226 1701 5298 insalubritate
1719 5223 2010 5298 est__i'nfre-

433 5299 810 5370 quentissima.
849 5292 1102 5370 Attamen
1139 5298 1449 5370 episcopum
1476 5296 1658 5360 habet,
1683 5295 1776 5365 qui
1809 5292 2011 5348 Veneto

435 5368 759 5438 patriarcha:
785 5376 872 5422 est
893 5365 1279 5438 suﬁraganeus.

509 5435 661 5559 (281g
683 5437 726 5490 Δ
754 5430 1142 5518 scriptoribus,
1164 5433 1466 5515 pressi-sim
1495 5430 2010 5513 Camaldulensibus,

509 5505 596 5559 ulo
665 5516 786 5559 catt.
815 5504 963 5559 Pam
1002 5508 1067 5558 de
1113 5504 1326 5559 Bifurco
1352 5505 1442 5558 hic
1463 5501 1787 5556 venerabilis
1810 5514 1896 5554 vtr
1921 5500 2010 5555 ad-

438 5500 596 5559 titulo
634 5500 786 5560 beati.
815 5500 963 5562 seu:
1002 5508 1067 5558 de
1113 5500 1326 5573 Bi'furco
1352 5503 1442 5558 hic
1463 5501 1787 5556 venerabilis
1810 5500 1896 5554 vir
1921 5500 2016 5555 ad-

439 5583 678 5628 luatur.

511 5643 660 5715 (282)
686 5645 780 5699 Est
812 5643 878 5698 ad
915 5629 1125 5702 Picena:
1155 5643 1502 5714 Umbriaque
1523 5639 1756 5697 conﬁnia
1783 5637 2016 5710 positum

2110 4536 2212 4604 Qui
2238 4533 2372 4592 dixit
2392 4532 2472 4587 eis
2496 4549 2510 4586 :
2548 4529 2824 4586 Canonum
2855 4525 2986 4580 mihi
3011 4525 3175 4580 libros
3194 4522 3402 4585 auerte,
3424 4529 3479 4574 et
3498 4527 3677 4573 utrum

2106 4639 2234 4683 vera
2259 4623 2370 4684 sint
2393 4619 2670 4692 quqdico,
2688 4614 2886 4671 vestris
2905 4613 3284 4669 attestantibus.
3305 4608 3511 4680 paginis
3533 4622 3681 4662 com-

2109 4713 2348 4785 probate.
2372 4709 2576 4778 Quibus
2597 4709 2776 4777 itaque
2795 4705 3080 4773 diligenter
3103 4701 3382 4772 inspectis,
3403 4708 3458 4754 et
3474 4699 3679 4754 crimen

2110 4809 2431 4874 agnoscunt,
2471 4807 2522 4855 et
2563 4803 2748 4854 emta
2774 4793 3119 4865 deplangunt.
3161 4788 3455 4846 Constituit
3499 4786 3682 4857 itaque

2108 4893 2194 4950 vir
2216 4899 2438 4955 sanctus
2462 4887 2647 4960 plures
2687 4883 2979 4943 canonicos
3007 4888 3064 4937 et
3103 4880 3362 4946 clericos,
3390 4877 3483 4950 qui
3521 4876 3684 4932 laico-

2109 5083 2453 5152 Camerinum
2476 5079 2668 5136 civitas
2692 5073 3010 5152 episcopalis
3029 5112 3046 5137 ,
3091 5069 3238 5152 Italis
3265 5068 3562 5151 Camerino.
3582 5065 3684 5152 -ᾼῒο

2255 5137 2550 5225 (ἐξωτέρω
2573 5137 3015 5225 pompm"
3041 5137 3687 5225 Plataeensisaaﬁr

2112 5207 2294 5279 miano
2319 5221 2372 5274 in
2400 5217 2621 5289 epistola
2649 5217 2735 5289 is,
2758 5207 2969 5289 linqui.
2988 5207 3057 5265 ad
3077 5207 3449 5289 ροιιιῖςςεαυιλι
3473 5209 3684 5286 ducem,

2113 5274 2814 5366 avppellatttr'monorchiq,‘
2846 5274 3031 5364 idtest
3080 5277 3348 5341 Marchia,
3399 5274 3686 5358 Camerini.

2113 5361 2289 5417 Hnno.
2338 5357 2567 5416 Etruria:
2616 5357 2854 5409 dominio
2879 5351 2983 5405 srln
3038 5345 3542 5417 reservato,_hanc
3587 5344 3689 5417 Ca-

2118 5368 2289 5431 Hugo,
2338 5368 2567 5416 Etruria
2616 5368 2854 5409 dominio
2879 5368 2983 5405 sun
3038 5368 3346 5410 reservato,
3400 5368 3542 5398 nam:
3587 5368 3689 5424 ua-

2118 5428 2311 5486 merini
2356 5424 2680 5497 provinciam
2725 5437 2830 5475 una
2851 5433 2991 5497 cum
3031 5416 3324 5497 Spoletano
3348 5415 3548 5497 ducatu
3575 5428 3690 5495 ἰηι-

2190 5481 2377 5552 ἶεὶοτῗ
2400 5496 2584 5558 cessit,
2629 5500 2689 5548 ut
2729 5489 2914 5546 retulit
2961 5488 3013 5541 iu
3064 5481 3279 5539 laudata
3317 5481 3543 5555 epistola
3575 5483 3691 5551 ipsc

2499 5631 2795 5688 Salvatoris
2824 5637 2879 5682 et
2905 5626 2967 5681 B.
2986 5623 3166 5680 Mariae
3196 5623 3396 5680 nomini
3422 5620 3689 5677 dedicata.
