4108 6206
433 363 536 422 989
1718 381 1868 437 vna
1912 387 1970 440 s.
2016 385 2392 446 ROMUALDI.
3570 422 3671 479 οοο

429 493 647 548 quoque
679 481 864 550 aegroti
912 483 980 537 ad
1031 484 1147 554 ejus
1177 488 1435 542 tumulum
1471 492 1766 561 venientes,
1806 498 1997 553 redditi
2029 509 2074 559 Α
2105 500 2355 554 Euntium
2425 515 2604 559 autem
2653 511 2869 576 quidam
2931 511 3284 585 flagellantur,
3343 525 3666 591 venduntur,

427 577 553 679 sun't
599 571 843 679 sanitati.
875 573 1007 627 Nam
1044 587 1098 630 et
1128 577 1300 646 ipsum
1353 581 1474 648 ejus
1521 585 1823 652 sepulcrum
1858 589 2000 642 velut
2099 587 2284 654 plures
2310 589 2540 646 Domino
2564 571 2828 662 subeunt;
2861 599 2926 653 ad
2949 571 3284 674 martyrium,
3302 619 3498 679 tamen,

429 657 614 754 multis
644 659 859 766 plenum
891 665 1225 758 aromatibus
1266 668 1560 724 redolebat.
1612 673 1678 726 Et
1707 675 1776 727 ita
1815 693 1843 729 a
1889 677 1998 730 Deo
2095 681 2182 733 vir
2209 693 2431 738 sanctus
2464 657 2934 754 praedixeratanon
2967 657 3295 766 pertingant.

426 744 624 851 meruit
656 745 906 800 honorari
937 759 1059 816 post
1085 762 1335 818 mortem,
1363 755 1457 823 qui
1488 772 1584 825 pro
1624 757 1739 825 ejus
1787 777 1995 828 amore,
2164 768 2494 827 Romualdus
2516 785 2719 841 autem,
2757 744 3022 836 converso
3057 744 3286 851 quddam
3334 791 3666 850 nobilissimo

2707 831 2718 841 ,
3099 831 3286 840 ηπ...
3334 831 3661 850 "asumma...

423 831 549 884 dum
591 835 815 902 viveret,
855 839 1147 893 carnalium
1189 853 1474 910 parentum
1514 850 1716 916 sprevit
1767 853 1997 907 haeredi-
2091 854 2234 920 viro,
2283 857 2678 918 Adhelberonis
2733 866 2982 922 videlicet
3029 831 3181 926 ducis
3242 881 3661 947 consanguineo,

424 930 612 977 tatem.
1031 1017 1166 1034 mm
1203 1019 1245 1034 ν
1356 1021 1418 1034 m
2091 945 2181 1013 qui
2211 955 2398 1015 postea
2427 953 2728 1009 monachus
2753 955 2929 1013 factus
2955 960 3006 1012 in
3032 972 3217 1016 sancta
3241 981 3407 1034 usque
3433 930 3496 1021 ad
3521 985 3663 1023 mor-

2092 1044 2201 1090 tem
2234 1043 2645 1096 converSatione
2691 1049 3006 1114 permansit,
3056 1052 3282 1121 aliisque
3326 1057 3658 1124 Teutonicis,

2088 1125 2154 1177 ad
2183 1129 2568 1183 monasterium
2601 1135 2743 1200 quod
2773 1136 2823 1189 in
2854 1135 3016 1193 Urbis
3037 1143 3236 1198 veteris
3282 1147 3497 1216 regione
3530 1165 3656 1205 con-

2085 1223 2360 1271 struxerat
2386 1222 2543 1275 redit.
2575 1221 2877 1281 Notandum
2916 1229 3099 1300 itaque
3156 1241 3238 1288 est
3284 1236 3409 1304 quia
3435 1247 3656 1294 sanctus

2087 1304 2168 1359 vir
2219 1323 2578 1379 nequaquam,
2611 1315 2753 1370 velut
2796 1317 3013 1375 levitate
3058 1338 3218 1390 usus,
3261 1325 3370 1381 falli
3418 1329 3654 1383 inaniter

2084 1397 2294 1464 potuit;
2345 1402 2435 1468 qui
2478 1405 2768 1459 secundum
2818 1408 3164 1466 intentionem
3212 1416 3424 1482 quidem
3489 1434 3639 1472 suam

2084 1489 2403 1556 martyrium
2431 1493 2616 1557 subiit,
2640 1493 2794 1561 juxta
2819 1497 3056 1553 divinum
3089 1517 3215 1557 vero
3238 1507 3518 1561 consilium
3547 1525 3646 1578 pro

2080 1576 2252 1630 salute
2277 1593 2464 1634 eorum
2490 1583 2686 1638 missus
2707 1595 2790 1638 est
2838 1603 2972 1654 quos
3002 1594 3286 1647 convertit.
3317 1596 3369 1648 In
3395 1576 3648 1664 pmtlicto

938 1016 1166 1074 CAPUT
1203 1019 1444 1076 XXXIX.

418 1122 497 1177 De
529 1125 693 1180 tribus
726 1132 1058 1206 monasteriis
1081 1150 1199 1206 quae
1239 1133 1566 1206 Romualdus
1597 1140 1908 1206 construxit,
1939 1149 1988 1196 et

717 1197 781 1251 de
809 1197 1130 1267 profectione
1150 1203 1262 1272 ejus
1294 1206 1346 1256 in
1375 1205 1686 1276 Ungariam.

485 1307 692 1363 Interea
733 1309 1084 1379 Romualdus,
1114 1315 1341 1378 audiens
1371 1317 1494 1384 quia
1532 1318 1877 1375 beatissimus
1904 1322 1988 1375 vir

342 1440 348 1446 .
412 1398 719 1456 Bonifacius
747 1393 893 1473 (291)
943 1407 1262 1476 martyrium
1294 1409 1639 1477 suscepisset,
1676 1411 1844 1466 nimio
1893 1414 1986 1467 de—

411 1491 593 1545 siderii
645 1493 766 1562 igne
803 1509 1100 1550 succensus
1157 1507 1215 1550 ut
1267 1514 1366 1567 pro
1406 1499 1621 1554 Christo
1666 1503 1980 1572 sanguinem

409 1581 676 1646 funderet,
711 1583 1002 1652 Ungariam
1040 1602 1162 1641 mox
1205 1588 1285 1642 ire
1325 1589 1604 1659 disposuit.
1642 1591 1857 1646 Interim
1897 1603 1978 1648 ta-

411 1685 556 1734 men,
591 1672 716 1725 dum
752 1673 803 1725 in
831 1674 941 1742 ipsa
974 1675 1271 1730 intentione
1300 1679 1633 1746 persisteret,
1669 1680 1816 1735 brevi
1843 1691 1937 1736 tem

2079 1662 2242 1734 igitur
2271 1671 2596 1725 monasterio
2623 1673 2788 1726 multa
2812 1679 3202 1743 persecutionis
3230 1662 3479 1738 scandala
3517 1697 3646 1754 pas-

405 1774 536 1827 pore
579 1761 679 1815 tria
711 1763 990 1818 constituit
1037 1767 1362 1820 monasteria
1397 1784 1604 1823 :unum
1644 1769 1892 1826 videlicet
1925 1773 1975 1826 in
2080 1769 2172 1808 sus
2212 1764 2314 1809 θεί-
2368 1758 2590 1814 νο¹θδ³ι
2629 1763 2772 1816 enim
2813 1764 3083 1832 abbatem.
3121 1777 3182 1822 υι
3225 1786 3408 1826 revera
3457 1790 3645 1829 mona-

403 1848 544 1902 vaue
571 1849 638 1903 de
664 1849 880 1913 casm),
910 1852 997 1906 ubi
1048 1862 1173 1908 tunc
1212 1855 1609 1910 sanctissimum
1637 1872 1833 1926 corpus
1861 1859 1975 1927 eius
2011 1835 2048 1891 Β
2073 1844 2260 1920 chum,
2288 1850 2686 1904 extremitatem
2717 1853 2956 1923 diligere,
2985 1857 3262 1914 saecularia
3290 1876 3356 1914 ex
3380 1863 3646 1919 desiderio

399 1945 482 1989 est
503 1939 798 2003 conditum,
824 1939 966 1992 aliud
1008 1955 1170 2010 prope
1198 1941 1400 1996 Isinum
1431 1945 1574 2014 (292)
1601 1943 1842 2009 fluvium,
1873 1957 1976 2000 ter-
2073 1950 2179 1989 ηοη
2228 1945 2480 2002 lfactare»
2513 1957 2600 1995 1‘05
2653 1947 2962 1999 monasterii
3009 1962 3106 2015 Dm
3153 1965 3288 2003 νθηίι
3339 1953 3504 2020 gloria
3537 1971 3641 2008 ιιοη

401 2027 534 2078 tium
579 2028 751 2096 ,Ῑιιχιθ
804 2029 1055 2097 oppidum
1133 2031 1372 2084 condidi;
1423 2032 1568 2102 (295)
1625 2033 1970 2088 Esculanunh
2072 2026 2412 2091 expendere,
2460 2027 2686 2082 fratrum
2720 2033 2906 2088 usibus
2959 2039 3266 2092 necessaria
3308 2042 3639 2098 ministrare.

401 2115 602 2168 Deinde
634 2116 850 2172 licentia
875 2120 943 2171 ab
979 2121 1275 2188 apostolica
1303 2121 1430 2198 sede
1457 2135 1726 2193 suscepta,
1754 2134 1807 2177 et
1837 2126 1937 2179 duo

2071 2113 2206 2198 Quae
2245 2119 2426 2174 munia
2477 2119 2604 2172 dum
2658 2121 2745 2176 ille
2785 2125 2946 2178 surda
2997 2142 3130 2181 aure
3185 2131 3502 2196 contemnit,
3533 2131 3640 2187 Ro-

394 2207 496 2261 bus
525 2208 676 2277 (294)
705 2224 735 2262 e
776 2211 887 2264 suis
919 2211 1196 2280 discipulis
1228 2212 1278 2266 in
1311 2195 1745 2284 archiepismpos
1781 2231 1968 2270 cause-
2069 2204 2336 2266 mualdus,
2389 2207 2562 2261 locum
2590 2224 2710 2264 cum
2741 2213 2853 2266 suis
2882 2213 3156 2284 discipulis
3201 2217 3477 2284 deserens,
3533 2236 3636 2276 non

393 2298 578 2361 cratis,
628 2314 750 2354 cum
793 2301 980 2368 viginti
1014 2312 1248 2370 quatuor
1290 2303 1550 2360 fratribus
1587 2307 1687 2360 iter
1717 2308 1937 2376 arripuit

2066 2291 2222 2362 longe
2269 2310 2300 2348 a
2354 2295 2547 2351 Castro
2599 2301 2782 2367 praedii
2839 2302 2891 2356 in
2938 2304 3137 2360 virtute
3185 2305 3329 2376 (295)
3374 2307 3634 2373 Rainerii,

393 2388 598 2443 Tantus
621 2391 764 2444 enim
790 2392 950 2446 ardor
982 2393 1240 2446 moriendi
1270 2409 1367 2462 pro
1390 2393 1608 2450 Christo
1639 2397 1690 2449 in
1717 2397 1934 2451 omnihu

2065 2381 2152 2450 qui
2185 2385 2525 2471 postmodum
2577 2387 2822 2444 'I’husciae
2853 2394 3092 2449 marchio
3138 2394 3311 2450 factus
3336 2406 3438 2463 est,
3479 2399 3634 2454 habi-

391 2480 683 2544 aastuabat,
715 2482 856 2548 quod
895 2482 978 2535 vir
1014 2492 1234 2538 sanctus
1276 2484 1341 2537 ad
1374 2484 1478 2538 tale
1522 2488 1794 2556 negotium
1843 2504 1964 2542 cum
2066 2472 2212 2525 ίδνίί·

389 2569 573 2636 paucis
599 2571 678 2624 ire
699 2570 912 2626 difficile
933 2582 1164 2640 poterat.
1190 2574 1391 2629 Euntes
1410 2590 1540 2644 ergo
1560 2592 1680 2629 cum
1699 2575 1809 2643 jam
1836 2577 1965 2644 ipsis

389 2660 786 2715 Pannoniarum
839 2663 1034 2718 finibus
1083 2665 1428 2732 interessent,
1461 2676 1680 2735 repente
1709 2667 1964 2721 Romual-

389 2748 489 2802 dus
547 2750 807 2820 languore
846 2761 1158 2822 correptus,
1209 2754 1431 2809 ulterius
1479 2755 1557 2810 ire
1611 2771 1714 2809 non
1765 2757 1957 2824 potuit.

385 2836 628 2906 Cumque
677 2839 882 2894 diutius
929 2849 1222 2909 pateretur,
1257 2843 1299 2895 si
1329 2843 1543 2911 quando
1579 2845 1754 2897 redire
1783 2844 1959 2910 dispo-

383 2935 563 2990 neret,
613 2928 856 2995 protinus
903 2946 965 2983 ex
1021 2930 1336 3000 aegritudine
1379 2932 1808 2987 convalescebat.
1863 2935 1956 2986 Sin
2057 2956 2309 3006 uxorem,
2355 2960 2514 3013 quem
2571 2947 2686 3015 ipse
2720 2962 2776 3000 se
2812 2947 3179 3017 insequentem
3233 2928 3629 3020 quodammodo

381 3024 560 3070 autem
602 3019 680 3071 ire
725 3019 864 3072 ultra
897 3027 1149 3083 tentaret,
1199 3028 1309 3074 tota
1358 3021 1474 3087 ejus
1504 3019 1672 3076 facies
1710 3023 1937 3090 protiuu:

2057 3036 2255 3094 invitus
2279 3041 2572 3105 occiderat,
2624 3042 2676 3095 in
2729 3042 3036 3112 conjugium
3085 3019 3380 3113 cepularat.
3416 3045 3495 3101 0b
3526 3049 3628 3100 hoc

385 3106 796 3173 illll'mesceba‘s
829 3108 974 3163 Cibos
1016 3125 1226 3179 (ιυοαιιο
1249 3110 1360 3179 iam
1390 3112 1628 3167 ι’θῑίηθνθ
1675 3113 1954 3166 Stomacho
1980 3161 2024 3221 Ο
2057 3126 2236 3196 itaque
2264 3127 2616 3194 Romualdus,
2644 3147 2710 3183 ne
2737 3131 2980 3184 criminis
3007 3130 3124 3199 ejus
3147 3134 3417 3203 particeps
3447 3134 3623 3200 fieret,

385 3196 759 3221 ΙΑ-ιηηληι-Α-ιιλ
792 3213 893 3221 ..ηιμ
922 3207 1123 3221 -ΑιΑ-Αι
1191 3201 1211 3221 Δ
1235 3200 1462 3221 .Ι---Αζι3-
1489 3201 1665 3221 ε.-----
1696 3200 1949 3221 ι..-...ει----
2621 3220 2626 3221 ,

382 3196 760 3264 languescente
792 3213 895 3251 non
922 3207 1146 3267 poterat.
1180 3200 1466 3255 Advocatis
1489 3201 1669 3268 itaque
1695 3200 1952 3255 fratribus
1980 3196 2024 3221 υ
2055 3221 2228 3288 graus
2255 3235 2473 3276 manere
2507 3222 2558 3275 in
2583 3220 2698 3289 ejus
2721 3222 3061 3290 possessione
3099 3222 3296 3288 ηοιηίι,
3327 3225 3419 3277 sed
3458 3241 3622 3278 unum

333 3327 345 3356 ,
389 3284 502 3337 ait:
536 3284 833 3354 Perpendo,
863 3287 1055 3356 inquit,
1087 3304 1424 3358 nequaquam
1450 3290 1644 3344 divinas
1667 3290 1937 3345 voluntati:

2053 3307 2156 3362 sibi
2187 3325 2409 3364 aureum
2441 3326 2539 3379 pro
2578 3327 2737 3381 aqua,
2771 3313 2998 3366 alterum
3045 3328 3174 3367 vero
3200 3329 3297 3382 pro
3338 3314 3494 3385 lignis
3522 3332 3619 3386 ap-

2655 2567 2881 2622 CAPUT
2922 2567 3031 2625 XL.

2499 2655 2573 2710 De
2604 2655 2849 2712 Rainerio
2879 2661 3196 2715 mare/tione.

2129 2763 2229 2819 llic
2261 2774 2439 2818 autem
2473 2766 2762 2823 Rainerius
2789 2769 2936 2842 (296)
2967 2773 3247 2842 conjugem
3287 2789 3436 2829 suam
3475 2791 3630 2832 occa-

2058 2852 2210 2908 sione
2246 2855 2662 2924 propinquitatis
2699 2858 3001 2928 abjccerat,
3041 2871 3096 2916 et
3134 2867 3515 2934 consanguinei
3545 2868 3627 2921 sui

379 3389 496 3430 esse
541 3375 799 3441 judicium
844 3388 903 3432 ut
956 3379 1093 3432 ultra
1155 3381 1486 3449 progrediar.
1540 3381 1948 3448 Verumtamen,

373 3468 500 3539 quia
532 3469 847 3528 intentionis
875 3480 1069 3530 vestra:
1103 3471 1426 3531 desiderium
1463 3488 1568 3526 non
1599 3472 1790 3543 ignoro
1811 3513 1825 3536 ,
1862 3489 1953 3528 ne-

376 3563 572 3615 minem
607 3574 841 3618 vestrum
872 3566 1047 3619 redire
1075 3566 1351 3634 compello.
1389 3561 1537 3620 Multi
1567 3577 1760 3636 nempe
1785 3564 1946 3616 etiam

372 3667 438 3704 an
450 3661 499 3705 te
521 3668 615 3707 nos
630 3655 766 3710 votis
781 3663 833 3708 et
847 3655 1053 3711 nisibus
1063 3658 1382 3711 studuerunt
1396 3662 1460 3712 ad
1476 3661 1719 3731 martyrii
1735 3655 1944 3716 CtIIIliGIi

369 3743 698 3813 pertingere,
731 3744 820 3798 sed
845 3745 967 3813 quia
999 3746 1174 3798 divina
1210 3748 1544 3815 providentia
1572 3751 1728 3805 aliter
1752 3754 1936 3812 sensit,

371 3828 423 3880 iu
453 3846 550 3882 suo
579 3830 742 3898 gradu
769 3835 938 3886 coacti
968 3842 1091 3886 sunt
1121 3850 1421 3890 remanere.
1449 3836 1600 3893 Licet
1631 3855 1760 3908 ergo
1788 3841 1940 3896 vobis

367 3919 617 3974 omnibus
664 3922 976 3990 martyrium
1032 3923 1336 3996 defuturum
1385 3940 1504 3980 esse
1545 3942 1650 3981 non
1701 3931 1936 3999 ambigo,

365 4008 456 4076 qui
483 4016 661 4062 tamen
693 4009 790 4074 ire,
823 4011 911 4077 qui
937 4025 1146 4064 mecum
1179 4013 1357 4067 redire
1377 4013 1662 4081 voluerint,
1686 4019 1939 4073 uniuscu-

357 4097 554 4166 jusque
585 4099 920 4167 relinquatur
940 4103 1183 4157 arbitrio.
1214 4103 1532 4170 Quindecim
1560 4107 1723 4178 igitur
1755 4109 1935 4180 Unga-

299 4225 302 4230 -
361 4187 496 4241 riam
519 4188 682 4261 464
709 4192 1112 4259 prodeuntibus,
1143 4193 1350 4249 duobus
1389 4195 1513 4251 alibi
1532 4198 1644 4267 jam
1676 4199 1928 4267 dimissis,

361 4277 452 4331 vix
498 4288 702 4348 septem
759 4296 881 4336 cum
932 4284 1191 4353 magistro
1234 4285 1478 4356 discipuli
1528 4300 1926 4345 remanserunt.

430 4455 577 4530 (2971)
618 4457 976 4530 Hieronymus
1033 4459 1320 4530 Pragensis
1370 4462 1423 4516 in
1475 4462 1536 4518 S.
1601 4463 1749 4519 Rom.
1805 4466 1924 4522 Vita

355 4529 564 4604 cap-‘8,
593 4543 739 4581 num.
786 4527 863 4604 49_
888 4529 1035 4604 addit
1055 4547 1080 4604 _:
1112 4527 1328 4604 audiens
1365 4532 1502 4601 quod
1533 4533 1785 4601 discipuli
1813 4538 1927 4604 ejus

355 4543 416 4580 ca
462 4565 475 4578 .
510 4543 564 4591 δ,
593 4543 739 4581 num.
786 4543 855 4582 49
888 4543 1035 4582 amnt
1067 4547 1080 4581 :
1112 4543 1328 4584 audiens
1365 4543 1502 4601 quoa
1533 4543 1785 4601 discipuli
1813 4543 1927 4604 ejus

353 4543 669 4669 Adalhertus
721 4607 770 4650 et
825 4597 1128 4669 Boni/nicius
1183 4598 1409 4667 glorioso
1475 4604 1728 4669 martyrio
1779 4622 1927 4659 coro-

356 4665 468 4716 nati
495 4665 734 4733 fuissent,
759 4675 806 4719 et
836 4669 943 4737 ipse
961 4665 1129 4720 nimio
1156 4665 1412 4723 desiderio
1440 4665 1681 4738 martyrii
1706 4688 1924 4726 succen-

352 4750 464 4791 sus.
494 4743 600 4786 (τις.

425 4801 573 4877 (292)
619 4804 674 4857 S.
709 4803 923 4877 Helenae
951 4820 1142 4877 nempe
1170 4809 1555 4863 monasterium
1580 4806 1737 4877 juxta
1783 4809 1927 4865 .Esi-

349 4885 479 4943 r_mm
529 4873 776 4943 fliimen,
809 4874 960 4942 cujus
988 4873 1470 4943 imprresentiarum
1507 4873 1686 4932 exstat
1718 4889 1923 4934 tantum

352 4938 592 5011 Ecclesia
626 4945 726 4996 sub
761 4938 886 5011 jure
914 4938 1124 4997 abbatis
1147 4943 1622 5001 Commendatarii.
1659 4947 1814 5003 Aesis
1842 4961 1925 5004 est

349 5006 545 5082 fluvius
586 5006 988 5082 Capteiinensis
1033 5014 1168 5082 agri,
1219 5015 1344 5067 olim
1405 5015 1559 5070 limes
1606 5016 1747 5070 inter
1794 5017 1922 5072 Um-

349 5076 623 5152 briam'eI_
649 5080 924 5152 Picenum,
953 5076 1163 5152 vnlgvari
1193 5083 1432 5152 vocabuli
1485 5084 1802 5141 confusione
1851 5088 1920 5141 ab

349 5147 550 5224 accolis
575 5150 748 5224 dictus
775 5151 812 5202 il
843 5147 1189 5224 It‘iunies'ino._
1211 5151 1633 5224 Celeberrimum
1680 5157 1918 5224 antiqui-

349 5225 436 5269 tus
464 5217 628 5292 fuisse
673 5220 774 5292 hoc
803 5220 1105 5292 coenobium
1145 5221 1440 5292 clarissime
1467 5230 1611 5292 pat_e_t
1643 5239 1708 5292 ex
1740 5217 1909 5292 Diplo-

346 5294 490 5362 mata
536 5287 657 5339 dato
701 5287 1139 5362 Late_ra_ni_anno_
1175 5289 1338 5362 1199,
1390 5287 1506 5362 sui,
1550 5289 1676 5362 Kal.
1721 5287 1916 5362 Aprilis

345 5352 415 5405 ab
437 5353 750 5426 Innocentio
780 5356 842 5409 Ill
876 5357 936 5410 P.
970 5357 1039 5410 Μ.
1075 5359 1140 5410 ad
1174 5359 1444 5414 Nicolaum
1476 5359 1697 5426 hujusce
1725 5352 1915 5416 mona-

345 5424 496 5475 sterii
523 5425 772 5496 abbatem
797 5426 1278 5496 Camaldulensem,
1303 5427 1524 5496 ejusque
1547 5424 1912 5494 successores,

343 5502 677 5567 qtto‘prwler
706 5494 934 5567 plurima
966 5495 1104 5567 bona
1139 5497 1300 5550 etiam
1327 5498 1415 5566 jus
1438 5494 1545 5567 ipsi
1577 5498 1911 5553 confirmavit

342 5560 397 5635 in
521 5571 575 5615 et
593 5560 824 5635 amplius
857 5564 1124 5635 Ecclesias
1151 5577 1206 5620 et
1241 5560 1481 5635 quinque
1505 5575 1702 5621 castra.
1723 5567 1912 5633 Porro,

343 5630 386 5680 si
432 5631 562 5684 fides
584 5631 845 5686 Jacobillo
872 5635 943 5687 sit
971 5630 1292 5698 adhibenda,
1321 5630 1743 5691 SfRomualdus
1772 5637 1824 5690 in
1850 5630 1916 5691 eo

345 5699 582 5768 primum
650 5704 1087 5758 sanetimouiales
1140 5705 1390 5760 instituit.
1454 5704 1588 5760 Vide
1654 5715 1784 5761 tom.
1849 5707 1910 5774 ll,

2053 3400 2259 3468 pendit.
2311 3399 2457 3466 Quos
2505 3417 2626 3455 cum
2676 3402 2764 3456 ille
2805 3396 3023 3458 omnino
3064 3415 3366 3476 respueret,
3419 3409 3622 3464 malens

2049 3489 2296 3544 videlicet
2338 3505 2434 3544 sua
2478 3491 2627 3557 dare,
2676 3506 2838 3560 quam
2885 3508 2913 3546 a
2955 3503 3142 3549 saneto
3187 3496 3302 3549 viro
3329 3497 3617 3566 quidquam

2049 3579 2320 3648 recipere,
2363 3591 2637 3651 postremo
2685 3592 2863 3638 tamen
2911 3584 3086 3640 victus
3129 3588 3392 3652 asseusit,
3441 3589 3618 3657 potius

2044 3685 2202 3737 quam
2231 3671 2558 3726 Romualdus
2579 3673 2769 3727 abiret.
2803 3674 3023 3728 Dicebat
3046 3687 3224 3729 autem
3252 3677 3392 3730 idem
3419 3677 3616 3733 Raine-

2042 3759 2154 3816 rius
2186 3774 2306 3811 cum
2330 3761 2440 3828 jam
2475 3763 2842 3816 monarchiam
2873 3764 3170 3829 obtineret;
3223 3767 3345 3834 quia
3378 3783 3482 3821 non
3511 3769 3612 3822 Im-

2043 3863 2281 3919 perator,
2310 3863 2413 3900 non
2443 3849 2638 3916 aliquis
2667 3851 2887 3905 omnino
2915 3853 3222 3906 mortalium
3251 3863 3453 3907 tantum
3483 3857 3610 3911 mihi

2037 3951 2242 3994 metum
2277 3938 2420 3996 valet
2452 3938 2693 3998 iureiure
2739 3951 2999 4014 quantum
3030 3957 3113 3996 me
3135 3942 3414 3998 ΒοττιαιίδΜί
3446 3953 3612 4000 ιρι-τρι

2035 4037 2304 4098 aspectus.
2339 4031 2479 4084 Ante.
2501 4031 2616 4099 ejus
2639 4036 2834 4104 quippe
2861 4036 3063 4090 vultum
3089 4051 3262 4106 neque
3284 4038 3410 4106 quid
3433 4039 3607 4093 dicam

2033 4120 2165 4182 scio,
2198 4134 2392 4188 neque,
2410 4122 2606 4188 quibus
2627 4138 2710 4176 me
2732 4124 3019 4179 defendere
3041 4125 3266 4189 valeam,
3297 4126 3433 4181 ullas
3450 4142 3607 4181 excu-

2031 4209 2270 4264 sationes
2297 4210 2458 4282 465
2496 4213 2728 4268 invenio.
2771 4213 3015 4270 Habebat
3046 4232 3231 4270 revera
3263 4218 3344 4271 vir
3389 4227 3608 4274 sanctus

2029 4299 2174 4355 hanc
2203 4315 2268 4356 ex
2295 4302 2478 4358 divino
2509 4318 2732 4360 munere
2755 4306 3014 4374 gratiam,
3042 4314 3100 4361 ut
3131 4307 3440 4378 quicunque
3474 4324 3602 4379 pec-

1957 4496 2007 4554 υ
2035 4467 2420 4554 maeres-
2453 4469 2701 4554 ςξηιδτίατ·

2105 4537 2258 4611 (295)
2281 4537 2418 4611 Olim
2452 4539 2722 4611 Esculum,
2753 4541 2843 4593 sed
2875 4542 3032 4596 modo
3061 4543 3304 4596 Asculum
3329 4559 3602 4611 nuncupa-

2034 4607 2330 4678 tur,_vulgo
2353 4607 2546 4671 Ascoli,
2571 4609 2700 4678 urbs
2721 4610 3041 4678 episcopalis
3061 4611 3272 4666 Picenae
3289 4607 3597 4678 provinciae.

2034 4623 2143 4669 llll‘,
2171 4623 2257 4659 VIII
2298 4623 2330 4661 ο
2353 4623 2546 4671 ascon,
2571 4623 2700 4662 urbs
2721 4623 3041 4678 episcOpans
3061 4623 3272 4666 Picenae
3289 4627 3597 4678 provinciae.

2032 4673 2199 4740 Quale
2245 4623 2296 4728 ἰῇ
2337 4677 2722 4730 monasterium
2776 4679 2956 4743 fuerit,
2989 4695 3094 4733 non
3123 4681 3254 4734 satis
3282 4681 3348 4733 ab
3376 4680 3480 4734 ullo
3511 4681 3598 4734 ha-

2032 4751 2220 4798 ctenus
2235 4753 2582 4813 compertum
2611 4754 2712 4800 est.

2101 4812 2251 4886 (294)
2279 4813 2458 4886 Eacile
2479 4812 2728 4886 Gregorio
2751 4823 2805 4870 et
2833 4815 3126 4886 lagelberto
3143 4855 3158 4880 ,
3186 4824 3245 4870 ut
3270 4831 3452 4886 supra.

2105 4881 2355 4954 (295)_Id
2400 4892 2482 4954 est
2525 4881 2950 4954 in'posscssion'e,
2987 4895 3043 4940 ut
3075 4885 3223 4938 Dant.
3263 4881 3484 4954 in-cap.
3526 4886 3596 4941 35

2033 4949 2192 5034 hujus
2227 4949 2361 5034 Vita:
2387 4953 2499 5032 ait:
2531 4949 2729 5034 Cuncta
2758 4955 3099 5034 suw_eirtutis
3121 4955 3345 5034 oﬁ'erunl
3373 4949 3592 5034 pra'dia.

2026 5020 2330 5092 Aliquando
2373 5022 2587 5092 virtutes
2638 5023 3009 5092 significabant
3040 5020 3177 5089 jura'
3202 5032 3256 5078 et
3286 5020 3592 5092 privilegia,

2026 5089 2316 5158 aliquando
2352 5090 2597 5158 reliquias
2626 5089 2949 5158 sanctorum,
2976 5103 3080 5148 etc.
3112 5093 3243 5148 Vide
3270 5089 3592 5146 Glossarium

2025 5157 2212 5226 Cangii
2249 5158 2488 5212 secunda:
2510 5159 2774 5214 editionis.

2095 5227 2244 5298 (296)
2296 5227 2376 5281 Ad
2428 5227 2742 5298 Bainerium
2787 5231 3154 5286 marchionem
3205 5230 3444 5295 Tusciae,
3499 5233 3591 5298 qui

2022 5295 2252 5368 Cuillam
2303 5295 2634 5368 comitissam
2687 5300 3031 5368 matrimonio
3068 5300 3170 5354 sibi
3222 5295 3586 5368 copulaverat,

2024 5364 2328 5437 Damianus
2360 5365 2451 5437 lib.
2493 5381 2569 5419 vn
2605 5367 2904 5437 ‘epistolam
2951 5370 3015 5422 l7
3045 5370 3220 5432 misit,
3260 5364 3315 5422 et
3362 5384 3588 5437 sequen-

2022 5435 2224 5507 _tem__I_8
2265 5435 2330 5507 ad
2380 5435 2560 5507 ipsam
2593 5433 2848 5507 Guilla_m.
2896 5437 3094 5492 Verum
3143 5440 3240 5491 hoc
3270 5439 3322 5492 in
3354 5433 3590 5507 capitulo

2023 5501 2424 5576 intelligendum
2454 5503 2728 5576 potius_de
2757 5505 3011 5561 Rainerio
3047 5508 3174 5561 dicti
3206 5501 3444 5561 Itaineri'i
3489 5524 3582 5576 pa-

2021 5579 2196 5634 rente,
2224 5571 2315 5640 qui
2365 5581 2419 5625 et
2465 5573 2576 5640 ipse
2622 5573 2851 5628 Etruriae
2881 5577 3120 5631 marchio
3150 5586 3204 5630 et
3249 5579 3352 5631 dux
3386 5571 3583 5636 fuerat.

2018 5653 2286 5716 quemque
2336 5640 2709 5716 Walderadarn
2740 5643 3022 5716 conjugem
3072 5647 3327 5701 habuisse
3359 5646 3587 5701 Cosmus

2019 5711 2084 5762 de
2109 5713 2280 5763 Arena
2309 5726 2427 5780 pag.
2463 5710 2564 5764 155
2594 5711 2776 5766 refert.
