4088 6210
427 246 527 305 99ι

893 246 954 302 S.
991 246 1194 303 PE'I‘RI
1232 245 1513 303 DAMIANI
1551 228 1700 304 OPP.
1740 243 1918 301 PARS
1952 244 2083 300 SEU
2122 215 2356 300 TORIUS
2396 242 2456 298 il.
2488 242 2978 302 —SANCTORUM
3025 243 3226 301 νιτΑ).

3568 250 3674 305 992

430 368 663 424 calores,
690 337 995 427 praesertim
1018 366 1264 428 potentes
1293 357 1494 424 saeculi,
1523 358 1576 411 in
1617 370 1739 426 ejus
1764 370 2005 426 praascn-
2030 367 2075 424 Α
2107 364 2313 408 Stremo
2368 354 2654 424 quemdam
2703 355 3022 411 monachum
3049 354 3203 423 juxta
3242 371 3460 424 parvam
3492 353 3675 410 basili-

433 449 559 504 tiam
605 450 978 512 devenissent,
1012 464 1134 503 mox
1164 447 1310 502 velut
1353 456 1480 503 ante
1527 446 1865 517 majestatem
1910 446 2003 502 Dei

430 537 771 603 tremefactis
786 538 1081 593 visceribus
1097 536 1471 593 formidarent.
1494 536 1727 592 Sanctus
1750 536 2004 590 nimirum

434 625 688 693 Spiritus,
741 629 833 697 qui
858 628 1094 696 pectoris
1138 627 1254 697 ejus
1301 628 1575 683 habitator
1625 628 1821 690 Inerat,
1862 625 2007 680 hunc

437 723 695 769 terrorem
730 714 945 784 injustis
973 716 1236 772 divinitus
1266 717 1580 772 intendebat
1612 716 1781 788 (297).

1022 826 1248 881 CAPUT
1287 827 1423 882 XLI.

536 898 852 970 Derabbate
901 915 1137 982 Classis,
1190 917 1280 986 qui
1339 915 1697 971 Romualdum
1740 914 1900 970 voluit

1054 986 1407 1054 strangulare.

504 1072 617 1127 Illis
664 1089 794 1129 vero
835 1076 1167 1145 temporibus
1206 1077 1289 1130 vir
1316 1074 1642 1131 venerabilis
1684 1092 1848 1131 unum
1895 1093 2009 1132 mo-

436 1164 729 1218 nasterium
774 1180 875 1220 non
906 1164 1059 1236 longe
1088 1182 1117 1220 a
1158 1163 1463 1222 Massiliano
1502 1166 1650 1237 (298)
1678 1179 1858 1223 castro
1880 1182 2010 1221 con-

439 1254 657 1307 struxit.
712 1253 954 1308 Audiens
1008 1264 1188 1309 autem
1250 1255 1537 1326 aliquando
1584 1256 1709 1325 quia
1771 1256 2011 1310 Venetus

441 1341 660 1409 quidam
713 1342 1051 1398 Classensem
1117 1345 1389 1400 abbatiam
1460 1362 1558 1416 per
1614 1347 2010 1415 coemptionem

440 1429 761 1485 Simoniacm
805 1433 1073 1488 intereseos
1111 1435 1403 1499 invaserat,
1457 1436 1678 1505 insuper
1722 1450 1934 1504 quoque
1958 1436 2009 1488 in

439 1535 635 1589 corpus
657 1537 811 1573 suum
832 1523 1012 1591 inique
1035 1524 1318 1593 peccabat,
1343 1525 1467 1580 illuc
1494 1526 1738 1596 protinus
1760 1526 1838 1580 ire
1862 1524 2013 1579 miles

439 1609 636 1663 Christi
695 1612 925 1683 impiger
989 1616 1216 1679 studuit,
1273 1617 1610 1687 diversisque
1649 1617 1823 1671 modis
1850 1632 1913 1669 ex
1947 1631 2012 1669 eo

2108 458 2228 501 cam
2260 445 2593 500 habitantem
2627 446 2859 515 reperit,
2889 462 2917 500 a
2945 460 3053 517 quo
3090 461 3214 501 mox
3246 456 3304 500 ut
3339 461 3521 501 secum
3554 461 3675 516 per-

2106 544 2274 607 geret,
2325 545 2381 591 et
2425 536 2598 591 locum
2628 536 2939 592 ostenderet
2986 536 3076 591 ubi
3124 547 3261 606 aqua
3312 536 3669 601 inveniretur,

2105 627 2304 696 exegit.
2348 627 2448 693 Qui
2476 626 2733 681 nimirum
2762 625 3045 697 denegavit
3088 641 3148 682 se
3186 627 3402 681 domum
3432 627 3548 681 sine
3578 642 3674 680 cu-

2104 714 2261 774 stode
2304 732 2461 789 posse
2489 718 2812 788 relinquere,
2850 718 2976 787 quia
3004 717 3274 772 latronum
3306 718 3673 772 insidiantium

2107 807 2365 875 impetum
2398 804 2729 861 formidaret.
2767 806 2846 860 Ad
2870 807 2984 860 haac
3012 802 3343 861 Romualdus
3378 822 3437 860 se
3472 821 3677 860 recom-

2107 904 2484 964 pensaturum,
2508 897 2552 951 si
2586 895 2692 951 tale
2731 896 2858 965 quid
2888 896 3194 959 accidisset,
3221 906 3413 950 cuncta
3444 908 3677 966 spopon-

2108 984 2208 1038 dit.
2241 983 2442 1052 Sicque
2462 983 2575 1053 jam
2625 980 2816 1039 aliena:
2856 981 3068 1053 injuriae
3099 983 3312 1038 debitor
3340 984 3534 1045 factus,
3568 999 3678 1036 mo-

2108 1072 2343 1128 narhnm
2393 1088 2575 1127 secum
2603 1072 2774 1129 duxit.
2820 1070 2929 1129 illis
2958 1073 3139 1143 itaque
3184 1073 3360 1128 locum
3388 1068 3678 1143 qum-renti-

2109 1164 2231 1225 bus.
2279 1177 2408 1219 ecce
2444 1161 2752 1232 presbyter,
2799 1170 2857 1217 ut
2894 1161 3102 1232 jussus
3143 1160 3339 1227 fuerat,
3391 1162 3676 1231 prandium

2110 1252 2381 1315 deferens,
2411 1251 2585 1307 furem
2608 1253 2720 1321 jam
2751 1252 2971 1306 domum
3019 1246 3407 1320 infringentem
3454 1250 3680 1319 reperit,

2112 1352 2388 1409 repertum
2418 1341 2580 1410 cepit,
2610 1348 2826 1410 captum
2855 1352 3027 1411 usque
3050 1341 3117 1394 ad
3138 1339 3422 1395 Romualdi
3452 1340 3680 1393 reditum

2112 1430 2424 1484 custodivit.
2452 1430 2621 1496 Quem
2651 1425 2983 1483 Romualdus
3012 1429 3314 1492 inveniens,
3355 1428 3507 1497 prius
3534 1427 3681 1480 illum

2114 1519 2198 1587 pia
2236 1518 2441 1572 studuit
2464 1519 2755 1572 verborum
2794 1518 3115 1572 austeritate
3141 1519 3438 1587 corripere,
3464 1517 3679 1582 deinde,

2116 1608 2347 1662 dulciter
2393 1607 2710 1671 admonens,
2740 1606 3063 1662 incolumem
3100 1608 3347 1676 permisit
3374 1608 3440 1660 ad
3470 1607 3682 1676 propria

442 1701 829 1755 monasterium
867 1718 1103 1771 purgare
1146 1706 1393 1760 tentavit.
1420 1707 1515 1760 Vir
1551 1716 1729 1761 autem
1754 1707 2014 1776 reprobus

2121 1712 2382 1751 remeare.
2430 1695 2524 1752 Sic
2552 1696 2832 1761 nimirum,
2870 1695 2952 1752 sic
2993 1697 3173 1751 divina
3205 1697 3543 1767 providentia
3572 1712 3687 1750 ser»

440 1788 565 1841 dum
594 1790 864 1845 abbatiam
922 1794 1110 1847 metuit
1142 1796 1386 1863 perdere,
1425 1813 1525 1850 nou
1580 1797 1731 1851 timet
1784 1796 2012 1849 homici-

439 1876 583 1928 dium
634 1888 968 1947 perpetrare.
1004 1881 1328 1950 Intempesta
1366 1884 1630 1952 siquidem
1662 1892 1840 1949 nocte,
1887 1884 2015 1938 dum

443 1964 774 2021 Romualdus
804 1968 856 2022 in
912 1969 1051 2025 lecto
1092 1986 1281 2027 secure
1329 1974 1651 2041 quiesceret,
1679 1973 1770 2028 ille
1794 1989 1917 2028 eum
1942 1974 2013 2028 la~

441 2061 619 2108 tenter
665 2070 970 2126 aggressus,
1024 2060 1205 2129 impiis
1250 2061 1415 2131 cwpit
1462 2061 1644 2131 digitis
1690 2070 1875 2132 guttur
1900 2060 2017 2128 ejus

438 2144 760 2212 astringere,
778 2147 957 2201 nitens
984 2163 1105 2201 eum
1132 2148 1423 2204 crudeliter
1448 2151 1733 2205 suffocare.
1763 2149 1869 2204 Sed
1891 2150 2016 2204 dum

438 2230 521 2283 vir
553 2240 796 2295 sanctus,
829 2236 1058 2290 necdum
1105 2253 1325 2306 prorsus
1368 2236 1670 2306 intercepto
1697 2238 2014 2308 Spiramine,

438 2321 679 2376 anhelitu
733 2312 822 2377 vix
869 2325 1141 2381 eluctante
1188 2329 1458 2393 rauciret,
1498 2320 1832 2399 lugelbertus
1870 2328 2018 2384 illico

439 2413 679 2479 magistri
727 2416 1050 2487 singultibus
1097 2421 1385 2485 excitatus,
1426 2431 1625 2476 torrem
1668 2437 1791 2475 mox
1820 2438 1888 2475 ex
1925 2436 2014 2477 so-

438 2502 552 2571 pito
596 2504 717 2574 igne
755 2507 980 2572 corruit,
1020 2516 1074 2561 et
1124 2510 1431 2563 ministrum
1461 2509 1663 2565 diaboli
1709 2513 1777 2565 ab
1801 2512 2019 2581 incepto

438 2591 812 2650 nefandissimi
844 2597 1089 2652 criminis
1117 2599 1451 2656 exturbavit.

1035 2707 1261 2763 CAPUT
1296 2709 1453 2765 XLII.

727 2794 805 2850 De
830 2797 906 2851 itu
935 2807 985 2852 et
1017 2800 1184 2853 reditu
1208 2818 1390 2857 rursus
1419 2822 1450 2857 a
1474 2804 1747 2860 Parentt'o.

512 2881 642 2938 Post
665 2884 778 2940 haec
805 2886 1138 2946 Romualdu‘s
1179 2891 1357 2949 denuo
1381 2891 1697 2951 Parentium
1725 2898 2021 2970 navigavit,

440 2972 535 3027 sed
570 2974 880 3043 apostolicae
931 2981 1075 3034 sedis
1113 2982 1363 3047 antistes,
1419 2994 1475 3039 et
1517 2986 1745 3043 Romani
1778 2992 1923 3045 cives
1953 2991 2021 3046 ad

2119 1788 2264 1841 vavit
2329 1788 2553 1843 illaesum
2605 1788 2750 1857 quod
2801 1788 2856 1842 in
2903 1788 3147 1843 absentis
3184 1787 3467 1843 Romuaidi
3511 1788 3686 1842 fuerat

2118 1877 2363 1933 custodia
2400 1876 2740 1933 derelictum.

2671 1986 2900 2043 CAPUT
2934 1985 3117 2041 XLIV.

2362 2083 2497 2138 Item
2527 2084 2840 2139 miraculum
2877 2085 2942 2138 de
2965 2084 3086 2138 aliis
3115 2084 3428 2138 latronibus.

2190 2178 2398 2234 Rursus
2429 2176 2555 2234 dum
2582 2178 2634 2232 iu
2662 2178 2863 2233 eisdem
2894 2178 3137 2247 partibus
3162 2177 3325 2232 ce‘llas
3347 2185 3689 2232 construeret

2119 2268 2259 2339 (erat
2299 2278 2477 2324 autem
2512 2267 2940 2338 sarcinaprocul
2967 2268 3148 2322 abacis
3178 2264 3278 2321 sub
3302 2264 3533 2334 quodam
3556 2278 3688 2322 saxc

2120 2358 2401 2428 reposita),
2457 2368 2583 2414 tunc
2617 2358 2700 2412 vir
2751 2357 3076 2413 venerabilis
3133 2360 3419 2427 quemdam
3467 2358 3688 2412 fratrem

2118 2447 2247 2502 illuc
2273 2449 2425 2517 quasi
2446 2464 2568 2503 cum
2595 2446 2825 2518 quodam
2845 2446 3042 2518 impetu
3092 2446 3349 2517 propulit,
3375 2448 3691 2518 przecipiens

2120 2538 2220 2591 sibi
2273 2546 2331 2591 ut
2360 2537 2519 2592 nimis
2545 2537 2705 2592 anxie
2729 2537 3032 2592 festinaret.
3060 2537 3160 2604 Qui
3188 2547 3309 2591 mox
3335 2537 3480 2592 fures
3500 2552 3689 2607 super-

2120 2629 2367 2694 veniens,
2398 2628 2515 2684 illos
2543 2629 2758 2699 quidem
2786 2627 2898 2698 jam
2945 2642 3137 2699 rapere
3165 2634 3439 2684 tentantes
3465 2629 3690 2697 reperit,

2121 2719 2215 2772 sed
2242 2718 2374 2773 nihil
2422 2719 2596 2775 adhuc
2623 2734 2686 2774 ex
2721 2720 2805 2775 his
2831 2735 2950 2788 qua:
2988 2718 3222 2788 reposita
3250 2714 3465 2773 fuerant
3505 2720 3694 2774 deesse

2120 2807 2389 2874 cognovit.
2434 2804 2549 2874 Qua
2574 2822 2641 2861 ex
2686 2822 2745 2862 re
2785 2816 2931 2863 recte
2968 2806 3240 2877 colligitur
3272 2805 3489 2861 beatum
3517 2807 3692 2861 virum

2121 2914 2227 2952 non
2267 2897 2385 2951 sine
2413 2898 2607 2952 divinae
2634 2897 2981 2955 revelationis
3024 2899 3284 2953 instinctu
3316 2897 3540 2952 fratrem
3570 2911 3695 2954 cum

2123 2996 2271 3042 tanta
2303 2987 2662 3044 sollicitudine
2710 2989 3029 3054 destinasse,
3067 2990 3183 3060 ipso
3212 2989 3461 3045 videlicet
3496 2998 3696 3059 puncto
3726 3022 3735 3025 Α

441 3078 564 3118 eum
596 3066 853 3123 redeundi
881 3069 1202 3141 legationem
1242 3076 1501 3147 dirigunt.
1534 3076 1686 3144 Quod
1716 3081 2016 3138 slreverte-

2124 3093 2232 3148 quo
2286 3076 2437 3135 fures
2476 3078 2543 3133 ad
2594 3093 2709 3134 rem
2741 3093 2848 3135 non
2887 3080 3211 3135 custoditam
3253 3078 3480 3148 contigit
3507 3093 3700 3149 perve-

442 3165 611 3220 rctur,
642 3157 884 3215 facturos
913 3177 972 3217 se
994 3166 1177 3219 omnia
1229 3166 1344 3238 ejus
1370 3178 1636 3241 praecepta
1652 3158 2014 3240 promittunt;

441 3243 523 3298 sin
555 3256 758 3314 autem,
808 3254 1389 3311 exeommunicationis
1444 3258 1770 3314 sententiam
1797 3261 2022 3317 commi-

444 3344 661 3391 nantur.
688 3337 802 3395 Hoc
829 3341 1013 3413 itaque
1038 3345 1198 3400 modo
1226 3362 1381 3401 suum
1406 3345 1770 3406 Romualdum
1800 3350 2022 3409 alumna

440 3424 592 3483 Italia
624 3442 947 3501 recuperare
988 3436 1310 3504 promeruit.

1015 3524 1242 3583 CAPUT
1279 3520 1458 3586 XLIII.

554 3608 630 3665 De
654 3613 911 3669 miraculo
958 3616 1181 3673 latronis
1207 3621 1263 3674 in
1293 3630 1464 3677 mante
1489 3620 1722 3678 Petrano
1745 3624 1910 3694 facta.

513 3700 590 3755 Eo
637 3701 820 3773 itaque
850 3714 1088 3778 tempore
1116 3709 1168 3763 in
1213 3708 1463 3768 faucibus
1493 3712 1643 3784 (299)
1678 3712 2019 3777 Callensium

447 3793 712 3849 montium
744 3794 1054 3864 aliquandiu
1103 3802 1321 3867 mansit,
1363 3802 1634 3859 deindein
1668 3804 2023 3877 (300)Petra-

448 3898 573 3938 num
623 3895 883 3954 montem,
927 3904 1034 3944 nou
1087 3889 1243 3962 longe
1294 3892 1545 3949 videlicet
1598 3910 1629 3949 a
1696 3897 2023 3954 monasterio

445 3974 621 4029 sancti
651 3974 931 4032 Vincentii.
972 3982 1114 4050 quod
1131 3980 1290 4051 juxta
1313 3983 1462 4054 ’50!)
1488 3983 1867 4042 Candilianum
1895 4003 2023 4043 con-

445 4065 696 4120 stitutum
732 4078 817 4122 est
844 4066 1084 4135 ﬂuvium,
1115 4074 1455 4146 demigravit.
1485 4074 1818 4149 Quocunq‘ue
1840 4089 2023 4135 autem

2122 3169 2289 3226 uisse.

2694 3257 2923 3316 CAPUT
2957 3256 3120 3316 XLV.

2124 3345 2303 3415 Quare
2326 3358 2375 3403 et
2400 3347 2659 3420 quomodo
2681 3347 3006 3475 Romgzlr‘ius
3026 3351 3218 3421 ejecta:
3251 3359 3326 3407 est
3357 3351 3423 3407 de
3455 3349 3604 3407 Valle
3631 3352 3701 3405 de

2890 3436 2914 3474 ι
2941 3437 3019 3474 ro.

2192 3532 2322 3589 Post
2371 3532 2484 3589 hrec
2510 3529 2847 3590 Romnaldus
2883 3533 2949 3589 ad
2998 3535 3387 3590 monasterium
3426 3536 3598 3592 Vallis
3630 3537 3699 3592 de

2121 3627 2315 3681 Castra
2347 3626 2666 3693 revertitur,
2690 3641 2925 3697 moxque
2956 3626 3204 3682 abbatem
3234 3626 3311 3680 sic
3338 3625 3473 3680 alios
3512 3642 3702 3697 regere

2122 3726 2184 3771 ut
2255 3724 2426 3771 semet
2504 3717 2676 3785 ipsum
2742 3714 2921 3770 tamen
2998 3731 3337 3786 nequaquam
3403 3716 3703 3787 negligeret

2121 3806 2461 3861 exhortatur.
2510 3805 2740 3861 Volebat
2786 3804 3005 3875 insuper
3064 3815 3123 3859 ut
3169 3802 3360 3861 cellam
3406 3822 3509 3875 qua
3565 3821 3701 3860 usus

2123 3894 2332 3959 fuerat,
2380 3894 2669 3950 occasione
2706 3893 2985 3965 regitninis
3018 3892 3179 3966 467
3209 3909 3318 3949 non
3356 3894 3577 3949 omnino
3605 3893 3705 3948 de-

2121 3994 2350 4050 sereret,
2399 3985 2493 4039 sed
2525 3984 2579 4039 in
2608 3998 2671 4039 ea
2700 3983 2918 4039 sibimet
2944 3983 3299 4054 spirituah'ter
3328 3984 3533 4047 vivens,
3564 4000 3704 4054 prte-

2128 4075 2300 4144 eipuis
2361 4081 2567 4128 tantum
2622 4071 3004 4128 festivitatibus
3068 4071 3267 4129 fratres
3316 4074 3704 4130 admonitionis

447 4157 532 4209 vir
557 4168 778 4213 sanctus
808 4160 940 4225 ibat,
974 4161 1151 4234 ἧσθε
1175 4180 1390 4235 semper
1426 4166 1784 4235 fructiﬁcans,
1810 4186 2026 4241 semper
2123 4164 2296 4233 gratia
2347 4162 2612 4217 visitaret.
2666 4165 2797 4217 brat
2846 4164 2988 4218 enim
3034 4164 3193 4219 beato
3217 4163 3334 4218 viro
3374 4173 3489 4218 tam
3510 4164 3701 4218 odiosa

449 4248 754 4303 animarum
808 4252 1018 4306 lucrum
1076 4257 1248 4324 magis
1279 4272 1343 4310 ac
1364 4258 1540 4327 magis
1566 4260 1936 4327 accumulnns,
1969 4270 2024 4319 et
2124 4254 2249 4318 ista,
2278 4268 2439 4331 quam
2472 4253 2775 4329 cernimus,
2802 4254 3057 4310 abbatum
3108 4255 3472 4321 conversatio,
3500 4265 3560 4310 ut
3590 4266 3700 4311 non

462 4335 708 4392 homines
731 4337 799 4394 de
829 4339 1028 4396 saeculo
1050 4340 1393 4409 abstrahens,
1415 4344 1565 4401 velut
1592 4354 1737 4402 totus
1759 4346 1817 4403 in
1844 4348 2022 4421 ignem
2050 4403 2098 4421 ﬁ
2126 4344 2305 4399 minus
2353 4342 2616 4414 gauderet
2666 4343 2712 4399 εί
2758 4343 2827 4398 de
2882 4359 3048 4399 manu
3106 4343 3371 4414 cuiusque
3419 4345 3697 4400 ablui-33'"

448 4442 763 4494 conversus,
784 4431 855 4485 ad
882 4430 1102 4489 cmleste
1143 4403 1472 4492 desiderium
1498 4439 1711 4496 animos
2050 4403 2104 4465 Β
2124 4403 2390 4507 potuisset
2440 4434 2694 4501 evellere,
2719 4449 2883 4507 quam
2922 4436 2970 4490 si
2999 4403 3223 4491 daretur
3255 4403 3361 4492 sibi
3386 4435 3708 4507 potentissio

448 4521 799 4576 accendebat.
830 4522 1031 4579 Veiens
1071 4534 1251 4581 autem
1302 4536 1434 4584 tunc
1476 4529 1652 4587 locum
1681 4533 1750 4586 ad
1776 4547 2021 4603 eremum
2126 4543 2273 4582 mum
2307 4526 2605 4597 quemlibet
2647 4525 2991 4581 saculariem
3032 4528 3105 4582 ad
3146 4534 3354 4583 saneta:
3408 4541 3707 4583 conversa-

448 4608 749 4666 faciendam
781 4613 1032 4669 idoneum
1063 4617 1324 4687 invenire,
1374 4622 1628 4691 prtecepit
1665 4622 1879 4679 cuidam
1904 4635 2016 4693 pm-

2125 4619 2290 4674 tionis
2303 4617 2885 4673 ordinemeonvocare.
2913 4615 3043 4681 Sed,
3067 4617 3209 4673 sicut
3229 4631 3329 4687 per
3353 4616 3700 4673 Salomonem

449 4701 674 4773 sbytero
724 4711 803 4768 ut,
854 4705 929 4760 ad.
973 4705 1191 4762 domum
1240 4710 1517 4779 propriam
1555 4711 1791 4776 rediens,
1823 4712 1927 4768 sibi
1969 4719 2027 4767 et
2127 4709 2327 4765 dicitur
2358 4725 2375 4761 :
2407 4704 2559 4762 Velut
2611 4716 2815 4761 acetum
2844 4706 2901 4762 in
2938 4708 3092 4770 nitro,
3139 4709 3213 4762 ita
3261 4708 3351 4779 qui
3380 4716 3561 4762 mutat
3577 4720 3707 4762 ear-

449 4791 534 4846 his
595 4791 689 4861 qui
753 4807 875 4849 eum
950 4796 1351 4852 comitabantur
1419 4798 1674 4856 alimenta
1758 4801 2018 4858 deferret.

450 4881 656 4940 Deinde
694 4894 934 4943 montem
979 4888 1235 4961 indagine
1278 4892 1519 4949 studiosa
1546 4893 1905 4966 perlustrans,
1928 4910 2025 4967 po.

523 5036 671 5105 (297)
700 5038 823 5095 Vat.
850 5043 971 5096 cod.
1004 5044 1316 5099 intentabat.
1582 5064 1585 5069 '

512 5107 671 5188 '(298)
705 5110 897 5188 Petrus
942 5113 1009 5167 de
1036 5113 1212 5168 Natal.
1250 5113 1455 5188 profert
1475 5113 1717 5188 Caster
1743 5115 2029 5188 Maximia-

450 5182 639 5299 rjtliurnl,
665 5188 723 5234 et
758 5182 1029 5239 editiones
1071 5182 1344 5239 nonnulla:
1397 5186 1611 5241 habent.
1644 5183 1945 5241 Mamiliam
1975 5196 2031 5241 et

518 5264 595 5299 ΗΠ
623 5266 765 5299 tam.

518 5268 544 5299 (ρ
553 5264 616 5299 ΠΙ
623 5266 765 5305 ωηο,

495 5317 671 5397 “(299)
705 5319 907 5397 Nempe
932 5321 1444 5397 Apenninimontes
1476 5322 1637 5397 jtugta
1670 5322 1921 5397 Calliam,
1947 5322 2027 5380 ci-

458 5386 860 5462 vitasymbrité
890 5386 998 5446 non
1030 5393 1303 5461 ignobilis,
1335 5386 1515 5450 italice
1552 5393 1718 5462 Cagli.

524 5454 688 5534 (E500);
700 5458 842 5534 Idem
886 5463 1037 5534 quod
1052 5454 1518 5534 "PetrahPertussa
1547 5454 1651 5534 seu
1684 5461 1947 5534 Pertusa,
1968 5471 2029 5534 ut

455 5520 728 5602 legitur'iu
754 5520 1177 5602 Petri-[iamiam
1205 5525 1351 5597 Vita,
1398 5548 1518 5602 cap.
1533 5532 1596 5602 _5.
1619 5533 1773 5602 Apud
1797 5520 2029 5587 nonnul-

456 5591 538 5653 los
584 5594 747 5649 etiam
786 5594 1082 5667 Petralata,
1131 5602 1293 5657 modo
1323 5591 1484 5673 vulgo
1521 5591 1813 5657 Petralata.
1846 5602 2024 5679 Aliqui

2127 4801 2277 4855 mina
2299 4798 2447 4853 cordi
2483 4814 2725 4868 peremo
2768 4796 2951 4869 (Prov.
2994 4797 3161 4868 xxv),
3196 4797 3287 4853 ille
3315 4797 3710 4870 pradicationc

2129 4886 2455 4945 venerabilis
2476 4887 2579 4942 viri
2599 4887 2669 4943 de
2706 4887 2849 4943 malo
2881 4888 3122 4945 deterior
3170 4888 3366 4955 flictus,
3396 4888 3712 4944 cemitissas

2130 5038 2351 5099 tradunt
2396 5040 2459 5097 ὓ.
2511 5038 2871 5099 Romualdum
2908 5043 3199 5099 incoluisse
3229 5052 3467 5098 montem
3512 5042 3712 5101 illum.

2129 5114 2259 5168 olim
2286 5113 2493 5183 dictum
2525 5112 2840 5183 Petranum,
2869 5116 2962 5169 sed
2982 5182 2990 5183 ί
3010 5114 3496 5183 impraesentiarum
3529 5114 3597 5167 ab
3618 5126 3715 5183 re-

2169 5182 2305 5237 ionis
2327 5181 2531 5238 accolis
2558 5182 2603 5235 il
2644 5192 2818 5237 monte
2847 5184 2927 5239 de‘
2953 5181 3177 5247 Cava'tlt',
3217 5183 3405 5237 iisdem
3439 5184 3625 5251 utique
3652 5182 3714 5236 in

2151 5252 2263 5308 ocis
2302 5252 2392 5307 ubi
2432 5252 2538 5307 sita
2578 5259 2663 5307 est
2695 5251 2925 5308 ecclesia
2977 5251 3041 5306 S.
3066 5251 3272 5306 Nieolai
3301 5262 3461 5320 supra
3487 5251 3712 5305 Boasirn

2132 5335 2371 5392 amnem,
2391 5336 2515 5392 quae
2541 5320 2689 5392 unita
2713 5330 2797 5375 est
2817 5323 3077 5392 prioratui
3109 5320 3415 5392 Secchiani,
3453 5330 3507 5375 et
3532 5322 3713 5392 altera

2134 5392 2189 5445 S.
2222 5388 2441 5461 Bartoli
2461 5406 2621 5459 supra
2644 5388 2917 5461 Buran’um
2948 5389 3145 5445 ﬂumen
3187 5390 3559 5461 praepositum
3586 5388 3717 5443 Cal-

2132 5460 2298 5516 lensis
2322 5459 2573 5514 Ecclesize
2600 5460 2828 5515 adnexa.

2204 5527 2351 5602 (30f)
2381 5528 2603 5602 ΔΝριυριρ
2631 5527 2984 5595 Candianum,
3008 5529 3153 5585 alias
3191 5526 3463 5593 Cantium,
3494 5526 3719 5582 Cantia—

2135 5596 2259 5653 uuiu
2287 5596 2341 5652 ct
2368 5596 2757 5653 Candilianum.
