4108 6206
412 341 518 398 995

871 336 925 389 S.
963 334 1162 389 PETRI
1201 334 1478 388 DAMIANI
1518 333 1666 384 UPI’.
1699 334 1870 386 I’Alib
1905 334 2032 385 bLU
2081 331 2312 381 'lUMbb
2352 321 2415 374 ΙΙ.
2441 319 2945 376 —-SANCTORUM
2987 318 3192 374 VlTrE.

3543 321 3646 374 996

411 469 533 510 cum
556 449 787 506 audierit
811 449 935 517 quia
965 447 1046 501 vir
1069 453 1290 499 sanctus
1316 452 1393 498 tot
1423 443 1538 498 loca
1566 441 1874 504 mutaverit,
1906 439 1976 509 pii
2009 445 2052 500 Α
2082 435 2331 504 sumpsit.
2368 432 2607 487 Tandem
2639 447 2794 493 vero,
2844 432 2986 486 sicut
3020 432 3131 500 ipse
3161 431 3498 500 postmodum
3536 435 3646 488 eis-

411 542 591 612 0peris
614 541 820 608 pondus
846 536 975 590 vitio
1021 535 1252 588 levitatis
1280 531 1534 587 ascribat.
1584 529 1706 584 Hice
1744 543 1975 598 namque

413 628 770 684 mutationum
800 623 914 692 ejus
943 636 1102 676 causa
1129 619 1315 689 procul
1356 619 1516 673 dubio
1545 617 1718 671 fuerat
1754 617 1876 685 quia
1907 615 1974 670 ad

412 714 771 771 venerabilem
800 712 973 764 virum
999 751 1014 774 ,
1060 710 1367 778 ubicunque
1395 706 1658 777 degeret,
1676 705 1832 759 turba
1873 705 1974 758 ho-

416 805 616 858 minum
645 816 778 872 pene
808 797 1215 853 innumerabilis
1239 796 1614 852 concurrebat.
1663 794 1822 849 Ratio
1847 807 1976 861 ergo

333 905 336 907 λ
414 891 668 962 poscebat
697 899 772 956 ut,
803 905 924 943 cum
951 889 1110 942 unius
1140 887 1241 942 loci
1269 887 1497 956 spatium
1529 885 1742 954 plenum
1770 884 1981 938 habita-

415 981 620 1036 toribus
649 988 916 1042 cerneret,
951 978 1058 1031 illic
1088 977 1267 1045 priore
1308 977 1629 1039 constituto,
1660 975 1728 1028 ad
1769 973 1978 1042 repleu-

415 1071 540 1124 dum
565 1083 686 1122 mox
719 1067 861 1120 aliud
901 1066 1198 1119 festinaret.
1228 1063 1284 1117 ln
1326 1063 1506 1133 Sytria
1534 1076 1661 1116 vero
1688 1070 1818 1129 quot
1847 1075 1979 1114 con-

417 1159 681 1222 tumelias,
712 1167 844 1228 quot
881 1155 1131 1211 scandala
1156 1171 1186 1209 a
1216 1155 1327 1209 suis
1370 1153 1642 1223 discipulis
1669 1167 1858 1222 passus
1887 1151 1977 1216 sit,

415 1267 520 1305 non
556 1259 639 1305 est
666 1259 863 1304 nostra;
894 1247 1164 1301 facultatis
1200 1245 1467 1302 evolvere.
1511 1245 1589 1298 Ex
1614 1245 1806 1312 quibus
1831 1243 1978 1295 vidc-

413 1340 542 1393 Iicet
581 1337 747 1391 un'uiu
791 1336 878 1390 hic
923 1335 1208 1403 ponimus,
1255 1344 1448 1389 caatera
1495 1333 1774 1387 brevitatis
1804 1331 1981 1386 studio

419 1427 771 1494 praeterimus.
805 1423 1044 1478 llabebat
1066 1439 1298 1492 namque
1325 1423 1608 1492 quemdam
1638 1421 1982 1494 discipulum,

420 1517 723 1572 Rmnanuut
742 1514 972 1577 nomine,
998 1513 1087 1584 qui
1110 1513 1306 1570 nobilis
1327 1514 1538 1584 quidem
1567 1514 1744 1570 fuerat
1767 1529 1982 1584 genere,

419 1610 511 1662 sed
546 1609 765 1662 omnino
793 1608 1024 1676 degener
1062 1607 1295 1660 actione.
1328 1604 1482 1660 Hunc
1510 1605 1692 1674 itaque
1733 1604 1817 1657 vir
1861 1618 1982 1658 san-

420 1708 538 1752 ctus
565 1712 686 1750 cum
714 1709 810 1764 pro
831 1709 940 1749 suae.
965 1693 1145 1748 carnis
1175 1693 1509 1747 immunditia
1536 1708 1643 1747 non
1677 1691 1835 1746 modo
1857 1705 1979 1746 ver-

2079 526 2200 578 dem
2230 525 2342 579 suis
2371 522 2647 591 discipulis
2677 521 2875 580 retulit.
2911 522 3164 576 divinitus
3191 521 3290 576 sibi
3327 521 3536 588 jussum
3563 534 3650 578 est

2080 624 2162 678 ut,
2206 613 2251 666 si
2279 613 2518 667 divinam
2550 611 2765 667 timeret
2795 611 3021 682 gratiam
3053 612 3308 681 perdere,
3334 611 3445 679 jam
3478 613 3648 668 indis-

2080 712 2284 756 cretam
2315 700 2954 770 simplicitatemtomnino
2993 707 3362 768 postponeret,
3411 710 3466 754 et
3493 717 3646 756 sacra

2080 791 2366 846 missarum
2398 790 2655 845 solemnia
2679 845 2681 847 ,
2705 788 3026 843 fiducialiter
3063 788 3381 844 celebraret.
3427 791 3647 846 Postera

2081 879 2244 948 igitur
2287 879 2372 933 die
2423 877 2730 933 sacriﬁcare
2775 877 3074 946 incipiens,
3125 893 3244 930 cum
3295 879 3360 932 ad
3417 882 3646 933 secunda

2083 967 2262 1022 missa:
2285 976 2494 1022 secreta
2526 976 2843 1035 perventum
2869 979 3031 1034 esset,
3063 967 3114 1019 in
3159 968 3412 1021 exslasim
3444 978 3647 1036 raptus,

2083 1066 2192 1110 tam
2217 1055 2376 1126 longo
2407 1057 2662 1125 temporis
2694 1059 2868 1125 spatio
2897 1057 3076 1122 siluit,
3125 1069 3184 1110 ut
3210 1073 3395 1114 oumes
3433 1059 3526 1127 qui
3559 1060 3654 1113 ad-

2083 1155 2244 1200 erant
2293 1146 2642 1199 mirarentur.
2687 1145 3052 1215 Interrogatus
3091 1157 3269 1200 autem
3311 1149 3649 1217 postmodum

2083 1247 2180 1286 cur
2204 1233 2256 1286 in
2281 1231 2554 1286 offerendo
2579 1232 2845 1288 sacrificio
2889 1243 3064 1287 tantas
3089 1248 3268 1288 moras
3312 1245 3507 1302 praeter
3531 1236 3648 1290 seli-

2085 1335 2198 1378 tum
2220 1326 2520 1393 habuisset,
2546 1327 2821 1397 respondit
2849 1341 2864 1381 :
2896 1326 3123 1396 Raptus,
3155 1327 3349 1396 inquit,
3377 1327 3430 1380 in
3460 1327 3651 1380 caelum

2085 1415 2298 1472 oblatus
2344 1432 2461 1471 sum
2499 1425 2621 1470 ante
2667 1417 2863 1480 Deum,
2906 1426 2960 1470 et
3001 1418 3258 1470 continuo
3303 1417 3432 1470 mihi
3477 1419 3650 1469 divina

2083 1521 2216 1561 voce
2243 1514 2568 1575 praeceptum
2595 1515 2677 1560 est
2703 1514 2792 1569 ut,
2825 1506 3118 1559 secundum
3154 1507 3294 1561 hunc
3324 1507 3651 1560 intellectum

2088 1610 2249 1665 quem
2273 1595 2402 1648 mihi
2435 1595 2573 1648 Deus
2594 1595 2833 1659 immisit,
2863 1595 3096 1664 psalmos
3124 1609 3447 1663 exponerem
3475 1605 3528 1650 et
3557 1612 3652 1664 pro

2088 1685 2303 1740 modulo
2331 1685 2432 1738 mei
2462 1699 2652 1738 sensus
2680 1684 2939 1739 chartulis
2966 1699 3062 1753 per
3099 1685 3340 1738 ordinem
3384 1700 3650 1738 commen.

422 1788 506 1842 bis
541 1793 809 1855 argueret,
837 1782 930 1838 sed
964 1797 1104 1851 saepe
1131 1783 1292 1837 etiam
1326 1782 1636 1836 verberibus
1657 1781 1987 1852 gravissimis
2015 1770 2060 1828 Β
2088 1775 2293 1830 darem.
2320 1774 2456 1844 Ego,
2483 1785 2659 1827 autem
2681 1775 2846 1828 nimio
2873 1774 3284 1829 etinenarrabili
3311 1787 3652 1830 terrorecon-

421 1884 714 1938 coerceret,
751 1887 912 1927 ausus
935 1879 1018 1926 est
1044 1871 1340 1926 diabolicus
1376 1871 1458 1924 vir
1487 1871 1696 1924 titulum
1729 1871 1803 1924 illi
1845 1871 1987 1940 ejus-

421 1965 542 2018 dem
577 1972 758 2016 reatus
783 1975 1073 2030 opponere,
1118 1968 1174 2014 et
1218 1960 1556 2036 impudenter
1588 1968 1779 2014 contra
1813 1959 1984 2013 sancti

422 2052 654 2121 Spiritus
680 2050 934 2120 templum
963 2047 1226 2117 sacrilego
1251 2063 1345 2104 ore
1375 2057 1601 2112 iatrare,
1631 2049 1816 2103 dicens
1840 2047 1988 2102 vide-

422 2141 547 2195 licet
569 2149 811 2195 sanctum
840 2139 1011 2192 virum
1035 2153 1138 2192 una
1161 2152 1343 2192 secum
1368 2152 1434 2192 ex
1462 2137 1648 2192 eadem
1674 2136 1988 2205 contagione

423 2246 690 2300 peccasse.
718 2229 839 2284 Mox
880 2229 1060 2300 itaque
1083 2227 1328 2298 discipuli
1355 2242 1544 2282 omnes
1572 2227 1829 2282 adversus
1861 2241 1985 2280 eum

422 2322 566 2383 irati,
599 2335 786 2374 omnes
817 2317 1019 2383 infesti,
1061 2317 1151 2372 alii
1177 2317 1413 2372 clamant
1440 2332 1624 2372 senem
1655 2317 1876 2386 impium
1907 2315 1988 2368 la-

425 2425 566 2480 queo
612 2409 810 2464 debere
851 2408 1134 2478 suspendi,
1179 2406 1270 2462 alii
1319 2407 1538 2476 dignum
1580 2406 1818 2476 judicant
1865 2420 1986 2460 cum

426 2502 540 2570 ipsa
578 2498 764 2554 cellula
795 2498 1004 2568 ignibus
1042 2497 1395 2552 concremari.
1428 2494 1578 2562 Quod
1608 2495 1794 2563 utique
1837 2493 1992 2548 valde

428 2591 672 2646 mirabile
704 2590 827 2654 fuit,
862 2589 1156 2658 prmsertim
1186 2587 1492 2658 spirituales
1525 2588 1670 2642 viros
1699 2601 1765 2641 ex
1807 2587 1992 2641 decre-

424 2680 538 2749 pito
565 2693 712 2742 sene,
742 2686 798 2732 et
827 2676 965 2730 ultra
990 2691 1151 2744 quam
1187 2676 1496 2730 centenario
1532 2674 1678 2744 (509)
1711 2683 1815 2728 tam
1841 2672 1994 2727 nefa-

429 2772 568 2824 rium
597 2768 773 2823 scelus
815 2766 1035 2821 credere
1073 2766 1338 2834 potuisse;
1373 2765 1460 2821 cui
1486 2766 1648 2819 etiam
1675 2765 1722 2818 si
1747 2763 1993 2818 voluntas

427 2858 658 2921 adesset,
689 2863 877 2908 natura
906 2861 1082 2908 tamen
1105 2861 1158 2908 et
1198 2851 1421 2922 frigidus
1445 2852 1664 2922 sanguis
1687 2861 1742 2907 et
1769 2852 1993 2906 ariditas

427 2944 684 2998 attenuati
733 2941 974 3010 corporis
1015 2943 1116 2996 hoc
1144 2942 1357 3010 penitus
1385 2941 1692 3012 denegaret.
1737 2940 1842 2996 Sed
1871 2954 1990 2995 cre-

430 3034 662 3088 dendum
711 3041 796 3087 est
822 3031 1009 3102 procul
1047 3031 1208 3087 dubio
1250 3032 1318 3085 ad
1347 3033 1647 3100 augendum
1688 3031 1859 3086 sancti
1888 3030 1990 3084 viri

2087 1865 2332 1929 strictus,
2363 1865 2687 1933 respondere
2715 1864 2848 1917 nihil
2890 1864 3034 1920 aliud
3069 1866 3238 1935 potui,
3273 1866 3374 1920 nisi
3419 1874 3653 1918 tantum-

2087 1953 2290 2009 modo:
2322 1954 2462 2018 Fiat,
2501 1954 2612 2007 fiat.
2665 1953 2817 2010 Unde
2865 1963 3047 2024 postea
3095 1955 3180 2007 vir
3221 1963 3438 2008 sanctus
3486 1963 3654 2007 totum

2086 2041 2408 2095 Psalterium
2433 2082 2446 2106 ,
2474 2051 2530 2096 et
2559 2042 2810 2096 nonnulla
2840 2043 3220 2111 praphetarum
3250 2041 3458 2095 cantica
3504 2041 3655 2094 lucu-

2088 2135 2262 2190 lenter
2279 2135 2547 2204 exposuit,
2569 2143 2642 2199 et,
2663 2135 2785 2189 licet
2801 2144 3052 2203 corrupta
3071 2135 3433 2203 grammatica:
3451 2131 3657 2203 regula,

2089 2238 2278 2278 sanum
2311 2232 2488 2278 tamen
2518 2238 2733 2278 sensum
2763 2224 2961 2290 uhique
2995 2224 3226 2277 servavit
3254 2222 3424 2292 (3l2).

2607 2331 2766 2403 471
2807 2330 3032 2386 CAPUT
3071 2331 3154 2385 ιι.

2127 2421 2205 2476 De
2250 2424 2426 2474 (mima
2467 2421 2782 2489 Roman/di,
2824 2440 2939 2492 quae
2977 2423 3151 2476 delata
3188 2432 3262 2477 est
3291 2433 3415 2478 ante
3456 2422 3620 2477 Deum

2611 2491 2843 2544 candida
2865 2491 2996 2545 νεῖαι
3025 2494 3137 2545 nix.

2158 2588 2631 2655 [interrogaverunt
2672 2598 2796 2636 eum
2839 2583 3128 2650 aliquando
3157 2583 3432 2651 discipuli,
3480 2583 3632 2636 dicen

2093 2689 2174 2734 tes
2204 2698 2217 2733 :
2252 2677 2530 2747 Magister,
2559 2671 2710 2740 cujus
2735 2688 2854 2728 esse
2877 2675 3049 2727 :etatis
3078 2674 3253 2726 anima
3283 2675 3544 2735 Cernitur,
3578 2674 3662 2725 vel

2092 2769 2146 2821 in
2168 2783 2273 2838 qua
2299 2767 2466 2837 tigura
2495 2765 2561 2817 ad
2586 2762 2845 2833 judicium
2899 2761 3297 2830 praesentatur?
3324 2761 3612 2829 Respondit
3642 2777 3657 2814 :

2094 2855 2218 2910 Scio
2261 2855 2530 2910 hominem
2579 2854 2632 2908 in
2675 2853 2919 2915 Christo,
2950 2850 3100 2919 cujus
3149 2851 3324 2904 anima
3367 2850 3538 2904 delata
3577 2858 3660 2902 est

2092 2953 2214 2998 ante
2242 2943 2411 2998 Deum
2434 2941 2709 3012 splendida
2737 2941 2880 2994 velut
2911 2940 3019 2998 uix.
3047 2939 3277 2992 humana
3305 2937 3517 3006 quidem
3547 2935 3660 2988 effi—

2093 3031 2198 3101 gie,
2228 3039 2433 3084 statura
2474 3043 2603 3083 vero
2647 3027 2895 3098 perfectae
2922 3027 3117 3080 aetatis.
3148 3025 3434 3093 lnquisitus
3467 3025 3656 3077 iterum

427 3124 678 3178 meritum
720 3101 833 3176 hoc,
864 3122 965 3177 sibi
1013 3131 1120 3176 tam
1167 3121 1348 3192 gravis
1394 3120 1737 3176 adversitatis
1780 3118 1994 3174 ccelitus
2020 3101 2066 3161 (ἶ
2095 3120 2219 3188 quis
2247 3117 2335 3172 ille
2377 3127 2553 3184 esset,
2604 3117 2884 3186 indignans
2911 3125 2965 3168 et
2991 3114 3324 3169 confundens
3363 3128 3455 3168 eos
3483 3114 3660 3168 dicere

429 3210 689 3265 accidisse
709 3209 998 3280 flagellum.
1021 3208 1185 3280 47o
1211 3207 1341 3262 Nam
1361 3210 1556 3277 etsipse
1575 3209 1867 3273 asserebat,
1894 3208 1997 3262 hoc

429 3299 486 3352 in
537 3311 722 3352 eremo
757 3297 896 3352 unde
937 3311 1106 3366 nuper
1135 3296 1490 3361 abscesserat,
1538 3297 1801 3350 veraciter
1836 3311 1998 3366 agno-

432 3387 595 3451 visse,
615 3395 669 3440 et
691 3387 870 3440 adhoc
889 3385 1642 3454 dehonestatisimproperium
1665 3387 1996 3440 subeundum

431 3477 682 3531 alacriter
723 3477 1025 3531 advenisse.
1064 3475 1156 3530 llle
1191 3484 1370 3530 autem
1402 3475 1683 3530 Sarabaita
1715 3475 1864 3546 (510)
1909 3491 1998 3531 re-

431 3567 650 3636 probus,
689 3565 781 3634 qui
810 3574 998 3620 saucto
1028 3565 1144 3618 viro
1173 3565 1376 3619 crimen
1425 3565 1762 3629 intenderat,
1791 3565 1999 3632 episco-

431 3667 612 3728 patum
639 3657 974 3728 postmodum
995 3655 1315 3710 Nucerinum
1341 3655 1486 3725 (511)
1512 3669 1607 3722 per
1637 3654 1996 3710 Simoniacam

434 3747 680 3802 haeresim
707 3745 1007 3814 acquisivit,
1039 3754 1095 3799 et
1115 3759 1209 3815 per
1235 3743 1508 3799 biennium
1533 3743 1680 3798 illum
1705 3759 1994 3813 occupans,

436 3837 489 3891 in
518 3836 688 3906 primo
719 3849 861 3890 anno
885 3835 1155 3889 incensam
1182 3835 1351 3888 aedem
1395 3849 1516 3888 cum
1545 3833 1697 3888 libris
1723 3843 1777 3888 et
1809 3835 1994 3887 tintin-

414 3927 648 3986 .nabulis
679 3942 744 3981 ac
784 3925 996 3981 caeteris
1042 3925 1215 3996 sacris
1258 3925 1615 3989 ornamentis,
1660 3924 1999 3993 exigentibus

436 4019 550 4076 suis
592 4017 831 4080 meritis,
863 4015 1024 4080 vidit;
1075 4015 1129 4069 in
1176 4013 1413 4069 secundo
1461 4022 1639 4068 autem
1686 4013 1998 4082 dignitatem

436 4121 559 4160 cum
587 4105 718 4171 vita,
779 4101 961 4158 divina
1016 4103 1163 4158 illum
1220 4101 1448 4158 feriente
1505 4100 1791 4165 sententia,
1836 4101 1999 4155 mise-

437 4196 678 4251 rabiliter
706 4194 957 4264 perdidit.

1051 4279 1278 4336 CAPUT
1315 4281 1378 4336 L.

443 4376 518 4430 De
547 4373 724 4428 divina
746 4371 982 4442 jussione
1027 4372 1094 4426 ad
1139 4369 1490 4424 Romualdum
1513 4379 1567 4423 ut
1619 4370 1832 4426 missam
1869 4370 2000 4426 cele-

809 4443 978 4494 braret
1005 4451 1052 4495 et
1085 4442 1308 4510 psalmos
1333 4449 1624 4511 exponeret.

511 4534 884 4602 lmposueruut
914 4532 1095 4600 itaque
1120 4529 1362 4600 discipuli
1388 4539 1576 4586 sancto
1599 4530 1717 4585 viro
1755 4530 1908 4600 quasi
1935 4531 2000 4585 de

441 4625 728 4680 commisso
757 4623 981 4678 crimine
1007 4623 1397 4692 penitentiam,
1431 4633 1486 4679 et
1509 4623 1814 4679 celebrandi
1846 4639 1998 4681 sacra

442 4715 698 4790 mysteria
727 4715 939 4784 p’cnitus
964 4715 1234 4788 abstulere
1261 4715 1550 4769 licentiam.
1575 4715 1724 4781 Quod
1757 4716 1841 4770 ille.
1872 4733 2006 4785 prte-

437 4812 700 4880 judicium
730 4809 955 4864 libenter
999 4808 1354 4878 amplectens,
1380 4817 1436 4862 et
1469 4809 1834 4877 penitentiam
1863 4811 2004 4866 velut

443 4915 633 4956 revera
659 4897 924 4954 obnoxius
953 4897 1194 4952 criminis
1207 4897 1529 4964 observavit,
1557 4905 1612 4950 et
1638 4897 1704 4950 ad
1731 4911 2012 4952 sacrosan-

445 5000 590 5047 ctum
620 4990 788 5045 altare
817 5003 913 5059 per
941 5003 1050 5054 sex
1076 4987 1188 5043 fere
1216 5003 1429 5044 menses
1457 4987 1716 5043 accedere
1741 5004 1846 5044 non
1868 5005 2008 5060 prae-

519 5147 666 5218 (509)
706 5145 782 5201 Ita
807 5159 903 5216 per
923 5153 1201 5218 extensum
1222 5144 1415 5214 legitur
1433 5144 1486 5218 in
1517 5145 1702 5200 codice
1727 5146 2005 5210 Vaticano,

451 5233 516 5271 ac
529 5214 758 5284 ubique.
804 5214 980 5278 Quare
1008 5216 1188 5284 nescio
1211 5229 1318 5283 quo
1345 5214 1679 5284 monimento
1699 5226 1808 5284 tam
1853 5231 2006 5284 apen-

449 5295 558 5339 tam
609 5282 851 5338 Damiani
901 5282 1342 5351 significationem
1392 5283 1537 5338 circa
1578 5282 1685 5337 divi
1722 5282 2002 5338 Romualdi

449 5362 656 5408 atatem
686 5353 927 5422 refellant
958 5353 991 5406 ii
1020 5353 1109 5420 qui
1140 5353 1208 5405 ad
1227 5360 1443 5422 tantum
1466 5352 1805 5422 septuaginta
1833 5367 2005 5408 annos

452 5421 928 5492 ipsiusRomualdi
961 5421 1492 5492 vitamreduxerunt.

521 5490 669 5556 (510)
721 5491 898 5544 Genus
937 5491 1355 5554 monachorum,
1390 5489 1506 5560 qui
1521 5490 1727 5560 mentiri
1753 5489 1876 5560 ‘Deo
1916 5507 2007 5560 per

452 5569 721 5611 tonsuram
767 5569 1080 5621 noscuntur,
1120 5568 1219 5610 etc.
1251 5567 1310 5611 ut
1351 5557 1435 5611 ait,
1475 5557 1533 5612 S.
1587 5557 1925 5614 Benedictus
1953 5561 2005 5612 in

451 5643 569 5696 cap.
601 5628 626 5680 1
653 5625 862 5695 regula.
896 5627 1026 5681 Vide
1046 5636 1103 5682 et
1134 5627 1448 5683 Damianum
1489 5636 1732 5683 nostrum
1763 5629 1818 5682 in
1844 5628 2003 5697 epist.

2098 3210 2286 3264 noluit.
2317 3207 2433 3261 Mox
2461 3205 2703 3275 discipuli
2743 3221 2854 3260 rem
2881 3205 2946 3258 ad
2978 3220 3122 3268 eum,
3151 3213 3208 3256 ut
3236 3203 3498 3257 veraciter
3518 3213 3656 3265 erat,

2099 3300 2243 3353 inter
2264 3313 2323 3352 se
2354 3299 2582 3351 invicem
2613 3297 2872 3359 referunt,
2907 3306 2960 3349 et
2987 3296 3156 3364 ipsum
3198 3293 3362 3349 fuisse
3389 3293 3658 3348 hominem

2097 3398 2243 3444 certa
2275 3387 2702 3449 manifestatione
2728 3399 2924 3454 cognos
2959 3394 3072 3438 unt.
3537 3368 3541 3374 ’

2695 3475 2922 3531 CAPUT
2957 3475 3062 3528 LII.

2157 3564 2235 3620 De
2265 3564 2426 3618 nimia
2455 3564 2778 3617 districtione
2803 3565 2917 3617 vita'
2940 3580 3096 3633 quam
3122 3565 3176 3618 in
3207 3564 3386 3635 Sytria
3415 3567 3598 3619 tenuit.

2168 3655 2225 3709 In
2263 3653 2442 3725 Sytria
2475 3653 2704 3723 denique
2729 3653 2813 3707 vir
2839 3654 3162 3709 venerabilis
3188 3670 3284 3724 per
3317 3664 3519 3724 septem
3551 3655 3666 3710 fere

2099 3759 2271 3800 annos
2297 3743 2532 3799 inclusus
2557 3743 2774 3809 mansit,
2795 3751 2851 3797 et
2877 3743 3143 3798 silentium
3169 3745 3477 3798 continuum
3497 3745 3665 3799 invio-

2099 3835 2332 3889 labiliter
2363 3835 2548 3888 tenuit.
2592 3834 2972 3888 Verumtamen
2998 3843 3208 3889 tacente
3237 3835 3414 3904 lingua
3444 3843 3498 3888 et
3524 3851 3662 3903 prac-

2097 3923 2312 3978 dicante
2342 3923 2470 3986 vita,
2500 3922 2585 3976 vix
2613 3937 2862 3992 usquam,
2892 3932 3095 3977 tantum
3117 3923 3359 3979 laborare
3382 3922 3666 3993 aliquando

2101 4013 2302 4082 potuit,
2326 4012 2410 4068 vel
2437 4013 2487 4066 in
2515 4012 2885 4066 convertendis
2910 4012 3233 4077 hominibus,
3265 4014 3375 4066 sive
3409 4013 3475 4066 ad
3499 4007 3667 4082 pumi-

2103 4103 2328 4156 tentiani
2376 4091 3108 4162 concurrentibus'Vivebat
3153 4111 3360 4166 autem,
3410 4114 3665 4172 vergente

2094 4189 2206 4258 jam
2234 4197 2534 4253 senectute,
2567 4189 2726 4243 nimis
2754 4189 3020 4253 districte,
3063 4189 3308 4243 videlicet
3330 4205 3450 4244 cum
3467 4191 3578 4258 jam
3610 4200 3667 4245 et

2100 4278 2202 4347 ipsi
2230 4277 2450 4346 perfecti
2477 4278 2579 4331 viri
2616 4277 2792 4332 solent
2835 4279 3111 4333 remissius
3139 4279 3425 4341 vivere,et
3467 4279 3667 4347 aliquid

2103 4366 2206 4420 sibi
2239 4368 2304 4421 de
2337 4367 2420 4420 sui
2466 4367 2727 4435 propositi
2772 4366 2948 4436 rigore
2977 4367 3180 4422 laxare.
3227 4366 3357 4421 Nam
3389 4383 3486 4438 per
3511 4369 3668 4422 unius

2032 4437 2536 4524 DQuadragesimai
2561 4455 2793 4522 spatium
2829 4454 2964 4506 nihil
3005 4455 3147 4508 aliud
3197 4437 3468 4524 nequeiin
3510 4457 3668 4518 cibo,

2104 4557 2276 4610 neque
2311 4544 2360 4594 in
2387 4551 2510 4610 potu
2541 4543 2751 4610 penitus
2776 4541 2978 4604 habuit,
3009 4543 3109 4595 nisi
3153 4543 3220 4597 de
3262 4545 3467 4598 modica
3497 4543 3668 4598 farina

2110 4640 2165 4685 et
2210 4631 2393 4700 paucis
2429 4630 2610 4685 herbis
2651 4631 3093 4684 sorbitiunculani
3138 4632 3451 4695 faciens,ex
3497 4649 3576 4688 ea-
3602 4635 3671 4688 ad

2112 4721 2464 4776 imitationem
2498 4718 2786 4774 Hilarionis
2831 4721 2986 4774 vixit.
3029 4720 3274 4791 Quinque
3301 4737 3428 4775 vero
3470 4722 3673 4776 hebdo-

2113 4811 2358 4866 madibus
2383 4809 2516 4864 nihil
2539 4809 2681 4864 aliud
2704 4811 3013 4875 comedens,
3040 4811 3105 4864 ad
3133 4813 3398 4865 modicum
3423 4827 3481 4866 se
3509 4812 3672 4866 infusi

2112 4893 2304 4952 ciceris
2330 4897 2600 4952 astrinxit.
2627 4897 2695 4952 Et
2741 4899 2815 4951 ita
2862 4897 3190 4953 Romualdus
3217 4914 3313 4968 per
3356 4899 3522 4953 multa
3566 4900 3671 4954 alia

2109 4988 2323 5043 vivendi
2379 5002 2597 5057 genera,
2643 4988 2772 5058 quid
2798 5005 2895 5043 sua
2938 4990 3084 5060 (515)
3113 4991 3286 5044 virtus
3328 4999 3548 5059 posset,
3578 5006 3675 5060 per

2107 5145 2160 5208 9,
2190 5146 2280 5198 lib.
2309 5160 2361 5198 v.

2179 5214 2325 5286 (511)
2369 5213 2601 5286 Nuceria
2624 5214 2816 5270 civitas
2833 5225 2916 5269 est
2937 5215 3192 5286 Umbriae,
3216 5231 3337 5286 quia:
3357 5214 3674 5270 Cantetlaria

2109 5283 2325 5346 dicitur,
2357 5283 2424 5336 ad
2447 5283 2800 5339 differentiam
2832 5285 3052 5339 alterius
3080 5283 3324 5338 Nuceriae
3347 5301 3670 5354 paganorum

2109 5362 2445 5423 nuncupauit,
2476 5367 2592 5421 qua:
2620 5355 2671 5406 in
2699 5355 3001 5422 Campania:
3024 5356 3297 5423 provincia
3329 5356 3432 5409 sita
3462 5364 3565 5407 est.

2182 5422 2330 5491 (512)
2369 5421 2465 5475 llic
2495 5421 3103 5476 venerabilis’codexab
3134 5425 3248 5491 ipso
3281 5424 3340 5476 Β.
3377 5421 3674 5476 Romualdo

2109 5493 2448 5558 conscriptus
2494 5493 2652 5544 modo
2688 5495 2852 5544 etiam
2898 5493 2951 5544 in
2994 5493 3388 5546 Camaldulensi
3421 5492 3674 5545 Sacrario

2111 5569 2446 5620 asservatur;
2469 5561 2550 5618 de
2578 5574 2683 5626 quo
2707 5561 2826 5613 vide
2854 5559 3077 5625 Mahill.,
3102 5561 3154 5614 in
3177 5560 3372 5614 Itinere
3406 5561 3612 5614 Italico.

2182 5628 2348 5699 (515),
2367 5625 2507 5694 Lege
2528 5625 2695 5684 nostri
2723 5629 2867 5684 Petri
2896 5645 3078 5694 opusc.
3110 5646 3198 5691 xv,
3220 5645 3338 5688 can.
3379 5630 3463 5684 16.
