4108 6206
414 314 514 374 997

405 435 523 490 haec
551 437 607 483 et
634 428 722 483 illa
753 444 813 484 se
830 427 1035 500 iugiter
1062 428 1386 492 exercendo,
1436 426 1698 482 tentahat.
1733 423 1998 479 Studebat
2028 424 2074 479 Α
2140 442 2147 449 ³

402 523 605 598 quippe
630 521 899 576 discretus
943 520 1148 577 Christi
1176 521 1333 576 miles
1358 520 1426 574 ad
1475 533 1677 574 novum
1722 533 1782 572 se
1824 526 1997 571 certa-

409 626 529 667 men
559 624 776 679 semper
802 611 1108 680 accingere,
1135 618 1190 664 et
1217 625 1338 663 cum
1363 607 1588 678 jamjani
1615 607 1812 662 cadere
1840 606 1992 660 vide-

407 697 556 753 retur
603 698 784 768 (5M),
841 699 1083 753 adhibita
1135 714 1261 753 mox
1307 698 1683 753 misericordia
1730 695 1994 751 vacillans

402 779 783 860 corpusculum
842 791 1104 846 relevare.
1161 793 1275 846 Duo
1323 800 1506 846 autem
1550 790 1635 844 vel
1670 790 1836 844 etiam
1889 789 1991 843 tria

402 882 731 951 quandoque
772 881 1008 936 habebat
1051 881 1227 945 cilicia
1266 888 1501 950 propter
1529 889 1844 934 nascentem
1869 893 1993 932 cor-

402 972 551 1040 poris
579 972 1068 1041 importunitatcm,
1097 987 1216 1040 quae
1238 970 1405 1025 lavari
1435 969 1740 1023 nullatenus
1761 969 1989 1039 permit-

406 1062 574 1128 tebat,
603 1061 698 1116 sed
726 1075 787 1115 ea
816 1062 996 1129 potius
1024 1059 1088 1113 ad
1119 1060 1346 1113 imbrem
1377 1057 1696 1129 projiciens,
1746 1066 1867 1130 post
1894 1057 1991 1112 tri-

401 1151 550 1221 ginta
581 1151 698 1206 dies
739 1141 949 1204 mutare
996 1158 1369 1205 consueverat.
1420 1148 1748 1204 Novaculam
1805 1158 1987 1204 autem

402 1255 677 1309 nunquam
724 1239 780 1293 in
812 1254 969 1294 suum
1011 1246 1173 1309 caput
1205 1238 1512 1308 patiebatur
1549 1238 1864 1303 ascendere,
1894 1239 1989 1294 sed

402 1330 517 1398 ipse
544 1330 644 1385 sibi
689 1344 915 1399 perraro
951 1321 1159 1385 solebat
1187 1338 1535 1385 excrementa
1583 1331 1900 1400 capillorum
1931 1339 1988 1383 et

399 1420 584 1475 barbae
610 1421 906 1491 forcipibus
932 1421 1238 1476 attondere.
1281 1421 1336 1475 Si
1377 1423 1592 1491 quando
1620 1438 1745 1476 vero
1768 1439 1890 1476 eum
1920 1438 1983 1477 ex

400 1512 581 1582 aliquo
626 1513 973 1568 esculentiori
1001 1512 1122 1568 cibo
1151 1512 1288 1585 gulze
1318 1514 1510 1568 vitium
1554 1514 1820 1579 titillaret,
1860 1531 1985 1570 mox

402 1615 650 1661 accurate
704 1602 855 1657 illum
882 1603 1177 1673 praiparari
1205 1604 1545 1672 praecipiens,
1574 1603 1654 1658 ori
1686 1614 1741 1658 et
1763 1606 1985 1661 naribus

401 1695 722 1761 apponebat,
770 1702 828 1749 et
875 1694 1050 1750 solum
1102 1706 1328 1765 captans
1367 1694 1621 1759 odorem,
1655 1696 1904 1751 diccbat:
1938 1696 1983 1753 Ο

1676 306 1839 363 νιτΑ
1875 304 1940 361 S.
1980 298 2379 357 ROMUALDI.

3574 300 3683 357 908

2703 407 2932 464 CAPUT
2971 408 3082 463 LV.

2096 506 2235 575 Item
2263 506 2330 561 de
2354 503 2627 572 Gregorio,
2655 520 2830 626 querlub
2850 504 2915 558 de
2940 505 3087 626 ggari
3113 504 3292 559 morbo
3322 523 3460 576 aqua
3486 507 3685 577 frigida

2781 591 2796 626 ι
2834 590 2973 627 eram
3002 613 3016 626 .

2164 684 2284 739 Alio
2315 698 2531 754 quoque
2565 692 2827 753 tempore,
2878 684 3019 738 idem
3065 684 3157 754 qui
3200 700 3360 755 supra
3389 683 3684 758 Gregbrios

2095 790 2203 835 tam
2231 783 2467 834 virosam
2493 787 2548 833 et
2569 778 2863 832 marcidam
2893 778 3161 833 tolerabat
3194 780 3247 833 in
3281 782 3534 836 cruribus
3561 797 3680 837 sca-

2091 872 2258 937 biem,
2302 879 2361 925 ut
2400 870 2513 939 jam
2557 883 2621 922 ex
2660 868 2985 938 elephantine
3032 869 3181 941 (515)
3213 869 3402 924 morbo
3434 873 3681 927 crederet
3714 894 3719 899 ·

2092 969 2203 1015 tam
2233 974 2452 1031 gravem
2482 960 2697 1030 prodire
2726 968 3016 1015 tumorem.
3052 960 3187 1016 Huic
3216 960 3551 1017 Romualdus
3579 964 3681 1018 hoc

2090 1052 2421 1120 praecipuum
2471 1050 2754 1104 medicina:
2806 1066 2975 1121 genus
3029 1052 3260 1114 indixit,
3320 1053 3570 1107 videlicet
3622 1064 3681 1106 ut

2091 1154 2251 1198 crura
2279 1154 2378 1209 per
2400 1148 2512 1194 tres
2534 1138 2651 1194 dies
2680 1138 2873 1209 frigida
2897 1155 3033 1210 aqua
3055 1141 3425 1210 perfunderet,
3455 1145 3681 1213 promit-

2093 1238 2211 1284 tens
2231 1229 2394 1302 473
2417 1230 2544 1300 quia
2570 1233 2672 1286 hoc
2694 1231 2854 1285 modo
2883 1232 3172 1286 sanitatem
3210 1233 3491 1302 pristinam
3525 1248 3678 1286 reru-

2090 1332 2324 1392 peraret.
2357 1322 2510 1388 Quod
2560 1332 2736 1376 tamen
2785 1322 2875 1376 ille
2907 1323 3203 1392 adimplere
3232 1324 3477 1389 studuit”,
3513 1325 3676 1379 nimi-

2089 1431 2208 1470 rum
2260 1415 2431 1486 magis
2476 1415 2798 1469 necessitate
2837 1412 3097 1482 jussionis
3147 1431 3308 1484 quam
3356 1416 3677 1487 recipienda:

2089 1504 2285 1560 fiducia
2314 1504 2609 1574 sospitatis.
2642 1504 2836 1558 Mirum
2866 1506 3022 1569 satis,
3062 1514 3118 1560 et
3162 1506 3333 1560 solum
3365 1506 3560 1560 divimc
3583 1521 3678 1575 po-

2090 1588 2275 1654 tentiae
2300 1598 2678 1656 referendum!
2711 1596 2994 1653 confestim
3027 1596 3281 1651 tibiarum
3314 1606 3491 1650 tumor
3519 1597 3678 1666 depo-

2088 1689 2258 1753 nitur,
2286 1689 2437 1743 virns
2455 1703 2617 1743 omne
2639 1688 2900 1755 siccatur,
2930 1697 2982 1741 et
3004 1687 3218 1756 penitus
3244 1687 3388 1740 onmi
3417 1686 3679 1756 languore

399 1781 549 1850 gula,
602 1783 757 1852 gula,
792 1799 955 1853 quam
1003 1782 1205 1849 dulcis,
1252 1798 1415 1854 quatit
1467 1784 1651 1839 suavis
1698 1785 1856 1840 modo
1889 1785 1982 1840 tibi
2017 1779 2060 1837 Β
2089 1777 2334 1846 deposito
2353 1777 2525 1834 frater
2548 1793 2713 1833 sanus
2738 1794 2836 1848 per
2858 1778 3040 1832 omnia
3073 1776 3334 1831 redditur.
3364 1774 3521 1831 Credi
3545 1791 3676 1845 ergo

398 1883 614 1941 saperet
637 1875 739 1927 istc
766 1874 950 1927 cibus!
982 1874 1074 1928 sed
1128 1888 1207 1927 vae
1238 1872 1332 1927 tibi
1359 1873 1372 1925 l
1401 1887 1469 1927 ex
1494 1888 1559 1927 eo
1591 1888 1864 1942 nunquam
1890 1891 1990 1945 gu-

397 1962 605 2015 stahis:
636 1958 696 2015 et
719 1962 797 2014 sic
824 1960 1086 2015 intactum
1113 1962 1179 2015 ad
1214 1960 1494 2015 cellarium
1526 1960 1856 2016 remittebat.

892 2050 1057 2122 472
1096 2049 1322 2106 CAPUT
1359 2049 1489 2104 Llll.

470 2141 548 2196 De
582 2141 838 2196 miraequ
866 2142 967 2213 quo
992 2141 1303 2211 Gregorium
1337 2141 1653 2212 insuﬂiando
1682 2143 1912 2195 sanavit.

470 2229 575 2283 Sed
623 2244 936 2299 quanquam
976 2230 1063 2283 vir
1107 2238 1328 2283 sanctus
1376 2236 1581 2283 tantam
1617 2245 1744 2299 erga
1782 2244 1841 2283 se
1870 2245 1988 2284 ser-

364 2374 369 2379 _
397 2329 552 2375 varet
577 2320 952 2374 austeritatem
979 2360 994 2385 ,
1023 2333 1238 2388 semper
1271 2324 1449 2373 tamen
1500 2318 1726 2374 hilarem
1758 2319 1985 2382 vultum,

397 2424 613 2483 semper
638 2424 886 2463 serenam
918 2407 1112 2463 faciem
1136 2408 1485 2463 bsteudcbat.
1514 2407 1647 2461 Nam
1671 2408 1842 2463 frater
1867 2408 1986 2477 qui-

399 2501 542 2565 dam,
571 2498 865 2570 Gregorius
908 2499 1158 2561 nomine,
1191 2498 1571 2569 gravissimum
1610 2499 1804 2567 capitis
1831 2498 1985 2554 dolo-

398 2603 513 2642 rem
543 2604 601 2641 se
632 2587 839 2657 perpeti
872 2587 1162 2657 aliquando
1205 2597 1535 2657 conquestus
1575 2596 1678 2642 est.
1720 2580 1822 2655 Qui
1860 2605 1982 2644 cum

397 2675 465 2729 ad
492 2676 634 2729 beati
665 2676 767 2729 viri
800 2675 1073 2742 cellulam,
1097 2677 1187 2731 ubi
1215 2685 1271 2732 et
1296 2677 1387 2731 alii
1419 2676 1618 2733 fratres
1644 2686 1772 2734 tunc
1799 2691 1982 2746 erant,

396 2781 521 2820 cum
549 2767 715 2821 nimia
747 2767 1130 2823 lamentatione
1178 2770 1442 2835 venisset,
1474 2778 1616 2824 ‘mox
1658 2780 1717 2826 ut
1742 2786 1864 2826 eum
1900 2772 1985 2826 vir

397 2857 723 2913 venerabilis
754 2860 905 2921 vidit,
941 2860 1084 2914 hunc
1115 2860 1354 2914 dolorem
1406 2875 1748 2932 nequaquam
1787 2864 1984 2916 humo-

397 2964 517 3003 rum
546 2951 917 3019 inaequalitati,
945 2952 1040 3006 sed
1082 2951 1294 3006 insidiis
1326 2953 1535 3022 antiqui
1565 2953 1740 3008 hostis
1771 2953 1983 3008 indubi-

399 3046 577 3093 tanter
602 3040 870 3110 ascripsit,
894 3051 949 3096 et
982 3057 1104 3096 mox
1129 3041 1284 3111 quasi
1313 3043 1569 3098 deridens
1596 3058 1741 3107 eum,
1778 3052 1835 3096 ut
1863 3051 1982 3099 erat

397 3144 614 3198 semper
641 3128 809 3185 alacri
854 3132 1026 3194 vultu,
1060 3146 1158 3200 per
1201 3130 1496 3187 fenestram
1528 3131 1736 3186 cellula:
1766 3131 1870 3186 sibi
1900 3132 1981 3186 in—
2009 3116 2053 3176 C

398 3204 711 3273 sufﬂavit-in
744 3219 998 3285 frontem,
1030 3229 1169 3275 etut
1210 3222 1393 3276 caeteri
1421 3237 1611 3278 omnes
1636 3222 1731 3293 qui
1755 3223 1982 3278 aderant

398 3308 653 3363 similiter
694 3309 971 3376 facerent,
1018 3310 1213 3365 innuit.
1245 3311 1358 3366 Hoc
1385 3321 1565 3366 autem
1608 3310 1756 3367 facto
1788 3312 1861 3366 ita
1892 3329 1982 3367 sa-

398 3407 558 3454 natus
589 3409 673 3453 est
723 3410 784 3455 ut
829 3401 1033 3455 nullum
1066 3402 1280 3471 penitus
1307 3402 1534 3456 sentiret
1573 3402 1627 3455 in
1678 3417 1776 3457 suo
1807 3404 1984 3472 capite

398 3492 599 3547 doloris
630 3494 956 3549 remansisse
986 3494 1292 3563 vestigium.
1320 3494 1576 3549 Arbitror
1604 3495 1748 3564 quod
1777 3494 1984 3551 idcirco

396 3586 483 3640 vir
507 3596 726 3642 sanctus
754 3587 857 3641 hoc
879 3585 1060 3642 facere
1088 3587 1255 3641 voluit
1280 3588 1407 3658 quia
1435 3602 1533 3657 per
1560 3586 1822 3658 Spiritum
1854 3605 1982 3644 san-

398 3686 581 3743 ctum,
608 3678 699 3748 qui
746 3679 799 3733 in
846 3678 963 3747 ejus
1007 3687 1226 3749 pectore
1253 3680 1610 3749 praesidebat,
1641 3679 1983 3751 eﬂ'ugandum

397 3782 520 3823 esse
548 3768 947 3838 iniquissimum
977 3770 1190 3826 hostem
1235 3771 1437 3826 doloris
1468 3772 1829 3827 imniissorem
1867 3786 1985 3827 cre-

398 3858 554 3912 didit.
584 3858 666 3912 Ad
695 3860 1000 3915 evitandatn
1026 3875 1155 3915 vero
1186 3862 1459 3932 propriam
1485 3861 1698 3917 laudem
1721 3872 1776 3916 et
1797 3862 1982 3917 ludum

399 3945 556 4001 finxit
591 3955 646 4001 et
676 3949 853 4004 socios
879 3949 1142 4019 qumsivit.
1172 3948 1307 4004 Nam
1339 3950 1753 4028 et_Redemptor
1797 3958 1982 4005 uoster

399 4034 699 4093 insumasse
729 4036 953 4109 legitur,
985 4054 1105 4093 cum
1149 4039 1412 4108 Spiritum
1440 4048 1687 4095 sanctum
1724 4039 1984 4112 apostolis

399 4127 613 4183 dedisse
634 4128 953 4199 perhibetur
984 4129 1170 4202 (Joan.
1204 4130 1318 4202 xx).

990 4240 1218 4298 CAPUT
1257 4242 1392 4299 LIV.

715 4329 787 4384 De
817 4330 1026 4394 insano,
1058 4347 1211 4399 quem
1242 4331 1420 4386 osculo
1447 4332 1668 4386 curavit.

472 4418 570 4475 Vir
617 4417 837 4489 quidam
879 4419 1073 4491 capitis
1120 4420 1428 4490 patiebatur
1474 4421 1765 4488 insaniam,
1796 4422 1871 4477 ita
1902 4432 1981 4488 ut,
2011 4452 2060 4512 υ

400 4524 563 4565 sensu
589 4508 816 4565 rationis
841 4509 1063 4574 amisso,
1094 4508 1177 4564 vel
1222 4508 1353 4580 quid
1382 4519 1570 4581 ageret
1610 4510 1693 4566 vel
1744 4512 1875 4582 quid
1904 4510 1984 4567 di-

400 4608 551 4653 ceret
610 4597 856 4654 funditus
903 4598 1199 4668 ignoraret.
1256 4598 1395 4655 Huic
1457 4598 1799 4659 Romualdus
1848 4599 1987 4656 nihil

401 4690 547 4744 aliud
572 4688 722 4756 fecit,
754 4689 858 4744 nisi
878 4689 1217 4746 solummodo
1236 4690 1481 4746 osculum
1507 4691 1760 4762 praebuit,
1787 4699 1843 4747 et
1865 4705 1986 4762 pro-

404 4782 551 4836 tinus
595 4780 745 4836 illum
785 4780 853 4835 ad
898 4778 1321 4836 incolumitatem
1351 4782 1637 4851 pristinam
1686 4783 1983 4849 revocavit,

312 4928 317 4933 ,
401 4882 459 4927 et
485 4888 609 4927 cum
639 4872 881 4941 inquieto
904 4873 1120 4928 homine
1141 4873 1269 4928 dum
1306 4888 1497 4943 pacem
1517 4874 1665 4942 fecit,
1691 4876 1761 4931 ad
1790 4875 1985 4931 mentis

403 4979 525 5019 eum
548 4977 660 5017 suae
673 4977 857 5032 pacem
880 4963 1110 5019 reduxit.
1130 4961 1419 5018 Referebat
1443 4973 1622 5019 autem
1643 4964 1982 5034 postmodum

402 5054 495 5110 ille
514 5054 607 5124 qui
627 5062 848 5109 curatus
865 5053 1057 5119 fuerat,
1082 5053 1297 5109 dicens:
1320 5051 1456 5120 Quia
1480 5068 1604 5108 eum
1630 5070 1789 5109 sacra
1836 5054 1980 5111 beati

400 5146 507 5201 viri
537 5145 676 5201 labia
704 5154 926 5215 tangere
953 5145 1147 5211 merui,
1181 5146 1362 5201 statim
1393 5145 1610 5215 prodire
1637 5160 1711 5200 ex-
1733 5161 1829 5203 ore
1860 5148 1979 5219 ejus

401 5234 559 5305 quasi
584 5236 916 5291 vehementis
940 5250 1087 5290 anne
1115 5235 1363 5306 spiritum
1401 5235 1567 5300 sensi,
1593 5235 1684 5306 qui
1712 5244 1879 5292 totam
1905 5237 1983 5292 fa-

404 5327 544 5382 ciem
570 5342 766 5393 meam,
797 5334 853 5382 et
874 5327 1047 5397 ipsum
1076 5326 1308 5395 denique
1330 5325 1564 5396 sinciput
1586 5326 1978 5397 perﬂans,om'-

405 5430 530 5471 netu
564 5415 771 5472 cerebri
800 5417 1078 5470 aestuantis
1105 5416 1354 5470 ardorem
1381 5416 1627 5485 protinus
1653 5415 1928 5488 elfugavit.

479 5570 627 5645 (514)
670 5572 969 5645 Υᾳμοοάη
1010 5584 1308 5645 urgeretur.

479 5642 625 5715 (5l5)
667 5643 983 5713 Elephantia
1022 5642 1117 5699 seu
1154 5644 1540 5715 elephantiasis
1588 5642 1750 5713 lepra:
1776 5643 1985 5712 species

2089 1870 2485 1924 rationabiliter
2508 1878 2686 1939 potest
2726 1870 2852 1939 quia
2899 1871 3088 1922 eodem
3119 1866 3310 1936 spiritu
3343 1866 3676 1922 Romnaldus

2088 1960 2354 2031 discipulo
2403 1970 2459 2014 ιιι
2510 1970 2592 2013 ter
2629 1960 2788 2030 aquis
2820 1959 3080 2013 tumentia
3122 1973 3282 2013 crura
3323 1957 3677 2028 perfunderet

2079 2046 2246 2119 jussit
2266 2064 2374 2119 quo
2405 2049 2612 2103 Eliseus
2635 2047 2877 2102 Naaman
2903 2047 3174 2115 leprosum
3204 2048 3373 2102 lavari
3399 2049 3596 2116 septies
3618 2048 3673 2101 in

2085 2139 2325 2197 Iordane
2352 2141 2627 2195 m'andavit
2658 2136 2764 2210 (IV
2797 2138 2928 2208 Reg.
2963 2139 3038 2203 v).

2686 2250 2916 2307 CAPUT
2942 2247 3078 2304 LVl.

2084 2345 2166 2402 De
2195 2344 2473 2417 discipulo,
2505 2362 2655 2417 quem
2685 2343 3269 2417 Romamgeuntemgper
3302 2342 3546 2417 spiritum
3567 2358 3674 2417 _co-

2157 2411 2354 2495 guovji,
2384 2427 2432 2471 et
2472 2411 2537 2469 de
2574 2415 2681 2495 illo!
2710 2414 2823 2485 qui,
2867 2414 2967 2467 sibi
2992 2412 3271 2484 derogans,
3326 2411 3672 2465 reclusorium

2158 2487 2336 2556 fregit.

2158 2596 2410 2651 Nonnulli
2445 2606 2624 2652 tamen
2652 2596 2898 2651 carnales
2944 2594 3192 2651 videlicet
3240 2594 3509 2655 homines,
3541 2606 3666 2647 eum

2085 2686 2355 2741 malitiose
2402 2686 2798 2756 reprehendere
2831 2695 2888 2741 et
2935 2687 3175 2756 ejusdem
3234 2685 3373 2739 dicta
3413 2684 3498 2738 vel
3528 2682 3673 2738 facta

2086 2795 2193 2832 non
2224 2778 2487 2834 timebant
2518 2778 2760 2832 levitatis
2787 2777 2920 2831 vitio
2943 2778 3225 2846 deputare.
3257 2775 3486 2842 Quidam
3515 2788 3673 2827 nam-

2085 2882 2191 2937 que
2210 2868 2327 2937 ejus
2360 2866 2658 2936 discipulus
2690 2867 2744 2920 in
2778 2866 2881 2919 alia
2909 2865 3093 2934 procul
3119 2880 3305 2920 eremo
3331 2863 3669 2927 morabatur,

2086 2957 2181 3025 qui
2208 2956 2632 3026 propinquorum
2672 2949 2983 3009 necessitati
3014 2952 3304 3023 aliquando
3337 2953 3673 3007 condescen-

2089 3048 2241 3111 dens,
2268 3062 2363 3115 pro
2393 3061 2581 3100 eorum
2622 3047 2854 3100 utilitate
2892 3046 3108 3099 tandem
3142 3044 3291 3099 velut
3331 3044 3535 3099 invitus
3565 3044 3673 3100 Ro-

2086 3152 2228 3190 mam
2278 3136 2360 3190 ire
2402 3135 2860 3205 Quadragesimali
2907 3145 3144 3205 tempore
3187 3134 3477 3205 acquievit.
3518 3134 3671 3206 Quod

2085 3240 2212 3280 mox
2258 3226 2341 3279 vir
2385 3236 2607 3279 sanctus
2652 3241 2750 3294 per
2773 3225 3021 3295 spiritum
3058 3240 3470 3296 recognoscens,
3511 3224 3662 3280 velut

2084 3313 2370 3384 indignans
2409 3315 2626 3383 scripsit
2654 3313 2856 3368 astanti
2889 3314 3101 3367 cuidam
3146 3313 3298 3368 fratri
3343 3314 3487 3382 quod
3515 3311 3668 3367 vide-

2084 3401 2212 3457 licet
2246 3401 2335 3456 ille
2363 3402 2535 3456 bonus
2580 3401 2666 3455 vir
2696 3417 2796 3472 pro
2833 3402 3139 3472 hujusmodi
3185 3402 3402 3473 negotio
3438 3400 3670 3456 Ruinam

2084 3496 2166 3551 ire
2220 3493 2583 3564 praesumpsit.
2632 3492 2727 3549 llle
2781 3503 2966 3549 autem
3018 3494 3293 3549 admirans
3350 3494 3495 3547 unde
3565 3494 3670 3549 hoc

2084 3587 2342 3658 magister
2362 3595 2700 3657 agnosceret,
2721 3601 2846 3642 cum
2871 3601 2977 3656 quo
2998 3586 3249 3642 videlicet
3269 3602 3429 3640 nemo
3451 3585 3670 3641 aliunde

2052 3672 2309 3733 'veniens
2354 3677 2682 3746 colloquium
2710 3677 3009 3745 habuisset,
3032 3693 3143 3731 rem
3175 3676 3667 3747 sollicite'perqui-

2084 3768 2244 3845 sivit,
2287 3776 2341 3824 et
2400 3768 2475 3822 ita
2533 3783 2688 3835 θεία,
2733 3768 2878 3824 sicut
2924 3770 3009 3822 vir
3061 3770 3389 3825 venerabilis
3430 3770 3664 3836 dixerat,

2084 3860 2476 3930 comprobavit.
2508 3859 2690 3932 Pergit
2727 3859 2814 3915 ille
2866 3860 2935 3915 ad
2979 3860 3146 3914 alium
3186 3876 3344 3916 suum
3387 3862 3664 3918 condisci-

2082 3950 2288 4020 pulum,
2314 3950 2569 4005 videlicet
2597 3950 2983 4021 lngelbertum,
3010 3951 3113 4020 qui
3134 3951 3666 4011 inelusus‘manebat.

2084 4050 2139 4098 et
2172 4042 2486 4112 magistrum
2525 4042 2642 4096 haec
2666 4041 2897 4108 dixisse,
2926 4050 2981 4095 et
3012 4030 3132 4096 sine
3157 4041 3322 4095 dubio
3359 4042 3660 4111 prophetiae

2084 4131 2336 4204 spiritum
2380 4130 2582 4187 habere
2631 4146 2858 4202 prorsus
2901 4129 3154 4185 afﬁrmat.
3200 4130 3296 4185 Ille
3336 4132 3664 4197 autem,de-

2084 4233 2292 4280 testans
2339 4233 2394 4280 et
2441 4224 2660 4295 penitus
2685 4223 2979 4293 denegans,
3013 4223 3239 4278 fratrem
3282 4223 3569 4294 corripuit,
3615 4233 3672 4278 et

2082 4315 2210 4387 quia
2233 4318 2335 4372 hoc
2360 4314 2553 4370 falsum
2580 4322 2742 4379 esset,
2774 4314 3181 4384 imprecationis
3196 4328 3254 4368 se
3269 4312 3501 4368 vinculis
3529 4313 3666 4367 obli-

2085 4405 2249 4474 gavit,
2276 4404 2506 4459 dicens:
2558 4402 2614 4457 Si
2639 4403 2727 4457 ille
2756 4403 2861 4459 hoc
2890 4417 2985 4473 per
3032 4402 3333 4473 prophetiae
3383 4401 3662 4470 spiritum,

2087 4504 2142 4550 et
2190 4508 2297 4549 non
2328 4494 2505 4564 magis
2531 4509 2628 4563 per
2654 4494 2926 4549 diabolum
2970 4493 3133 4559 dixit,
3164 4507 3271 4547 non
3306 4507 3392 4547 me
3423 4492 3675 4561 omnipo-

2087 4595 2207 4642 tens
2254 4586 2398 4645 Deus
2424 4587 2477 4640 in
2505 4585 2610 4640 hoc
2642 4585 2940 4640 reclusorio
2967 4599 3319 4655 perseverare
3368 4583 3668 4653 permittat.

2087 4676 2320 4740 Dictum,
2341 4675 2652 4746 factumque
2671 4684 2772 4731 est.
2795 4674 2929 4729 Nam
2952 4676 3041 4730 vix
3059 4674 3250 4746 paucis
3277 4674 3467 4729 diebus
3486 4680 3669 4727 trans-

2090 4768 2250 4836 actis,
2286 4767 2653 4847 lngelliertus,
2685 4765 2860 4822 fracto
2899 4765 3223 4832 reclusorio,
3267 4765 3387 4819 sine
3418 4761 3668 4834 magistri

2090 4860 2307 4915 licentia
2329 4860 2480 4924 abiit,
2504 4868 2560 4915 et
2580 4874 2703 4914 eum
2735 4859 2790 4913 in
2812 4859 2915 4933 hac
2942 4858 3070 4922 vita,
3097 4857 3241 4913 sicut
3274 4857 3493 4921 dicitur,
3526 4870 3668 4908 nuu-

2089 4961 2252 5017 quam
2282 4945 2511 5000 ulterius
2538 4944 2693 4999 vidit.

2675 5031 2901 5088 CAPUT
2931 5029 3087 5085 LVII.

2156 5125 2234 5181 De
2262 5124 2584 5190 Gaudentio,
2624 5133 2675 5179 et
2710 5124 2969 5189 Berardo,
3003 5133 3053 5177 et
3086 5122 3345 5176 monacho
3389 5131 3596 5176 sanato.

2154 5241 2308 5296 Alius
2329 5238 2519 5307 frater,
2551 5238 2885 5294 Gaudentius
2912 5236 3150 5303 nomine,
3175 5236 3391 5291 abbatis
3418 5235 3669 5290 videlicet

2084 5329 2244 5398 hujus
2271 5328 2586 5385 blonasterii
2616 5327 2674 5383 S.
2706 5325 2874 5398 474
2897 5327 3144 5382 Vincenti
3173 5325 3320 5396 (516)
3346 5334 3519 5395 pater,
3541 5341 3663 5380 cum

2092 5434 2287 5491 magno
2335 5419 2551 5474 fervore
2598 5432 2920 5481 conversus,
2971 5416 3279 5475 ardentiori
3324 5418 3668 5486 postmodum

2089 5581 2197 5634 est,
2226 5572 2294 5626 de
2320 5585 2424 5636 qua
2448 5569 2659 5635 Celsus,
2691 5569 2911 5636 aliique.
3014 5569 3025 5587 ’
3284 5602 3293 5611 -

2163 5640 2313 5713 (ste)
2339 5641 2413 5695 De
2437 5638 2774 5695 monasterio
2794 5636 2854 5694 S.
2882 5636 3149 5713 Vinceutii
3171 5636 3237 5693 de
3259 5636 3420 5693 Petra
3439 5636 3663 5693 Pertusa

3102 5708 3111 5719 .
