4108 6206
388 294 547 351 999⁴

803 285 861 343 S.
900 284 1102 341 PETRI
1142 280 1423 338 DAMIANI
1458 278 1606 336 OPP.
1631 275 1808 333 PARS
1840 272 1969 329 SEU
2010 268 2247 326 TOMUS
2279 267 2341 321 ll.
2366 292 2438 307 -—-
2469 257 3130 334 SANCTOliUMNITE.

3491 267 3633 323 1000

390 401 582 472 spiritu
637 398 690 453 in
735 398 828 453 Dei
871 406 955 451 est
1012 394 1233 450 servitio
1284 400 1656 449 conversatus.
1714 389 1815 443 ilic
1859 387 1960 441 alio
1990 382 2269 472 Arcietate
2315 377 2626 444 Romualdi,
2651 377 2847 472 librum
2870 390 3028 442 quem
3055 384 3346 472 meruerat,
3364 374 3635 472 perdidit,

389 491 605 561 quando
633 503 664 542 a
713 488 772 542 Β.
802 484 1097 541 Romualdo
1132 484 1401 538 licentiam
1430 482 1605 553 petiit,
1652 495 1760 550 qua
1791 478 1954 533 vellet

391 588 586 633 cuncta
627 578 737 646 jam
772 578 1045 645 pulmenta
1071 573 1365 637 dimittere,
1396 581 1472 636 et,
1503 586 1642 641 pane
1664 584 1786 624 cum
1816 583 1954 637 aqua

391 674 693 725 contentus,
721 664 893 732 pomis
920 661 1133 731 qquue
1173 661 1286 714 sive
1320 659 1501 714 crudis
1528 658 1767 714 oleribus
1800 656 1955 710 victi—

395 762 528 807 tare.
569 751 681 806 lloc
716 752 877 821 igitur
898 750 1208 819 impetrato,
1234 762 1357 803 cum
1388 747 1442 800 in
1464 746 1651 801 eodem
1679 744 1956 815 proposito

393 837 797 907 infatigabiliter
840 844 1204 907 permaneret,
1252 834 1519 890 Tedaldus
1557 834 1773 904 quidam
1819 832 1958 889 alius

393 927 582 994 frater,
608 927 908 984 infirmitati
935 928 1079 987 illius
1099 926 1388 983 indiscrete
1417 924 1753 994 compatiens
1770 960 1786 989 ,
1806 922 1959 979 adire

393 1019 709 1088 magistrum
760 1018 992 1085 studuit,
1023 1025 1079 1073 et
1121 1017 1249 1086 quia
1300 1015 1473 1072 frater
1519 1013 1609 1070 ille
1657 1022 1766 1069 tam
1794 1026 1962 1083 grave

393 1108 601 1178 pondus
626 1116 844 1177 portare
872 1121 978 1162 non
999 1114 1203 1176 posset,
1230 1106 1370 1160 hanc
1395 1103 1511 1174 ejus
1538 1102 1957 1158 obstinationem

395 1197 572 1268 frangi
603 1198 822 1253 omnino
848 1197 1048 1252 debere
1077 1194 1363 1266 suggessit.
1396 1191 1727 1248 Bomualdus
1750 1200 1958 1256 autem,

395 1295 455 1340 ut
481 1297 609 1356 puta
632 1287 717 1341 vir
738 1285 1000 1357 simplicis
1019 1284 1217 1349 animi,
1239 1281 1458 1338 Tedaldi
1483 1280 1661 1338 verbis
1682 1293 1961 1336 assensum

2050 471 2164 541 jam
2189 469 2304 539 ejus
2330 469 2515 539 gratia:
2536 466 2840 529 restitutus,
2857 473 2913 519 et
2937 464 3274 519 orationibus
3298 463 3630 529 sublevatus,

2054 560 2299 615 eumdem
2349 557 2544 611 librum
2587 567 2905 623 recuperare
2950 553 3149 607 meruit
3188 570 3201 604 :
3240 561 3297 606 et
3330 567 3491 621 quem
3526 551 3632 606 Te-

2056 648 2253 702 daldus
2310 662 2416 700 non
2469 647 2575 702 nisi
2623 659 2722 717 per
2767 643 3123 698 Romualdum
3169 642 3490 706 abstulerat,
3517 641 3629 709 jam

2056 735 2384 790 Romualdus
2407 735 2612 790 orando
2642 748 2742 805 pro
2770 733 2863 790 illo
2888 748 3013 787 cum
3034 733 3285 787 omnibus
3308 732 3470 787 simul
3508 733 3626 785 [ισσ-

2059 822 2234 880 tribus
2261 822 2473 884 reddat.

2626 910 2857 969 CAPUT
2889 910 3067 969 LVIII.

2168 998 2247 1055 De
2270 998 2529 1067 discipulo
2562 999 2616 1053 in
2644 999 2774 1054 lecto
2806 997 3086 1052 Romualdi
3122 1014 3156 1051 α
3194 998 3523 1055 «temonibus

2702 1069 2993 1123 verberato.

2132 1177 2438 1249 Aliquando
2463 1156 2547 1233 vir
2574 1176 2898 1234 venerabilis
2924 1178 3202 1250 cujusdam
3229 1193 3394 1234 causa
3440 1194 3635 1235 neces-

2068 1267 2248 1324 sitatis
2270 1265 2325 1321 in
2353 1267 2496 1322 viam
2526 1268 2607 1324 ire
2637 1268 2962 1337 disponens,
2990 1268 3083 1322 nni
3109 1268 3496 1338 discipulorum
3524 1269 3632 1323 cel-

398 1376 564 1442 dedit,
596 1385 651 1431 et
682 1374 987 1432 Gaudentio
1016 1373 1139 1429 talis
1164 1372 1286 1428 vita;
1306 1370 1579 1428 licentiam
1608 1368 1849 1424 abstulit.
1870 1367 1964 1422 Ille
2063 1360 2175 1416 lam
2198 1359 2493 1424 commisit,
2521 1367 2578 1414 et
2595 1374 2767 1428 usque
2787 1361 2855 1414 ad
2876 1375 3031 1414 suum
3054 1359 3286 1415 reditum
3309 1360 3363 1414 in
3392 1376 3454 1415 ea
3482 1360 3634 1413 illum

397 1480 528 1520 vero
558 1475 794 1537 graviter
824 1464 1022 1529 ferens,
1068 1475 1408 1533 nequaquam
1447 1459 1683 1529 amplius
1706 1472 1829 1514 cum
1859 1456 1963 1512 Te-
2062 1444 2284 1506 manere
2320 1451 2591 1521 praecepit.
2640 1449 2733 1504 Ille
2769 1465 2897 1505 vero
2922 1452 3270 1513 temerarius,
3303 1451 3429 1505 dum
3469 1450 3636 1505 debiti

399 1554 559 1608 daldo
600 1554 665 1608 in.
700 1567 883 1608 eremo
932 1554 986 1607 in
1020 1567 1127 1621 qua
1176 1566 1270 1606 eos
1329 1549 1967 1619 Romuatduslposuerat
2063 1542 2287 1598 honoris
2314 1542 2670 1598 reverentiam
2719 1543 2976 1612 magistro
3000 1558 3105 1596 non
3151 1551 3353 1606 servat,
3378 1543 3639 1597 audacter

399 1655 590 1709 passus
616 1650 700 1698 est
728 1642 993 1706 habitare,
1025 1640 1118 1696 sed
1140 1638 1461 1710 lngelberto,
1492 1638 1583 1708 qui
1613 1653 1641 1691 a
1666 1635 1965 1691 Romualdo
2068 1633 2123 1687 in
2165 1633 2283 1704 ejus
2330 1641 2501 1687 strato
2540 1629 2725 1702 jacere
2761 1648 2865 1689 non
2913 1634 3138 1688 dubitat.
3173 1631 3312 1688 Ecce
3350 1642 3528 1687 autem
3580 1633 3636 1685 in

400 1730 700 1798 disjunctus
729 1730 944 1796 fuerat,
976 1745 1036 1785 se
1064 1728 1336 1797 subdidit,
1360 1728 1509 1783 etab
1537 1741 1601 1782 eo
1630 1741 1956 1782 consensum
1992 1722 2036 1782 Β
2063 1725 2179 1793 ipsa
2224 1733 2382 1780 nocte
2429 1724 2648 1796 maligni
2692 1726 2915 1796 spiritus
2961 1740 3126 1795 super
3155 1741 3277 1780 eum
3326 1727 3636 1780 immaniter

399 1822 668 1890 praedicta:
711 1820 1135 1876 conversationis
1173 1815 1403 1887 accepit.
1449 1815 1547 1870 Hie
1587 1816 1769 1884 itaque
1817 1813 1966 1869 Gau-
2064 1812 2300 1879 irruunt,
2348 1814 2681 1885 gravissimis
2726 1830 2850 1871 eum
2892 1817 3209 1879 verberibus
3252 1824 3524 1879 atterunt,
3572 1826 3633 1870 et

401 1908 614 1962 dentius
645 1923 748 1962 non
774 1907 940 1961 multo
959 1914 1082 1977 post
1106 1914 1345 1973 tempore
1379 1903 1662 1958 defunctus
1685 1912 1800 1967 est,
1825 1910 1881 1956 et
1908 1902 1964 1955 in

401 1999 713 2053 cmmeterio
738 1997 799 2050 Β.
836 1996 1103 2052 Vincentii
1137 1994 1294 2064 juxta
1330 2009 1525 2064 corpus
1550 1993 1771 2048 Berardi
1802 2006 1965 2048 vene-

397 2087 583 2144 rabilis
600 2083 1297 2155 virls,quia2queRomualdi
1326 2082 1621 2154 discipulus
1662 2080 1860 2145 fuerat,
1882 2088 1966 2135 est

402 2172 663 2240 sepultus.
705 2172 1035 2228 Romualdus
1059 2180 1261 2238 autem,
1290 2173 1415 2244 quia
1443 2170 1530 2226 ille
1560 2171 1613 2225 in
1641 2168 1969 2241 praevarica-

402 2261 547 2316 tione
590 2262 962 2318 inobedientiae
992 2262 1156 2316 vitam
1181 2260 1415 2325 finierat,
1437 2259 1739 2315 orationem
1770 2273 1869 2328 pro
1896 2271 1963 2311 eo

402 2352 519 2407 fieri
551 2353 764 2424 penitus
803 2353 1100 2408 interdixit.
1133 2353 1421 2422 Aliquanto
1448 2360 1628 2405 autem
1654 2358 1776 2420 post
1819 2356 1962 2404 tem-

403 2455 536 2510 pore
563 2442 859 2498 monachus
881 2442 1099 2512 quidam
1130 2441 1370 2511 praedicti
1395 2438 1651 2504 cmnobii,
1675 2438 1802 2493 dum
1849 2450 1966 2492 ma-

404 2532 629 2585 tutinam
661 2533 910 2603 synaxim
939 2547 1061 2585 cum
1100 2530 1321 2601 reliquis
1349 2529 1609 2584 fratribus
1633 2526 1963 2592 celebraret,

404 2630 623 2688 repente
646 2630 751 2675 tam
775 2635 953 2675 acrem
970 2619 1207 2675 dolorem
1231 2619 1431 2674 sentire
1452 2618 1505 2671 in
1527 2617 1778 2672 dentibus
1798 2617 1965 2685 erepit

404 2720 462 2763 ut
497 2710 609 2780 jam
653 2711 705 2764 in
739 2710 904 2765 choro
936 2709 1004 2763 ad
1033 2707 1367 2778 psallendum
1408 2717 1556 2763 stare
1588 2706 1811 2760 omnino
1849 2720 1957 2759 non

404 2804 606 2865 posset.
644 2796 745 2863 Qui
798 2797 1046 2868 protinus
1093 2796 1306 2857 exiens,
1349 2809 1513 2863 super
1550 2794 1856 2863 sepulcrum
1901 2806 1963 2848 se

404 2886 629 2941 Berardi
679 2895 842 2954 atque
889 2883 1180 2940 Gaudentii
1238 2882 1580 2938 lamentando
1626 2882 1871 2952 jaclavit,
1911 2892 1967 2936 et
2009 2943 2011 2946 ε

2063 1904 2363 1975 projectum
2403 1905 2470 1960 de
2507 1905 2650 1961 lecto
2692 1920 2832 1975 pene
2862 1908 3189 1962 seminecem
3236 1905 3637 1973 derelinquunt.

2069 1993 2265 2049 Merito
2284 2009 2517 2064 namque
2542 2005 2651 2049 tam
2680 1995 2941 2065 superbos
2963 2009 3072 2070 suae
3092 1994 3405 2050 oﬂ‘ensionis
3431 1995 3637 2049 ultores

2062 2083 2306 2154 pertulit,
2346 2085 2440 2153 qui
2484 2085 2538 2140 in
2583 2086 2747 2139 talem
2780 2085 2960 2139 virum
2989 2079 3284 2155 postposita
3332 2084 3635 2140 humilitate

2062 2172 2329 2242 peccavit,
2359 2182 2414 2227 et
2456 2172 2581 2227 dum
2628 2174 2717 2243 pio
2755 2173 3013 2243 magistro
3043 2188 3147 2227 non
3190 2172 3437 2228 exhibuit
3478 2188 3636 2228 reve-

2064 2261 2321 2326 tentiam,
2340 2274 2409 2315 ex
2441 2260 2593 2315 duris
2626 2270 2683 2317 et
2728 2261 2908 2331 impiis
2929 2261 3097 2315 sensit
3131 2261 3379 2316 manibus
3405 2260 3639 2331 discipli-

2064 2363 2210 2404 nam.
2250 2346 2513 2405 Similiter
2548 2364 2768 2421 quoque
2811 2349 3150 2419 postmodum
3183 2350 3512 2406 venerabilis
3552 2353 3637 2405 vir

2065 2440 2169 2496 iter
2187 2449 2428 2503 acturus,
2457 2440 2624 2495 alium
2647 2442 2700 2495 in
2729 2441 2915 2495 eadem
2938 2440 3070 2495 cella
3096 2441 3414 2511 discipulum
3440 2441 3636 2496 dereli-

2064 2531 2202 2602 quit.
2234 2532 2334 2586 Cui
2377 2547 2501 2586 cum
2540 2532 2836 2603 discipulus
2858 2531 3065 2588 diceret
3094 2550 3106 2586 :
3140 2532 3418 2602 Magister,
3445 2548 3546 2603 ego
3572 2534 3630 2587 in

2065 2621 2206 2677 lecto
2237 2630 2330 2677 tuo
2374 2637 2482 2678 non
2523 2622 2700 2694 jaceo,
2748 2623 2875 2691 quia
2920 2623 3061 2687 quod
3090 2621 3182 2676 alii
3209 2627 3458 2692 contigit,
3496 2623 3629 2676 mihi

2064 2709 2235 2765 etiam
2259 2720 2655 2779 consequenter
2686 2710 2903 2766 evenire
2924 2698 3175 2776 formido,
3201 2709 3285 2764 ille
3313 2711 3627 2780 respondit:

2065 2796 2169 2854 Fili
2198 2798 2296 2865 mi,
2322 2797 2444 2869 jace
2465 2807 2519 2854 et
2545 2798 2718 2853 dormi
2747 2813 2999 2863 securus;
3034 2798 3122 2851 ille
3149 2798 3289 2852 enim
3313 2798 3365 2851 in
3390 2813 3455 2852 eo
3481 2813 3635 2853 recu-

2066 2888 2243 2956 bans,
2286 2890 2490 2944 idcirco
2530 2891 2583 2943 in
2620 2904 2812 2944 manus
2858 2889 3200 2943 inimicorum
3252 2888 3461 2953 incidit,
3505 2888 3636 2956 quia

408 2975 667 3029 medelam
689 2975 789 3029 sibi
816 2988 911 3044 per
937 2988 1030 3028 eos
1054 2973 1338 3043 provenire
1364 2986 1618 3042 sperans,
1652 2971 1883 3026 medium
1906 2984 1966 3025 se
2002 3040 2035 3047 _
2068 2976 2352 3047 parvitatis
2392 2990 2525 3032 mea:
2553 2975 2827 3030 licentiam
2858 2990 2963 3029 non
2986 2975 3216 3045 accepit,
3245 2984 3301 3029 tu
3334 2982 3516 3029 autem
3545 2989 3640 3029 ac-

408 3066 546 3119 inter
566 3040 849 3134 utrumque
877 3040 1152 3119 constituit
1178 3061 1348 3131 (317),
1372 3040 1606 3130 dumque
1634 3058 1708 3115 ibi
1724 3060 1966 3131 aliquan-
1992 3040 2037 3102 (ἶ
2068 3040 2226 3135 cepto
2263 3077 2553 3129 consensu,
2596 3063 2649 3117 in
2691 3062 2800 3118 Deo
2838 3078 2987 3132 spem
3020 3040 3177 3132 pone,
3200 3070 3257 3116 et
3288 3061 3403 3115 sine
3433 3076 3638 3131 pavore

408 3156 700 3224 diujacens
725 3164 926 3222 oraret,
956 3170 1079 3210 mox
1106 3170 1227 3209 eum
1254 3168 1475 3208 somnus
1503 3154 1790 3222 Oppressit.
1819 3153 1964 3209 lllice

408 3261 539 3301 sane
589 3246 739 3301 videt
797 3246 1093 3301 Berardum
1153 3242 1575 3299 sacerdotalibus
1634 3246 1967 3299 ornamentis

409 3338 835 3411 splendidissime
887 3337 1232 3400 decoratum,
1280 3341 1549 3389 tenentem
1600 3334 1655 3388 in
1720 3334 1967 3389 manibus

408 3428 603 3482 librum
637 3426 817 3480 aureis
842 3425 1035 3481 litteris
1064 3424 1347 3494 scriptum,
1390 3430 1515 3477 ante
1552 3421 1722 3481 altare
1759 3421 1969 3477 scilicet

409 3526 643 3572 stantem
694 3524 749 3570 et
805 3516 1090 3569 missarum
1142 3513 1402 3569 solemnia
1456 3511 1843 3567 celebrantem.
1899 3511 1971 3566 At

411 3607 583 3660 cernit
639 3604 997 3659 Gaudentium
1052 3612 1409 3667 maerentem,
1458 3600 1670 3654 tristem
1734 3601 1970 3656 demisso
2042 3648 2050 3657 .

412 3694 581 3758 vultu,
609 3704 727 3763 post
748 3702 953 3762 tergum
982 3691 1198 3746 Berardi
1222 3689 1407 3762 procul
1427 3688 1702 3754 assistere,
1724 3696 1801 3754 et,
1823 3687 1970 3744 velut

412 3783 956 3846 excommunicatum,
991 3782 1160 3836 sacris
1211 3779 1639 3850 appropinquare
1701 3779 1972 3849 mysteriis

415 3888 520 3926 non
565 3872 784 3925 audere.
817 3870 915 3936 Qui
963 3884 1084 3922 mox
1111 3867 1320 3922 locutus
1345 3876 1428 3922 est
1449 3866 1517 3931 ei,
1550 3867 1735 3921 dicens
1763 3865 1969 3932 :Vides,

416 3964 620 4031 inquit,
675 3960 871 4021 frater,
922 3960 1069 4013 illum
1122 3958 1347 4014 Berardi
1395 3958 1593 4012 librum
1649 3957 1974 4013 mirabiliter

413 4051 760 4105 deauratum?
813 4050 926 4119 Ego
975 4064 1186 4118 quoque
1241 4048 1400 4103 talem
1446 4063 1544 4116 per
1589 4049 1769 4101 omnia
1804 4038 1975 4103 nunc

414 4141 688 4203 haberem,
720 4138 821 4191 nisi
863 4138 1009 4190 illum
1051 4137 1203 4203 mihi,
1236 4138 1362 4199 heu,
1394 4137 1527 4189 heul
1560 4134 1825 4190 Tedaldus
1859 4150 1974 4191 mo-

417 4229 621 4283 nachus
648 4227 975 4280 abstulisset.
1000 4226 1299 4294 Statimque
1322 4224 1490 4279 frater
1507 4224 1785 4294 evigilans,
1810 4239 1972 4281 sanus

415 4328 471 4373 et
514 4316 818 4380 incolumis,
849 4315 1032 4386 fugato
1063 4316 1208 4370 omni
1240 4314 1446 4380 dolore,
1477 4314 1734 4369 surrexit.
1770 4314 1973 4371 Deinde

414 4411 571 4465 laetus
610 4411 871 4464 visionem
908 4424 1063 4463 suam
1087 4409 1342 4463 fratribus
1370 4422 1467 4479 per
1496 4407 1737 4462 ordinem
1766 4406 1973 4467 retulit.

416 4501 568 4571 Quod
605 4496 934 4554 Romualdus
970 4499 1191 4553 audiens
1232 4497 1371 4553 illico
1414 4496 1671 4566 prmeepit
1714 4495 1973 4552 fratribus

418 4598 476 4644 ut
515 4586 627 4653 jam
660 4585 960 4640 Gaudentio
999 4584 1294 4638 fraternam
1332 4584 1653 4639 cbaritatem
1696 4583 1974 4653 impende-

419 4688 555 4740 rent,
594 4686 756 4745 atque
795 4692 894 4745 pro
921 4675 1223 4730 eo'enixius
1248 4683 1485 4730 orarent.
1515 4674 1667 4731 Unde
1712 4689 1817 4729 non
1855 4674 1973 4729 sine

418 4767 626 4823 ratione
654 4764 920 4835 colligitur
952 4762 1113 4837 475
1149 4763 1295 4834 quod
1337 4763 1426 4819 ille
1470 4763 1564 4833 qui
1601 4766 1844 4834 privatus
1882 4778 1972 4819 so-

419 4968 507 5021 hic
550 4979 727 5020 sermo
757 4970 860 5025 est,
892 4960 1043 5030 cujus
1066 4967 1121 5030 et
1149 4957 1374 5030 mentio
1385 4970 1556 5030 supra.
1573 4969 1689 5024 cap.
1720 4954 1789 5010 d3
1823 4954 1965 5030 facta

417 5036 538 5090 fuit.
581 5033 733 5104 Quod
759 5023 887 5086 vero
910 5023 974 5085 ΒΣ
1001 5028 1232 5104 scriptor
1278 5026 1425 5080 addit
1457 5023 1965 5104 hujus.rrtonasterii,

416 5120 540 5158 cum
583 5095 825 5172 proxime
866 5107 1035 5172 antea_
1060 5095 1174 5163 ejus
1221 5110 1329 5150 non
1353 5095 1687 5172 meminerit,
1723 5101 1970 5172 patenter

417 5174 561 5230 idem
584 5161 704 5225 'hoc
749 5161 1132 5222 monasterium
1162 5178 1315 5228 esse,
1353 5162 1405 5216 in
1434 5177 1539 5230 quo
1563 5170 1672 5230 tum
1695 5161 1972 5230 scribebat

421 5228 579 5309 atque
617 5236 1061 5309 conversabatur,
1094 5233 1183 5309 illa
1210 5228 1477 5309 ostensiva
1504 5229 1767 5309 particula
1795 5228 1969 5309 mani-

417 5296 600 5365 l‘estat.
634 5308 715 5361 Ad
750 5307 853 5360 hoc
879 5296 1263 5359 monasterium
1296 5302 1383 5355 bis
1406 5296 1628 5356 missum
1654 5296 1821 5352 fuisse
1862 5296 1968 5353 Da-

418 5379 654 5432 mianum
681 5376 912 5431 Joannes
942 5373 1057 5441 ejus
1081 5370 1213 5426 Vita).
1236 5380 1437 5441 auctor
1452 5367 1639 5441 refert.
1661 5365 1766 5435 Qui
1787 5374 1966 5421 autem

418 5446 576 5513 hujus
599 5446 665 5497 ad
686 5436 1217 5513 dictionem'abbatis,
1248 5455 1351 5493 non
1375 5438 1440 5491 ad
1464 5436 1687 5491 alteram
1712 5444 1970 5513 monastej

420 5502 502 5575 mf
526 5513 870 5581 spectandum
904 5526 1024 5565 esse
1058 5502 1398 5581 existiment,
1441 5520 1577 5581 opus
1598 5502 1860 5581 _pro_l:ecto
1888 5510 1972 5581 est

419 5571 737 5637 ut'credant
783 5581 1097 5633 Damianum
1142 5578 1209 5631 ad
1248 5571 1540 5631 monachos
1596 5571 1654 5628 S.
1707 5571 1972 5627 Vincentii

2066 3154 2303 3223 quiesce.
2348 3151 2450 3221 Qui
2488 3150 2733 3207 videlicet
2773 3153 2828 3206 in
2867 3166 2964 3216 eo,
3008 3151 3149 3205 sicut
3181 3150 3367 3221 jussus
3412 3141 3632 3215 fuerat,

2060 3239 2256 3307 jacuit,
2279 3246 2337 3296 et
2356 3237 2559 3293 nullum
2590 3238 2811 3293 omnino
2858 3252 3043 3294 casum
3072 3237 3413 3292 adversitatis
3447 3239 3628 3292 incur—

2067 3330 2161 3384 rit.

2654 3414 2882 3472 CAPUT
2912 3414 3044 3470 LIX.

2065 3511 2147 3569 De
2192 3512 2411 3568 muliere
2459 3511 2514 3566 in
2563 3512 2843 3565 amentiam
2889 3528 3055 3576 versa,
3089 3520 3137 3564 et
3175 3510 3453 3565 Romualdi
3484 3511 3634 3564 bene-

2620 3581 2848 3634 dictione
2872 3593 3078 3634 sanata.

2140 3691 2426 3747 Saecularis
2442 3691 2657 3760 quidam
2672 3691 2776 3755 vir,
2789 3690 3060 3745 Arduinus
3080 3691 3316 3756 nomine,
3339 3691 3637 3746 Romualdo

2074 3799 2134 3839 se
2163 3783 2230 3837 ad
2272 3782 2672 3852 suscipiendum
2705 3789 2907 3835 sanctae
2931 3783 3359 3836 conversationis
3391 3781 3631 3835 habitum

2070 3871 2318 3936 tradidit;
2351 3870 2542 3925 deinde
2570 3870 2807 3933 domum,
2840 3879 2895 3923 ut
2927 3886 3021 3924 sua
3050 3886 3276 3940 quaeque
3301 3871 3629 3939 disponeret,

2072 3961 2351 4016 remeavit.
2376 3961 2617 4030 Cumque
2643 3974 2764 4015 eum
2792 3976 2929 4015 uxor
2956 3976 3050 4015 sua
3077 3966 3380 4015 venientem
3397 3962 3636 4026 vidisset,

2070 4051 2303 4105 fetnineo
2321 4050 2574 4104 nimirum
2604 4049 2785 4104 furore
2806 4064 3086 4115 succensa,
3103 4049 3425 4105 exclamavit
3452 4051 3637 4104 adver-

2071 4154 2163 4195 sus
2174 4144 2317 4204 eum,
2335 4140 2521 4193 dicens
2541 4157 2552 4190 :
2574 4138 2682 4203 Sic,
2708 4139 2846 4193 bone
2857 4139 2957 4201 vir,
2976 4139 3043 4193 ab
3062 4138 3314 4193 breretico
3328 4138 3481 4193 ill’oet
3501 4140 3637 4192 anti-

2071 4247 2179 4300 quo
2194 4231 2479 4286 seductore
2501 4245 2646 4283 nunc
2666 4229 2836 4292 venis,
2864 4238 2919 4284 et
2948 4242 3037 4282 me
3062 4230 3311 4282 miseram
3341 4238 3396 4282 et
3414 4229 3637 4283 destiti:-

2075 4331 2185 4376 tam
2215 4321 2359 4375 omni
2391 4320 2626 4373 humano
2652 4317 2845 4372 solatio
2865 4317 3231 4386 derelinquis?
3256 4316 3321 4370 Et
3348 4318 3447 4372 hoc
3469 4317 3632 4378 dicto,

2075 4410 2320 4483 protinus
2359 4409 2413 4461 in
2438 4408 2732 4461 amentiam
2750 4407 3008 4461 venitur.
3040 4414 3095 4460 et
3125 4407 3197 4459 ita
3223 4404 3404 4462 furere
3430 4417 3485 4461 et
3508 4421 3630 4460 con-

2075 4500 2321 4569 quassari
2363 4498 2528 4567 cmpit
2552 4511 2617 4552 ac
2640 4497 2687 4551 si
2721 4504 2971 4568 patenter
2987 4510 3016 4550 a
3041 4496 3305 4551 (temonio
3331 4506 3632 4550 vexaretur.

2075 4586 2319 4644 Hubebat
2375 4595 2554 4641 autem
2594 4586 2680 4640 vir
2727 4596 2945 4640 sanctos
2996 4585 3297 4654 hujusmodi
3347 4594 3635 4639 consuetu-

2075 4677 2277 4740 dinem,
2307 4683 2368 4730 ut
2390 4675 2438 4729 si
2463 4674 2680 4745 quando
2701 4670 2900 4728 fratres
2926 4673 2983 4727 in
3008 4673 3155 4729 viam
3169 4672 3439 4743 dirigeret,
3469 4672 3638 4727 bene-

2072 4765 2369 4822 dictionem
2392 4763 2517 4833 illis,
2544 4763 2662 4819 sive
2697 4776 2914 4833 panem,
2940 4762 3056 4819 sive
3078 4776 3315 4832 pomum,
3345 4776 3443 4817 seu
3471 4760 3642 4832 quotb

2070 4960 2212 5015 hanc
2253 4952 2540 5025 Romualdi
2593 4952 2885 5025 historiam
2917 4954 3214 5017 direxisse,
3250 4954 3392 5023 quod
3408 4955 3633 5025 penitus

2072 5034 2227 5083 caret
2262 5024 2637 5079 fundamento.
2673 5022 2751 5076 De
2785 5023 2891 5077 hoc
2922 5033 3101 5077 autem
3130 5022 3457 5077 monasterio
3487 5038 3613 5077 men

2074 5097 2275 5151 tionem
2305 5091 2437 5146 facit
2472 5090 2663 5147 Petrus
2695 5090 2942 5160 Damiani
2982 5091 3033 5146 in
3062 5092 3222 5160 epist.
3259 5091 3333 5147 '52
3388 5091 3512 5146 libri
3557 5107 3632 5154 tv,

2070 5175 2127 5220 et
2153 5163 2262 5217 alia
2305 5161 2373 5216 l5
2419 5160 2544 5215 libri
2574 5176 2670 5215 vn.
2718 5159 2908 5215 Exstat
2951 5159 3127 5215 medio
3170 5160 3227 5215 in
3269 5161 3461 5214 itinere
3494 5162 3633 5213 inter

2071 5232 2299 5289 Callium
2336 5245 2401 5284 ac
2430 5229 2967 5297 Ferosempronium;
3012 5227 3409 5298 Urbinatesque
3460 5230 3633 5283 Cano-

2073 5303 2182 5356 nici
2208 5300 2446 5365 ejusdem
2466 5299 2724 5353 reditibus
2740 5299 2993 5366 gaudent.

2139 5368 2287 5439 (517)
2323 5368 2448 5422 Haec
2472 5366 2668 5439 verba,
2701 5378 2748 5419 et
2780 5367 3031 5439 medelam
3060 5368 3160 5419 sibi
3196 5383 3287 5435 per
3326 5382 3413 5419 eos
3450 5381 3632 5439 prose-

2071 5435 2185 5492 m're
2213 5435 2449 5506 sperans,
2485 5436 2717 5489 medium
2758 5451 2811 5487 se
2855 5438 2990 5489 inter
3034 5446 3309 5503 utrumque
3343 5435 3631 5499 constituit,

2074 5509 2128 5563 in
2165 5508 2427 5563 Vaticano
2469 5505 2653 5559 codice
2696 5501 3089 5558 desiderantur.

2074 5519 2128 5563 111
2172 5519 2427 5563 Vaticano
2469 5519 2653 5559 COGICC
2696 5519 3089 5558 aesmerantur.
