  <div class='ocr_page' id='page_1' title='image "/cluster/home/n/w/nwhite01/storage/ocr_20150623/144/hvd.32044054760046/506.png"; bbox 0 0 4108 6206; ppageno 0'>
   <div class='ocr_carea' id='block_1_1' title="bbox 218 280 3729 359">
    <p class='ocr_par' dir='ltr' id='par_1_1' title="bbox 218 280 3729 359">
     <span class='ocr_line' id='line_1_1' title="bbox 218 280 3729 359; baseline -0.005 -1"><span class='ocrx_word' id='word_1_1' title='bbox 218 281 344 359; x_wconf 75' lang='lat' dir='ltr'><strong>lcet</strong></span> <span class='ocrx_word' id='word_1_2' title='bbox 1601 280 1778 351; x_wconf 82' lang='lat' dir='ltr'>VITA</span> <span class='ocrx_word' id='word_1_3' title='bbox 1823 291 1883 351; x_wconf 90' lang='lat' dir='ltr'><strong>s.</strong></span> <span class='ocrx_word' id='word_1_4' title='bbox 1926 286 2343 353; x_wconf 82' lang='lat' dir='ltr'><strong>ROMUALDI.</strong></span> <span class='ocrx_word' id='word_1_5' title='bbox 2694 342 2697 345; x_wconf 71' lang='grc'>,</span> <span class='ocrx_word' id='word_1_6' title='bbox 3584 290 3729 358; x_wconf 70' lang='lat' dir='ltr'><strong>um</strong></span> 
     </span>
    </p>
   </div>
   <div class='ocr_carea' id='block_1_2' title="bbox 213 410 3718 494">
    <p class='ocr_par' dir='ltr' id='par_1_2' title="bbox 213 410 3718 494">
     <span class='ocr_line' id='line_1_2' title="bbox 213 410 3718 494; baseline 0.001 -16"><span class='ocrx_word' id='word_1_7' title='bbox 213 432 451 493; x_wconf 88' lang='lat' dir='ltr'><strong>cunque</strong></span> <span class='ocrx_word' id='word_1_8' title='bbox 474 412 636 476; x_wconf 81' lang='lat' dir='ltr'>aliud</span> <span class='ocrx_word' id='word_1_9' title='bbox 664 410 842 476; x_wconf 89' lang='lat' dir='ltr'><strong>daret.</strong></span> <span class='ocrx_word' id='word_1_10' title='bbox 884 410 1052 475; x_wconf 87' lang='lat' dir='ltr'><strong>Unde</strong></span> <span class='ocrx_word' id='word_1_11' title='bbox 1079 413 1368 490; x_wconf 87' lang='lat' dir='ltr'><strong>discipuli,</strong></span> <span class='ocrx_word' id='word_1_12' title='bbox 1413 421 1477 474; x_wconf 92' lang='lat' dir='ltr'><strong>ut</strong></span> <span class='ocrx_word' id='word_1_13' title='bbox 1515 414 1739 489; x_wconf 80' lang='lat' dir='ltr'><strong>experti</strong></span> <span class='ocrx_word' id='word_1_14' title='bbox 1764 416 2177 485; x_wconf 65' lang='lat' dir='ltr'><strong>mul-Acanis</strong></span> <span class='ocrx_word' id='word_1_15' title='bbox 2225 415 2473 491; x_wconf 76' lang='lat' dir='ltr'><strong>efﬁgiem</strong></span> <span class='ocrx_word' id='word_1_16' title='bbox 2515 415 2820 488; x_wconf 81' lang='lat' dir='ltr'><strong>simulans,</strong></span> <span class='ocrx_word' id='word_1_17' title='bbox 2866 432 3001 476; x_wconf 91' lang='lat' dir='ltr'><strong>cum</strong></span> <span class='ocrx_word' id='word_1_18' title='bbox 3049 414 3197 474; x_wconf 80' lang='lat'><strong>4&#39;77</strong></span> <span class='ocrx_word' id='word_1_19' title='bbox 3242 433 3453 494; x_wconf 82' lang='lat' dir='ltr'><strong>magno</strong></span> <span class='ocrx_word' id='word_1_20' title='bbox 3494 418 3718 494; x_wconf 83' lang='lat' dir='ltr'><strong>impetu</strong></span> 
     </span>
    </p>
   </div>
   <div class='ocr_carea' id='block_1_3' title="bbox 136 503 3719 583">
    <p class='ocr_par' dir='ltr' id='par_1_3' title="bbox 136 503 3719 583">
     <span class='ocr_line' id='line_1_3' title="bbox 136 503 3719 583; baseline 0.001 -18"><span class='ocrx_word' id='word_1_21' title='bbox 136 564 143 565; x_wconf 61' lang='lat'><strong><em>,</em></strong></span> <span class='ocrx_word' id='word_1_22' title='bbox 214 509 381 569; x_wconf 90' lang='lat' dir='ltr'><strong>toties</strong></span> <span class='ocrx_word' id='word_1_23' title='bbox 429 507 680 573; x_wconf 87' lang='lat' dir='ltr'><strong>fuerant,</strong></span> <span class='ocrx_word' id='word_1_24' title='bbox 721 511 947 565; x_wconf 90' lang='lat' dir='ltr'><strong>certum</strong></span> <span class='ocrx_word' id='word_1_25' title='bbox 990 504 1265 563; x_wconf 89' lang='lat' dir='ltr'><strong>tenebant</strong></span> <span class='ocrx_word' id='word_1_26' title='bbox 1317 504 1473 578; x_wconf 92' lang='lat' dir='ltr'><strong>quod</strong></span> <span class='ocrx_word' id='word_1_27' title='bbox 1526 505 1578 561; x_wconf 90' lang='lat' dir='ltr'><strong>si</strong></span> <span class='ocrx_word' id='word_1_28' title='bbox 1626 519 1701 562; x_wconf 85' lang='lat' dir='ltr'><strong>ex</strong></span> <span class='ocrx_word' id='word_1_29' title='bbox 1747 503 1927 565; x_wconf 89' lang='lat' dir='ltr'><strong>bene-</strong></span> <span class='ocrx_word' id='word_1_30' title='bbox 2015 505 2249 565; x_wconf 83' lang='lat' dir='ltr'><strong>obviam</strong></span> <span class='ocrx_word' id='word_1_31' title='bbox 2288 506 2480 576; x_wconf 90' lang='lat' dir='ltr'><strong>irruit,</strong></span> <span class='ocrx_word' id='word_1_32' title='bbox 2512 512 2567 563; x_wconf 92' lang='lat' dir='ltr'><strong>et</strong></span> <span class='ocrx_word' id='word_1_33' title='bbox 2609 520 2829 579; x_wconf 91' lang='lat' dir='ltr'><strong>equum</strong></span> <span class='ocrx_word' id='word_1_34' title='bbox 2864 507 2959 565; x_wconf 91' lang='lat' dir='ltr'><strong>cui</strong></span> <span class='ocrx_word' id='word_1_35' title='bbox 3009 507 3319 579; x_wconf 89' lang='lat' dir='ltr'><strong>insidebat,</strong></span> <span class='ocrx_word' id='word_1_36' title='bbox 3361 508 3441 566; x_wconf 91' lang='lat' dir='ltr'><strong>ita</strong></span> <span class='ocrx_word' id='word_1_37' title='bbox 3476 514 3544 567; x_wconf 89' lang='lat' dir='ltr'><strong>ut</strong></span> <span class='ocrx_word' id='word_1_38' title='bbox 3572 524 3719 583; x_wconf 88' lang='lat' dir='ltr'><strong>pene</strong></span> 
     </span>
    </p>
   </div>
   <div class='ocr_carea' id='block_1_4' title="bbox 213 592 3722 671">
    <p class='ocr_par' dir='ltr' id='par_1_4' title="bbox 213 592 3722 671">
     <span class='ocr_line' id='line_1_4' title="bbox 213 592 3722 671; baseline -0.001 -13"><span class='ocrx_word' id='word_1_39' title='bbox 213 598 464 659; x_wconf 85' lang='lat' dir='ltr'><strong>dictione</strong></span> <span class='ocrx_word' id='word_1_40' title='bbox 502 597 783 669; x_wconf 81' lang='lat' dir='ltr'><strong>magistri,</strong></span> <span class='ocrx_word' id='word_1_41' title='bbox 824 595 1063 654; x_wconf 84' lang='lat' dir='ltr'><strong>cuilibet</strong></span> <span class='ocrx_word' id='word_1_42' title='bbox 1100 600 1315 669; x_wconf 62' lang='lat' dir='ltr'><strong>aegroto</strong></span> <span class='ocrx_word' id='word_1_43' title='bbox 1351 592 1499 649; x_wconf 84' lang='lat'><strong>476</strong></span> <span class='ocrx_word' id='word_1_44' title='bbox 1548 595 1924 668; x_wconf 84' lang='lat' dir='ltr'><strong>porrigerent,</strong></span> <span class='ocrx_word' id='word_1_45' title='bbox 2015 596 2107 655; x_wconf 90' lang='lat' dir='ltr'><strong>vir</strong></span> <span class='ocrx_word' id='word_1_46' title='bbox 2154 601 2386 654; x_wconf 90' lang='lat' dir='ltr'><strong>sanctus</strong></span> <span class='ocrx_word' id='word_1_47' title='bbox 2429 602 2802 668; x_wconf 87' lang='lat' dir='ltr'><strong>mergeretur,</strong></span> <span class='ocrx_word' id='word_1_48' title='bbox 2861 597 3162 655; x_wconf 83' lang='lat' dir='ltr'><strong>exterruit.</strong></span> <span class='ocrx_word' id='word_1_49' title='bbox 3218 595 3569 671; x_wconf 80' lang='lat' dir='ltr'><strong>Interrogati</strong></span> <span class='ocrx_word' id='word_1_50' title='bbox 3627 596 3722 656; x_wconf 86' lang='lat' dir='ltr'><strong>di-</strong></span> 
     </span>
    </p>
   </div>
   <div class='ocr_carea' id='block_1_5' title="bbox 213 683 3722 760">
    <p class='ocr_par' dir='ltr' id='par_1_5' title="bbox 213 683 3722 760">
     <span class='ocr_line' id='line_1_5' title="bbox 213 683 3722 760; baseline -0.001 -13"><span class='ocrx_word' id='word_1_51' title='bbox 213 688 285 748; x_wconf 89' lang='lat' dir='ltr'><strong>ad</strong></span> <span class='ocrx_word' id='word_1_52' title='bbox 319 687 564 747; x_wconf 85' lang='lat' dir='ltr'><strong>salutem</strong></span> <span class='ocrx_word' id='word_1_53' title='bbox 600 685 772 745; x_wconf 89' lang='lat' dir='ltr'><strong>illum</strong></span> <span class='ocrx_word' id='word_1_54' title='bbox 802 685 1156 745; x_wconf 88' lang='lat' dir='ltr'><strong>incolumem</strong></span> <span class='ocrx_word' id='word_1_55' title='bbox 1194 692 1547 744; x_wconf 75' lang='lat' dir='ltr'><strong>revocarent.</strong></span> <span class='ocrx_word' id='word_1_56' title='bbox 1583 685 1727 743; x_wconf 90' lang='lat' dir='ltr'><strong>Nam</strong></span> <span class='ocrx_word' id='word_1_57' title='bbox 1768 692 1824 743; x_wconf 91' lang='lat' dir='ltr'><strong>et</strong></span> <span class='ocrx_word' id='word_1_58' title='bbox 1851 700 1928 742; x_wconf 78' lang='lat' dir='ltr'><strong>ex</strong></span> <span class='ocrx_word' id='word_1_59' title='bbox 2015 684 2225 759; x_wconf 91' lang='lat' dir='ltr'><strong>scipuli</strong></span> <span class='ocrx_word' id='word_1_60' title='bbox 2268 683 2319 744; x_wconf 90' lang='lat' dir='ltr'><strong>si</strong></span> <span class='ocrx_word' id='word_1_61' title='bbox 2371 700 2506 744; x_wconf 92' lang='lat' dir='ltr'><strong>eum</strong></span> <span class='ocrx_word' id='word_1_62' title='bbox 2562 684 2859 756; x_wconf 84' lang='lat' dir='ltr'><strong>vidissent,</strong></span> <span class='ocrx_word' id='word_1_63' title='bbox 2914 686 3421 744; x_wconf 79' lang='lat' dir='ltr'><strong>exhorrescentem</strong></span> <span class='ocrx_word' id='word_1_64' title='bbox 3481 684 3722 760; x_wconf 84' lang='lat' dir='ltr'><strong>quidem</strong></span> 
     </span>
    </p>
   </div>
   <div class='ocr_carea' id='block_1_6' title="bbox 214 772 3729 853">
    <p class='ocr_par' dir='ltr' id='par_1_6' title="bbox 214 772 3729 853">
     <span class='ocr_line' id='line_1_6' title="bbox 214 772 3729 853; baseline -0.001 -17"><span class='ocrx_word' id='word_1_65' title='bbox 214 793 386 853; x_wconf 90' lang='lat' dir='ltr'><strong>aqua,</strong></span> <span class='ocrx_word' id='word_1_66' title='bbox 424 774 580 835; x_wconf 91' lang='lat' dir='ltr'><strong>unde</strong></span> <span class='ocrx_word' id='word_1_67' title='bbox 608 791 819 835; x_wconf 90' lang='lat' dir='ltr'><strong>manus</strong></span> <span class='ocrx_word' id='word_1_68' title='bbox 845 774 973 849; x_wconf 87' lang='lat' dir='ltr'><strong>ejus</strong></span> <span class='ocrx_word' id='word_1_69' title='bbox 997 774 1406 845; x_wconf 83' lang='lat' dir='ltr'><strong>abluebantur,</strong></span> <span class='ocrx_word' id='word_1_70' title='bbox 1439 774 1637 846; x_wconf 86' lang='lat' dir='ltr'><strong>plures</strong></span> <span class='ocrx_word' id='word_1_71' title='bbox 1666 772 1928 847; x_wconf 89' lang='lat' dir='ltr'><strong>languidi</strong></span> <span class='ocrx_word' id='word_1_72' title='bbox 2016 790 2236 850; x_wconf 87' lang='lat' dir='ltr'><strong>equum</strong></span> <span class='ocrx_word' id='word_1_73' title='bbox 2269 775 2638 849; x_wconf 82' lang='lat' dir='ltr'><strong>conspexisse</strong></span> <span class='ocrx_word' id='word_1_74' title='bbox 2677 791 2738 833; x_wconf 92' lang='lat' dir='ltr'><strong>se</strong></span> <span class='ocrx_word' id='word_1_75' title='bbox 2766 783 3054 841; x_wconf 86' lang='lat' dir='ltr'><strong>asserunt,</strong></span> <span class='ocrx_word' id='word_1_76' title='bbox 3097 775 3197 833; x_wconf 90' lang='lat' dir='ltr'><strong>sed</strong></span> <span class='ocrx_word' id='word_1_77' title='bbox 3229 775 3314 834; x_wconf 84' lang='lat' dir='ltr'><strong>nil</strong></span> <span class='ocrx_word' id='word_1_78' title='bbox 3368 774 3483 833; x_wconf 88' lang='lat' dir='ltr'><strong>tale</strong></span> <span class='ocrx_word' id='word_1_79' title='bbox 3517 775 3603 834; x_wconf 89' lang='lat' dir='ltr'><strong>eis</strong></span> <span class='ocrx_word' id='word_1_80' title='bbox 3629 790 3729 848; x_wconf 90' lang='lat' dir='ltr'><strong>ap-</strong></span> 
     </span>
    </p>
   </div>
   <div class='ocr_carea' id='block_1_7' title="bbox 215 861 3726 943">
    <p class='ocr_par' dir='ltr' id='par_1_7' title="bbox 215 861 3726 943">
     <span class='ocr_line' id='line_1_7' title="bbox 215 861 3726 943; baseline -0.001 -15"><span class='ocrx_word' id='word_1_81' title='bbox 215 883 370 943; x_wconf 67' lang='lat' dir='ltr'><strong>smpe</strong></span> <span class='ocrx_word' id='word_1_82' title='bbox 408 864 655 925; x_wconf 88' lang='lat' dir='ltr'><strong>restituti</strong></span> <span class='ocrx_word' id='word_1_83' title='bbox 690 870 830 924; x_wconf 89' lang='lat' dir='ltr'><strong>sunt</strong></span> <span class='ocrx_word' id='word_1_84' title='bbox 866 862 1120 922; x_wconf 88' lang='lat' dir='ltr'><strong>sanitati.</strong></span> <span class='ocrx_word' id='word_1_85' title='bbox 1161 862 1327 933; x_wconf 87' lang='lat' dir='ltr'><strong>Quod</strong></span> <span class='ocrx_word' id='word_1_86' title='bbox 1365 870 1557 926; x_wconf 88' lang='lat' dir='ltr'><strong>tamen</strong></span> <span class='ocrx_word' id='word_1_87' title='bbox 1592 861 1931 920; x_wconf 84' lang='lat' dir='ltr'><strong>cautissime</strong></span> <span class='ocrx_word' id='word_1_88' title='bbox 2017 867 2278 940; x_wconf 90' lang='lat' dir='ltr'><strong>paruisse</strong></span> <span class='ocrx_word' id='word_1_89' title='bbox 2307 872 2603 925; x_wconf 85' lang='lat' dir='ltr'><strong>testantur.</strong></span> <span class='ocrx_word' id='word_1_90' title='bbox 2634 865 2743 924; x_wconf 88' lang='lat' dir='ltr'><strong>Ille</strong></span> <span class='ocrx_word' id='word_1_91' title='bbox 2772 881 2905 925; x_wconf 90' lang='lat' dir='ltr'><strong>vero</strong></span> <span class='ocrx_word' id='word_1_92' title='bbox 2929 865 3010 924; x_wconf 90' lang='lat' dir='ltr'><strong>ait</strong></span> <span class='ocrx_word' id='word_1_93' title='bbox 3042 884 3054 924; x_wconf 93' lang='lat'>:</span> <span class='ocrx_word' id='word_1_94' title='bbox 3092 864 3268 924; x_wconf 85' lang='lat' dir='ltr'><strong>Miser</strong></span> <span class='ocrx_word' id='word_1_95' title='bbox 3301 865 3418 937; x_wconf 88' lang='lat' dir='ltr'><strong>ille,</strong></span> <span class='ocrx_word' id='word_1_96' title='bbox 3448 864 3554 941; x_wconf 90' lang='lat' dir='ltr'><strong>qui</strong></span> <span class='ocrx_word' id='word_1_97' title='bbox 3580 864 3726 924; x_wconf 88' lang='lat' dir='ltr'><strong>olim</strong></span> 
     </span>
    </p>
   </div>
   <div class='ocr_carea' id='block_1_8' title="bbox 216 952 3729 1033">
    <p class='ocr_par' dir='ltr' id='par_1_8' title="bbox 216 952 3729 1033">
     <span class='ocr_line' id='line_1_8' title="bbox 216 952 3729 1033; baseline -0.001 -17"><span class='ocrx_word' id='word_1_98' title='bbox 216 955 514 1033; x_wconf 88' lang='lat' dir='ltr'><strong>oportebat</strong></span> <span class='ocrx_word' id='word_1_99' title='bbox 562 953 708 1026; x_wconf 85' lang='lat' dir='ltr'><strong>fieri,</strong></span> <span class='ocrx_word' id='word_1_100' title='bbox 764 968 840 1011; x_wconf 89' lang='lat' dir='ltr'><strong>ne</strong></span> <span class='ocrx_word' id='word_1_101' title='bbox 891 952 941 1012; x_wconf 88' lang='lat' dir='ltr'><strong>si</strong></span> <span class='ocrx_word' id='word_1_102' title='bbox 988 952 1079 1012; x_wconf 90' lang='lat' dir='ltr'><strong>vir</strong></span> <span class='ocrx_word' id='word_1_103' title='bbox 1120 959 1359 1012; x_wconf 88' lang='lat' dir='ltr'><strong>sanctus</strong></span> <span class='ocrx_word' id='word_1_104' title='bbox 1402 953 1513 1012; x_wconf 88' lang='lat' dir='ltr'><strong>hoc</strong></span> <span class='ocrx_word' id='word_1_105' title='bbox 1559 952 1932 1026; x_wconf 87' lang='lat' dir='ltr'><strong>aliquatenus</strong></span> <span class='ocrx_word' id='word_1_106' title='bbox 2018 953 2330 1029; x_wconf 61' lang='lat' dir='ltr'><strong>praclarus</strong></span> <span class='ocrx_word' id='word_1_107' title='bbox 2376 953 2622 1028; x_wconf 83' lang='lat' dir='ltr'><strong>angelus</strong></span> <span class='ocrx_word' id='word_1_108' title='bbox 2672 954 2851 1012; x_wconf 88' lang='lat' dir='ltr'><strong>fuisse</strong></span> <span class='ocrx_word' id='word_1_109' title='bbox 2897 954 3282 1027; x_wconf 83' lang='lat' dir='ltr'><strong>cognoscitur,</strong></span> <span class='ocrx_word' id='word_1_110' title='bbox 3343 967 3501 1012; x_wconf 88' lang='lat' dir='ltr'><strong>nunc</strong></span> <span class='ocrx_word' id='word_1_111' title='bbox 3546 967 3609 1011; x_wconf 86' lang='lat' dir='ltr'><strong>se</strong></span> <span class='ocrx_word' id='word_1_112' title='bbox 3663 953 3729 1012; x_wconf 87' lang='lat' dir='ltr'><strong>in</strong></span> 
     </span>
    </p>
   </div>
   <div class='ocr_carea' id='block_1_9' title="bbox 218 1041 3467 1122">
    <p class='ocr_par' dir='ltr' id='par_1_9' title="bbox 218 1041 3467 1122">
     <span class='ocr_line' id='line_1_9' title="bbox 218 1041 3467 1122; baseline -0.003 -15"><span class='ocrx_word' id='word_1_113' title='bbox 218 1045 690 1122; x_wconf 88' lang='lat' dir='ltr'><strong>deprehenderet,</strong></span> <span class='ocrx_word' id='word_1_114' title='bbox 730 1042 795 1101; x_wconf 89' lang='lat' dir='ltr'><strong>in</strong></span> <span class='ocrx_word' id='word_1_115' title='bbox 831 1042 1234 1117; x_wconf 85' lang='lat' dir='ltr'><strong>gravissimam</strong></span> <span class='ocrx_word' id='word_1_116' title='bbox 1275 1042 1571 1101; x_wconf 88' lang='lat' dir='ltr'><strong>tristitiam</strong></span> <span class='ocrx_word' id='word_1_117' title='bbox 1609 1041 1926 1101; x_wconf 88' lang='lat' dir='ltr'><strong>deveniret.</strong></span> <span class='ocrx_word' id='word_1_118' title='bbox 2018 1047 2312 1107; x_wconf 81' lang='lat' dir='ltr'><strong>immundi</strong></span> <span class='ocrx_word' id='word_1_119' title='bbox 2340 1047 2529 1120; x_wconf 80' lang='lat' dir='ltr'><strong>specie</strong></span> <span class='ocrx_word' id='word_1_120' title='bbox 2555 1046 2715 1105; x_wconf 80' lang='lat' dir='ltr'><strong>canis</strong></span> <span class='ocrx_word' id='word_1_121' title='bbox 2737 1046 3036 1105; x_wconf 82' lang='lat' dir='ltr'><strong>ostendere</strong></span> <span class='ocrx_word' id='word_1_122' title='bbox 3063 1060 3179 1103; x_wconf 85' lang='lat' dir='ltr'><strong>non</strong></span> <span class='ocrx_word' id='word_1_123' title='bbox 3214 1050 3467 1104; x_wconf 88' lang='lat' dir='ltr'><strong>veretur.</strong></span> 
     </span>
    </p>
   </div>
   <div class='ocr_carea' id='block_1_10' title="bbox 220 1133 3129 1213">
    <p class='ocr_par' dir='ltr' id='par_1_10' title="bbox 220 1133 3129 1213">
     <span class='ocr_line' id='line_1_10' title="bbox 220 1133 3129 1213; baseline -0.001 -14"><span class='ocrx_word' id='word_1_124' title='bbox 220 1140 370 1200; x_wconf 87' lang='lat' dir='ltr'><strong>Cum</strong></span> <span class='ocrx_word' id='word_1_125' title='bbox 395 1137 575 1212; x_wconf 85' lang='lat' dir='ltr'><strong>igitur</strong></span> <span class='ocrx_word' id='word_1_126' title='bbox 608 1137 711 1194; x_wconf 90' lang='lat' dir='ltr'><strong>diu</strong></span> <span class='ocrx_word' id='word_1_127' title='bbox 743 1136 865 1209; x_wconf 86' lang='lat' dir='ltr'><strong>jam</strong></span> <span class='ocrx_word' id='word_1_128' title='bbox 900 1134 1118 1193; x_wconf 85' lang='lat' dir='ltr'><strong>femina</strong></span> <span class='ocrx_word' id='word_1_129' title='bbox 1156 1133 1562 1192; x_wconf 89' lang='lat' dir='ltr'><strong>miserabiliter</strong></span> <span class='ocrx_word' id='word_1_130' title='bbox 1599 1139 1927 1203; x_wconf 87' lang='lat' dir='ltr'><strong>vexaretur,</strong></span> <span class='ocrx_word' id='word_1_131' title='bbox 2240 1212 2243 1213; x_wconf 12' lang='grc' dir='ltr'>ί</span> <span class='ocrx_word' id='word_1_132' title='bbox 2620 1153 2866 1213; x_wconf 72' lang='lat' dir='ltr'><strong>CAPUT</strong></span> <span class='ocrx_word' id='word_1_133' title='bbox 2919 1151 3129 1212; x_wconf 49' lang='lat' dir='ltr'><strong>LX111.</strong></span> 
     </span>
    </p>
   </div>
   <div class='ocr_carea' id='block_1_11' title="bbox 221 1212 3729 1312">
    <p class='ocr_par' dir='ltr' id='par_1_11' title="bbox 221 1212 3729 1312">
     <span class='ocr_line' id='line_1_11' title="bbox 221 1212 3729 1312; baseline -0.005 -24"><span class='ocrx_word' id='word_1_134' title='bbox 221 1227 463 1304; x_wconf 86' lang='lat' dir='ltr'><strong>quidam</strong></span> <span class='ocrx_word' id='word_1_135' title='bbox 503 1225 708 1284; x_wconf 89' lang='lat' dir='ltr'><strong>fratres</strong></span> <span class='ocrx_word' id='word_1_136' title='bbox 750 1222 854 1297; x_wconf 89' lang='lat' dir='ltr'><strong>qui</strong></span> <span class='ocrx_word' id='word_1_137' title='bbox 892 1224 1152 1293; x_wconf 88' lang='lat' dir='ltr'><strong>aderant,</strong></span> <span class='ocrx_word' id='word_1_138' title='bbox 1202 1222 1273 1282; x_wconf 92' lang='lat' dir='ltr'><strong>de</strong></span> <span class='ocrx_word' id='word_1_139' title='bbox 1327 1221 1727 1312; x_wconf 83' lang='lat' dir='ltr'><strong>benedictione</strong></span> <span class='ocrx_word' id='word_1_140' title='bbox 1767 1219 1935 1312; x_wconf 83' lang='lat' dir='ltr'><strong>panis</strong></span> <span class='ocrx_word' id='word_1_141' title='bbox 2016 1246 2152 1300; x_wconf 65' lang='lat' dir='ltr'><strong>mm</strong></span> <span class='ocrx_word' id='word_1_142' title='bbox 2199 1212 2267 1298; x_wconf 54' lang='grc' dir='ltr'><em>δέ</em></span> <span class='ocrx_word' id='word_1_143' title='bbox 2309 1244 2547 1306; x_wconf 45' lang='lat' dir='ltr'><strong>diabolo,</strong></span> <span class='ocrx_word' id='word_1_144' title='bbox 2592 1245 2708 1312; x_wconf 50' lang='lat' dir='ltr'><strong>qui,</strong></span> <span class='ocrx_word' id='word_1_145' title='bbox 2754 1248 2876 1298; x_wconf 64' lang='grc' dir='ltr'><strong>οντα</strong></span> <span class='ocrx_word' id='word_1_146' title='bbox 2903 1245 3048 1298; x_wconf 56' lang='lat' dir='ltr'><strong><em>inter</em></strong></span> <span class='ocrx_word' id='word_1_147' title='bbox 3081 1242 3382 1312; x_wconf 56' lang='lat' dir='ltr'><strong>dim-pulos</strong></span> <span class='ocrx_word' id='word_1_148' title='bbox 3432 1239 3729 1298; x_wconf 61' lang='lat' dir='ltr'><strong>RW</strong></span> 
     </span>
    </p>
   </div>
   <div class='ocr_carea' id='block_1_12' title="bbox 223 1307 3342 1392">
    <p class='ocr_par' dir='ltr' id='par_1_12' title="bbox 223 1307 3342 1392">
     <span class='ocr_line' id='line_1_12' title="bbox 223 1307 3342 1392; baseline -0.002 -18"><span class='ocrx_word' id='word_1_149' title='bbox 223 1331 403 1392; x_wconf 89' lang='lat' dir='ltr'><strong>quam</strong></span> <span class='ocrx_word' id='word_1_150' title='bbox 444 1330 478 1372; x_wconf 93' lang='lat' dir='ltr'><strong>a</strong></span> <span class='ocrx_word' id='word_1_151' title='bbox 518 1311 792 1385; x_wconf 89' lang='lat' dir='ltr'><strong>magistro</strong></span> <span class='ocrx_word' id='word_1_152' title='bbox 834 1317 1223 1385; x_wconf 86' lang='lat' dir='ltr'><strong>susceperant,</strong></span> <span class='ocrx_word' id='word_1_153' title='bbox 1278 1312 1332 1369; x_wconf 93' lang='lat' dir='ltr'><strong>ei</strong></span> <span class='ocrx_word' id='word_1_154' title='bbox 1369 1308 1709 1384; x_wconf 81' lang='lat' dir='ltr'><strong>particulam</strong></span> <span class='ocrx_word' id='word_1_155' title='bbox 1754 1307 1934 1367; x_wconf 89' lang='lat' dir='ltr'><strong>tradi-</strong></span> <span class='ocrx_word' id='word_1_156' title='bbox 2399 1307 2696 1379; x_wconf 75' lang='lat' dir='ltr'><strong>discordia,</strong></span> <span class='ocrx_word' id='word_1_157' title='bbox 2726 1320 2960 1383; x_wconf 81' lang='lat' dir='ltr'><strong>vegetem</strong></span> <span class='ocrx_word' id='word_1_158' title='bbox 2986 1307 3342 1385; x_wconf 73' lang='lat' dir='ltr'><strong>percutiebat.</strong></span> 
     </span>
    </p>
   </div>
   <div class='ocr_carea' id='block_1_13' title="bbox 225 1397 3733 1474">
    <p class='ocr_par' dir='ltr' id='par_1_13' title="bbox 225 1397 3733 1474">
     <span class='ocr_line' id='line_1_13' title="bbox 225 1397 3733 1474; baseline -0.001 -11"><span class='ocrx_word' id='word_1_159' title='bbox 225 1405 457 1464; x_wconf 87' lang='lat' dir='ltr'><strong>derunt.</strong></span> <span class='ocrx_word' id='word_1_160' title='bbox 498 1400 718 1460; x_wconf 89' lang='lat' dir='ltr'><strong>Deinde</strong></span> <span class='ocrx_word' id='word_1_161' title='bbox 762 1415 897 1459; x_wconf 86' lang='lat' dir='ltr'><strong>cum</strong></span> <span class='ocrx_word' id='word_1_162' title='bbox 953 1399 1060 1457; x_wconf 86' lang='lat' dir='ltr'><strong>hoc</strong></span> <span class='ocrx_word' id='word_1_163' title='bbox 1109 1397 1325 1459; x_wconf 87' lang='lat' dir='ltr'><strong>mulier</strong></span> <span class='ocrx_word' id='word_1_164' title='bbox 1382 1398 1743 1468; x_wconf 87' lang='lat' dir='ltr'><strong>comedisset,</strong></span> <span class='ocrx_word' id='word_1_165' title='bbox 1795 1412 1938 1456; x_wconf 83' lang='lat' dir='ltr'><strong>mox</strong></span> <span class='ocrx_word' id='word_1_166' title='bbox 2097 1401 2324 1460; x_wconf 80' lang='lat' dir='ltr'><strong>Rursus</strong></span> <span class='ocrx_word' id='word_1_167' title='bbox 2340 1400 2454 1460; x_wconf 89' lang='lat' dir='ltr'><strong>alio</strong></span> <span class='ocrx_word' id='word_1_168' title='bbox 2479 1410 2731 1474; x_wconf 84' lang='lat' dir='ltr'><strong>tempore</strong></span> <span class='ocrx_word' id='word_1_169' title='bbox 2753 1417 2893 1460; x_wconf 93' lang='lat' dir='ltr'><strong>cum</strong></span> <span class='ocrx_word' id='word_1_170' title='bbox 2920 1401 3338 1460; x_wconf 89' lang='lat' dir='ltr'><strong>monasterium</strong></span> <span class='ocrx_word' id='word_1_171' title='bbox 3363 1399 3733 1459; x_wconf 84' lang='lat' dir='ltr'><strong>Ancillarum</strong></span> 
     </span>
    </p>
   </div>
   <div class='ocr_carea' id='block_1_14' title="bbox 230 1488 3741 1564">
    <p class='ocr_par' dir='ltr' id='par_1_14' title="bbox 230 1488 3741 1564">
     <span class='ocr_line' id='line_1_14' title="bbox 230 1488 3741 1564; baseline -0.001 -12"><span class='ocrx_word' id='word_1_172' title='bbox 230 1490 660 1560; x_wconf 76' lang='lat' dir='ltr'><strong>mentasedata,</strong></span> <span class='ocrx_word' id='word_1_173' title='bbox 693 1489 766 1548; x_wconf 92' lang='lat' dir='ltr'><strong>ab</strong></span> <span class='ocrx_word' id='word_1_174' title='bbox 790 1488 948 1549; x_wconf 91' lang='lat' dir='ltr'><strong>omni</strong></span> <span class='ocrx_word' id='word_1_175' title='bbox 978 1488 1239 1548; x_wconf 89' lang='lat' dir='ltr'><strong>redditur</strong></span> <span class='ocrx_word' id='word_1_176' title='bbox 1266 1490 1514 1548; x_wconf 67' lang='lat' dir='ltr'><strong>insaniae</strong></span> <span class='ocrx_word' id='word_1_177' title='bbox 1542 1490 1737 1547; x_wconf 88' lang='lat' dir='ltr'><strong>furore</strong></span> <span class='ocrx_word' id='word_1_178' title='bbox 1767 1488 1939 1546; x_wconf 87' lang='lat' dir='ltr'><strong>liber-</strong></span> <span class='ocrx_word' id='word_1_179' title='bbox 1992 1488 2149 1560; x_wconf 72' lang='lat' dir='ltr'><strong>‘Dei,</strong></span> <span class='ocrx_word' id='word_1_180' title='bbox 2181 1490 2339 1564; x_wconf 84' lang='lat' dir='ltr'><strong>quod</strong></span> <span class='ocrx_word' id='word_1_181' title='bbox 2382 1494 2467 1548; x_wconf 89' lang='lat' dir='ltr'><strong>est</strong></span> <span class='ocrx_word' id='word_1_182' title='bbox 2508 1490 2574 1547; x_wconf 92' lang='lat' dir='ltr'><strong>in</strong></span> <span class='ocrx_word' id='word_1_183' title='bbox 2605 1488 2922 1547; x_wconf 89' lang='lat' dir='ltr'><strong>Vallebona</strong></span> <span class='ocrx_word' id='word_1_184' title='bbox 2965 1489 3122 1562; x_wconf 84' lang='lat'><strong>(319),</strong></span> <span class='ocrx_word' id='word_1_185' title='bbox 3164 1496 3496 1548; x_wconf 89' lang='lat' dir='ltr'><strong>construere</strong></span> <span class='ocrx_word' id='word_1_186' title='bbox 3534 1489 3741 1548; x_wconf 80' lang='lat' dir='ltr'><strong>decre-</strong></span> 
     </span>
    </p>
   </div>
   <div class='ocr_carea' id='block_1_15' title="bbox 232 1574 3736 1654">
    <p class='ocr_par' dir='ltr' id='par_1_15' title="bbox 232 1574 3736 1654">
     <span class='ocr_line' id='line_1_15' title="bbox 232 1574 3736 1654; baseline -0.003 -11"><span class='ocrx_word' id='word_1_187' title='bbox 232 1584 399 1643; x_wconf 89' lang='lat' dir='ltr'><strong>rima.</strong></span> <span class='ocrx_word' id='word_1_188' title='bbox 442 1581 587 1653; x_wconf 64' lang='lat' dir='ltr'><strong>Quae</strong></span> <span class='ocrx_word' id='word_1_189' title='bbox 631 1579 897 1654; x_wconf 87' lang='lat' dir='ltr'><strong>protinus</strong></span> <span class='ocrx_word' id='word_1_190' title='bbox 935 1579 1316 1653; x_wconf 89' lang='lat' dir='ltr'><strong>omnipotenti</strong></span> <span class='ocrx_word' id='word_1_191' title='bbox 1360 1579 1480 1638; x_wconf 90' lang='lat' dir='ltr'><strong>Deo</strong></span> <span class='ocrx_word' id='word_1_192' title='bbox 1509 1587 1564 1637; x_wconf 91' lang='lat' dir='ltr'><strong>et</strong></span> <span class='ocrx_word' id='word_1_193' title='bbox 1612 1576 1938 1637; x_wconf 84' lang='lat' dir='ltr'><strong>Romualdo</strong></span> <span class='ocrx_word' id='word_1_194' title='bbox 2024 1579 2220 1649; x_wconf 79' lang='lat' dir='ltr'><strong>visaet,</strong></span> <span class='ocrx_word' id='word_1_195' title='bbox 2247 1576 2530 1635; x_wconf 83' lang='lat' dir='ltr'><strong>discordia</strong></span> <span class='ocrx_word' id='word_1_196' title='bbox 2562 1591 2701 1634; x_wconf 83' lang='lat' dir='ltr'><strong>mox</strong></span> <span class='ocrx_word' id='word_1_197' title='bbox 2734 1576 2885 1634; x_wconf 90' lang='lat' dir='ltr'><strong>inter</strong></span> <span class='ocrx_word' id='word_1_198' title='bbox 2914 1577 3096 1635; x_wconf 90' lang='lat' dir='ltr'><strong>sancti</strong></span> <span class='ocrx_word' id='word_1_199' title='bbox 3128 1576 3240 1634; x_wconf 91' lang='lat' dir='ltr'><strong>viri</strong></span> <span class='ocrx_word' id='word_1_200' title='bbox 3278 1574 3592 1648; x_wconf 89' lang='lat' dir='ltr'><strong>discipulos</strong></span> <span class='ocrx_word' id='word_1_201' title='bbox 3617 1576 3736 1633; x_wconf 88' lang='lat' dir='ltr'><strong>ori-</strong></span> 
     </span>
    </p>
   </div>
   <div class='ocr_carea' id='block_1_16' title="bbox 231 1665 3736 1742">
    <p class='ocr_par' dir='ltr' id='par_1_16' title="bbox 231 1665 3736 1742">
     <span class='ocr_line' id='line_1_16' title="bbox 231 1665 3736 1742; baseline -0.001 -14"><span class='ocrx_word' id='word_1_202' title='bbox 231 1669 454 1729; x_wconf 88' lang='lat' dir='ltr'><strong>famulo</strong></span> <span class='ocrx_word' id='word_1_203' title='bbox 507 1668 633 1742; x_wconf 88' lang='lat' dir='ltr'><strong>ejus</strong></span> <span class='ocrx_word' id='word_1_204' title='bbox 692 1675 1040 1741; x_wconf 66' lang='lat' dir='ltr'><strong>recuperata:</strong></span> <span class='ocrx_word' id='word_1_205' title='bbox 1105 1667 1366 1727; x_wconf 87' lang='lat' dir='ltr'><strong>sanitatis</strong></span> <span class='ocrx_word' id='word_1_206' title='bbox 1435 1668 1650 1740; x_wconf 82' lang='lat' dir='ltr'><strong>gratias</strong></span> <span class='ocrx_word' id='word_1_207' title='bbox 1721 1666 1939 1737; x_wconf 89' lang='lat' dir='ltr'><strong>retulit,</strong></span> <span class='ocrx_word' id='word_1_208' title='bbox 2026 1675 2141 1739; x_wconf 88' lang='lat' dir='ltr'><strong>tur,</strong></span> <span class='ocrx_word' id='word_1_209' title='bbox 2194 1668 2333 1741; x_wconf 91' lang='lat' dir='ltr'><strong>quia</strong></span> <span class='ocrx_word' id='word_1_210' title='bbox 2375 1665 2641 1725; x_wconf 87' lang='lat' dir='ltr'><strong>videlicet</strong></span> <span class='ocrx_word' id='word_1_211' title='bbox 2682 1665 2783 1726; x_wconf 90' lang='lat' dir='ltr'><strong>alii</strong></span> <span class='ocrx_word' id='word_1_212' title='bbox 2819 1666 3044 1736; x_wconf 87' lang='lat' dir='ltr'><strong>nolunt,</strong></span> <span class='ocrx_word' id='word_1_213' title='bbox 3095 1667 3198 1727; x_wconf 87' lang='lat' dir='ltr'><strong>alii</strong></span> <span class='ocrx_word' id='word_1_214' title='bbox 3242 1682 3400 1739; x_wconf 87' lang='lat' dir='ltr'><strong>vero,</strong></span> <span class='ocrx_word' id='word_1_215' title='bbox 3444 1675 3510 1726; x_wconf 90' lang='lat' dir='ltr'><strong>ut</strong></span> <span class='ocrx_word' id='word_1_216' title='bbox 3551 1666 3736 1738; x_wconf 85' lang='lat' dir='ltr'><strong>fieret,</strong></span> 
     </span>
    </p>
   </div>
   <div class='ocr_carea' id='block_1_17' title="bbox 234 1754 3757 1839">
    <p class='ocr_par' dir='ltr' id='par_1_17' title="bbox 234 1754 3757 1839">
     <span class='ocr_line' id='line_1_17' title="bbox 234 1754 3757 1839; baseline -0.001 -20"><span class='ocrx_word' id='word_1_217' title='bbox 234 1766 290 1820; x_wconf 91' lang='lat' dir='ltr'><strong>et</strong></span> <span class='ocrx_word' id='word_1_218' title='bbox 330 1761 456 1820; x_wconf 88' lang='lat' dir='ltr'><strong>viro</strong></span> <span class='ocrx_word' id='word_1_219' title='bbox 488 1775 594 1821; x_wconf 91' lang='lat' dir='ltr'><strong>suo</strong></span> <span class='ocrx_word' id='word_1_220' title='bbox 633 1757 1032 1819; x_wconf 87' lang='lat' dir='ltr'><strong>conversionis</strong></span> <span class='ocrx_word' id='word_1_221' title='bbox 1068 1756 1361 1819; x_wconf 87' lang='lat' dir='ltr'><strong>licentiam</strong></span> <span class='ocrx_word' id='word_1_222' title='bbox 1402 1758 1648 1819; x_wconf 88' lang='lat' dir='ltr'><strong>ulterius</strong></span> <span class='ocrx_word' id='word_1_223' title='bbox 1688 1774 1804 1818; x_wconf 91' lang='lat' dir='ltr'><strong>non</strong></span> <span class='ocrx_word' id='word_1_224' title='bbox 1836 1773 1938 1816; x_wconf 86' lang='lat' dir='ltr'><strong>ne-</strong></span> <span class='ocrx_word' id='word_1_225' title='bbox 1959 1779 2005 1839; x_wconf 81' lang='grc' dir='ltr'>Β</span> <span class='ocrx_word' id='word_1_226' title='bbox 2030 1759 2400 1817; x_wconf 88' lang='lat' dir='ltr'><strong>vehementer</strong></span> <span class='ocrx_word' id='word_1_227' title='bbox 2426 1756 2725 1815; x_wconf 89' lang='lat' dir='ltr'><strong>insistunt.</strong></span> <span class='ocrx_word' id='word_1_228' title='bbox 2763 1754 3029 1831; x_wconf 85' lang='lat' dir='ltr'><strong>Cumque</strong></span> <span class='ocrx_word' id='word_1_229' title='bbox 3060 1762 3197 1815; x_wconf 89' lang='lat' dir='ltr'><strong>ante</strong></span> <span class='ocrx_word' id='word_1_230' title='bbox 3227 1755 3621 1816; x_wconf 87' lang='lat' dir='ltr'><strong>venerabilem</strong></span> <span class='ocrx_word' id='word_1_231' title='bbox 3646 1755 3757 1816; x_wconf 88' lang='lat' dir='ltr'><strong>vi--</strong></span> 
     </span>
    </p>
   </div>
   <div class='ocr_carea' id='block_1_18' title="bbox 232 1841 3745 1940">
    <p class='ocr_par' dir='ltr' id='par_1_18' title="bbox 232 1841 3745 1940">
     <span class='ocr_line' id='line_1_18' title="bbox 232 1841 3745 1940; baseline -0.002 -31"><span class='ocrx_word' id='word_1_232' title='bbox 232 1849 410 1924; x_wconf 86' lang='lat' dir='ltr'><strong>gavit.</strong></span> <span class='ocrx_word' id='word_1_233' title='bbox 573 1860 583 1871; x_wconf 83' lang='lat'><strong>‘</strong></span> <span class='ocrx_word' id='word_1_234' title='bbox 988 1918 1127 1940; x_wconf 60' lang='lat' dir='ltr'><strong>nm“</strong></span> <span class='ocrx_word' id='word_1_235' title='bbox 1173 1918 1267 1940; x_wconf 57' lang='grc' dir='ltr'><strong>τν</strong></span> <span class='ocrx_word' id='word_1_236' title='bbox 2033 1858 2168 1940; x_wconf 83' lang='lat' dir='ltr'><strong>rum</strong></span> <span class='ocrx_word' id='word_1_237' title='bbox 2218 1850 2485 1918; x_wconf 62' lang='lat' dir='ltr'><strong>utrasque</strong></span> <span class='ocrx_word' id='word_1_238' title='bbox 2535 1841 2948 1902; x_wconf 88' lang='lat' dir='ltr'><strong>dissidentium</strong></span> <span class='ocrx_word' id='word_1_239' title='bbox 2994 1850 3183 1916; x_wconf 90' lang='lat' dir='ltr'><strong>partes</strong></span> <span class='ocrx_word' id='word_1_240' title='bbox 3228 1842 3459 1901; x_wconf 88' lang='lat' dir='ltr'><strong>diversa</strong></span> <span class='ocrx_word' id='word_1_241' title='bbox 3513 1848 3745 1902; x_wconf 83' lang='lat' dir='ltr'><strong>utentes</strong></span> 
     </span>
    </p>
   </div>
   <div class='ocr_carea' id='block_1_19' title="bbox 882 1918 3743 2024">
    <p class='ocr_par' dir='ltr' id='par_1_19' title="bbox 882 1918 3743 2024">
     <span class='ocr_line' id='line_1_19' title="bbox 882 1918 3743 2024; baseline 0.002 -38"><span class='ocrx_word' id='word_1_242' title='bbox 882 1918 1127 2024; x_wconf 56' lang='lat' dir='ltr'><strong>CAPUT</strong></span> <span class='ocrx_word' id='word_1_243' title='bbox 1163 1918 1294 2024; x_wconf 46' lang='lat' dir='ltr'><strong>&#39;LXo</strong></span> <span class='ocrx_word' id='word_1_244' title='bbox 1448 2014 1458 2024; x_wconf 34' lang='grc' dir='ltr'><strong><em>ι</em></strong></span> <span class='ocrx_word' id='word_1_245' title='bbox 2033 1933 2377 2024; x_wconf 83' lang='lat' dir='ltr'><strong>allegatione</strong></span> <span class='ocrx_word' id='word_1_246' title='bbox 2421 1932 2854 2024; x_wconf 83' lang='lat' dir='ltr'><strong>contenderent,</strong></span> <span class='ocrx_word' id='word_1_247' title='bbox 2890 1932 3064 2005; x_wconf 65' lang='lat' dir='ltr'><strong>erepit</strong></span> <span class='ocrx_word' id='word_1_248' title='bbox 3115 1932 3381 2024; x_wconf 87' lang='lat' dir='ltr'><strong>diabolus</strong></span> <span class='ocrx_word' id='word_1_249' title='bbox 3422 1938 3556 1991; x_wconf 89' lang='lat' dir='ltr'><strong>ante</strong></span> <span class='ocrx_word' id='word_1_250' title='bbox 3607 1947 3743 2005; x_wconf 91' lang='lat' dir='ltr'><strong>por-</strong></span> 
     </span>
    </p>
   </div>
   <div class='ocr_carea' id='block_1_20' title="bbox 664 2010 3746 2096">
    <p class='ocr_par' dir='ltr' id='par_1_20' title="bbox 664 2010 3746 2096">
     <span class='ocr_line' id='line_1_20' title="bbox 664 2010 3746 2096; baseline 0 -15"><span class='ocrx_word' id='word_1_251' title='bbox 664 2014 742 2068; x_wconf 73' lang='grc' dir='ltr'><strong>ΒΘ</strong></span> <span class='ocrx_word' id='word_1_252' title='bbox 764 2012 1091 2068; x_wconf 59' lang='lat' dir='ltr'><strong>daemonium</strong></span> <span class='ocrx_word' id='word_1_253' title='bbox 1119 2010 1188 2065; x_wconf 78' lang='grc' dir='ltr'><strong>αδ</strong></span> <span class='ocrx_word' id='word_1_254' title='bbox 1219 2026 1275 2066; x_wconf 80' lang='grc' dir='ltr'><strong>εο</strong></span> <span class='ocrx_word' id='word_1_255' title='bbox 1305 2014 1514 2067; x_wconf 52' lang='lat' dir='ltr'><strong>cura“.</strong></span> <span class='ocrx_word' id='word_1_256' title='bbox 2038 2022 2233 2083; x_wconf 86' lang='lat' dir='ltr'><strong>tellam</strong></span> <span class='ocrx_word' id='word_1_257' title='bbox 2267 2021 2432 2081; x_wconf 75' lang='lat' dir='ltr'><strong>cellas</strong></span> <span class='ocrx_word' id='word_1_258' title='bbox 2455 2022 2625 2095; x_wconf 90' lang='lat' dir='ltr'><strong>quasi</strong></span> <span class='ocrx_word' id='word_1_259' title='bbox 2656 2022 2866 2081; x_wconf 82' lang='lat' dir='ltr'><strong>malleo</strong></span> <span class='ocrx_word' id='word_1_260' title='bbox 2912 2028 3171 2096; x_wconf 84' lang='lat' dir='ltr'><strong>vegetem</strong></span> <span class='ocrx_word' id='word_1_261' title='bbox 3200 2021 3352 2092; x_wconf 79' lang='lat'><strong>(320)</strong></span> <span class='ocrx_word' id='word_1_262' title='bbox 3390 2021 3520 2081; x_wconf 89' lang='lat' dir='ltr'><strong>sine</strong></span> <span class='ocrx_word' id='word_1_263' title='bbox 3557 2036 3746 2081; x_wconf 86' lang='lat' dir='ltr'><strong>cessa-</strong></span> 
     </span>
    </p>
   </div>
   <div class='ocr_carea' id='block_1_21' title="bbox 306 2109 3745 2192">
    <p class='ocr_par' dir='ltr' id='par_1_21' title="bbox 306 2109 3745 2192">
     <span class='ocr_line' id='line_1_21' title="bbox 306 2109 3745 2192; baseline -0.002 -15"><span class='ocrx_word' id='word_1_264' title='bbox 306 2117 442 2177; x_wconf 82' lang='lat' dir='ltr'><strong>Alio</strong></span> <span class='ocrx_word' id='word_1_265' title='bbox 495 2131 732 2192; x_wconf 89' lang='lat' dir='ltr'><strong>quoquo</strong></span> <span class='ocrx_word' id='word_1_266' title='bbox 784 2123 1040 2189; x_wconf 91' lang='lat' dir='ltr'><strong>tempore</strong></span> <span class='ocrx_word' id='word_1_267' title='bbox 1083 2130 1229 2189; x_wconf 91' lang='lat' dir='ltr'><strong>puer</strong></span> <span class='ocrx_word' id='word_1_268' title='bbox 1273 2113 1510 2190; x_wconf 87' lang='lat' dir='ltr'><strong>quidam</strong></span> <span class='ocrx_word' id='word_1_269' title='bbox 1555 2112 1951 2173; x_wconf 71' lang='lat' dir='ltr'><strong>dmmoniacus</strong></span> <span class='ocrx_word' id='word_1_270' title='bbox 2040 2113 2194 2172; x_wconf 87' lang='lat' dir='ltr'><strong>tione</strong></span> <span class='ocrx_word' id='word_1_271' title='bbox 2222 2118 2552 2187; x_wconf 85' lang='lat' dir='ltr'><strong>percutere;</strong></span> <span class='ocrx_word' id='word_1_272' title='bbox 2579 2119 2633 2169; x_wconf 91' lang='lat' dir='ltr'><strong>et</strong></span> <span class='ocrx_word' id='word_1_273' title='bbox 2663 2126 2763 2185; x_wconf 89' lang='lat' dir='ltr'><strong>per</strong></span> <span class='ocrx_word' id='word_1_274' title='bbox 2784 2110 3119 2170; x_wconf 89' lang='lat' dir='ltr'><strong>reboantem</strong></span> <span class='ocrx_word' id='word_1_275' title='bbox 3150 2109 3361 2169; x_wconf 88' lang='lat' dir='ltr'><strong>silvam</strong></span> <span class='ocrx_word' id='word_1_276' title='bbox 3395 2109 3612 2170; x_wconf 81' lang='lat' dir='ltr'><strong>crebris</strong></span> <span class='ocrx_word' id='word_1_277' title='bbox 3636 2125 3745 2170; x_wconf 85' lang='lat' dir='ltr'><strong>au-</strong></span> 
     </span>
    </p>
   </div>
   <div class='ocr_carea' id='block_1_22' title="bbox 235 2198 3748 2281">
    <p class='ocr_par' dir='ltr' id='par_1_22' title="bbox 235 2198 3748 2281">
     <span class='ocr_line' id='line_1_22' title="bbox 235 2198 3748 2281; baseline -0.001 -18"><span class='ocrx_word' id='word_1_278' title='bbox 235 2202 309 2263; x_wconf 91' lang='lat' dir='ltr'><strong>ad</strong></span> <span class='ocrx_word' id='word_1_279' title='bbox 360 2204 596 2263; x_wconf 89' lang='lat' dir='ltr'><strong>beatum</strong></span> <span class='ocrx_word' id='word_1_280' title='bbox 640 2203 835 2281; x_wconf 83' lang='lat' dir='ltr'><strong>virum</strong></span> <span class='ocrx_word' id='word_1_281' title='bbox 878 2202 1102 2263; x_wconf 85' lang='lat' dir='ltr'><strong>delatus</strong></span> <span class='ocrx_word' id='word_1_282' title='bbox 1142 2209 1245 2259; x_wconf 87' lang='lat' dir='ltr'><strong>est.</strong></span> <span class='ocrx_word' id='word_1_283' title='bbox 1292 2200 1401 2261; x_wconf 89' lang='lat' dir='ltr'><strong>Cui</strong></span> <span class='ocrx_word' id='word_1_284' title='bbox 1449 2201 1549 2259; x_wconf 90' lang='lat' dir='ltr'><strong>ille</strong></span> <span class='ocrx_word' id='word_1_285' title='bbox 1580 2200 1738 2265; x_wconf 87' lang='lat' dir='ltr'><strong>nihil</strong></span> <span class='ocrx_word' id='word_1_286' title='bbox 1787 2198 1950 2259; x_wconf 91' lang='lat' dir='ltr'><strong>aliud</strong></span> <span class='ocrx_word' id='word_1_287' title='bbox 2039 2204 2306 2265; x_wconf 88' lang='lat' dir='ltr'><strong>diebatur</strong></span> <span class='ocrx_word' id='word_1_288' title='bbox 2357 2203 2698 2262; x_wconf 83' lang='lat' dir='ltr'><strong>tunsionum</strong></span> <span class='ocrx_word' id='word_1_289' title='bbox 2749 2201 2960 2261; x_wconf 89' lang='lat' dir='ltr'><strong>ictibus</strong></span> <span class='ocrx_word' id='word_1_290' title='bbox 3011 2202 3298 2261; x_wconf 87' lang='lat' dir='ltr'><strong>intonare.</strong></span> <span class='ocrx_word' id='word_1_291' title='bbox 3344 2200 3568 2262; x_wconf 86' lang='lat' dir='ltr'><strong>Deinde</strong></span> <span class='ocrx_word' id='word_1_292' title='bbox 3611 2216 3748 2260; x_wconf 86' lang='lat' dir='ltr'><strong>cum</strong></span> 
     </span>
    </p>
   </div>
   <div class='ocr_carea' id='block_1_23' title="bbox 238 2288 3755 2370">
    <p class='ocr_par' dir='ltr' id='par_1_23' title="bbox 238 2288 3755 2370">
     <span class='ocr_line' id='line_1_23' title="bbox 238 2288 3755 2370; baseline -0.001 -17"><span class='ocrx_word' id='word_1_293' title='bbox 238 2294 374 2353; x_wconf 83' lang='lat' dir='ltr'><strong>fecit</strong></span> <span class='ocrx_word' id='word_1_294' title='bbox 414 2292 525 2359; x_wconf 87' lang='lat' dir='ltr'><strong>nisi</strong></span> <span class='ocrx_word' id='word_1_295' title='bbox 557 2307 657 2365; x_wconf 90' lang='lat' dir='ltr'><strong>pro</strong></span> <span class='ocrx_word' id='word_1_296' title='bbox 694 2290 1092 2351; x_wconf 85' lang='lat' dir='ltr'><strong>benedictione</strong></span> <span class='ocrx_word' id='word_1_297' title='bbox 1121 2288 1234 2349; x_wconf 90' lang='lat' dir='ltr'><strong>sibi</strong></span> <span class='ocrx_word' id='word_1_298' title='bbox 1265 2290 1433 2363; x_wconf 88' lang='lat' dir='ltr'><strong>panis</strong></span> <span class='ocrx_word' id='word_1_299' title='bbox 1468 2289 1808 2364; x_wconf 89' lang='lat' dir='ltr'><strong>particulam</strong></span> <span class='ocrx_word' id='word_1_300' title='bbox 1840 2296 1949 2347; x_wconf 89' lang='lat' dir='ltr'><strong>tra-</strong></span> <span class='ocrx_word' id='word_1_301' title='bbox 2035 2296 2158 2370; x_wconf 85' lang='lat' dir='ltr'><strong>jam</strong></span> <span class='ocrx_word' id='word_1_302' title='bbox 2179 2307 2383 2353; x_wconf 89' lang='lat' dir='ltr'><strong>omnes</strong></span> <span class='ocrx_word' id='word_1_303' title='bbox 2412 2291 2769 2351; x_wconf 89' lang='lat' dir='ltr'><strong>unanimiter</strong></span> <span class='ocrx_word' id='word_1_304' title='bbox 2797 2289 3212 2350; x_wconf 83' lang='lat' dir='ltr'><strong>monasterium</strong></span> <span class='ocrx_word' id='word_1_305' title='bbox 3248 2290 3378 2349; x_wconf 82' lang='lat' dir='ltr'><strong>ﬁeri</strong></span> <span class='ocrx_word' id='word_1_306' title='bbox 3406 2289 3755 2351; x_wconf 60' lang='lat' dir='ltr'><strong>concordes.</strong></span> 
     </span>
    </p>
   </div>
   <div class='ocr_carea' id='block_1_24' title="bbox 238 2376 3750 2453">
    <p class='ocr_par' dir='ltr' id='par_1_24' title="bbox 238 2376 3750 2453">
     <span class='ocr_line' id='line_1_24' title="bbox 238 2376 3750 2453; baseline 0 -14"><span class='ocrx_word' id='word_1_307' title='bbox 238 2379 407 2441; x_wconf 89' lang='lat' dir='ltr'><strong>didit.</strong></span> <span class='ocrx_word' id='word_1_308' title='bbox 449 2377 574 2450; x_wconf 86' lang='lat' dir='ltr'><strong>Qua</strong></span> <span class='ocrx_word' id='word_1_309' title='bbox 615 2392 757 2437; x_wconf 82' lang='lat' dir='ltr'><strong>mox</strong></span> <span class='ocrx_word' id='word_1_310' title='bbox 805 2394 949 2452; x_wconf 92' lang='lat' dir='ltr'><strong>puer</strong></span> <span class='ocrx_word' id='word_1_311' title='bbox 994 2376 1096 2436; x_wconf 90' lang='lat' dir='ltr'><strong>ille</strong></span> <span class='ocrx_word' id='word_1_312' title='bbox 1132 2378 1400 2450; x_wconf 88' lang='lat' dir='ltr'><strong>refectus,</strong></span> <span class='ocrx_word' id='word_1_313' title='bbox 1440 2377 1748 2436; x_wconf 87' lang='lat' dir='ltr'><strong>confestim</strong></span> <span class='ocrx_word' id='word_1_314' title='bbox 1789 2380 1876 2435; x_wconf 89' lang='lat' dir='ltr'><strong>est</strong></span> <span class='ocrx_word' id='word_1_315' title='bbox 1918 2390 1954 2433; x_wconf 91' lang='lat' dir='ltr'><strong>a</strong></span> <span class='ocrx_word' id='word_1_316' title='bbox 2043 2388 2192 2451; x_wconf 78' lang='lat' dir='ltr'><strong>sent,</strong></span> <span class='ocrx_word' id='word_1_317' title='bbox 2242 2396 2374 2440; x_wconf 85' lang='lat' dir='ltr'><strong>ecce</strong></span> <span class='ocrx_word' id='word_1_318' title='bbox 2433 2380 2726 2453; x_wconf 86' lang='lat' dir='ltr'><strong>malignus</strong></span> <span class='ocrx_word' id='word_1_319' title='bbox 2781 2379 3021 2452; x_wconf 89' lang='lat' dir='ltr'><strong>spiritus</strong></span> <span class='ocrx_word' id='word_1_320' title='bbox 3074 2377 3300 2437; x_wconf 88' lang='lat' dir='ltr'><strong>cunctis</strong></span> <span class='ocrx_word' id='word_1_321' title='bbox 3358 2377 3750 2448; x_wconf 86' lang='lat' dir='ltr'><strong>audientibus,</strong></span> 
     </span>
    </p>
   </div>
   <div class='ocr_carea' id='block_1_25' title="bbox 239 2463 3760 2545">
    <p class='ocr_par' dir='ltr' id='par_1_25' title="bbox 239 2463 3760 2545">
     <span class='ocr_line' id='line_1_25' title="bbox 239 2463 3760 2545; baseline 0 -18"><span class='ocrx_word' id='word_1_322' title='bbox 239 2466 533 2528; x_wconf 70' lang='lat' dir='ltr'><strong>daemonio</strong></span> <span class='ocrx_word' id='word_1_323' title='bbox 571 2466 868 2526; x_wconf 88' lang='lat' dir='ltr'><strong>liberatus.</strong></span> <span class='ocrx_word' id='word_1_324' title='bbox 912 2467 1052 2525; x_wconf 90' lang='lat' dir='ltr'><strong>Jure</strong></span> <span class='ocrx_word' id='word_1_325' title='bbox 1106 2466 1321 2541; x_wconf 87' lang='lat' dir='ltr'><strong>quippe</strong></span> <span class='ocrx_word' id='word_1_326' title='bbox 1366 2472 1677 2540; x_wconf 89' lang='lat' dir='ltr'><strong>postquam</strong></span> <span class='ocrx_word' id='word_1_327' title='bbox 1714 2463 1954 2525; x_wconf 87' lang='lat' dir='ltr'><strong>benedi-</strong></span> <span class='ocrx_word' id='word_1_328' title='bbox 2045 2471 2294 2544; x_wconf 86' lang='lat' dir='ltr'><strong>ululare,</strong></span> <span class='ocrx_word' id='word_1_329' title='bbox 2321 2469 2548 2545; x_wconf 83' lang='lat' dir='ltr'><strong>plorare</strong></span> <span class='ocrx_word' id='word_1_330' title='bbox 2593 2477 2650 2528; x_wconf 91' lang='lat' dir='ltr'><strong>et</strong></span> <span class='ocrx_word' id='word_1_331' title='bbox 2694 2467 2917 2528; x_wconf 85' lang='lat' dir='ltr'><strong>ﬂebiles</strong></span> <span class='ocrx_word' id='word_1_332' title='bbox 2951 2483 3071 2528; x_wconf 89' lang='lat' dir='ltr'><strong>non</strong></span> <span class='ocrx_word' id='word_1_333' title='bbox 3111 2468 3366 2529; x_wconf 84' lang='lat' dir='ltr'><strong>cessabat</strong></span> <span class='ocrx_word' id='word_1_334' title='bbox 3393 2483 3564 2529; x_wconf 87' lang='lat' dir='ltr'><strong>voces</strong></span> <span class='ocrx_word' id='word_1_335' title='bbox 3592 2469 3760 2529; x_wconf 87' lang='lat' dir='ltr'><strong>emit-</strong></span> 
     </span>
    </p>
   </div>
   <div class='ocr_carea' id='block_1_26' title="bbox 242 2551 3756 2634">
    <p class='ocr_par' dir='ltr' id='par_1_26' title="bbox 242 2551 3756 2634">
     <span class='ocr_line' id='line_1_26' title="bbox 242 2551 3756 2634; baseline -0.004 -17"><span class='ocrx_word' id='word_1_336' title='bbox 242 2555 357 2617; x_wconf 88' lang='lat' dir='ltr'><strong>ctio</strong></span> <span class='ocrx_word' id='word_1_337' title='bbox 393 2554 708 2615; x_wconf 80' lang='lat' dir='ltr'><strong>Romualdi</strong></span> <span class='ocrx_word' id='word_1_338' title='bbox 736 2554 887 2614; x_wconf 90' lang='lat' dir='ltr'><strong>male</strong></span> <span class='ocrx_word' id='word_1_339' title='bbox 925 2569 1253 2629; x_wconf 88' lang='lat' dir='ltr'><strong>possessum</strong></span> <span class='ocrx_word' id='word_1_340' title='bbox 1282 2568 1490 2628; x_wconf 88' lang='lat' dir='ltr'><strong>corpus</strong></span> <span class='ocrx_word' id='word_1_341' title='bbox 1520 2553 1780 2624; x_wconf 84' lang='lat' dir='ltr'><strong>intravit,</strong></span> <span class='ocrx_word' id='word_1_342' title='bbox 1819 2551 1959 2612; x_wconf 90' lang='lat' dir='ltr'><strong>inde</strong></span> <span class='ocrx_word' id='word_1_343' title='bbox 2045 2567 2181 2621; x_wconf 65' lang='lat' dir='ltr'><strong>iere,</strong></span> <span class='ocrx_word' id='word_1_344' title='bbox 2212 2561 2505 2621; x_wconf 67' lang='lat' dir='ltr'><strong>posti-emo</strong></span> <span class='ocrx_word' id='word_1_345' title='bbox 2531 2568 2750 2632; x_wconf 56' lang='lat' dir='ltr'><strong>autem,</strong></span> <span class='ocrx_word' id='word_1_346' title='bbox 2778 2575 2916 2619; x_wconf 79' lang='lat' dir='ltr'><strong>cum</strong></span> <span class='ocrx_word' id='word_1_347' title='bbox 2932 2560 3057 2634; x_wconf 70' lang='lat' dir='ltr'><strong>jam</strong></span> <span class='ocrx_word' id='word_1_348' title='bbox 3083 2558 3261 2618; x_wconf 69' lang='lat' dir='ltr'><strong>divisi</strong></span> <span class='ocrx_word' id='word_1_349' title='bbox 3289 2557 3363 2617; x_wconf 67' lang='lat' dir='ltr'><strong>ad</strong></span> <span class='ocrx_word' id='word_1_350' title='bbox 3390 2573 3567 2621; x_wconf 64' lang='lat' dir='ltr'><strong>suum</strong></span> <span class='ocrx_word' id='word_1_351' title='bbox 3589 2559 3756 2633; x_wconf 61' lang='lat' dir='ltr'><strong>quis-</strong></span> 
     </span>
    </p>
   </div>
   <div class='ocr_carea' id='block_1_27' title="bbox 243 2641 3764 2725">
    <p class='ocr_par' dir='ltr' id='par_1_27' title="bbox 243 2641 3764 2725">
     <span class='ocr_line' id='line_1_27' title="bbox 243 2641 3764 2725; baseline 0.001 -21"><span class='ocrx_word' id='word_1_352' title='bbox 243 2643 545 2704; x_wconf 87' lang='lat' dir='ltr'><strong>confestim</strong></span> <span class='ocrx_word' id='word_1_353' title='bbox 606 2642 900 2717; x_wconf 84' lang='lat' dir='ltr'><strong>malignus</strong></span> <span class='ocrx_word' id='word_1_354' title='bbox 944 2641 1183 2717; x_wconf 89' lang='lat' dir='ltr'><strong>spiritus</strong></span> <span class='ocrx_word' id='word_1_355' title='bbox 1239 2645 1590 2703; x_wconf 82' lang='lat' dir='ltr'><strong>canteriatas</strong></span> <span class='ocrx_word' id='word_1_356' title='bbox 1650 2642 1789 2716; x_wconf 82' lang='lat'><strong>(318)</strong></span> <span class='ocrx_word' id='word_1_357' title='bbox 1850 2656 1957 2702; x_wconf 77' lang='lat' dir='ltr'><strong>ex-</strong></span> <span class='ocrx_word' id='word_1_358' title='bbox 2046 2664 2161 2725; x_wconf 89' lang='lat' dir='ltr'><strong>que</strong></span> <span class='ocrx_word' id='word_1_359' title='bbox 2203 2655 2589 2709; x_wconf 76' lang='lat' dir='ltr'><strong>reverteretur</strong></span> <span class='ocrx_word' id='word_1_360' title='bbox 2631 2648 2978 2722; x_wconf 89' lang='lat' dir='ltr'><strong>hospitium,</strong></span> <span class='ocrx_word' id='word_1_361' title='bbox 3018 2648 3472 2722; x_wconf 84' lang='lat' dir='ltr'><strong>prosequebatur</strong></span> <span class='ocrx_word' id='word_1_362' title='bbox 3519 2663 3620 2709; x_wconf 81' lang='lat' dir='ltr'><strong>eos</strong></span> <span class='ocrx_word' id='word_1_363' title='bbox 3658 2665 3764 2709; x_wconf 86' lang='lat' dir='ltr'><strong>an-</strong></span> 
     </span>
    </p>
   </div>
   <div class='ocr_carea' id='block_1_28' title="bbox 246 2733 3766 2864">
    <p class='ocr_par' dir='ltr' id='par_1_28' title="bbox 246 2733 3766 2864">
     <span class='ocr_line' id='line_1_28' title="bbox 246 2733 3766 2813; baseline 0 -18"><span class='ocrx_word' id='word_1_364' title='bbox 246 2733 376 2795; x_wconf 82' lang='lat' dir='ltr'><strong>ivit.</strong></span> <span class='ocrx_word' id='word_1_365' title='bbox 2051 2738 2248 2813; x_wconf 89' lang='lat' dir='ltr'><strong>tiquus</strong></span> <span class='ocrx_word' id='word_1_366' title='bbox 2289 2738 2472 2797; x_wconf 90' lang='lat' dir='ltr'><strong>hostis</strong></span> <span class='ocrx_word' id='word_1_367' title='bbox 2510 2752 2650 2797; x_wconf 91' lang='lat' dir='ltr'><strong>cum</strong></span> <span class='ocrx_word' id='word_1_368' title='bbox 2694 2741 2850 2795; x_wconf 89' lang='lat' dir='ltr'><strong>tanta</strong></span> <span class='ocrx_word' id='word_1_369' title='bbox 2899 2742 3232 2810; x_wconf 88' lang='lat' dir='ltr'><strong>tempestate</strong></span> <span class='ocrx_word' id='word_1_370' title='bbox 3277 2742 3336 2795; x_wconf 92' lang='lat' dir='ltr'><strong>et</strong></span> <span class='ocrx_word' id='word_1_371' title='bbox 3397 2735 3652 2808; x_wconf 86' lang='lat' dir='ltr'><strong>turbine,</strong></span> <span class='ocrx_word' id='word_1_372' title='bbox 3702 2743 3766 2796; x_wconf 84' lang='lat' dir='ltr'><strong>et</strong></span> 
     </span>
     <span class='ocr_line' id='line_1_29' title="bbox 884 2802 3760 2864; baseline 0 0"><span class='ocrx_word' id='word_1_373' title='bbox 884 2803 1128 2864; x_wconf 83' lang='lat' dir='ltr'><strong>CAPUT</strong></span> <span class='ocrx_word' id='word_1_374' title='bbox 1168 2802 1318 2862; x_wconf 77' lang='lat' dir='ltr'><strong>LXI.</strong></span> <span class='ocrx_word' id='word_1_375' title='bbox 2050 2826 2213 2864; x_wconf 73' lang='grc' dir='ltr'><strong>ηιιειαί</strong></span> <span class='ocrx_word' id='word_1_376' title='bbox 2274 2825 2466 2864; x_wconf 67' lang='grc' dir='ltr'><strong>ηπιηίο</strong></span> <span class='ocrx_word' id='word_1_377' title='bbox 2520 2832 2824 2864; x_wconf 73' lang='grc' dir='ltr'><strong>νοηιηι-ηπι</strong></span> <span class='ocrx_word' id='word_1_378' title='bbox 2878 2826 3105 2864; x_wconf 64' lang='lat' dir='ltr'><strong>mnnm’</strong></span> <span class='ocrx_word' id='word_1_379' title='bbox 3138 2838 3516 2864; x_wconf 73' lang='lat' dir='ltr'><strong>nnmmnvnna</strong></span> <span class='ocrx_word' id='word_1_380' title='bbox 3587 2831 3760 2864; x_wconf 61' lang='lat' dir='ltr'><strong>tntum</strong></span> 
     </span>
    </p>
   </div>
   <div class='ocr_carea' id='block_1_29' title="bbox 434 2825 3766 2913">
    <p class='ocr_par' dir='ltr' id='par_1_29' title="bbox 434 2825 3766 2913">
     <span class='ocr_line' id='line_1_30' title="bbox 434 2825 3766 2913; baseline 0.003 -39"><span class='ocrx_word' id='word_1_381' title='bbox 434 2899 445 2913; x_wconf 41' lang='lat'><strong><em>.</em></strong></span> <span class='ocrx_word' id='word_1_382' title='bbox 488 2897 505 2913; x_wconf 44' lang='lat'><em>.</em></span> <span class='ocrx_word' id='word_1_383' title='bbox 554 2897 571 2913; x_wconf 36' lang='grc' dir='ltr'>ἰ</span> <span class='ocrx_word' id='word_1_384' title='bbox 763 2899 776 2912; x_wconf 42' lang='lat'>.</span> <span class='ocrx_word' id='word_1_385' title='bbox 850 2825 1137 2913; x_wconf 45' lang='lat' dir='ltr'><strong>“UAI&#39;U&#39;f</strong></span> <span class='ocrx_word' id='word_1_386' title='bbox 1168 2825 1378 2913; x_wconf 43' lang='lat' dir='ltr'><strong>hAl-L</strong></span> <span class='ocrx_word' id='word_1_387' title='bbox 1573 2898 1613 2913; x_wconf 9' lang='grc' dir='ltr'><strong>,ί</strong></span> <span class='ocrx_word' id='word_1_388' title='bbox 1825 2876 1963 2913; x_wconf 40' lang='grc' dir='ltr'><strong>εωμ</strong></span> <span class='ocrx_word' id='word_1_389' title='bbox 2050 2826 2219 2901; x_wconf 90' lang='lat' dir='ltr'><strong>quasi</strong></span> <span class='ocrx_word' id='word_1_390' title='bbox 2274 2825 2470 2886; x_wconf 88' lang='lat' dir='ltr'><strong>omnia</strong></span> <span class='ocrx_word' id='word_1_391' title='bbox 2520 2832 2828 2885; x_wconf 86' lang='lat' dir='ltr'><strong>ventorum</strong></span> <span class='ocrx_word' id='word_1_392' title='bbox 2876 2826 3105 2899; x_wconf 84' lang='lat' dir='ltr'><strong>genera</strong></span> <span class='ocrx_word' id='word_1_393' title='bbox 3138 2838 3539 2896; x_wconf 88' lang='lat' dir='ltr'><strong>commovens,</strong></span> <span class='ocrx_word' id='word_1_394' title='bbox 3587 2831 3766 2885; x_wconf 82' lang='lat' dir='ltr'><strong>totam</strong></span> 
     </span>
    </p>
   </div>
   <div class='ocr_carea' id='block_1_30' title="bbox 249 2894 1977 2986">
    <p class='ocr_par' dir='ltr' id='par_1_30' title="bbox 249 2894 1965 2969">
     <span class='ocr_line' id='line_1_31' title="bbox 249 2894 1965 2969; baseline -0.003 -14"><span class='ocrx_word' id='word_1_395' title='bbox 249 2898 329 2955; x_wconf 86' lang='lat' dir='ltr'><strong>De</strong></span> <span class='ocrx_word' id='word_1_396' title='bbox 382 2895 622 2963; x_wconf 74' lang='lat' dir='ltr'><strong>diabolo,</strong></span> <span class='ocrx_word' id='word_1_397' title='bbox 677 2899 776 2969; x_wconf 82' lang='lat' dir='ltr'><strong>qui</strong></span> <span class='ocrx_word' id='word_1_398' title='bbox 844 2897 1146 2954; x_wconf 84' lang='lat' dir='ltr'><strong>Romualdo</strong></span> <span class='ocrx_word' id='word_1_399' title='bbox 1211 2900 1436 2952; x_wconf 81' lang='lat' dir='ltr'><strong>mortem</strong></span> <span class='ocrx_word' id='word_1_400' title='bbox 1506 2898 1750 2952; x_wconf 82' lang='lat' dir='ltr'><strong>minatus</strong></span> <span class='ocrx_word' id='word_1_401' title='bbox 1818 2894 1965 2950; x_wconf 62' lang='lat' dir='ltr'><strong>cella</strong></span> 
     </span>
    </p>
   </div>
   <div class='ocr_carea' id='block_1_31' title="bbox 2128 2894 3771 2986">
    <p class='ocr_par' dir='ltr' id='par_1_31' title="bbox 2128 2894 3771 2986">
     <span class='ocr_line' id='line_1_32' title="bbox 2128 2894 3771 2986; baseline -0.001 -12"><span class='ocrx_word' id='word_1_402' title='bbox 2128 2931 2275 2974; x_wconf 89' lang='lat' dir='ltr'><strong>vam</strong></span> <span class='ocrx_word' id='word_1_403' title='bbox 2315 2913 2591 2973; x_wconf 89' lang='lat' dir='ltr'><strong>radicitus</strong></span> <span class='ocrx_word' id='word_1_404' title='bbox 2640 2894 2908 2972; x_wconf 39' lang='lat' dir='ltr'><strong>evellere.</strong></span> <span class='ocrx_word' id='word_1_405' title='bbox 2951 2920 3270 2986; x_wconf 86' lang='lat' dir='ltr'><strong>putaretur.</strong></span> <span class='ocrx_word' id='word_1_406' title='bbox 3327 2894 3577 2982; x_wconf 85' lang='lat' dir='ltr'><strong>Quidam</strong></span> <span class='ocrx_word' id='word_1_407' title='bbox 3634 2928 3771 2974; x_wconf 88' lang='lat' dir='ltr'><strong>vero</strong></span> 
     </span>
    </p>
   </div>
   <div class='ocr_carea' id='block_1_32' title="bbox 862 2985 3770 3077">
    <p class='ocr_par' dir='ltr' id='par_1_32' title="bbox 862 2985 3770 3077">
     <span class='ocr_line' id='line_1_33' title="bbox 862 2985 3770 3077; baseline 0.002 -20"><span class='ocrx_word' id='word_1_408' title='bbox 862 2987 1130 3057; x_wconf 58' lang='lat' dir='ltr'><strong>paﬁetem</strong></span> <span class='ocrx_word' id='word_1_409' title='bbox 1167 2985 1358 3053; x_wconf 75' lang='lat' dir='ltr'><strong>fregit.</strong></span> <span class='ocrx_word' id='word_1_410' title='bbox 2054 3004 2302 3063; x_wconf 89' lang='lat' dir='ltr'><strong>fratrum</strong></span> <span class='ocrx_word' id='word_1_411' title='bbox 2344 3004 2650 3077; x_wconf 75' lang='lat' dir='ltr'><strong>increpans</strong></span> <span class='ocrx_word' id='word_1_412' title='bbox 2694 3017 2833 3061; x_wconf 91' lang='lat' dir='ltr'><strong>eum</strong></span> <span class='ocrx_word' id='word_1_413' title='bbox 2868 2985 3066 3059; x_wconf 56' lang='lat' dir='ltr'><strong>dixit:</strong></span> <span class='ocrx_word' id='word_1_414' title='bbox 3102 3000 3380 3074; x_wconf 69' lang='lat' dir='ltr'><strong>Principio</strong></span> <span class='ocrx_word' id='word_1_415' title='bbox 3417 3000 3521 3059; x_wconf 91' lang='lat' dir='ltr'><strong>tibi</strong></span> <span class='ocrx_word' id='word_1_416' title='bbox 3559 3000 3626 3060; x_wconf 86' lang='lat' dir='ltr'><strong>in</strong></span> <span class='ocrx_word' id='word_1_417' title='bbox 3662 3016 3770 3063; x_wconf 87' lang='lat' dir='ltr'><strong>no-.</strong></span> 
     </span>
    </p>
   </div>
   <div class='ocr_carea' id='block_1_33' title="bbox 325 3087 3775 3195">
    <p class='ocr_par' dir='ltr' id='par_1_33' title="bbox 325 3087 3775 3195">
     <span class='ocr_line' id='line_1_34' title="bbox 325 3087 3775 3195; baseline -0.001 -45"><span class='ocrx_word' id='word_1_418' title='bbox 325 3089 639 3194; x_wconf 75' lang='lat' dir='ltr'><strong>Nunquam</strong></span> <span class='ocrx_word' id='word_1_419' title='bbox 696 3096 888 3193; x_wconf 81' lang='lat' dir='ltr'><strong>tamen</strong></span> <span class='ocrx_word' id='word_1_420' title='bbox 942 3090 1211 3195; x_wconf 62' lang='lat' dir='ltr'><strong>diabolus</strong></span> <span class='ocrx_word' id='word_1_421' title='bbox 1270 3106 1303 3190; x_wconf 81' lang='lat' dir='ltr'><strong>a</strong></span> <span class='ocrx_word' id='word_1_422' title='bbox 1356 3088 1537 3195; x_wconf 73' lang='lat' dir='ltr'><strong>sancti</strong></span> <span class='ocrx_word' id='word_1_423' title='bbox 1588 3087 1700 3190; x_wconf 37' lang='lat' dir='ltr'><strong>v&#39;iri</strong></span> <span class='ocrx_word' id='word_1_424' title='bbox 1749 3090 1969 3195; x_wconf 59' lang='lat' dir='ltr'><strong>poterat</strong></span> <span class='ocrx_word' id='word_1_425' title='bbox 1990 3134 2036 3195; x_wconf 65' lang='grc' dir='ltr'>Ο</span> <span class='ocrx_word' id='word_1_426' title='bbox 2060 3094 2217 3152; x_wconf 89' lang='lat' dir='ltr'><strong>mine</strong></span> <span class='ocrx_word' id='word_1_427' title='bbox 2243 3100 2455 3152; x_wconf 66' lang='lat' dir='ltr'><strong>sanctae</strong></span> <span class='ocrx_word' id='word_1_428' title='bbox 2486 3092 2806 3163; x_wconf 87' lang='lat' dir='ltr'><strong>Trinitatis,</strong></span> <span class='ocrx_word' id='word_1_429' title='bbox 2833 3089 3137 3149; x_wconf 89' lang='lat' dir='ltr'><strong>immunde</strong></span> <span class='ocrx_word' id='word_1_430' title='bbox 3162 3089 3424 3163; x_wconf 88' lang='lat' dir='ltr'><strong>spiritus,</strong></span> <span class='ocrx_word' id='word_1_431' title='bbox 3450 3096 3517 3149; x_wconf 94' lang='lat' dir='ltr'><strong>ut</strong></span> <span class='ocrx_word' id='word_1_432' title='bbox 3541 3088 3775 3150; x_wconf 83' lang='lat' dir='ltr'><strong>desinas</strong></span> 
     </span>
    </p>
   </div>
   <div class='ocr_carea' id='block_1_34' title="bbox 254 3175 3774 3258">
    <p class='ocr_par' dir='ltr' id='par_1_34' title="bbox 254 3175 3774 3258">
     <span class='ocr_line' id='line_1_35' title="bbox 254 3175 3774 3258; baseline -0.004 -15"><span class='ocrx_word' id='word_1_433' title='bbox 254 3183 693 3258; x_wconf 88' lang='lat' dir='ltr'><strong>impugnatione</strong></span> <span class='ocrx_word' id='word_1_434' title='bbox 726 3182 1039 3256; x_wconf 91' lang='lat' dir='ltr'><strong>quiescere.</strong></span> <span class='ocrx_word' id='word_1_435' title='bbox 1078 3182 1146 3239; x_wconf 88' lang='lat' dir='ltr'><strong>Et</strong></span> <span class='ocrx_word' id='word_1_436' title='bbox 1185 3180 1323 3254; x_wconf 88' lang='lat' dir='ltr'><strong>quia</strong></span> <span class='ocrx_word' id='word_1_437' title='bbox 1356 3179 1576 3238; x_wconf 90' lang='lat' dir='ltr'><strong>occulta</strong></span> <span class='ocrx_word' id='word_1_438' title='bbox 1611 3179 1731 3252; x_wconf 91' lang='lat' dir='ltr'><strong>jam</strong></span> <span class='ocrx_word' id='word_1_439' title='bbox 1760 3175 1968 3235; x_wconf 86' lang='lat' dir='ltr'><strong>adver—</strong></span> <span class='ocrx_word' id='word_1_440' title='bbox 1991 3175 2036 3195; x_wconf 67' lang='grc' dir='ltr'>υ</span> <span class='ocrx_word' id='word_1_441' title='bbox 2062 3182 2260 3243; x_wconf 76' lang='lat' dir='ltr'><strong>venire</strong></span> <span class='ocrx_word' id='word_1_442' title='bbox 2298 3190 2422 3256; x_wconf 79' lang='lat' dir='ltr'><strong>post</strong></span> <span class='ocrx_word' id='word_1_443' title='bbox 2460 3199 2580 3242; x_wconf 78' lang='lat' dir='ltr'><strong>nos,</strong></span> <span class='ocrx_word' id='word_1_444' title='bbox 2615 3182 2687 3240; x_wconf 70' lang='lat' dir='ltr'><strong>Et</strong></span> <span class='ocrx_word' id='word_1_445' title='bbox 2713 3182 2793 3239; x_wconf 72' lang='lat' dir='ltr'><strong>ita</strong></span> <span class='ocrx_word' id='word_1_446' title='bbox 2825 3181 3057 3254; x_wconf 76' lang='lat' dir='ltr'><strong>fugatus</strong></span> <span class='ocrx_word' id='word_1_447' title='bbox 3097 3185 3200 3239; x_wconf 80' lang='lat' dir='ltr'><strong>est.</strong></span> <span class='ocrx_word' id='word_1_448' title='bbox 3238 3178 3381 3238; x_wconf 74' lang='lat' dir='ltr'><strong>Jure</strong></span> <span class='ocrx_word' id='word_1_449' title='bbox 3419 3179 3634 3254; x_wconf 82' lang='lat' dir='ltr'><strong>quippe</strong></span> <span class='ocrx_word' id='word_1_450' title='bbox 3665 3192 3774 3238; x_wconf 76' lang='lat' dir='ltr'><strong>au-</strong></span> 
     </span>
    </p>
   </div>
   <div class='ocr_carea' id='block_1_35' title="bbox 256 3265 3776 3343">
    <p class='ocr_par' dir='ltr' id='par_1_35' title="bbox 256 3265 3776 3343">
     <span class='ocr_line' id='line_1_36' title="bbox 256 3265 3776 3343; baseline -0.005 -12"><span class='ocrx_word' id='word_1_451' title='bbox 256 3287 358 3332; x_wconf 90' lang='lat' dir='ltr'><strong>sus</strong></span> <span class='ocrx_word' id='word_1_452' title='bbox 390 3286 527 3330; x_wconf 92' lang='lat' dir='ltr'><strong>eum</strong></span> <span class='ocrx_word' id='word_1_453' title='bbox 569 3269 774 3330; x_wconf 88' lang='lat' dir='ltr'><strong>fraude</strong></span> <span class='ocrx_word' id='word_1_454' title='bbox 804 3269 890 3328; x_wconf 90' lang='lat' dir='ltr'><strong>nil</strong></span> <span class='ocrx_word' id='word_1_455' title='bbox 927 3274 1164 3343; x_wconf 87' lang='lat' dir='ltr'><strong>poterat,</strong></span> <span class='ocrx_word' id='word_1_456' title='bbox 1211 3282 1329 3327; x_wconf 90' lang='lat' dir='ltr'><strong>non</strong></span> <span class='ocrx_word' id='word_1_457' title='bbox 1356 3267 1611 3325; x_wconf 90' lang='lat' dir='ltr'><strong>cessabat</strong></span> <span class='ocrx_word' id='word_1_458' title='bbox 1650 3265 1815 3325; x_wconf 90' lang='lat' dir='ltr'><strong>virus</strong></span> <span class='ocrx_word' id='word_1_459' title='bbox 1849 3279 1974 3323; x_wconf 65' lang='lat' dir='ltr'><strong>suae</strong></span> <span class='ocrx_word' id='word_1_460' title='bbox 2060 3279 2181 3331; x_wconf 68' lang='grc' dir='ltr'><strong>θεοι-</strong></span> <span class='ocrx_word' id='word_1_461' title='bbox 2232 3271 2557 3341; x_wconf 68' lang='lat' dir='ltr'><strong>diseordiae,</strong></span> <span class='ocrx_word' id='word_1_462' title='bbox 2618 3271 2931 3343; x_wconf 68' lang='lat' dir='ltr'><strong>composita</strong></span> <span class='ocrx_word' id='word_1_463' title='bbox 2984 3283 3139 3342; x_wconf 70' lang='lat' dir='ltr'><strong>pace,</strong></span> <span class='ocrx_word' id='word_1_464' title='bbox 3191 3266 3531 3341; x_wconf 72' lang='lat' dir='ltr'><strong>compulsus</strong></span> <span class='ocrx_word' id='word_1_465' title='bbox 3583 3273 3670 3325; x_wconf 63' lang='lat' dir='ltr'><strong>est</strong></span> <span class='ocrx_word' id='word_1_466' title='bbox 3712 3266 3776 3326; x_wconf 82' lang='lat' dir='ltr'><strong>iu</strong></span> 
     </span>
    </p>
   </div>
   <div class='ocr_carea' id='block_1_36' title="bbox 259 3356 1975 3432">
    <p class='ocr_par' dir='ltr' id='par_1_36' title="bbox 259 3356 1975 3432">
     <span class='ocr_line' id='line_1_37' title="bbox 259 3356 1975 3432; baseline -0.004 -10"><span class='ocrx_word' id='word_1_467' title='bbox 259 3360 502 3421; x_wconf 74' lang='lat' dir='ltr'><strong>malitiae</strong></span> <span class='ocrx_word' id='word_1_468' title='bbox 540 3358 848 3419; x_wconf 89' lang='lat' dir='ltr'><strong>visibiliter</strong></span> <span class='ocrx_word' id='word_1_469' title='bbox 885 3358 1298 3417; x_wconf 89' lang='lat' dir='ltr'><strong>demonstrare.</strong></span> <span class='ocrx_word' id='word_1_470' title='bbox 1348 3356 1681 3432; x_wconf 88' lang='lat' dir='ltr'><strong>Aliquando</strong></span> <span class='ocrx_word' id='word_1_471' title='bbox 1723 3369 1975 3428; x_wconf 87' lang='lat' dir='ltr'><strong>namque</strong></span> 
     </span>
    </p>
   </div>
   <div class='ocr_carea' id='block_1_37' title="bbox 260 3441 1973 3517">
    <p class='ocr_par' dir='ltr' id='par_1_37' title="bbox 260 3441 1973 3517">
     <span class='ocr_line' id='line_1_38' title="bbox 260 3441 1973 3517; baseline -0.006 -8"><span class='ocrx_word' id='word_1_472' title='bbox 260 3449 353 3510; x_wconf 89' lang='lat' dir='ltr'><strong>vir</strong></span> <span class='ocrx_word' id='word_1_473' title='bbox 393 3447 741 3507; x_wconf 88' lang='lat' dir='ltr'><strong>venerabilis</strong></span> <span class='ocrx_word' id='word_1_474' title='bbox 772 3448 913 3507; x_wconf 89' lang='lat' dir='ltr'><strong>dum</strong></span> <span class='ocrx_word' id='word_1_475' title='bbox 954 3448 1016 3505; x_wconf 92' lang='lat' dir='ltr'><strong>in</strong></span> <span class='ocrx_word' id='word_1_476' title='bbox 1054 3446 1200 3505; x_wconf 89' lang='lat' dir='ltr'><strong>cella</strong></span> <span class='ocrx_word' id='word_1_477' title='bbox 1236 3445 1598 3517; x_wconf 87' lang='lat' dir='ltr'><strong>consisteret,</strong></span> <span class='ocrx_word' id='word_1_478' title='bbox 1638 3459 1767 3502; x_wconf 91' lang='lat' dir='ltr'><strong>ecce</strong></span> <span class='ocrx_word' id='word_1_479' title='bbox 1814 3441 1973 3500; x_wconf 82' lang='lat' dir='ltr'><strong>mali-</strong></span> 
     </span>
    </p>
   </div>
   <div class='ocr_carea' id='block_1_38' title="bbox 262 3533 1975 3612">
    <p class='ocr_par' dir='ltr' id='par_1_38' title="bbox 262 3533 1975 3612">
     <span class='ocr_line' id='line_1_39' title="bbox 262 3533 1975 3612; baseline -0.005 -14"><span class='ocrx_word' id='word_1_480' title='bbox 262 3552 415 3612; x_wconf 86' lang='lat' dir='ltr'><strong>gnus</strong></span> <span class='ocrx_word' id='word_1_481' title='bbox 462 3536 721 3611; x_wconf 89' lang='lat' dir='ltr'><strong>spiritus,</strong></span> <span class='ocrx_word' id='word_1_482' title='bbox 774 3542 839 3595; x_wconf 92' lang='lat' dir='ltr'><strong>ut</strong></span> <span class='ocrx_word' id='word_1_483' title='bbox 890 3545 977 3595; x_wconf 90' lang='lat' dir='ltr'><strong>est</strong></span> <span class='ocrx_word' id='word_1_484' title='bbox 1034 3551 1233 3594; x_wconf 90' lang='lat' dir='ltr'><strong>revera</strong></span> <span class='ocrx_word' id='word_1_485' title='bbox 1290 3534 1641 3605; x_wconf 90' lang='lat' dir='ltr'><strong>teterrimus,</strong></span> <span class='ocrx_word' id='word_1_486' title='bbox 1689 3533 1975 3608; x_wconf 88' lang='lat' dir='ltr'><strong>hispidus,</strong></span> 
     </span>
    </p>
   </div>
   <div class='ocr_carea' id='block_1_39' title="bbox 266 3624 1979 3700">
    <p class='ocr_par' dir='ltr' id='par_1_39' title="bbox 266 3624 1979 3700">
     <span class='ocr_line' id='line_1_40' title="bbox 266 3624 1979 3700; baseline -0.004 -13"><span class='ocrx_word' id='word_1_487' title='bbox 266 3626 584 3700; x_wconf 90' lang='lat' dir='ltr'><strong>horribilis,</strong></span> <span class='ocrx_word' id='word_1_488' title='bbox 642 3628 998 3687; x_wconf 89' lang='lat' dir='ltr'><strong>immensum</strong></span> <span class='ocrx_word' id='word_1_489' title='bbox 1046 3624 1217 3700; x_wconf 88' lang='lat' dir='ltr'><strong>coepit</strong></span> <span class='ocrx_word' id='word_1_490' title='bbox 1271 3630 1472 3685; x_wconf 88' lang='lat' dir='ltr'><strong>sancto</strong></span> <span class='ocrx_word' id='word_1_491' title='bbox 1528 3624 1653 3682; x_wconf 93' lang='lat' dir='ltr'><strong>viro</strong></span> <span class='ocrx_word' id='word_1_492' title='bbox 1706 3631 1979 3683; x_wconf 87' lang='lat' dir='ltr'><strong>terrorem</strong></span> 
     </span>
    </p>
   </div>
   <div class='ocr_carea' id='block_1_40' title="bbox 268 3710 1982 3789">
    <p class='ocr_par' dir='ltr' id='par_1_40' title="bbox 268 3710 1982 3789">
     <span class='ocr_line' id='line_1_41' title="bbox 268 3710 1982 3789; baseline -0.004 -11"><span class='ocrx_word' id='word_1_493' title='bbox 268 3719 545 3789; x_wconf 89' lang='lat' dir='ltr'><strong>incutere,</strong></span> <span class='ocrx_word' id='word_1_494' title='bbox 586 3722 642 3776; x_wconf 91' lang='lat' dir='ltr'><strong>et</strong></span> <span class='ocrx_word' id='word_1_495' title='bbox 681 3734 816 3777; x_wconf 86' lang='lat' dir='ltr'><strong>cum</strong></span> <span class='ocrx_word' id='word_1_496' title='bbox 853 3716 1033 3777; x_wconf 90' lang='lat' dir='ltr'><strong>nimio</strong></span> <span class='ocrx_word' id='word_1_497' title='bbox 1074 3715 1284 3775; x_wconf 89' lang='lat' dir='ltr'><strong>furoris</strong></span> <span class='ocrx_word' id='word_1_498' title='bbox 1318 3716 1538 3789; x_wconf 90' lang='lat' dir='ltr'><strong>impetu</strong></span> <span class='ocrx_word' id='word_1_499' title='bbox 1587 3720 1828 3773; x_wconf 89' lang='lat' dir='ltr'><strong>mortem</strong></span> <span class='ocrx_word' id='word_1_500' title='bbox 1868 3710 1982 3771; x_wconf 90' lang='lat' dir='ltr'><strong>sibi</strong></span> 
     </span>
    </p>
   </div>
   <div class='ocr_carea' id='block_1_41' title="bbox 269 3800 2077 3878">
    <p class='ocr_par' dir='ltr' id='par_1_41' title="bbox 269 3800 2077 3878">
     <span class='ocr_line' id='line_1_42' title="bbox 269 3800 2077 3878; baseline -0.005 -13"><span class='ocrx_word' id='word_1_501' title='bbox 269 3803 548 3865; x_wconf 88' lang='lat' dir='ltr'><strong>minitans</strong></span> <span class='ocrx_word' id='word_1_502' title='bbox 594 3804 900 3864; x_wconf 87' lang='lat' dir='ltr'><strong>intentare.</strong></span> <span class='ocrx_word' id='word_1_503' title='bbox 951 3801 1217 3878; x_wconf 87' lang='lat' dir='ltr'><strong>Cumque</strong></span> <span class='ocrx_word' id='word_1_504' title='bbox 1266 3801 1630 3863; x_wconf 80' lang='lat' dir='ltr'><strong>Romualdus</strong></span> <span class='ocrx_word' id='word_1_505' title='bbox 1688 3800 1982 3860; x_wconf 85' lang='lat' dir='ltr'><strong>auxilium</strong></span> <span class='ocrx_word' id='word_1_506' title='bbox 2072 3869 2077 3873; x_wconf 94' lang='lat'>_</span> 
     </span>
    </p>
   </div>
   <div class='ocr_carea' id='block_1_42' title="bbox 271 3887 1984 3968">
    <p class='ocr_par' dir='ltr' id='par_1_42' title="bbox 271 3887 1984 3968">
     <span class='ocr_line' id='line_1_43' title="bbox 271 3887 1984 3968; baseline -0.005 -13"><span class='ocrx_word' id='word_1_507' title='bbox 271 3894 343 3955; x_wconf 89' lang='lat' dir='ltr'><strong>de</strong></span> <span class='ocrx_word' id='word_1_508' title='bbox 374 3894 518 3953; x_wconf 74' lang='lat' dir='ltr'><strong>ctelo</strong></span> <span class='ocrx_word' id='word_1_509' title='bbox 553 3894 973 3968; x_wconf 88' lang='lat' dir='ltr'><strong>imperterritus</strong></span> <span class='ocrx_word' id='word_1_510' title='bbox 1011 3899 1319 3968; x_wconf 68' lang='lat' dir='ltr'><strong>quaereret,</strong></span> <span class='ocrx_word' id='word_1_511' title='bbox 1369 3898 1426 3950; x_wconf 90' lang='lat' dir='ltr'><strong>et</strong></span> <span class='ocrx_word' id='word_1_512' title='bbox 1471 3898 1534 3950; x_wconf 93' lang='lat' dir='ltr'><strong>ut</strong></span> <span class='ocrx_word' id='word_1_513' title='bbox 1572 3889 1683 3949; x_wconf 91' lang='lat' dir='ltr'><strong>sibi</strong></span> <span class='ocrx_word' id='word_1_514' title='bbox 1721 3887 1984 3947; x_wconf 84' lang='lat' dir='ltr'><strong>Christus</strong></span> 
     </span>
    </p>
   </div>
   <div class='ocr_carea' id='block_1_43' title="bbox 272 3979 1987 4054">
    <p class='ocr_par' dir='ltr' id='par_1_43' title="bbox 272 3979 1987 4054">
     <span class='ocr_line' id='line_1_44' title="bbox 272 3979 1987 4054; baseline -0.009 -4"><span class='ocrx_word' id='word_1_515' title='bbox 272 3993 637 4049; x_wconf 86' lang='lat' dir='ltr'><strong>succurreret</strong></span> <span class='ocrx_word' id='word_1_516' title='bbox 690 3984 1038 4047; x_wconf 88' lang='lat' dir='ltr'><strong>ﬁducialiter</strong></span> <span class='ocrx_word' id='word_1_517' title='bbox 1087 3983 1461 4054; x_wconf 82' lang='lat' dir='ltr'><strong>exclamaret,</strong></span> <span class='ocrx_word' id='word_1_518' title='bbox 1514 3995 1653 4038; x_wconf 82' lang='lat' dir='ltr'><strong>mox</strong></span> <span class='ocrx_word' id='word_1_519' title='bbox 1707 3979 1987 4051; x_wconf 88' lang='lat' dir='ltr'><strong>antiquus</strong></span> 
     </span>
    </p>
   </div>
   <div class='ocr_carea' id='block_1_44' title="bbox 275 4066 1985 4148">
    <p class='ocr_par' dir='ltr' id='par_1_44' title="bbox 275 4066 1985 4148">
     <span class='ocr_line' id='line_1_45' title="bbox 275 4066 1985 4148; baseline -0.008 -12"><span class='ocrx_word' id='word_1_520' title='bbox 275 4075 461 4136; x_wconf 90' lang='lat' dir='ltr'><strong>hostis</strong></span> <span class='ocrx_word' id='word_1_521' title='bbox 496 4068 806 4148; x_wconf 82' lang='lat' dir='ltr'><strong>aufugiens</strong></span> <span class='ocrx_word' id='word_1_522' title='bbox 832 4074 1026 4147; x_wconf 90' lang='lat' dir='ltr'><strong>ipsum</strong></span> <span class='ocrx_word' id='word_1_523' title='bbox 1059 4072 1221 4131; x_wconf 68' lang='lat' dir='ltr'><strong>cellae</strong></span> <span class='ocrx_word' id='word_1_524' title='bbox 1253 4070 1531 4144; x_wconf 86' lang='lat' dir='ltr'><strong>parietem</strong></span> <span class='ocrx_word' id='word_1_525' title='bbox 1565 4073 1720 4127; x_wconf 89' lang='lat' dir='ltr'><strong>tanto</strong></span> <span class='ocrx_word' id='word_1_526' title='bbox 1750 4066 1985 4124; x_wconf 89' lang='lat' dir='ltr'><strong>iracun-</strong></span> 
     </span>
    </p>
   </div>
   <div class='ocr_carea' id='block_1_45' title="bbox 276 4155 1987 4236">
    <p class='ocr_par' dir='ltr' id='par_1_45' title="bbox 276 4155 1987 4236">
     <span class='ocr_line' id='line_1_46' title="bbox 276 4155 1987 4236; baseline -0.005 -14"><span class='ocrx_word' id='word_1_527' title='bbox 276 4164 392 4223; x_wconf 71' lang='lat' dir='ltr'><strong>diae</strong></span> <span class='ocrx_word' id='word_1_528' title='bbox 423 4162 557 4222; x_wconf 87' lang='lat' dir='ltr'><strong>felle</strong></span> <span class='ocrx_word' id='word_1_529' title='bbox 596 4163 875 4236; x_wconf 91' lang='lat' dir='ltr'><strong>percussit</strong></span> <span class='ocrx_word' id='word_1_530' title='bbox 909 4160 1061 4235; x_wconf 90' lang='lat' dir='ltr'><strong>quod</strong></span> <span class='ocrx_word' id='word_1_531' title='bbox 1101 4174 1336 4233; x_wconf 85' lang='lat' dir='ltr'><strong>gravem</strong></span> <span class='ocrx_word' id='word_1_532' title='bbox 1366 4158 1478 4231; x_wconf 84' lang='lat' dir='ltr'><strong>fagi</strong></span> <span class='ocrx_word' id='word_1_533' title='bbox 1520 4156 1772 4215; x_wconf 89' lang='lat' dir='ltr'><strong>tabulam</strong></span> <span class='ocrx_word' id='word_1_534' title='bbox 1811 4155 1987 4214; x_wconf 90' lang='lat' dir='ltr'><strong>unius</strong></span> 
     </span>
    </p>
   </div>
   <div class='ocr_carea' id='block_1_46' title="bbox 278 4242 1989 4323">
    <p class='ocr_par' dir='ltr' id='par_1_46' title="bbox 278 4242 1989 4323">
     <span class='ocr_line' id='line_1_47' title="bbox 278 4242 1989 4323; baseline -0.005 -14"><span class='ocrx_word' id='word_1_535' title='bbox 278 4250 463 4310; x_wconf 90' lang='lat' dir='ltr'><strong>cubiti</strong></span> <span class='ocrx_word' id='word_1_536' title='bbox 491 4250 693 4323; x_wconf 89' lang='lat' dir='ltr'><strong>spatio,</strong></span> <span class='ocrx_word' id='word_1_537' title='bbox 729 4250 816 4309; x_wconf 89' lang='lat' dir='ltr'><strong>vel</strong></span> <span class='ocrx_word' id='word_1_538' title='bbox 848 4266 915 4308; x_wconf 82' lang='lat' dir='ltr'><strong>eo</strong></span> <span class='ocrx_word' id='word_1_539' title='bbox 944 4248 1196 4323; x_wconf 88' lang='lat' dir='ltr'><strong>amplius</strong></span> <span class='ocrx_word' id='word_1_540' title='bbox 1230 4248 1372 4306; x_wconf 80' lang='lat' dir='ltr'><strong>fidit.</strong></span> <span class='ocrx_word' id='word_1_541' title='bbox 1410 4246 1475 4304; x_wconf 89' lang='lat' dir='ltr'><strong>In</strong></span> <span class='ocrx_word' id='word_1_542' title='bbox 1517 4242 1846 4304; x_wconf 89' lang='lat' dir='ltr'><strong>habitacqu</strong></span> <span class='ocrx_word' id='word_1_543' title='bbox 1878 4242 1989 4319; x_wconf 85' lang='lat' dir='ltr'><strong>igi-</strong></span> 
     </span>
    </p>
   </div>
   <div class='ocr_carea' id='block_1_47' title="bbox 282 4333 1990 4414">
    <p class='ocr_par' dir='ltr' id='par_1_47' title="bbox 282 4333 1990 4414">
     <span class='ocr_line' id='line_1_48' title="bbox 282 4333 1990 4414; baseline -0.005 -16"><span class='ocrx_word' id='word_1_544' title='bbox 282 4346 379 4401; x_wconf 90' lang='lat' dir='ltr'><strong>tur</strong></span> <span class='ocrx_word' id='word_1_545' title='bbox 422 4344 693 4414; x_wconf 85' lang='lat' dir='ltr'><strong>patenter‘</strong></span> <span class='ocrx_word' id='word_1_546' title='bbox 728 4339 974 4399; x_wconf 89' lang='lat' dir='ltr'><strong>ostendit</strong></span> <span class='ocrx_word' id='word_1_547' title='bbox 1018 4345 1233 4412; x_wconf 89' lang='lat' dir='ltr'><strong>quanta</strong></span> <span class='ocrx_word' id='word_1_548' title='bbox 1278 4336 1560 4395; x_wconf 88' lang='lat' dir='ltr'><strong>adversus</strong></span> <span class='ocrx_word' id='word_1_549' title='bbox 1614 4333 1990 4392; x_wconf 88' lang='lat' dir='ltr'><strong>habitatorem</strong></span> 
     </span>
    </p>
   </div>
   <div class='ocr_carea' id='block_1_48' title="bbox 283 4422 1993 4505">
    <p class='ocr_par' dir='ltr' id='par_1_48' title="bbox 283 4422 1993 4505">
     <span class='ocr_line' id='line_1_49' title="bbox 283 4422 1993 4505; baseline -0.006 -16"><span class='ocrx_word' id='word_1_550' title='bbox 283 4431 519 4489; x_wconf 83' lang='lat' dir='ltr'><strong>ﬂamma</strong></span> <span class='ocrx_word' id='word_1_551' title='bbox 575 4428 931 4505; x_wconf 81' lang='lat' dir='ltr'><strong>crudelitatis</strong></span> <span class='ocrx_word' id='word_1_552' title='bbox 983 4428 1222 4500; x_wconf 83' lang='lat' dir='ltr'><strong>exarsit,</strong></span> <span class='ocrx_word' id='word_1_553' title='bbox 1281 4433 1336 4485; x_wconf 85' lang='lat' dir='ltr'><strong>et</strong></span> <span class='ocrx_word' id='word_1_554' title='bbox 1385 4424 1809 4500; x_wconf 90' lang='lat' dir='ltr'><strong>quodammodo</strong></span> <span class='ocrx_word' id='word_1_555' title='bbox 1858 4422 1993 4480; x_wconf 90' lang='lat' dir='ltr'><strong>scri-</strong></span> 
     </span>
    </p>
   </div>
   <div class='ocr_carea' id='block_1_49' title="bbox 282 4491 2067 4599">
    <p class='ocr_par' dir='ltr' id='par_1_49' title="bbox 282 4491 2067 4599">
     <span class='ocr_line' id='line_1_50' title="bbox 282 4491 2067 4599; baseline -0.009 -16"><span class='ocrx_word' id='word_1_556' title='bbox 282 4530 454 4599; x_wconf 88' lang='lat' dir='ltr'><strong>ptum</strong></span> <span class='ocrx_word' id='word_1_557' title='bbox 500 4496 734 4599; x_wconf 83' lang='lat' dir='ltr'><strong>reliquit</strong></span> <span class='ocrx_word' id='word_1_558' title='bbox 784 4522 846 4580; x_wconf 89' lang='lat' dir='ltr'><strong>in</strong></span> <span class='ocrx_word' id='word_1_559' title='bbox 891 4521 1105 4595; x_wconf 89' lang='lat' dir='ltr'><strong>pariete</strong></span> <span class='ocrx_word' id='word_1_560' title='bbox 1138 4491 1291 4595; x_wconf 82' lang='lat' dir='ltr'><strong>quod</strong></span> <span class='ocrx_word' id='word_1_561' title='bbox 1333 4491 1625 4577; x_wconf 80' lang='lat' dir='ltr'><strong>occultum</strong></span> <span class='ocrx_word' id='word_1_562' title='bbox 1661 4513 1894 4587; x_wconf 87' lang='lat' dir='ltr'><strong>gerebat</strong></span> <span class='ocrx_word' id='word_1_563' title='bbox 1929 4511 1991 4568; x_wconf 91' lang='lat' dir='ltr'><strong>in</strong></span> <span class='ocrx_word' id='word_1_564' title='bbox 2018 4491 2067 4550; x_wconf 77' lang='grc' dir='ltr'>Π</span> 
     </span>
    </p>
   </div>
   <div class='ocr_carea' id='block_1_50' title="bbox 287 4616 505 4671">
    <p class='ocr_par' dir='ltr' id='par_1_50' title="bbox 287 4616 505 4671">
     <span class='ocr_line' id='line_1_51' title="bbox 287 4616 505 4671; baseline -0.014 0"><span class='ocrx_word' id='word_1_565' title='bbox 287 4616 505 4671; x_wconf 89' lang='lat' dir='ltr'><strong>mente.</strong></span> 
     </span>
    </p>
   </div>
   <div class='ocr_carea' id='block_1_51' title="bbox 913 4696 1371 4759">
    <p class='ocr_par' dir='ltr' id='par_1_51' title="bbox 913 4696 1371 4759">
     <span class='ocr_line' id='line_1_52' title="bbox 913 4696 1371 4759; baseline -0.011 0"><span class='ocrx_word' id='word_1_566' title='bbox 913 4698 1155 4759; x_wconf 86' lang='lat' dir='ltr'><strong>CAPUT</strong></span> <span class='ocrx_word' id='word_1_567' title='bbox 1191 4696 1371 4756; x_wconf 88' lang='lat' dir='ltr'><strong>LXII.</strong></span> 
     </span>
    </p>
   </div>
   <div class='ocr_carea' id='block_1_52' title="bbox 286 4782 1997 4862">
    <p class='ocr_par' dir='ltr' id='par_1_52' title="bbox 286 4782 1997 4862">
     <span class='ocr_line' id='line_1_53' title="bbox 286 4782 1997 4862; baseline -0.009 -10"><span class='ocrx_word' id='word_1_568' title='bbox 286 4797 421 4853; x_wconf 81' lang='lat' dir='ltr'><strong>Item</strong></span> <span class='ocrx_word' id='word_1_569' title='bbox 465 4791 532 4848; x_wconf 84' lang='lat' dir='ltr'><strong>de</strong></span> <span class='ocrx_word' id='word_1_570' title='bbox 586 4792 825 4856; x_wconf 76' lang='lat' dir='ltr'><strong>diabolo,</strong></span> <span class='ocrx_word' id='word_1_571' title='bbox 882 4794 980 4862; x_wconf 68' lang='lat' dir='ltr'><strong>qui</strong></span> <span class='ocrx_word' id='word_1_572' title='bbox 1040 4796 1316 4845; x_wconf 70' lang='lat' dir='ltr'><strong>earterrens</strong></span> <span class='ocrx_word' id='word_1_573' title='bbox 1379 4802 1575 4858; x_wconf 84' lang='lat' dir='ltr'><strong>equum</strong></span> <span class='ocrx_word' id='word_1_574' title='bbox 1631 4782 1997 4842; x_wconf 82' lang='lat' dir='ltr'><strong>Romualdum</strong></span> 
     </span>
    </p>
   </div>
   <div class='ocr_carea' id='block_1_53' title="bbox 919 4879 1376 4949">
    <p class='ocr_par' dir='ltr' id='par_1_53' title="bbox 919 4879 1376 4949">
     <span class='ocr_line' id='line_1_54' title="bbox 919 4879 1376 4949; baseline -0.009 -14"><span class='ocrx_word' id='word_1_575' title='bbox 919 4896 1158 4949; x_wconf 80' lang='lat' dir='ltr'><strong>mergere</strong></span> <span class='ocrx_word' id='word_1_576' title='bbox 1183 4879 1376 4932; x_wconf 77' lang='lat' dir='ltr'><strong>voluit.</strong></span> 
     </span>
    </p>
   </div>
   <div class='ocr_carea' id='block_1_54' title="bbox 363 4975 2003 5064">
    <p class='ocr_par' dir='ltr' id='par_1_54' title="bbox 363 4975 2003 5064">
     <span class='ocr_line' id='line_1_55' title="bbox 363 4975 2003 5064; baseline -0.008 -17"><span class='ocrx_word' id='word_1_577' title='bbox 363 4986 695 5064; x_wconf 86' lang='lat' dir='ltr'><strong>Aliquando</strong></span> <span class='ocrx_word' id='word_1_578' title='bbox 741 4987 914 5046; x_wconf 89' lang='lat' dir='ltr'><strong>etiam</strong></span> <span class='ocrx_word' id='word_1_579' title='bbox 956 4985 1100 5045; x_wconf 93' lang='lat' dir='ltr'><strong>dum</strong></span> <span class='ocrx_word' id='word_1_580' title='bbox 1150 4976 1502 5044; x_wconf 84' lang='lat' dir='ltr'><strong>venerabilis</strong></span> <span class='ocrx_word' id='word_1_581' title='bbox 1556 4982 1645 5040; x_wconf 89' lang='lat' dir='ltr'><strong>vir</strong></span> <span class='ocrx_word' id='word_1_582' title='bbox 1692 4995 1826 5039; x_wconf 89' lang='lat' dir='ltr'><strong>cum</strong></span> <span class='ocrx_word' id='word_1_583' title='bbox 1880 4975 2003 5035; x_wconf 89' lang='lat' dir='ltr'><strong>suis</strong></span> 
     </span>
    </p>
   </div>
   <div class='ocr_carea' id='block_1_55' title="bbox 290 5064 2001 5152">
    <p class='ocr_par' dir='ltr' id='par_1_55' title="bbox 290 5064 2001 5152">
     <span class='ocr_line' id='line_1_56' title="bbox 290 5064 2001 5152; baseline -0.009 -15"><span class='ocrx_word' id='word_1_584' title='bbox 290 5078 593 5152; x_wconf 87' lang='lat' dir='ltr'><strong>discipulis</strong></span> <span class='ocrx_word' id='word_1_585' title='bbox 648 5078 950 5152; x_wconf 85' lang='lat' dir='ltr'><strong>equitaret,</strong></span> <span class='ocrx_word' id='word_1_586' title='bbox 1003 5089 1131 5133; x_wconf 88' lang='lat' dir='ltr'><strong>ecce</strong></span> <span class='ocrx_word' id='word_1_587' title='bbox 1183 5071 1476 5145; x_wconf 87' lang='lat' dir='ltr'><strong>malignus</strong></span> <span class='ocrx_word' id='word_1_588' title='bbox 1541 5066 1777 5142; x_wconf 79' lang='lat' dir='ltr'><strong>spiritus</strong></span> <span class='ocrx_word' id='word_1_589' title='bbox 1838 5064 2001 5126; x_wconf 89' lang='lat' dir='ltr'><strong>rubei</strong></span> 
     </span>
    </p>
   </div>
   <div class='ocr_carea' id='block_1_56' title="bbox 300 5233 2006 5372">
    <p class='ocr_par' dir='ltr' id='par_1_56' title="bbox 300 5233 2006 5372">
     <span class='ocr_line' id='line_1_57' title="bbox 300 5233 2006 5372; baseline -0.009 -73"><span class='ocrx_word' id='word_1_590' title='bbox 300 5246 494 5372; x_wconf 64' lang='grc' dir='ltr'><em>ε</em></span> <span class='ocrx_word' id='word_1_591' title='bbox 551 5248 890 5308; x_wconf 75' lang='lat' dir='ltr'><strong>Cauteriatur,</strong></span> <span class='ocrx_word' id='word_1_592' title='bbox 944 5254 1139 5308; x_wconf 87' lang='lat' dir='ltr'><strong>nempe</strong></span> <span class='ocrx_word' id='word_1_593' title='bbox 1191 5241 1417 5301; x_wconf 82' lang='lat' dir='ltr'><strong>adustus,</strong></span> <span class='ocrx_word' id='word_1_594' title='bbox 1503 5236 1626 5289; x_wconf 88' lang='lat' dir='ltr'><strong>vide</strong></span> <span class='ocrx_word' id='word_1_595' title='bbox 1694 5233 2006 5285; x_wconf 76' lang='lat' dir='ltr'><strong>Glossarium</strong></span> 
     </span>
    </p>
   </div>
   <div class='ocr_carea' id='block_1_57' title="bbox 361 5358 2003 5438">
    <p class='ocr_par' dir='ltr' id='par_1_57' title="bbox 361 5358 2003 5438">
     <span class='ocr_line' id='line_1_58' title="bbox 361 5358 2003 5438; baseline -0.009 -14"><span class='ocrx_word' id='word_1_596' title='bbox 361 5358 501 5438; x_wconf 56' lang='lat'><strong>(319)</strong></span> <span class='ocrx_word' id='word_1_597' title='bbox 531 5371 901 5438; x_wconf 75' lang='lat' dir='ltr'><strong>incompertns</strong></span> <span class='ocrx_word' id='word_1_598' title='bbox 929 5365 1464 5438; x_wconf 55' lang='lat' dir='ltr'><strong>esthactenussitus</strong></span> <span class='ocrx_word' id='word_1_599' title='bbox 1487 5358 2003 5438; x_wconf 53' lang='lat' dir='ltr'><strong>linjnsmop&#39;asterii.</strong></span> 
     </span>
    </p>
   </div>
   <div class='ocr_carea' id='block_1_58' title="bbox 303 5419 2001 5499">
    <p class='ocr_par' dir='ltr' id='par_1_58' title="bbox 303 5419 2001 5499">
     <span class='ocr_line' id='line_1_59' title="bbox 303 5419 2001 5499; baseline -0.01 -12"><span class='ocrx_word' id='word_1_600' title='bbox 303 5419 651 5499; x_wconf 31' lang='lat' dir='ltr'><strong>Devqubda‘m</strong></span> <span class='ocrx_word' id='word_1_601' title='bbox 666 5419 897 5499; x_wconf 53' lang='lat' dir='ltr'><strong>Martiae</strong></span> <span class='ocrx_word' id='word_1_602' title='bbox 929 5419 1244 5483; x_wconf 69' lang='lat' dir='ltr'><strong>\iallisbonaa</strong></span> <span class='ocrx_word' id='word_1_603' title='bbox 1275 5419 1634 5499; x_wconf 53' lang='lat' dir='ltr'><strong>abbate,&quot;q&#39;ui_</strong></span> <span class='ocrx_word' id='word_1_604' title='bbox 1650 5419 1871 5499; x_wconf 71' lang='lat' dir='ltr'><strong>post_l3_._</strong></span> <span class='ocrx_word' id='word_1_605' title='bbox 1884 5423 2001 5499; x_wconf 41' lang='lat' dir='ltr'><strong>alni:</strong></span> 
     </span>
    </p>
   </div>
   <div class='ocr_carea' id='block_1_59' title="bbox 302 5481 2005 5560">
    <p class='ocr_par' dir='ltr' id='par_1_59' title="bbox 302 5481 2005 5560">
     <span class='ocr_line' id='line_1_60' title="bbox 302 5481 2005 5560; baseline -0.009 -13"><span class='ocrx_word' id='word_1_606' title='bbox 302 5481 548 5560; x_wconf 54' lang='lat' dir='ltr'><strong>Hostia</strong></span> <span class='ocrx_word' id='word_1_607' title='bbox 558 5481 639 5547; x_wconf 27' lang='lat' dir='ltr'><strong>VC;</strong></span> <span class='ocrx_word' id='word_1_608' title='bbox 648 5481 1040 5560; x_wconf 50' lang='lat' dir='ltr'><strong>ﬁnesﬁnem</strong></span> <span class='ocrx_word' id='word_1_609' title='bbox 1075 5491 1352 5560; x_wconf 75' lang='lat' dir='ltr'><strong>peroravit</strong></span> <span class='ocrx_word' id='word_1_610' title='bbox 1362 5481 1752 5560; x_wconf 39' lang='lat' dir='ltr'><strong>.in_&#39;l-‘errar_i‘te_</strong></span> <span class='ocrx_word' id='word_1_611' title='bbox 1775 5481 2005 5560; x_wconf 50' lang='lat' dir='ltr'><strong>concilii;</strong></span> 
     </span>
    </p>
   </div>
   <div class='ocr_carea' id='block_1_60' title="bbox 301 5544 2008 5620">
    <p class='ocr_par' dir='ltr' id='par_1_60' title="bbox 301 5544 2008 5620">
     <span class='ocr_line' id='line_1_61' title="bbox 301 5544 2008 5620; baseline -0.009 -9"><span class='ocrx_word' id='word_1_612' title='bbox 301 5544 450 5611; x_wconf 65' lang='grc' dir='ltr'><strong>ἰὶιῑιῖ)</strong></span> <span class='ocrx_word' id='word_1_613' title='bbox 460 5544 621 5620; x_wconf 54' lang='lat' dir='ltr'><strong>illis,</strong></span> <span class='ocrx_word' id='word_1_614' title='bbox 648 5544 895 5620; x_wconf 42' lang='lat' dir='ltr'><strong>Hie—vin</strong></span> <span class='ocrx_word' id='word_1_615' title='bbox 916 5544 1174 5620; x_wconf 63' lang='lat' dir='ltr'><strong>lepua‘rn,</strong></span> <span class='ocrx_word' id='word_1_616' title='bbox 1208 5549 1421 5620; x_wconf 61' lang='lat' dir='ltr'><strong>mentio</strong></span> <span class='ocrx_word' id='word_1_617' title='bbox 1441 5548 1499 5601; x_wconf 78' lang='lat' dir='ltr'><strong>ﬁt</strong></span> <span class='ocrx_word' id='word_1_618' title='bbox 1528 5548 1583 5598; x_wconf 88' lang='lat' dir='ltr'><strong>in</strong></span> <span class='ocrx_word' id='word_1_619' title='bbox 1614 5549 1756 5597; x_wconf 74' lang='lat' dir='ltr'><strong>Actis</strong></span> <span class='ocrx_word' id='word_1_620' title='bbox 1790 5544 2008 5620; x_wconf 60' lang='lat' dir='ltr'><strong>concilii</strong></span> 
     </span>
    </p>
   </div>
   <div class='ocr_carea' id='block_1_61' title="bbox 304 5606 1875 5676">
    <p class='ocr_par' dir='ltr' id='par_1_61' title="bbox 304 5606 1875 5676">
     <span class='ocr_line' id='line_1_62' title="bbox 304 5606 1875 5676; baseline -0.011 -2"><span class='ocrx_word' id='word_1_621' title='bbox 304 5606 1269 5676; x_wconf 46' lang='lat' dir='ltr'><strong>Fidi&#39;euiiiii&#39;aiiitemiteinstniiino</strong></span> <span class='ocrx_word' id='word_1_622' title='bbox 1300 5611 1475 5674; x_wconf 77' lang='lat' dir='ltr'><strong>editis,</strong></span> <span class='ocrx_word' id='word_1_623' title='bbox 1506 5621 1623 5675; x_wconf 71' lang='lat' dir='ltr'><strong>par.</strong></span> <span class='ocrx_word' id='word_1_624' title='bbox 1649 5620 1690 5672; x_wconf 84' lang='grc' dir='ltr'><strong>ι,</strong></span> <span class='ocrx_word' id='word_1_625' title='bbox 1718 5620 1771 5660; x_wconf 90' lang='lat' dir='ltr'><strong>n.</strong></span> <span class='ocrx_word' id='word_1_626' title='bbox 1794 5606 1875 5659; x_wconf 79' lang='lat'><strong>20.</strong></span> 
     </span>
    </p>
   </div>
   <div class='ocr_carea' id='block_1_62' title="bbox 593 5720 1131 5792">
    <p class='ocr_par' dir='ltr' id='par_1_62' title="bbox 593 5720 1131 5792">
     <span class='ocr_line' id='line_1_63' title="bbox 593 5720 1131 5792; baseline -0.007 -4"><span class='ocrx_word' id='word_1_627' title='bbox 593 5727 852 5792; x_wconf 77' lang='lat' dir='ltr'><strong>PATROL.</strong></span> <span class='ocrx_word' id='word_1_628' title='bbox 881 5720 1131 5787; x_wconf 82' lang='lat' dir='ltr'><strong>CXLIV.</strong></span> 
     </span>
    </p>
   </div>
   <div class='ocr_carea' id='block_1_63' title="bbox 2064 3355 3781 3434">
    <p class='ocr_par' dir='ltr' id='par_1_63' title="bbox 2064 3355 3781 3434">
     <span class='ocr_line' id='line_1_64' title="bbox 2064 3355 3781 3434; baseline -0.004 -12"><span class='ocrx_word' id='word_1_629' title='bbox 2064 3362 2265 3422; x_wconf 89' lang='lat' dir='ltr'><strong>ﬂetum</strong></span> <span class='ocrx_word' id='word_1_630' title='bbox 2311 3375 2706 3434; x_wconf 88' lang='lat' dir='ltr'><strong>prorumpere,</strong></span> <span class='ocrx_word' id='word_1_631' title='bbox 2741 3358 2846 3431; x_wconf 91' lang='lat' dir='ltr'><strong>qui</strong></span> <span class='ocrx_word' id='word_1_632' title='bbox 2893 3357 3056 3430; x_wconf 89' lang='lat' dir='ltr'><strong>prius</strong></span> <span class='ocrx_word' id='word_1_633' title='bbox 3101 3355 3447 3415; x_wconf 86' lang='lat' dir='ltr'><strong>audiebatur</strong></span> <span class='ocrx_word' id='word_1_634' title='bbox 3490 3361 3781 3415; x_wconf 78' lang='lat' dir='ltr'><strong>crescente</strong></span> 
     </span>
    </p>
   </div>
   <div class='ocr_carea' id='block_1_64' title="bbox 2066 3442 3783 3524">
    <p class='ocr_par' dir='ltr' id='par_1_64' title="bbox 2066 3442 3783 3524">
     <span class='ocr_line' id='line_1_65' title="bbox 2066 3442 3783 3524; baseline -0.005 -14"><span class='ocrx_word' id='word_1_635' title='bbox 2066 3449 2516 3524; x_wconf 80' lang='lat' dir='ltr'><strong>rixa_gaudere;</strong></span> <span class='ocrx_word' id='word_1_636' title='bbox 2550 3456 2606 3505; x_wconf 93' lang='lat' dir='ltr'><strong>et</strong></span> <span class='ocrx_word' id='word_1_637' title='bbox 2626 3446 2723 3523; x_wconf 91' lang='lat' dir='ltr'><strong>qui</strong></span> <span class='ocrx_word' id='word_1_638' title='bbox 2754 3453 2893 3505; x_wconf 91' lang='lat' dir='ltr'><strong>tunc</strong></span> <span class='ocrx_word' id='word_1_639' title='bbox 2922 3444 3089 3520; x_wconf 88' lang='lat' dir='ltr'><strong>quasi</strong></span> <span class='ocrx_word' id='word_1_640' title='bbox 3109 3445 3398 3504; x_wconf 91' lang='lat' dir='ltr'><strong>circulum</strong></span> <span class='ocrx_word' id='word_1_641' title='bbox 3427 3444 3596 3503; x_wconf 88' lang='lat' dir='ltr'><strong>vacui</strong></span> <span class='ocrx_word' id='word_1_642' title='bbox 3627 3442 3783 3502; x_wconf 84' lang='lat' dir='ltr'><strong>vasis</strong></span> 
     </span>
    </p>
   </div>
   <div class='ocr_carea' id='block_1_65' title="bbox 2065 3533 3783 3609">
    <p class='ocr_par' dir='ltr' id='par_1_65' title="bbox 2065 3533 3783 3609">
     <span class='ocr_line' id='line_1_66' title="bbox 2065 3533 3783 3609; baseline -0.005 -11"><span class='ocrx_word' id='word_1_643' title='bbox 2065 3539 2395 3598; x_wconf 89' lang='lat' dir='ltr'><strong>abstrahere</strong></span> <span class='ocrx_word' id='word_1_644' title='bbox 2444 3545 2501 3595; x_wconf 89' lang='lat' dir='ltr'><strong>et</strong></span> <span class='ocrx_word' id='word_1_645' title='bbox 2556 3543 2742 3608; x_wconf 91' lang='lat' dir='ltr'><strong>partes</strong></span> <span class='ocrx_word' id='word_1_646' title='bbox 2775 3581 2791 3607; x_wconf 93' lang='lat'><strong>,</strong></span> <span class='ocrx_word' id='word_1_647' title='bbox 2847 3533 3062 3609; x_wconf 90' lang='lat' dir='ltr'><strong>quibus</strong></span> <span class='ocrx_word' id='word_1_648' title='bbox 3126 3540 3488 3607; x_wconf 85' lang='lat' dir='ltr'><strong>compactum</strong></span> <span class='ocrx_word' id='word_1_649' title='bbox 3553 3533 3783 3601; x_wconf 87' lang='lat' dir='ltr'><strong>fuerat,</strong></span> 
     </span>
    </p>
   </div>
   <div class='ocr_carea' id='block_1_66' title="bbox 2066 3622 3793 3705">
    <p class='ocr_par' dir='ltr' id='par_1_66' title="bbox 2066 3622 3793 3705">
     <span class='ocr_line' id='line_1_67' title="bbox 2066 3622 3793 3705; baseline -0.006 -14"><span class='ocrx_word' id='word_1_650' title='bbox 2066 3632 2345 3705; x_wconf 89' lang='lat' dir='ltr'><strong>dissipare</strong></span> <span class='ocrx_word' id='word_1_651' title='bbox 2374 3627 2632 3697; x_wconf 89' lang='lat' dir='ltr'><strong>tentavit,</strong></span> <span class='ocrx_word' id='word_1_652' title='bbox 2665 3625 2987 3686; x_wconf 87' lang='lat' dir='ltr'><strong>constrictis</strong></span> <span class='ocrx_word' id='word_1_653' title='bbox 3019 3626 3143 3698; x_wconf 85' lang='lat' dir='ltr'><strong>jam</strong></span> <span class='ocrx_word' id='word_1_654' title='bbox 3179 3625 3244 3685; x_wconf 91' lang='lat' dir='ltr'><strong>in</strong></span> <span class='ocrx_word' id='word_1_655' title='bbox 3277 3622 3513 3685; x_wconf 86' lang='lat' dir='ltr'><strong>vinculo</strong></span> <span class='ocrx_word' id='word_1_656' title='bbox 3550 3624 3708 3698; x_wconf 88' lang='lat' dir='ltr'><strong>pacis</strong></span> <span class='ocrx_word' id='word_1_657' title='bbox 3734 3629 3793 3681; x_wconf 85' lang='lat' dir='ltr'><strong>et</strong></span> 
     </span>
    </p>
   </div>
   <div class='ocr_carea' id='block_1_67' title="bbox 2069 3712 3558 3791">
    <p class='ocr_par' dir='ltr' id='par_1_67' title="bbox 2069 3712 3558 3791">
     <span class='ocr_line' id='line_1_68' title="bbox 2069 3712 3558 3791; baseline -0.006 -11"><span class='ocrx_word' id='word_1_658' title='bbox 2069 3718 2367 3779; x_wconf 89' lang='lat' dir='ltr'><strong>charitatis</strong></span> <span class='ocrx_word' id='word_1_659' title='bbox 2393 3732 2667 3791; x_wconf 88' lang='lat' dir='ltr'><strong>compage</strong></span> <span class='ocrx_word' id='word_1_660' title='bbox 2692 3713 3021 3789; x_wconf 87' lang='lat' dir='ltr'><strong>discipulis,</strong></span> <span class='ocrx_word' id='word_1_661' title='bbox 3055 3714 3233 3772; x_wconf 85' lang='lat' dir='ltr'><strong>tristis</strong></span> <span class='ocrx_word' id='word_1_662' title='bbox 3258 3712 3558 3773; x_wconf 86' lang='lat' dir='ltr'><strong>abscessit.</strong></span> 
     </span>
    </p>
   </div>
   <div class='ocr_carea' id='block_1_68' title="bbox 2510 3819 3185 3881">
    <p class='ocr_par' dir='ltr' id='par_1_68' title="bbox 2510 3819 3185 3881">
     <span class='ocr_line' id='line_1_69' title="bbox 2510 3819 3185 3881; baseline -0.006 0"><span class='ocrx_word' id='word_1_663' title='bbox 2510 3844 2511 3851; x_wconf 46' lang='grc' dir='ltr'><strong>η</strong></span> <span class='ocrx_word' id='word_1_664' title='bbox 2680 3821 2924 3881; x_wconf 86' lang='lat' dir='ltr'><strong>CAPUT</strong></span> <span class='ocrx_word' id='word_1_665' title='bbox 2984 3819 3185 3879; x_wconf 87' lang='lat' dir='ltr'><strong>LXIV.</strong></span> 
     </span>
    </p>
   </div>
   <div class='ocr_carea' id='block_1_69' title="bbox 2250 3893 3609 3965">
    <p class='ocr_par' dir='ltr' id='par_1_69' title="bbox 2250 3893 3609 3965">
     <span class='ocr_line' id='line_1_70' title="bbox 2250 3893 3609 3965; baseline -0.001 -12"><span class='ocrx_word' id='word_1_666' title='bbox 2250 3901 2327 3953; x_wconf 85' lang='lat' dir='ltr'><strong>De</strong></span> <span class='ocrx_word' id='word_1_667' title='bbox 2362 3897 2617 3953; x_wconf 72' lang='lat' dir='ltr'><strong>districta</strong></span> <span class='ocrx_word' id='word_1_668' title='bbox 2655 3898 2772 3950; x_wconf 78' lang='lat' dir='ltr'><strong>vita</strong></span> <span class='ocrx_word' id='word_1_669' title='bbox 2810 3910 2932 3965; x_wconf 79' lang='lat' dir='ltr'><strong>quae</strong></span> <span class='ocrx_word' id='word_1_670' title='bbox 2960 3895 3019 3949; x_wconf 75' lang='lat' dir='ltr'><strong>in</strong></span> <span class='ocrx_word' id='word_1_671' title='bbox 3057 3895 3250 3964; x_wconf 78' lang='lat' dir='ltr'><strong>Sytria</strong></span> <span class='ocrx_word' id='word_1_672' title='bbox 3286 3893 3609 3951; x_wconf 69' lang='lat' dir='ltr'><strong>ducebatur.</strong></span> 
     </span>
    </p>
   </div>
   <div class='ocr_carea' id='block_1_70' title="bbox 2147 3981 3792 4057">
    <p class='ocr_par' dir='ltr' id='par_1_70' title="bbox 2147 3981 3792 4057">
     <span class='ocr_line' id='line_1_71' title="bbox 2147 3981 3792 4057; baseline -0.001 -15"><span class='ocrx_word' id='word_1_673' title='bbox 2147 3983 2362 4043; x_wconf 88' lang='lat' dir='ltr'><strong>Taliter</strong></span> <span class='ocrx_word' id='word_1_674' title='bbox 2392 3992 2587 4044; x_wconf 88' lang='lat' dir='ltr'><strong>autem</strong></span> <span class='ocrx_word' id='word_1_675' title='bbox 2630 3982 2692 4041; x_wconf 94' lang='lat' dir='ltr'><strong>in</strong></span> <span class='ocrx_word' id='word_1_676' title='bbox 2738 3981 2931 4057; x_wconf 77' lang='lat' dir='ltr'><strong>Sytria</strong></span> <span class='ocrx_word' id='word_1_677' title='bbox 2978 3981 3127 4051; x_wconf 80' lang='lat' dir='ltr'><strong>(3&#39;2I)</strong></span> <span class='ocrx_word' id='word_1_678' title='bbox 3170 3981 3475 4041; x_wconf 89' lang='lat' dir='ltr'><strong>vivebatur</strong></span> <span class='ocrx_word' id='word_1_679' title='bbox 3513 3998 3583 4042; x_wconf 88' lang='lat' dir='ltr'><strong>ac</strong></span> <span class='ocrx_word' id='word_1_680' title='bbox 3624 3981 3675 4043; x_wconf 84' lang='lat' dir='ltr'><strong>si</strong></span> <span class='ocrx_word' id='word_1_681' title='bbox 3717 3995 3792 4046; x_wconf 77' lang='lat' dir='ltr'><strong>ex</strong></span> 
     </span>
    </p>
   </div>
   <div class='ocr_carea' id='block_1_71' title="bbox 2076 4066 3795 4144">
    <p class='ocr_par' dir='ltr' id='par_1_71' title="bbox 2076 4066 3795 4144">
     <span class='ocr_line' id='line_1_72' title="bbox 2076 4066 3795 4144; baseline -0.002 -12"><span class='ocrx_word' id='word_1_682' title='bbox 2076 4073 2460 4133; x_wconf 85' lang='lat' dir='ltr'><strong>similitudine</strong></span> <span class='ocrx_word' id='word_1_683' title='bbox 2509 4088 2625 4130; x_wconf 90' lang='lat' dir='ltr'><strong>non</strong></span> <span class='ocrx_word' id='word_1_684' title='bbox 2664 4070 2850 4128; x_wconf 89' lang='lat' dir='ltr'><strong>solum</strong></span> <span class='ocrx_word' id='word_1_685' title='bbox 2895 4068 3171 4141; x_wconf 86' lang='lat' dir='ltr'><strong>nominis,</strong></span> <span class='ocrx_word' id='word_1_686' title='bbox 3215 4070 3313 4128; x_wconf 90' lang='lat' dir='ltr'><strong>sed</strong></span> <span class='ocrx_word' id='word_1_687' title='bbox 3359 4068 3536 4128; x_wconf 87' lang='lat' dir='ltr'><strong>etiam</strong></span> <span class='ocrx_word' id='word_1_688' title='bbox 3576 4066 3795 4144; x_wconf 35' lang='lat' dir='ltr'><strong>‘operis,</strong></span> 
     </span>
    </p>
   </div>
   <div class='ocr_carea' id='block_1_72' title="bbox 2077 4161 3801 4237">
    <p class='ocr_par' dir='ltr' id='par_1_72' title="bbox 2077 4161 3801 4237">
     <span class='ocr_line' id='line_1_73' title="bbox 2077 4161 3801 4237; baseline -0.003 -12"><span class='ocrx_word' id='word_1_689' title='bbox 2077 4166 2258 4225; x_wconf 78' lang='lat' dir='ltr'><strong>altera</strong></span> <span class='ocrx_word' id='word_1_690' title='bbox 2283 4165 2476 4225; x_wconf 87' lang='lat' dir='ltr'><strong>denuo</strong></span> <span class='ocrx_word' id='word_1_691' title='bbox 2504 4163 2689 4223; x_wconf 88' lang='lat' dir='ltr'><strong>Nitria</strong></span> <span class='ocrx_word' id='word_1_692' title='bbox 2715 4162 3022 4231; x_wconf 90' lang='lat' dir='ltr'><strong>videretur,</strong></span> <span class='ocrx_word' id='word_1_693' title='bbox 3055 4177 3258 4222; x_wconf 88' lang='lat' dir='ltr'><strong>omnes</strong></span> <span class='ocrx_word' id='word_1_694' title='bbox 3299 4161 3589 4237; x_wconf 88' lang='lat' dir='ltr'><strong>siquidem</strong></span> <span class='ocrx_word' id='word_1_695' title='bbox 3624 4161 3801 4222; x_wconf 87' lang='lat' dir='ltr'><strong>nudis</strong></span> 
     </span>
    </p>
   </div>
   <div class='ocr_carea' id='block_1_73' title="bbox 2080 4248 3800 4328">
    <p class='ocr_par' dir='ltr' id='par_1_73' title="bbox 2080 4248 3800 4328">
     <span class='ocr_line' id='line_1_74' title="bbox 2080 4248 3800 4328; baseline -0.002 -16"><span class='ocrx_word' id='word_1_696' title='bbox 2080 4254 2327 4328; x_wconf 88' lang='lat' dir='ltr'><strong>pedibus</strong></span> <span class='ocrx_word' id='word_1_697' title='bbox 2372 4252 2724 4323; x_wconf 89' lang='lat' dir='ltr'><strong>incedentes,</strong></span> <span class='ocrx_word' id='word_1_698' title='bbox 2764 4266 2969 4309; x_wconf 88' lang='lat' dir='ltr'><strong>omnes</strong></span> <span class='ocrx_word' id='word_1_699' title='bbox 3022 4249 3247 4320; x_wconf 88' lang='lat' dir='ltr'><strong>inculti,</strong></span> <span class='ocrx_word' id='word_1_700' title='bbox 3280 4249 3483 4324; x_wconf 83' lang='lat' dir='ltr'><strong>pallidi</strong></span> <span class='ocrx_word' id='word_1_701' title='bbox 3521 4257 3577 4309; x_wconf 86' lang='lat' dir='ltr'><strong>et</strong></span> <span class='ocrx_word' id='word_1_702' title='bbox 3619 4248 3800 4309; x_wconf 84' lang='lat' dir='ltr'><strong>nimia</strong></span> 
     </span>
    </p>
   </div>
   <div class='ocr_carea' id='block_1_74' title="bbox 2082 4337 3801 4404">
    <p class='ocr_par' dir='ltr' id='par_1_74' title="bbox 2082 4337 3801 4404">
     <span class='ocr_line' id='line_1_75' title="bbox 2082 4337 3801 4404; baseline -0.004 -1"><span class='ocrx_word' id='word_1_703' title='bbox 2082 4343 2351 4404; x_wconf 87' lang='lat' dir='ltr'><strong>omnium</strong></span> <span class='ocrx_word' id='word_1_704' title='bbox 2405 4358 2595 4401; x_wconf 86' lang='lat' dir='ltr'><strong>rerum</strong></span> <span class='ocrx_word' id='word_1_705' title='bbox 2635 4340 2998 4399; x_wconf 82' lang='lat' dir='ltr'><strong>extremitate</strong></span> <span class='ocrx_word' id='word_1_706' title='bbox 3041 4339 3315 4398; x_wconf 81' lang='lat' dir='ltr'><strong>contenti.</strong></span> <span class='ocrx_word' id='word_1_707' title='bbox 3349 4337 3633 4398; x_wconf 85' lang='lat' dir='ltr'><strong>Nonnulli</strong></span> <span class='ocrx_word' id='word_1_708' title='bbox 3663 4353 3801 4397; x_wconf 86' lang='lat' dir='ltr'><strong>vero</strong></span> 
     </span>
    </p>
   </div>
   <div class='ocr_carea' id='block_1_75' title="bbox 2086 4423 3801 4505">
    <p class='ocr_par' dir='ltr' id='par_1_75' title="bbox 2086 4423 3801 4505">
     <span class='ocr_line' id='line_1_76' title="bbox 2086 4423 3801 4505; baseline -0.006 -12"><span class='ocrx_word' id='word_1_709' title='bbox 2086 4433 2375 4493; x_wconf 89' lang='lat' dir='ltr'><strong>damnatis</strong></span> <span class='ocrx_word' id='word_1_710' title='bbox 2408 4431 2607 4505; x_wconf 86' lang='lat' dir='ltr'><strong>jauuis</strong></span> <span class='ocrx_word' id='word_1_711' title='bbox 2659 4430 2864 4501; x_wconf 89' lang='lat' dir='ltr'><strong>clausi,</strong></span> <span class='ocrx_word' id='word_1_712' title='bbox 2897 4430 2973 4488; x_wconf 89' lang='lat' dir='ltr'><strong>ita</strong></span> <span class='ocrx_word' id='word_1_713' title='bbox 3022 4429 3235 4487; x_wconf 89' lang='lat' dir='ltr'><strong>mortui</strong></span> <span class='ocrx_word' id='word_1_714' title='bbox 3273 4427 3622 4486; x_wconf 86' lang='lat' dir='ltr'><strong>videbantur</strong></span> <span class='ocrx_word' id='word_1_715' title='bbox 3652 4423 3801 4482; x_wconf 83' lang='lat'><strong>478</strong></span> 
     </span>
    </p>
   </div>
   <div class='ocr_carea' id='block_1_76' title="bbox 2090 4513 3801 4591">
    <p class='ocr_par' dir='ltr' id='par_1_76' title="bbox 2090 4513 3801 4591">
     <span class='ocr_line' id='line_1_77' title="bbox 2090 4513 3801 4591; baseline -0.005 -11"><span class='ocrx_word' id='word_1_716' title='bbox 2090 4521 2329 4589; x_wconf 90' lang='lat' dir='ltr'><strong>mundo,</strong></span> <span class='ocrx_word' id='word_1_717' title='bbox 2361 4518 2517 4578; x_wconf 89' lang='lat' dir='ltr'><strong>velut</strong></span> <span class='ocrx_word' id='word_1_718' title='bbox 2550 4519 2609 4576; x_wconf 91' lang='lat' dir='ltr'><strong>in</strong></span> <span class='ocrx_word' id='word_1_719' title='bbox 2655 4517 2917 4591; x_wconf 89' lang='lat' dir='ltr'><strong>sepulcro</strong></span> <span class='ocrx_word' id='word_1_720' title='bbox 2941 4518 3064 4590; x_wconf 89' lang='lat' dir='ltr'><strong>jam</strong></span> <span class='ocrx_word' id='word_1_721' title='bbox 3094 4516 3288 4589; x_wconf 87' lang='lat' dir='ltr'><strong>positi.</strong></span> <span class='ocrx_word' id='word_1_722' title='bbox 3321 4513 3542 4574; x_wconf 91' lang='lat' dir='ltr'><strong>Vinum</strong></span> <span class='ocrx_word' id='word_1_723' title='bbox 3581 4513 3664 4572; x_wconf 93' lang='lat' dir='ltr'><strong>ibi</strong></span> <span class='ocrx_word' id='word_1_724' title='bbox 3695 4528 3801 4572; x_wconf 89' lang='lat' dir='ltr'><strong>ne-</strong></span> 
     </span>
    </p>
   </div>
   <div class='ocr_carea' id='block_1_77' title="bbox 2093 4601 3805 4679">
    <p class='ocr_par' dir='ltr' id='par_1_77' title="bbox 2093 4601 3805 4679">
     <span class='ocr_line' id='line_1_78' title="bbox 2093 4601 3805 4679; baseline -0.005 -10"><span class='ocrx_word' id='word_1_725' title='bbox 2093 4628 2183 4669; x_wconf 90' lang='lat' dir='ltr'><strong>mo</strong></span> <span class='ocrx_word' id='word_1_726' title='bbox 2245 4614 2483 4667; x_wconf 84' lang='lat' dir='ltr'><strong>noverat</strong></span> <span class='ocrx_word' id='word_1_727' title='bbox 2514 4654 2529 4679; x_wconf 94' lang='lat'><strong>,</strong></span> <span class='ocrx_word' id='word_1_728' title='bbox 2585 4623 2688 4666; x_wconf 87' lang='lat' dir='ltr'><strong>nec</strong></span> <span class='ocrx_word' id='word_1_729' title='bbox 2742 4607 2791 4665; x_wconf 93' lang='lat' dir='ltr'><strong>si</strong></span> <span class='ocrx_word' id='word_1_730' title='bbox 2846 4606 3023 4665; x_wconf 88' lang='lat' dir='ltr'><strong>etiam</strong></span> <span class='ocrx_word' id='word_1_731' title='bbox 3069 4604 3475 4679; x_wconf 87' lang='lat' dir='ltr'><strong>gravissimam</strong></span> <span class='ocrx_word' id='word_1_732' title='bbox 3531 4601 3805 4678; x_wconf 89' lang='lat' dir='ltr'><strong>quisquis</strong></span> 
     </span>
    </p>
   </div>
   <div class='ocr_carea' id='block_1_78' title="bbox 2089 4692 3801 4773">
    <p class='ocr_par' dir='ltr' id='par_1_78' title="bbox 2089 4692 3801 4773">
     <span class='ocr_line' id='line_1_79' title="bbox 2089 4692 3801 4773; baseline -0.006 -14"><span class='ocrx_word' id='word_1_733' title='bbox 2089 4697 2497 4773; x_wconf 69' lang='lat' dir='ltr'><strong>aegritudinem</strong></span> <span class='ocrx_word' id='word_1_734' title='bbox 2550 4703 2857 4771; x_wconf 88' lang='lat' dir='ltr'><strong>pateretur.</strong></span> <span class='ocrx_word' id='word_1_735' title='bbox 2906 4693 3017 4754; x_wconf 88' lang='lat' dir='ltr'><strong>Sed</strong></span> <span class='ocrx_word' id='word_1_736' title='bbox 3065 4710 3170 4753; x_wconf 92' lang='lat' dir='ltr'><strong>cur</strong></span> <span class='ocrx_word' id='word_1_737' title='bbox 3217 4710 3322 4767; x_wconf 83' lang='lat' dir='ltr'><strong>ego</strong></span> <span class='ocrx_word' id='word_1_738' title='bbox 3371 4696 3442 4752; x_wconf 90' lang='lat' dir='ltr'><strong>de</strong></span> <span class='ocrx_word' id='word_1_739' title='bbox 3502 4692 3801 4751; x_wconf 87' lang='lat' dir='ltr'><strong>monachis</strong></span> 
     </span>
    </p>
   </div>
   <div class='ocr_carea' id='block_1_79' title="bbox 2090 4780 3802 4863">
    <p class='ocr_par' dir='ltr' id='par_1_79' title="bbox 2090 4780 3802 4863">
     <span class='ocr_line' id='line_1_80' title="bbox 2090 4780 3802 4863; baseline -0.005 -16"><span class='ocrx_word' id='word_1_740' title='bbox 2090 4788 2315 4863; x_wconf 88' lang='lat' dir='ltr'><strong>loquor,</strong></span> <span class='ocrx_word' id='word_1_741' title='bbox 2348 4802 2485 4845; x_wconf 90' lang='lat' dir='ltr'><strong>cum</strong></span> <span class='ocrx_word' id='word_1_742' title='bbox 2510 4793 2565 4843; x_wconf 89' lang='lat' dir='ltr'><strong>et</strong></span> <span class='ocrx_word' id='word_1_743' title='bbox 2596 4784 2707 4859; x_wconf 90' lang='lat' dir='ltr'><strong>ipsi</strong></span> <span class='ocrx_word' id='word_1_744' title='bbox 2733 4785 3152 4845; x_wconf 88' lang='lat' dir='ltr'><strong>monachorum</strong></span> <span class='ocrx_word' id='word_1_745' title='bbox 3186 4782 3415 4855; x_wconf 89' lang='lat' dir='ltr'><strong>famuli,</strong></span> <span class='ocrx_word' id='word_1_746' title='bbox 3435 4780 3550 4856; x_wconf 92' lang='lat' dir='ltr'><strong>ipsi</strong></span> <span class='ocrx_word' id='word_1_747' title='bbox 3570 4794 3802 4854; x_wconf 88' lang='lat' dir='ltr'><strong>quoque</strong></span> 
     </span>
    </p>
   </div>
   <div class='ocr_carea' id='block_1_80' title="bbox 2092 4871 3797 4949">
    <p class='ocr_par' dir='ltr' id='par_1_80' title="bbox 2092 4871 3797 4949">
     <span class='ocr_line' id='line_1_81' title="bbox 2092 4871 3797 4949; baseline -0.006 -12"><span class='ocrx_word' id='word_1_748' title='bbox 2092 4877 2356 4938; x_wconf 89' lang='lat' dir='ltr'><strong>custodes</strong></span> <span class='ocrx_word' id='word_1_749' title='bbox 2407 4889 2675 4949; x_wconf 87' lang='lat' dir='ltr'><strong>pecorum</strong></span> <span class='ocrx_word' id='word_1_750' title='bbox 2724 4872 3091 4947; x_wconf 85' lang='lat' dir='ltr'><strong>jejunarent,</strong></span> <span class='ocrx_word' id='word_1_751' title='bbox 3147 4871 3451 4931; x_wconf 87' lang='lat' dir='ltr'><strong>silentium</strong></span> <span class='ocrx_word' id='word_1_752' title='bbox 3519 4878 3797 4939; x_wconf 91' lang='lat' dir='ltr'><strong>tenerent,</strong></span> 
     </span>
    </p>
   </div>
   <div class='ocr_carea' id='block_1_81' title="bbox 2093 4958 3802 5041">
    <p class='ocr_par' dir='ltr' id='par_1_81' title="bbox 2093 4958 3802 5041">
     <span class='ocr_line' id='line_1_82' title="bbox 2093 4958 3802 5041; baseline -0.006 -15"><span class='ocrx_word' id='word_1_753' title='bbox 2093 4966 2426 5041; x_wconf 86' lang='lat' dir='ltr'><strong>disciplinas</strong></span> <span class='ocrx_word' id='word_1_754' title='bbox 2458 4964 2608 5022; x_wconf 88' lang='lat' dir='ltr'><strong>inter</strong></span> <span class='ocrx_word' id='word_1_755' title='bbox 2640 4978 2700 5021; x_wconf 89' lang='lat' dir='ltr'><strong>se</strong></span> <span class='ocrx_word' id='word_1_756' title='bbox 2732 4962 2986 5020; x_wconf 89' lang='lat' dir='ltr'><strong>invicem</strong></span> <span class='ocrx_word' id='word_1_757' title='bbox 3036 4961 3308 5029; x_wconf 90' lang='lat' dir='ltr'><strong>facerent,</strong></span> <span class='ocrx_word' id='word_1_758' title='bbox 3350 4969 3406 5017; x_wconf 87' lang='lat' dir='ltr'><strong>et</strong></span> <span class='ocrx_word' id='word_1_759' title='bbox 3450 4959 3521 5018; x_wconf 91' lang='lat' dir='ltr'><strong>de</strong></span> <span class='ocrx_word' id='word_1_760' title='bbox 3559 4958 3802 5033; x_wconf 85' lang='lat' dir='ltr'><strong>quibus-</strong></span> 
     </span>
    </p>
   </div>
   <div class='ocr_carea' id='block_1_82' title="bbox 2094 5046 3805 5126">
    <p class='ocr_par' dir='ltr' id='par_1_82' title="bbox 2094 5046 3805 5126">
     <span class='ocr_line' id='line_1_83' title="bbox 2094 5046 3805 5126; baseline -0.007 -11"><span class='ocrx_word' id='word_1_761' title='bbox 2094 5056 2235 5115; x_wconf 91' lang='lat' dir='ltr'><strong>libet</strong></span> <span class='ocrx_word' id='word_1_762' title='bbox 2262 5054 2410 5126; x_wconf 73' lang='lat'><strong>(32‘2)</strong></span> <span class='ocrx_word' id='word_1_763' title='bbox 2437 5051 2628 5111; x_wconf 88' lang='lat' dir='ltr'><strong>verbis</strong></span> <span class='ocrx_word' id='word_1_764' title='bbox 2663 5050 3058 5125; x_wconf 62' lang='lat' dir='ltr'><strong>paenitentiam</strong></span> <span class='ocrx_word' id='word_1_765' title='bbox 3092 5048 3460 5122; x_wconf 80' lang='lat' dir='ltr'><strong>ﬂagitarent?</strong></span> <span class='ocrx_word' id='word_1_766' title='bbox 3488 5046 3533 5107; x_wconf 94' lang='grc' dir='ltr'>Ο</span> <span class='ocrx_word' id='word_1_767' title='bbox 3561 5061 3805 5125; x_wconf 85' lang='lat' dir='ltr'><strong>aureum</strong></span> 
     </span>
    </p>
   </div>
   <div class='ocr_carea' id='block_1_83' title="bbox 2171 5218 3803 5290">
    <p class='ocr_par' dir='ltr' id='par_1_83' title="bbox 2171 5218 3803 5290">
     <span class='ocr_line' id='line_1_84' title="bbox 2171 5218 3803 5290; baseline -0.004 -12"><span class='ocrx_word' id='word_1_768' title='bbox 2171 5226 2303 5287; x_wconf 76' lang='lat'><strong>(320)</strong></span> <span class='ocrx_word' id='word_1_769' title='bbox 2329 5226 2498 5290; x_wconf 81' lang='lat' dir='ltr'><strong>Hujus</strong></span> <span class='ocrx_word' id='word_1_770' title='bbox 2531 5237 2595 5277; x_wconf 89' lang='lat' dir='ltr'><strong>vo</strong></span> <span class='ocrx_word' id='word_1_771' title='bbox 2619 5223 2678 5290; x_wconf 76' lang='lat' dir='ltr'><strong>is</strong></span> <span class='ocrx_word' id='word_1_772' title='bbox 2713 5220 2906 5290; x_wconf 78' lang='lat' dir='ltr'><strong>melior</strong></span> <span class='ocrx_word' id='word_1_773' title='bbox 2943 5221 3232 5290; x_wconf 53' lang='lat' dir='ltr'><strong>explicatio</strong></span> <span class='ocrx_word' id='word_1_774' title='bbox 3275 5221 3327 5273; x_wconf 79' lang='lat' dir='ltr'><strong>vi</strong></span> <span class='ocrx_word' id='word_1_775' title='bbox 3349 5221 3489 5290; x_wconf 78' lang='lat' dir='ltr'><strong>letnr</strong></span> <span class='ocrx_word' id='word_1_776' title='bbox 3512 5230 3653 5290; x_wconf 56' lang='lat' dir='ltr'><strong>esse</strong></span> <span class='ocrx_word' id='word_1_777' title='bbox 3688 5218 3803 5290; x_wconf 53' lang='lat' dir='ltr'><strong>ille,</strong></span> 
     </span>
    </p>
   </div>
   <div class='ocr_carea' id='block_1_84' title="bbox 2108 5280 3804 5355">
    <p class='ocr_par' dir='ltr' id='par_1_84' title="bbox 2108 5280 3804 5355">
     <span class='ocr_line' id='line_1_85' title="bbox 2108 5280 3804 5355; baseline -0.005 -14"><span class='ocrx_word' id='word_1_778' title='bbox 2108 5280 2264 5355; x_wconf 56' lang='lat' dir='ltr'><strong>quam</strong></span> <span class='ocrx_word' id='word_1_779' title='bbox 2291 5280 2451 5355; x_wconf 47' lang='lat' dir='ltr'><strong>tradit</strong></span> <span class='ocrx_word' id='word_1_780' title='bbox 2471 5288 2699 5355; x_wconf 66' lang='lat' dir='ltr'><strong>Cangius</strong></span> <span class='ocrx_word' id='word_1_781' title='bbox 2723 5285 2789 5337; x_wconf 88' lang='lat' dir='ltr'><strong>ad</strong></span> <span class='ocrx_word' id='word_1_782' title='bbox 2813 5296 2912 5335; x_wconf 90' lang='lat' dir='ltr'><strong>voc</strong></span> <span class='ocrx_word' id='word_1_783' title='bbox 2926 5297 3007 5355; x_wconf 65' lang='lat' dir='ltr'><strong>fni</strong></span> <span class='ocrx_word' id='word_1_784' title='bbox 3021 5280 3191 5354; x_wconf 61' lang='lat' dir='ltr'><strong>&#39;Veges.</strong></span> <span class='ocrx_word' id='word_1_785' title='bbox 3225 5280 3569 5355; x_wconf 56' lang='lat' dir='ltr'><strong>nt-mpenolli</strong></span> <span class='ocrx_word' id='word_1_786' title='bbox 3594 5280 3804 5355; x_wconf 71' lang='lat' dir='ltr'><strong>vinarll,</strong></span> 
     </span>
    </p>
   </div>
   <div class='ocr_carea' id='block_1_85' title="bbox 2109 5342 3809 5419">
    <p class='ocr_par' dir='ltr' id='par_1_85' title="bbox 2109 5342 3809 5419">
     <span class='ocr_line' id='line_1_86' title="bbox 2109 5342 3809 5419; baseline -0.003 -14"><span class='ocrx_word' id='word_1_787' title='bbox 2109 5342 2255 5419; x_wconf 77' lang='lat' dir='ltr'><strong>quod</strong></span> <span class='ocrx_word' id='word_1_788' title='bbox 2273 5354 2395 5419; x_wconf 78' lang='lat' dir='ltr'><strong>sine</strong></span> <span class='ocrx_word' id='word_1_789' title='bbox 2402 5342 2726 5419; x_wconf 63' lang='lat' dir='ltr'><strong>cessatione</strong></span> <span class='ocrx_word' id='word_1_790' title='bbox 2749 5342 3112 5413; x_wconf 62' lang='lat' dir='ltr'><strong>percutiebax;</strong></span> <span class='ocrx_word' id='word_1_791' title='bbox 3137 5349 3253 5400; x_wconf 80' lang='lat' dir='ltr'><strong>sive</strong></span> <span class='ocrx_word' id='word_1_792' title='bbox 3282 5342 3518 5412; x_wconf 64' lang='lat' dir='ltr'><strong>iaciebat</strong></span> <span class='ocrx_word' id='word_1_793' title='bbox 3542 5348 3667 5399; x_wconf 83' lang='lat' dir='ltr'><strong>ante</strong></span> <span class='ocrx_word' id='word_1_794' title='bbox 3688 5354 3809 5419; x_wconf 70' lang='lat' dir='ltr'><strong>por-</strong></span> 
     </span>
    </p>
   </div>
   <div class='ocr_carea' id='block_1_86' title="bbox 2107 5412 3779 5482">
    <p class='ocr_par' dir='ltr' id='par_1_86' title="bbox 2107 5412 3779 5482">
     <span class='ocr_line' id='line_1_87' title="bbox 2107 5412 3779 5482; baseline 0.002 -14"><span class='ocrx_word' id='word_1_795' title='bbox 2107 5412 2289 5482; x_wconf 75' lang='lat' dir='ltr'><strong>t&#39;ellam</strong></span> <span class='ocrx_word' id='word_1_796' title='bbox 2313 5413 2466 5482; x_wconf 64' lang='lat' dir='ltr'><strong>cella;</strong></span> <span class='ocrx_word' id='word_1_797' title='bbox 2503 5412 2816 5482; x_wconf 52' lang='lat' dir='ltr'><strong>diabolus.“</strong></span> <span class='ocrx_word' id='word_1_798' title='bbox 2920 5471 2933 5482; x_wconf 84' lang='lat'><em>_</em></span> <span class='ocrx_word' id='word_1_799' title='bbox 3012 5470 3045 5482; x_wconf 51' lang='grc' dir='ltr'>η</span> <span class='ocrx_word' id='word_1_800' title='bbox 3148 5478 3157 5482; x_wconf 27' lang='grc' dir='ltr'><strong><em>Δ</em></strong></span> <span class='ocrx_word' id='word_1_801' title='bbox 3298 5470 3314 5482; x_wconf 55' lang='grc'><em>,</em></span> <span class='ocrx_word' id='word_1_802' title='bbox 3394 5470 3427 5482; x_wconf 77' lang='lat'>_</span> <span class='ocrx_word' id='word_1_803' title='bbox 3469 5477 3480 5482; x_wconf 90' lang='lat'>_</span> <span class='ocrx_word' id='word_1_804' title='bbox 3525 5471 3537 5482; x_wconf 67' lang='grc'><em>,</em></span> <span class='ocrx_word' id='word_1_805' title='bbox 3771 5412 3779 5423; x_wconf 82' lang='grc'><strong>’</strong></span> 
     </span>
    </p>
   </div>
   <div class='ocr_carea' id='block_1_87' title="bbox 2175 5470 3591 5537">
    <p class='ocr_par' dir='ltr' id='par_1_87' title="bbox 2175 5470 3591 5537">
     <span class='ocr_line' id='line_1_88' title="bbox 2175 5470 3591 5537; baseline -0.002 -9"><span class='ocrx_word' id='word_1_806' title='bbox 2175 5478 2308 5537; x_wconf 78' lang='lat'><strong>(3‘21)</strong></span> <span class='ocrx_word' id='word_1_807' title='bbox 2341 5479 2396 5528; x_wconf 78' lang='grc' dir='ltr'><strong>ιιι</strong></span> <span class='ocrx_word' id='word_1_808' title='bbox 2424 5478 2676 5527; x_wconf 81' lang='lat' dir='ltr'><strong>Vaticano</strong></span> <span class='ocrx_word' id='word_1_809' title='bbox 2700 5470 3118 5537; x_wconf 31' lang='lat' dir='ltr'><strong>codiceJlegilur</strong></span> <span class='ocrx_word' id='word_1_810' title='bbox 3141 5470 3354 5537; x_wconf 57' lang='lat' dir='ltr'><strong>tumin</strong></span> <span class='ocrx_word' id='word_1_811' title='bbox 3388 5470 3591 5537; x_wconf 70' lang='lat' dir='ltr'><strong>Sytri’a.</strong></span> 
     </span>
    </p>
   </div>
   <div class='ocr_carea' id='block_1_88' title="bbox 2169 5533 3529 5605">
    <p class='ocr_par' dir='ltr' id='par_1_88' title="bbox 2169 5533 3529 5605">
     <span class='ocr_line' id='line_1_89' title="bbox 2169 5533 3529 5605; baseline -0.005 -14"><span class='ocrx_word' id='word_1_812' title='bbox 2169 5533 2306 5605; x_wconf 71' lang='grc'><strong>(32⁸2)</strong></span> <span class='ocrx_word' id='word_1_813' title='bbox 2334 5540 2395 5591; x_wconf 84' lang='grc' dir='ltr'>ιιι</span> <span class='ocrx_word' id='word_1_814' title='bbox 2430 5539 2550 5594; x_wconf 67' lang='lat' dir='ltr'><strong>eod.</strong></span> <span class='ocrx_word' id='word_1_815' title='bbox 2583 5541 2704 5591; x_wconf 87' lang='lat' dir='ltr'><strong>cod.</strong></span> <span class='ocrx_word' id='word_1_816' title='bbox 2726 5537 2785 5587; x_wconf 77' lang='lat' dir='ltr'><strong>de</strong></span> <span class='ocrx_word' id='word_1_817' title='bbox 2807 5533 3111 5598; x_wconf 64' lang='lat' dir='ltr'><strong>quibuslibet</strong></span> <span class='ocrx_word' id='word_1_818' title='bbox 3136 5534 3312 5585; x_wconf 68' lang='lat' dir='ltr'><strong>otiosis</strong></span> <span class='ocrx_word' id='word_1_819' title='bbox 3338 5533 3529 5585; x_wconf 71' lang='lat' dir='ltr'><strong>verbis.</strong></span> 
     </span>
    </p>
   </div>
   <div class='ocr_carea' id='block_1_89' title="bbox 3462 5699 3533 5761">
    <p class='ocr_par' dir='ltr' id='par_1_89' title="bbox 3462 5699 3533 5761">
     <span class='ocr_line' id='line_1_90' title="bbox 3462 5699 3533 5761; baseline 0 0"><span class='ocrx_word' id='word_1_820' title='bbox 3462 5699 3533 5761; x_wconf 81' lang='lat'><strong>32</strong></span> 
     </span>
    </p>
   </div>
  </div>
