4108 6206
377 319 516 387 1003

839 323 898 384 S.
939 321 1161 383 PETRI
1201 321 1523 381 DAMIANI
1565 320 1722 381 OPP.
1765 319 1957 381 PARS
2003 314 2141 380 SEU
2181 316 2434 380 TOMUS
2469 321 2546 381 II.
2589 353 2657 366 -ι
2695 321 3150 382 SANCTORUM
3191 320 3416 382 VITIE.

3741 323 3856 386 1004

373 447 685 509 Romualdi
736 447 1014 508 saeculum
1061 445 1239 518 quod,
1273 446 1379 504 etsi
1429 451 1712 504 tormenta
1760 444 2326 518 persecuto-Aforas
2361 447 2542 520 ejecit.
2583 445 2694 505 Ubi
2739 446 2831 504 vir
2857 450 3088 504 sanctus
3125 451 3343 520 quanta
3375 446 3619 506 adversa
3656 463 3860 523 perpes-

371 553 507 598 rum
555 551 671 595 non
724 543 976 604 noverat,
1023 541 1338 608 spontaneo
1388 544 1578 593 tamen
1631 536 1910 608 martyrio
1966 549 2084 592 non

370 627 642 686 carebat!
701 627 982 694 Aureum,
1042 625 1306 698 inquam,
1366 624 1670 694 smculum,
1729 624 1885 698 quod
1936 623 2089 680 inter

372 714 688 784 montium,
741 712 1019 770 silvarum
1067 713 1217 770 feras
1282 718 1361 770 tot
1417 710 1667 770 caelestis
1721 711 2086 770 Hierusalem

370 808 527 866 cives
551 804 756 862 alebat.
797 801 943 861 Cum
972 818 1108 860 vero
1139 802 1222 860 ibi
1252 803 1456 860 fratres
1479 804 1602 876 jam
1634 803 1777 860 tanti
1807 809 1996 859 essent
2022 808 2090 860 ut

369 911 574 955 omnes
616 895 736 952 illic
770 893 1026 951 habitare
1077 893 1181 950 vix
1211 900 1463 966 possent,
1519 899 1653 952 tunc
1701 893 2083 965 Romualdus,

371 982 718 1044 monasterio
754 982 834 1040 ibi
867 988 1190 1040 constructo
1231 987 1287 1038 et
1325 981 1530 1040 abbate
1556 981 1880 1056 praeposito,
1903 982 2088 1039 invio-

368 1074 551 1133 latum
605 1087 843 1130 servans
889 1070 1192 1129 silentium
1244 1069 1549 1129 Bifurcum
1594 1071 1824 1128 secessit
1869 1068 1942 1126 ad
1983 1069 2086 1126 ha-

367 1161 694 1221 bitandum.
741 1160 868 1218 Illic
922 1159 1082 1217 enim
1133 1158 1337 1218 volens
1388 1158 1659 1217 abbatem
1709 1157 2087 1232 spiritualiter

371 1250 586 1319 vivere,
617 1255 671 1308 et
696 1247 1059 1308 rectitudinis
1086 1248 1263 1305 vitam
1292 1246 1440 1316 (3'23)
1473 1253 1691 1317 tenere,
1732 1247 1982 1311 multum
2012 1246 2087 1305 ab

368 1356 437 1400 eo
463 1355 666 1415 passus
693 1346 776 1398 est
800 1337 1218 1413 persecutionis
1249 1338 1547 1411 injuriam.

997 1443 1244 1503 CAPUT
1288 1444 1464 1502 LXV.

365 1540 754 1612 Deprophetia
793 1537 1085 1592 Romualdi
1132 1539 1183 1588 et
1223 1535 1489 1604 colloquio
1529 1535 1648 1603 ejus
1688 1551 1807 1590 cum
1854 1538 2084 1592 Henrico

1152 1622 1296 1674 rege.

439 1699 666 1758 Interea
694 1698 1000 1770 imperator
1039 1694 1326 1753 Henricus
1357 1693 1428 1752 de
1462 1694 1909 1754 ultramontanis
1948 1713 2082 1771 par-

2167 550 2267 593 sus
2311 535 2402 604 sit,
2447 551 2568 593 non
2623 536 2814 594 solum
2866 535 2938 592 ab
2995 550 3064 592 eo
3115 535 3216 609 qui
3264 535 3480 608 ejectus
3533 537 3736 608 fuerat,
3779 538 3861 596 sed

2167 622 2337 680 etiam
2380 622 2453 680 ab
2493 623 2595 682 illo
2634 639 2805 697 quem
2855 624 2978 697 ipse
3025 640 3100 694 ex
3139 625 3262 682 suis
3287 624 3590 698 discipulis
3619 626 3863 685 abbatem

2135 713 2560 782 constituerat,
2601 713 2700 771 ille
2748 713 2986 788 quidem
3038 713 3288 786 perferre
3332 713 3864 786 patientissimepo-

2170 797 2294 866 tuit,
2328 815 2434 857 nos
2465 800 2696 872 referre,
2727 800 2953 858 etiamsi
2990 802 3211 859 adesset
3244 800 3541 870 facundia,
3575 818 3694 861 non
3724 803 3864 861 vale-

2169 902 2316 945 mus.
2353 888 2462 947 Sed
2499 889 2748 961 qualiter
2786 889 2955 948 illum
3003 889 3158 948 Deus
3198 890 3256 947 in
3299 891 3525 948 cunctis
3573 890 3864 964 adiuverit,

2166 989 2286 1032 uno
2315 976 2584 1048 exemplo
2615 983 2931 1034 monstrare
2952 977 3219 1047 sutﬁciat,
3246 984 3313 1035 ut
3341 977 3614 1049 prudenti
3643 979 3863 1038 cuilibet

2165 1062 2305 1136 quid
2332 1063 2506 1121 etiam
2533 1064 2596 1120 in
2625 1064 2868 1138 reliquis
2905 1065 3161 1123 evenerit
3190 1065 3531 1124 innotescat.

2785 1175 3032 1234 CAPUT
3066 1174 3268 1234 LXVI.

2164 1268 2241 1319 De
2292 1267 2571 1329 monacho,
2631 1282 2788 1336 quem
2838 1268 3093 1341 diabolus
3151 1271 3501 1336 strangulare
3557 1273 3737 1341 cepit,
3785 1273 3870 1327 sed

2715 1339 3051 1394 Romuatdus
3109 1341 3334 1410 eripuit.

2232 1424 2554 1484 Monachus
2603 1425 2840 1500 quidam
2909 1442 3119 1485 vesano
3167 1427 3445 1487 adversus
3497 1445 3634 1488 eum
3687 1431 3873 1492 furore

2164 1528 2494 1584 succensus,
2525 1513 2709 1588 pilum
2762 1513 2906 1587 (326)
2949 1514 3190 1573 latenter
3235 1518 3491 1590 exacuit,
3532 1523 3586 1576 et
3617 1534 3749 1578 eum
3787 1536 3872 1580 re-

2164 1617 2406 1677 ponens,
2460 1608 2525 1662 ut
2587 1603 2820 1663 beatum
2879 1603 3072 1662 virum
3130 1605 3492 1676 interficeret,
3547 1615 3873 1683 exspectare

2163 1695 2405 1766 congrui
2433 1695 2793 1753 occasionem
2841 1697 3114 1768 temporis
3141 1697 3332 1772 coepit.
3367 1697 3542 1757 Nocte
3570 1715 3708 1759 vero
3733 1701 3863 1760 dum

369 1793 526 1852 tibus
579 1791 639 1848 in
681 1787 908 1846 Italiam
951 1785 1097 1855 (324)
1139 1785 1403 1855 veniens,
1437 1785 1596 1843 misit
1626 1785 1787 1844 beato
1815 1787 1940 1844 viro
1976 1787 2143 1858 de-B
2167 1782 2471 1855 depressus
2502 1796 2703 1856 sopore
2729 1784 3066 1857 quiesceret,
3091 1800 3220 1843 ecce
3244 1785 3400 1843 videt
3426 1786 3745 1863 malignum
3769 1789 3876 1863 spi-

363 1877 740 1954 precatoriam
783 1875 1146 1948 legationem,
1181 1881 1246 1932 ut
1291 1873 1363 1931 ad
1397 1887 1536 1931 eum
1575 1873 1777 1930 venire
1811 1873 2086 1947 dignare-
2173 1872 2349 1930 ritum
2377 1872 2437 1929 in
2471 1887 2532 1930 se
2559 1871 2892 1931 immaniter
2930 1874 3271 1946 irruentem,
3301 1874 3400 1949 qui
3432 1861 3698 1936 retdrtam
3729 1861 3874 1949 (327)

369 1977 483 2039 tur,
511 1965 852 2041 promittens
885 1978 947 2021 se
987 1964 1276 2021 facturum
1326 1976 1697 2035 quaecunque
1729 1961 2089 2036 praeciperet,

365 2057 417 2115 si
441 2071 622 2116 suum
650 2053 704 2113 ei
729 2053 1086 2128 colloquium
1116 2067 1234 2111 non
1259 2057 1513 2124 negaret.
1547 2051 1813 2124 Cumque
1841 2066 2084 2110 venera-

364 2148 502 2208 bilis
532 2147 622 2204 vir
648 2160 886 2220 prorsus
916 2144 1202 2202 abnueret
1238 2142 1536 2202 silentium
1572 2143 1857 2216 frangere,
1895 2159 2084 2218 crepe-

364 2243 502 2297 runt
553 2250 755 2295 omnes
814 2232 1085 2306 discipuli
1141 2231 1500 2290 unanimiter
1547 2230 1714 2289 illum
1763 2231 2080 2303 obsecrare,

362 2326 655 2385 dicentes:
688 2323 976 2396 Magister,
1019 2321 1182 2380 vides
1224 2319 1364 2393 quia
1401 2333 1507 2378 nos
1539 2319 1638 2392 qui
1672 2326 1724 2377 te
1757 2323 2080 2392 sequimur,

364 2418 508 2477 tan-ti
530 2417 653 2493 jam
678 2430 883 2474 sumus
920 2414 1072 2490 quod
1109 2411 1203 2470 hic
1231 2416 1616 2483 congruenter
1657 2409 1919 2469 habitare
1964 2427 2079 2470 non

360 2519 721 2582 possumus;
758 2499 904 2561 vade
953 2516 1109 2575 ergo,
1151 2500 1202 2558 si
1250 2499 1452 2572 placet,
1492 2506 1550 2557 et
1579 2499 1914 2573 imperatori
1963 2515 2080 2558 ma-

362 2609 544 2670 gnum
579 2592 816 2666 aliquod
843 2590 1262 2650 monasterium
1295 2604 1513 2664 qurere,
1545 2595 1602 2647 et
1637 2589 2075 2648 multitudinem

361 2692 416 2744 te
467 2682 839 2758 sequentium
892 2680 977 2739 ibi
1033 2679 1340 2737 constitue.
1398 2677 1628 2748 Quibus
1681 2679 1772 2736 vir
1821 2684 2073 2750 sanctus,

359 2773 556 2832 nescio
605 2772 654 2828 si
707 2774 934 2840 accepta
975 2768 1098 2841 jam
1150 2766 1517 2835 revelatione,
1578 2772 1680 2824 aut
1723 2766 1917 2824 subita
1973 2765 2076 2825 Dei

357 2859 734 2934 inspiratione
782 2856 1028 2914 ﬁdenter
1078 2853 1351 2925 scripsit:
1396 2852 1608 2912 Scitote
1666 2855 1808 2928 quia
1862 2855 2075 2914 montis

359 2947 578 3007 Amiati
613 2943 1024 3004 monasterium
1057 2957 1134 2999 ex
1167 2941 1320 2998 dono
1362 2941 1513 3012 regis
1544 2939 1866 3012 habebitis;
1892 2942 2076 3000 consi-

358 3036 553 3094 derate
582 3030 984 3092 tantummodo
1027 3044 1203 3103 quem
1256 3027 1380 3086 illic
1422 3027 1687 3087 abbatem
1726 3029 2073 3088 constituere

357 3123 630 3184 debeatis.
661 3122 846 3197 Igitur
872 3119 1154 3179 inviolato
1185 3118 1417 3176 silentio
1455 3119 1708 3190 perrexit
1742 3119 1816 3217 ad
1853 3135 2065 3217 regem.
2091 3157 2136 3217 ο

359 3214 466 3274 Cui
495 3229 596 3272 rex
627 3211 893 3288 protinus
931 3223 1262 3283 assurgens,
1294 3224 1370 3266 ex
1408 3222 1619 3281 magno
1647 3208 1833 3268 cordis
1864 3210 2074 3268 ati‘ectu

354 3305 418 3362 in
449 3303 598 3361 hanc
629 3317 830 3361 vocem
857 3301 1067 3373 erupit,
1102 3300 1300 3358 dicens
1335 3323 1347 3356 :
1380 3299 1424 3358 Ο
1451 3301 1673 3358 utinam
1705 3302 1902 3359 anima
1948 3316 2073 3359 mea

355 3399 504 3452 esset
555 3391 618 3450 in
663 3405 899 3464 corpore
953 3394 1092 3449 tuo!
1141 3387 1325 3457 Quem
1378 3403 1534 3459 mox,
1594 3394 1660 3447 ut
1717 3389 2071 3462 loqueretur,

356 3481 694 3555 suppliciter
736 3480 1063 3548 obsecrans,
1123 3479 1247 3552 ipso
1299 3477 1391 3536 die
1435 3479 1543 3536 hoc
1602 3477 1914 3552 impetrem
1957 3494 2071 3538 non

358 3571 562 3646 potuit.

427 3662 658 3721 Postera
678 3666 874 3720 autem
899 3659 1014 3730 die,
1041 3660 1364 3719 Romualdo
1388 3659 1456 3716 ad
1480 3658 1753 3732 palatium
1784 3659 2070 3732 veniente,

354 3766 484 3810 ecce
541 3751 991 3810 Teutonicorum
1051 3749 1371 3808 multitudo
1437 3748 1694 3808 certatim
1754 3749 1891 3806 hinc
1935 3747 2072 3806 inde

353 3845 754 3911 concurrunt,
821 3838 1005 3911 capita
1058 3839 1375 3895 salutantes
1430 3836 1730 3895 humiliter
1785 3837 2067 3908 ﬂectunt,

353 3925 539 3985 villos-
558 3942 790 4002 quoque
821 3925 1081 3999 pellicem
1121 3924 1314 3988 vestis.
1347 3939 1462 3997 qua
1507 3931 1638 3982 erat
1667 3924 1928 3993 indutus,
1961 3939 2068 3981 an-

356 4018 453 4077 xie
484 4017 873 4091 decerpentes,
905 4032 1003 4090 pro
1045 4016 1223 4073 sacris
1276 4015 1538 4088 reliquiis
1566 4015 1626 4074 in
1661 4014 1903 4088 patriam
1931 4030 2067 4088 por-

357 4107 528 4167 taturi
557 4107 808 4166 studiose
846 4107 1186 4164 recondunt.
1215 4105 1358 4174 Quae
1398 4106 1661 4165 videlicet
1698 4123 1787 4166 res
1827 4123 2070 4165 venera-

355 4196 532 4254 bilem
563 4195 754 4254 virum
805 4200 957 4252 tanto
1003 4208 1247 4251 maerore
1274 4193 1478 4266 dejecit
1508 4200 1594 4261 ut,
1623 4195 1736 4252 nisi
1769 4195 2070 4267 discipulis

353 4280 502 4338 4'79
559 4282 923 4340 obstantibus
971 4283 1375 4356 acquiesceret,
1425 4281 1496 4338 ad
1546 4282 1753 4340 cellam
1807 4283 2069 4356 protinus

345 4369 670 4444 repedaret.
698 4369 1002 4443 Ingressus
1040 4368 1220 4441 igitur
1247 4369 1319 4426 ad
1352 4384 1564 4442 regem,
1593 4384 1711 4428 non
1743 4385 1920 4442 pauca
1958 4371 2068 4429 sibi

2173 1960 2232 2018 in
2285 1959 2502 2018 collum
2551 1960 2677 2033 ejus
2732 1962 2964 2020 mittens
2996 2008 3010 2032 ,
3073 1969 3225 2021 tanta
3291 1963 3582 2023 ferocitate
3630 1967 3872 2026 conaba-

2171 2054 2266 2106 tur
2313 2054 2515 2121 guttur
2577 2047 2702 2120 ejus
2757 2050 3075 2123 astringere
3138 2058 3201 2109 ut
3253 2051 3376 2125 jam
3429 2053 3529 2111 ille
3586 2063 3875 2127 cogeretur

2170 2135 2439 2194 funditus
2476 2136 2760 2210 expirare.
2794 2137 2960 2198 Tunc
3008 2139 3327 2198 monachus
3371 2140 3431 2198 in
3475 2147 3737 2202 extremo
3758 2146 3870 2218 jam

2169 2224 2374 2298 spiritu
2413 2224 2652 2298 positus,
2682 2225 3079 2284 Romualdum
3121 2233 3182 2286 ut
3230 2226 3340 2285 sibi
3370 2236 3732 2288 succurreret
3775 2231 3879 2289 ob-

2169 2314 2430 2373 secravit.
2456 2314 2588 2385 Qui,
2618 2320 2682 2374 ut
2712 2318 2994 2374 monacho
3035 2316 3356 2388 videbatur,
3396 2320 3663 2391 protinus
3697 2319 3875 2377 advo-

2169 2401 2316 2474 laus,
2338 2403 2410 2460 de
2437 2403 2708 2462 manibus
2732 2420 2867 2462 eum
2891 2405 3080 2480 iniqui
3103 2406 3283 2463 hostis
3302 2405 3538 2478 eripuit.
3572 2406 3682 2464 Hic
3699 2409 3881 2480 igitur

2169 2508 2306 2552 mox
2351 2501 2722 2566 experrectus
2767 2496 2840 2554 ad
2893 2497 3065 2570 pedes
3113 2497 3461 2557 venerabilis
3491 2498 3598 2557 viri
3625 2506 3881 2572 prostra-

2167 2591 2262 2643 tus
2283 2583 2638 2655 advolvitur,
2673 2595 2740 2644 ut
2765 2585 3090 2646 aliisionem
3120 2587 3362 2647 cervicis
3397 2589 3638 2663 aspiciat
3673 2590 3877 2666 depre-

2163 2680 2356 2745 catur;
2385 2675 2644 2732 contiteri
2690 2675 2859 2734 etiam
2910 2677 3131 2735 crimen
3177 2691 3300 2734 suae
3348 2677 3584 2737 malitiae
3619 2694 3738 2738 non
3779 2696 3878 2739 ve-

2166 2769 2344 2822 retur.
2378 2763 2670 2823 Postremo
2715 2774 3068 2824 conservatae
3098 2766 3234 2826 vitm
3263 2767 3374 2825 sibi
3401 2769 3611 2841 gratias
3657 2771 3877 2843 retulit,

2161 2857 2217 2909 et
2293 2852 2690 2926 paenitentiam
2763 2853 2901 2912 tanti
2970 2863 3160 2912 reatus
3227 2855 3459 2930 accepit.
3521 2855 3592 2913 Et
3643 2858 3725 2916 ita
3773 2860 3880 2932 qui

2162 2937 2484 2999 Romuaido
2542 2940 2721 2998 vitam
2766 2941 3076 3001 insidiatur
3119 2943 3268 3012 (328)
3311 2943 3553 3016 eripere,
3596 2943 3716 3016 jam
3774 2960 3880 3019 per

2160 3029 2429 3088 eumdem
2480 3030 2912 3089 sanctissimum
2957 3033 3172 3103 virum,
3202 3041 3258 3092 et
3285 3050 3446 3092 suam
3486 3035 3700 3093 meruit
3747 3049 3882 3093 con-

2161 3133 2410 3189 servare,
2461 3119 2555 3178 cui
2602 3120 2820 3178 inferre
2868 3127 3112 3181 mortem
3157 3122 3400 3193 studuit,
3445 3138 3546 3196 per
3583 3137 3716 3180 eum
3754 3137 3882 3181 sum

2161 3206 2486 3278 periculum
2516 3208 2717 3266 mortis
2747 3209 2948 3266 evasit.

2735 3316 2979 3375 CAPUT
3035 3315 3270 3374 LXVII.

2154 3405 2231 3459 De
2252 3407 2572 3469 Romualdo,
2602 3410 2699 3476 qui
2739 3410 3125 3463 circumclusae
3182 3413 3362 3478 aquis,
3397 3411 3572 3465 cibum
3625 3411 3738 3464 sibi
3780 3411 3883 3465 de-

2597 3479 2880 3545 ferendum
2937 3481 3144 3534 caelitus
3192 3485 3433 3549 agnovit.

2227 3563 2486 3623 Habebat
2551 3572 2742 3623 autem
2831 3564 3078 3626 Sanctus
3152 3568 3300 3638 (3'29)
3370 3568 3883 3637 consuetudinem,

2154 3668 2288 3712 cum
2328 3655 2740 3712 monasterium
2782 3659 3017 3725 teneret,
3050 3664 3134 3728 ut,
3174 3656 3289 3715 nisi
3325 3673 3458 3716 cum
3483 3659 3774 3732 jejunamt
3806 3656 3884 3714 ad

2154 3758 2525 3802 communem
2560 3761 2820 3803 mensam
2848 3762 2980 3804 cum
3013 3748 3290 3807 fratribus
3317 3747 3578 3823 quotidie
3609 3748 3885 3818 veniens,

2154 3849 2338 3893 unum
2387 3835 2622 3910 quidem
2672 3836 3040 3910 pulmentum
3089 3835 3238 3893 480
3294 3839 3659 3909 comederet;
3716 3845 3886 3912 post-

2152 3924 2390 3982 modum
2435 3941 2569 3984 vero
2618 3927 2867 3998 lectioni,
2910 3928 3002 3987 vel
3049 3928 3190 4004 quid
3237 3928 3408 3986 etiam
3460 3927 3612 4002 apud
3661 3940 3892 3986 unum-

2152 4028 2444 4088 quemque
2478 4023 2764 4087 ageretur,
2803 4017 3080 4088 intentus,
3117 4017 3186 4074 de
3229 4016 3468 4091 reliquis
3511 4032 3628 4075 non
3671 4022 3891 4089 gusta-

2151 4107 2256 4159 ret.
2304 4102 2798 4176 Quadragesimaii
2855 4120 2990 4163 vero
3047 4112 3317 4178 tempore,
3376 4104 3489 4163 nisi
3535 4106 3888 4164 necessitate

2151 4189 2473 4248 inevitabili
2525 4198 2842 4265 cogeretur,
2885 4193 2944 4250 in
2985 4193 3198 4251 cellula
3237 4192 3453 4266 jugiter
3509 4192 3885 4251 morabatur.

2157 4280 2300 4338 Dum
2347 4280 2525 4353 igitur
2576 4283 2915 4355 praedictum
2968 4283 3302 4343 coenobium
3358 4284 3450 4341 vir
3500 4283 3888 4342 beatissimus

2150 4374 2387 4438 regeret,
2449 4370 2933 4443 quadragesimali
2977 4371 3101 4444 jam
3150 4371 3577 4446 propinquante
3617 4371 3885 4445 jejunio,

357 4459 585 4522 locutus
615 4461 686 4520 de
713 4459 1068 4519 restituendo
1087 4460 1218 4532 jure
1258 4458 1666 4527 Ecclesiarum,
1697 4458 1768 4518 de
1795 4460 2450 4573 violentiaunserebat
2499 4475 2632 4520 cum
2685 4461 2984 4536 discipulis
3030 4478 3133 4536 per
3181 4462 3371 4521 vicina
3402 4461 3692 4521 montium
3722 4460 3887 4533 ioca,

357 4558 649 4573 _-.-_.___
725 4553 785 4573 λ,
847 4551 1206 4573 -___-_-:-__
1253 4566 1569 4573 __-_____m
1631 4557 1680 4573 Α
1731 4559 1850 4573 μ--.
2155 4550 2250 4573 --με
2282 4566 2532 4573 ---ωη-
2572 4551 2746 4573 ._-___-
3102 4553 3586 4573 nmmum---
3617 4551 3674 4573 ε-
3709 4566 3848 4573 μ-..

356 4558 680 4628 potentum,
717 4553 788 4610 de
840 4551 1210 4626 Oppressione
1253 4566 1596 4625 pauperum,
1625 4557 1680 4611 et
1731 4559 1852 4626 post
1883 4553 2065 4612 multa
2088 4550 2135 4573 ‘”
2155 4550 2254 4608 ubi
2277 4566 2538 4611 eremum
2572 4551 2752 4610 facere
2781 4553 3074 4626 potuisset.
3098 4553 3364 4624 Dumque
3386 4553 3588 4626 longas
3617 4551 3681 4609 in
3703 4566 3889 4625 quae.

354 4657 542 4702 unum
582 4641 694 4700 sibi
741 4655 845 4715 pro
899 4641 1020 4698 suis
1067 4639 1374 4712 discipulis
1422 4640 1838 4699 monasterium
1879 4643 2062 4714 petiit.
2155 4640 2331 4698 rendo
2392 4655 2582 4698 moras
2639 4641 3058 4714 protraherent,
3107 4648 3340 4714 repente
3389 4641 3558 4715 aquis
3603 4639 3889 4713 undique

353 4730 463 4789 (iui
495 4727 857 4803 postmodum
883 4740 984 4783 rex
1011 4725 1223 4782 montis
1243 4725 1380 4796 (3'25)
1400 4725 1617 4783 Amiati
1647 4730 2064 4787 monasterium
2153 4727 2690 4788 circumtiuentibus
2724 4729 2801 4786 ita
2837 4729 3094 4788 conclusi
3135 4738 3290 4800 sunt,
3329 4736 3392 4788 ut
3439 4744 3544 4787 nec
3592 4729 3706 4802 ipsi
3745 4729 3888 4803 jam

353 4816 588 4876 tradidit
615 4821 673 4873 et
698 4814 981 4881 abbatem,
1016 4811 1154 4886 quia
1181 4811 1380 4870 multis
1405 4820 1526 4870 erat
1557 4813 1723 4873 malis
1750 4815 2064 4888 obnoxius,
2156 4815 2360 4885 redire,
2413 4831 2516 4874 nec
2561 4816 2634 4874 de
2673 4819 3019 4877 monasterio
3064 4820 3373 4892 quisquam
3416 4816 3488 4875 ad
3529 4831 3628 4875 eos
3673 4826 3890 4890 posset

421 4989 557 5054 (323)
585 4987 786 5039 ibidem
818 4986 910 5038 via
926 5001 963 5030 iv
979 5023 991 5035 .

423 5061 553 5124 (324)
599 5059 860 5112 Barouius
907 5057 1050 5110 hunc
1100 5057 1312 5110 Henrict
1353 5059 1406 5108 in
1444 5057 1642 5112 italiam
1676 5061 1963 5115 adventum
1997 5064 2065 5116 ad

357 5144 559 5184 annum
600 5131 717 5181 1022
750 5129 1004 5192 assignat.

423 5203 556 5267 (325)
616 5202 725 5254 Νοιι
796 5202 865 5252 de
921 5199 1279 5253 celeberrimo
1332 5200 1378 5251 S.
1447 5201 1734 5253 Salvatoris
1800 5207 2066 5256 monaste-

362 5272 462 5334 rio,
507 5272 652 5339 quod
705 5277 863 5324 modo
910 5273 1295 5323 Cistercienses
1350 5272 1594 5324 monachi
1654 5270 1910 5334 incolunt,
1970 5275 2068 5329 sed

361 5341 431 5396 de
463 5345 571 5396 alio
603 5343 663 5396 S.
697 5343 849 5396 Petri
885 5342 959 5394 ad
1012 5341 1200 5393 Vivum
1235 5347 1544 5406 nuneupato
1580 5344 1631 5394 in
1664 5356 1794 5406 agro
1823 5345 2065 5408 Senensi,

363 5415 419 5466 et
466 5414 520 5464 in
572 5415 796 5477 regione
855 5417 1055 5466 montis
1115 5413 1300 5465 Amiati
1365 5413 1487 5470 sito,
1545 5413 1631 5466 hic
1695 5425 1875 5466 sermo
1943 5428 2068 5468 esse

358 5483 610 5543 videtur;
672 5485 739 5536 de
795 5489 954 5549 cujus
1020 5485 1324 5537 donationis
1382 5486 1578 5549 pagina
1641 5497 1672 5536 a
1723 5486 1772 5536 S.
1836 5487 2066 5540 Henrico

366 5557 693 5620 imperatore
735 5556 863 5606 divo
913 5554 1208 5608 Romuaido
1251 5567 1397 5610 anno
1446 5555 1562 5607 1004
1607 5555 1855 5620 elargita,
1916 5570 2067 5611 men-

355 5631 433 5682 tio
477 5628 562 5680 est
600 5626 655 5677 in
702 5626 843 5675 notis
895 5625 962 5674 ad
1002 5631 1347 5676 monumenta
1381 5625 1561 5678 addita
1595 5626 1661 5676 ad
1695 5627 1975 5690 epistolam
2005 5631 2070 5680 de

2155 4987 2454 5048 Pandectis,
2493 5001 2614 5054 pag.
2661 4987 2772 5048 228.
2823 4986 2896 5042 οι.
2953 4986 3004 5042 ν.
3049 4985 3310 5042 Guidonis
3363 4984 3600 5041 ϐωτιάίὶ
3649 4984 3891 5040 abbatis

2160 5060 2605 5112 Camaldulensis.

2214 5133 2352 5198 (326)
2399 5133 2579 5182 Pilum
2635 5136 2714 5185 est
2761 5147 3032 5186 armorum
3080 5145 3256 5198 genus
3306 5129 3498 5184 hastile
3538 5141 3662 5183 cum
3717 5131 3894 5183 ferro

2156 5204 2477 5266 trigonalem
2549 5204 2784 5268 ﬁguram
2873 5207 3229 5256 acuminatam
3320 5201 3639 5265 extollente,
3716 5203 3896 5265 juxta

2158 5273 2452 5336 Vegetium.
2508 5275 2697 5326 Verum
2754 5277 2809 5326 in
2881 5273 3149 5328 Glossario
3200 5272 3411 5337 Uangii,
3458 5271 3588 5325 edit.
3653 5284 3719 5335 ll,
3785 5272 3897 5325 ha-

2156 5343 2313 5397 betur
2345 5345 2655 5410 exemplum
2708 5359 2804 5408 pro
2839 5345 3085 5398 lanceam
3122 5345 3402 5411 cujusdam
3439 5341 3892 5407 signiﬁcatione.

2158 5427 2264 5482 qua
2299 5415 2507 5468 facilius
2535 5417 2768 5469 latenter
2801 5416 2875 5469 uti
2905 5421 3102 5483 potest.

2221 5487 2356 5552 (327)
2382 5488 2581 5552 Nempe
2613 5485 2821 5548 funem.

2219 5559 2353 5624 (328)
2378 5559 2485 5612 Vat.
2517 5559 2658 5621 cod.,
2686 5558 3074 5614 insidiabatur.

2222 5629 2356 5694 (3‘29)
2379 5629 2502 5681 Cod.
2535 5629 2660 5693 Vat,
2691 5629 2781 5680 vir
2804 5633 3040 5683 sanctus.
