4088 6210
222 340 360 409 1005

1603 344 1785 408 VITA
1826 347 1886 407 S.
1928 342 2343 408 BOMUALDI.

3596 340 3736 418 i006

214 474 585 548 aliquatenus
614 471 999 531 transvadare.
1035 468 1317 547 Vivebant
1344 480 1537 533 autem
1567 489 1641 531 ex
1672 468 2269 547 a1iquan-Aderetur,
2326 481 2383 529 et
2438 473 2735 532 silentium
2790 488 2976 548 usque
3029 474 3103 534 ad
3154 482 3398 536 mortem
3451 481 3729 556 servaret,

219 565 293 621 tis
332 562 616 621 castaneis
661 578 805 637 quas
850 578 1048 622 secum
1094 564 1451 631 detulerant,
1496 565 1759 638 Cumque
1816 562 1938 622 dies

216 652 558 711 Dominicus
613 651 958 722 advenisset,
1000 652 1213 712 etalia
1269 654 1383 711 cibi
1431 669 1561 727 spes
1620 653 1779 712 nulla
1815 652 1937 726 jam

217 748 561 814 superesset,
604 748 898 815 coeperunt
941 743 1143 801 fratres
1178 742 1476 816 pauculas,
1517 758 1650 817 qum
1705 760 1933 803 reman-

218 842 434 905 serant,
489 841 781 892 castaneas
835 833 1165 907 deglubere,
1216 839 1272 893 et
1336 834 1453 906 jam
1510 835 1937 907 quodammodo

219 923 552 982 dubitantes
608 922 881 981 ultimum
934 938 1010 980 ex
1066 922 1150 981 eis
1198 923 1532 982 convivium
1591 939 1933 997 praeparare.

219 1012 583 1071 Romualdus
632 1017 847 1082 autem,
873 1018 942 1070 ut
987 1019 1108 1071 erat
1150 1029 1375 1087 semper
1414 1013 1588 1072 alacri
1635 1015 1824 1083 vultu,
1867 1017 1938 1094 lie

220 1101 424 1160 denter
468 1101 548 1159 ait
604 1100 759 1175 quia,
788 1101 903 1159 nisi
944 1102 1095 1160 Deus
1134 1102 1246 1160 sibi
1292 1117 1500 1176 panem
1536 1118 1639 1175 per
1685 1102 1936 1175 aliquem

220 1192 488 1261 mitteret,
532 1193 655 1266 ipso
695 1193 789 1250 die
834 1193 1165 1252 nullatenus
1208 1194 1603 1251 manducaret.
1658 1193 1938 1266 Discipuli

220 1296 361 1341 vero
404 1283 682 1341 mirantes
718 1283 870 1341 inter
909 1299 988 1354 se,
1021 1284 1083 1341 in
1127 1299 1242 1358 qua
1279 1299 1377 1357 spe
1424 1283 1529 1340 hoc
1570 1282 1667 1339 ille
1716 1297 1938 1354 praesu-

218 1378 422 1440 meret,
478 1370 618 1429 certi
674 1377 863 1429 tamen
923 1371 1060 1444 quia
1108 1373 1378 1446 magister
1433 1374 1664 1431 incaute
1713 1370 1938 1446 aliquid

217 1474 432 1518 vovere
460 1472 580 1517 non
607 1466 813 1531 posset,
843 1459 1041 1518 cibum
1066 1461 1186 1534 jam
1214 1467 1387 1520 tanta:
1412 1460 1762 1519 solemnitati
1794 1474 1937 1518 con-

219 1563 436 1622 gruum
484 1553 780 1621 cmperunt
821 1549 1165 1607 fiducialiter
1211 1558 1560 1623 exspectare.
1615 1548 1790 1609 Sexta
1829 1548 1939 1620 igi-

223 1644 320 1696 tur
349 1636 466 1695 diei
494 1637 633 1695 hora
666 1636 787 1708 jam
817 1638 1257 1712 propinquante,
1291 1654 1419 1696 ecce
1460 1646 1571 1697 tres
1602 1638 1714 1696 viri
1745 1637 1940 1697 onusti

222 1738 394 1803 pane,
424 1735 480 1788 et
507 1728 645 1788 vino
674 1734 730 1786 et
755 1728 887 1788 aliis
925 1729 1070 1789 cibis
1095 1731 1433 1795 adveniunt,
1467 1730 1566 1805 qui
1603 1746 1664 1789 se
1699 1729 1771 1788 de
1808 1730 1938 1788 lon-

2020 564 2287 622 instituit.
2330 564 2479 623 Sane
2519 565 2727 639 viginti
2778 566 2947 626 annis
2994 574 3127 626 ante
3175 569 3352 627 ﬁnem
3398 570 3537 629 vitm
3580 576 3727 648 sum,

2019 653 2322 726 discipulis
2369 656 2493 713 suis
2537 656 2840 714 manifeste
2888 656 3253 729 praedixerat,
3300 659 3439 734 quia
3480 660 3545 720 in
3579 664 3730 737 pras-

2018 744 2169 802 dicto
2211 746 2559 804 monasterio
2596 752 2882 819 oporteret
2921 758 3055 804 eum
3098 749 3414 821 quiescere,
3446 746 3732 830 nulloque

2017 840 2238 890 astante
2296 834 2386 891 vel
2424 834 2617 892 funeri
2656 834 2964 907 exsequias
3009 836 3391 911 dependente,
3431 841 3729 914 expediret

2018 939 2154 982 eum
2211 925 2485 999 spiritum
2563 927 2857 985 exhalare.
2916 928 3086 986 Facto
3141 929 3339 1003 itaque
3390 931 3728 1006 reclusoriu‘,

2017 1030 2152 1075 cum
2182 1030 2349 1075 mens
2383 1020 2509 1091 ejus
2539 1019 2602 1076 in
2649 1034 2717 1077 eo
2755 1026 2920 1089 esset,
2947 1020 3012 1078 ut
3046 1034 3183 1080 mox
3221 1020 3446 1082 includi
3474 1024 3725 1101 deberet,

2019 1107 2191 1181 cmpit
2232 1122 2441 1181 corpus
2488 1109 2613 1182 ejus
2659 1108 2844 1183 magis
2894 1110 3192 1186 magisque
3217 1112 3497 1175 molestiis
3535 1117 3731 1193 ingra-

2018 1210 2270 1266 vescere,
2298 1204 2353 1255 et
2401 1194 2674 1257 deorsum
2720 1200 2840 1275 jam
2894 1200 3057 1261 velut
3111 1219 3228 1263 non
3282 1200 3401 1264 tam
3449 1205 3730 1282 languore

2018 1300 2193 1359 quam
2235 1287 2506 1361 decrepiti
2547 1288 2915 1363 longmvitate
2962 1293 3109 1351 senii
3162 1294 3470 1356 declinare.
3495 1296 3642 1357 Nam
3696 1296 3730 1359 a

2019 1376 2209 1434 medio
2238 1375 2356 1434 fere
2385 1392 2538 1435 anno
2564 1378 2744 1435 nimia
2769 1379 2881 1437 sibi
2909 1379 3193 1454 ﬂegmatis
3212 1380 3566 1445 abundantia
3591 1395 3731 1448 cum

2019 1471 2144 1544 ipso
2174 1470 2296 1528 laesi
2325 1469 2620 1543 pulmonis
2651 1486 2906 1529 marcore
2949 1472 3290 1545 deﬂuxerat,
3321 1483 3376 1534 et
3402 1465 3569 1551 gravi
3593 1470 3731 1538 emit

2020 1558 2197 1618 tussis
2238 1558 2605 1617 anhelatione
2642 1560 2908 1618 vexabat.
2952 1561 3077 1620 Non
3131 1566 3319 1621 tamen
3364 1572 3597 1639 propter
3624 1556 3734 1625 hac

2020 1646 2114 1704 vir
2149 1654 2399 1715 sanctus,
2444 1646 2537 1705 vel
2584 1647 2730 1707 lecto
2773 1648 3140 1721 decumbere,
3193 1650 3284 1709 vel
3332 1650 3390 1710 in
3438 1648 3728 1725 quantum

2021 1733 2292 1807 possibile
2334 1742 2471 1807 erat,
2520 1737 2672 1795 soliti
2745 1740 2999 1813 rigorem
3069 1740 3281 1815 jejunii
3361 1732 3733 1818 acquieverat

218 1819 460 1907 giuquis
491 1819 750 1907 partibus
792 1834 926 1877 cum
969 1819 1153 1907 multo
1191 1818 1385 1876 labore
1425 1818 1755 1907 pervenisse
1789 1816 1938 1907 (330)
1961 1820 2303 1887 Brelaxare.
2336 1822 2595 1892 Quadam
2624 1824 2802 1898 igitur
2836 1826 2931 1884 die
2956 1827 3126 1900 caspit
3162 1816 3734 1907 paulatim—corporis

220 1904 443 1965 dicunt.
489 1905 655 1965 Tunc
708 1907 901 1981 itaque
939 1906 1181 1980 spiritali
1238 1920 1440 1964 omnes
1486 1904 1689 1980 repleti
1731 1904 1942 1979 gaudio

225 1996 631 2056 benedicentes
682 1996 891 2068 Deum,
929 1996 1141 2069 pariter
1183 1995 1381 2053 cibum
1431 1999 1673 2054 sumunt
1715 2000 1770 2052 et
1806 1994 1944 2052 bea-

225 2093 350 2147 tum
391 2089 588 2148 virum
625 2104 726 2162 per
765 2087 1180 2147 revelationem
1228 2087 1334 2144 hoc
1372 2085 1600 2145 caelitus
1637 2084 1945 2159 agnovisse

220 2175 622 2238 indubitanter
647 2186 988 2253 agnoscunt.

799 2290 1042 2351 CAPUT
1103 2288 1365 2348 LXVIII.

329 2380 405 2437 De
430 2385 581 2454 pisce
608 2383 705 2453 qui
741 2385 993 2438 inventus
1031 2386 1110 2437 est
1143 2383 1218 2454 fiat
1250 2379 1433 2434 arenti
1461 2379 1581 2433 rivo
1617 2376 1829 2433 meritis

922 2451 1240 2511 Romualdi.

299 2538 557 2614 Quodam
600 2551 851 2619 tempore
904 2544 1064 2603 venit
1119 2544 1211 2603 vir
1263 2539 1614 2601 venerabilis
1668 2537 1942 2612 Sytriam.

226 2626 341 2702 Qui
386 2647 518 2691 cum
555 2630 746 2691 adhuc
782 2632 1023 2707 jejunus
1057 2637 1222 2701 esset,
1264 2636 1320 2688 et
1366 2628 1570 2687 fratres
1610 2622 1837 2701 utpote
1882 2626 1944 2684 in

223 2721 422 2781 arduis
468 2720 763 2781 montibus
807 2722 1045 2798 piscem,
1078 2736 1254 2797 quem
1294 2719 1348 2778 ei
1394 2718 1465 2777 ad
1522 2714 1946 2778 comedendum

222 2816 592 2885 apponerent,
642 2825 762 2869 non
812 2809 1109 2879 haberent,
1154 2814 1453 2883 coeperunt
1504 2806 1656 2865 inter
1704 2821 1767 2865 se
1800 2814 1942 2880 quo-

2027 1910 2241 1967 virtute
2284 1910 2519 1969 destitui
2566 1920 2621 1968 et
2660 1912 2970 1986 ingruente
3014 1913 3277 1973 molestia
3318 1914 3559 1991 gravius
3599 1920 3736 1979 fati-

2024 1998 2170 2071 gari.
2201 1997 2333 2056 Sole
2358 1999 2556 2072 itaque
2576 2000 2699 2073 jam
2723 2000 2794 2058 ad
2820 2016 3092 2061 occasum
3130 2012 3426 2077 vergente,
3458 2010 3733 2084 prmeepit

2026 2085 2256 2145 duobus
2279 2086 2573 2146 ’fratribhs
2600 2089 2705 2163 qui
2740 2090 3023 2161 astabant,
3057 2098 3127 2151 ut
3144 2092 3301 2153 foras
3332 2092 3584 2171 exuam,
3612 2094 3734 2159 6e1-

2027 2175 2169 2235 lulaa
2219 2181 2343 2249 post
2396 2191 2457 2234 se
2492 2176 2735 2248 januam
2775 2178 3139 2253 clauderent;
3196 2182 3544 2245 celebraturi
3596 2202 3737 2248 vero

2027 2264 2139 2324 sibi
2182 2264 2495 2324 matutinos
2527 2264 2778 2338 hymnos
2812 2266 2884 2324 ad
2918 2280 3053 2326 eum
3097 2266 3357 2330 diluculo
3390 2270 3733 2336 remearent.

2026 2353 2291 2425 Cumque
2315 2351 2408 2410 illi
2438 2352 2509 2411 de
2535 2354 2663 2427 ejus
2691 2353 2809 2413 ﬂne
2836 2353 3064 2415 solliciti
3096 2357 3261 2418 velut
3281 2356 3454 2420 inviti
3481 2362 3735 2438 exirent,

2030 2457 2146 2501 non
2183 2443 2371 2500 statim
2406 2441 2479 2500 ad
2515 2438 2931 2516 quiescendum
2973 2452 3302 2520 properant,
3350 2444 3449 2509 sed
3494 2454 3571 2510 ne
3608 2462 3738 2512 ma-

2025 2532 2275 2606 gistl'um
2329 2532 2492 2592 obire
2541 2532 2899 2607 contingeret
2944 2535 3141 2609 anxii,
3190 2535 3423 2611 pretiOsi
3477 2540 3736 2611 thesauri

2030 2623 2313 2682 talentum
2363 2637 2540 2698 prope
2594 2606 2865 2683 cellulam
2920 2606 3161 2686 latentes
3190 2606 3544 2689 eliservant.
3604 2606 3737 2691 Ali-

2026 2713 2287 2789 quandiu
2316 2713 2495 2787 igitur
2530 2720 2973 2787 commorantes,
3009 2724 3146 2776 cum
3186 2714 3457 2794 deinceps
3494 2716 3740 2783 curiosis

2026 2800 2268 2861 auribus
2302 2800 2578 2861 attentius
2606 2797 3026 2874 auscultarent,
3056 2811 3114 2863 et
3138 2810 3328 2881 neque
3354 2802 3581 2868 metum
3604 2816 3736 2870 cor-

224 2898 534 2958 dammodo
571 2900 799 2958 confusi
835 2900 1189 2968 erubescere,
1217 2904 1272 2956 et
1301 2896 1442 2971 quid
1489 2910 1591 2969 pro
1620 2900 1738 2953 tam
1770 2909 1837 2951 ve

2121 2890 2201 2959 -is,
2234 2904 2423 2964 neque
2453 2905 2663 2949 sonum
2705 2891 2860 2949 vocis
2904 2892 3198 2965 audirent,
3232 2896 3355 2970 jam
3402 2897 3558 2972 quod
3604 2898 3735 2959 eve“.

227 2988 397 3046 rabili
442 2989 661 3060 hospite
705 2990 1003 3063 acquirere
1054 2987 1406 3062 potuissent,
1445 2985 1621 3043 anxie
1668 2984 1941 3058 cogitare.
2029 2987 2192 3038 uerat
2237 2979 2517 3037 veraciter
2554 2979 2871 3054 opinantes,
2913 2980 3168 3055 impulsa
3208 2984 3412 3057 janu'a,
3460 2986 3737 3050 valobite'r

224 3073 391 3134 Tunc
439 3077 610 3135 frater
653 3078 917 3149 quidam,
965 3083 1105 3152 puto
1156 3074 1442 3135 divinitus
1494 3074 1830 3147 inspiratus,
1873 3071 1945 3130 ad
2027 3068 2281 3138 irruunt,
2312 3066 2510 3125 lumen
2535 3067 2881 3139 accendunt,
2918 3072 2972 3127 et
3003 3069 3169 3129 beata
3204 3070 3401 3131 anima
3429 3075 3493 3133 in
3520 3075 3733 3137 emittm

223 3165 442 3223 siccum
486 3180 635 3239 pene
683 3166 896 3236 rivum,
930 3166 1034 3240 qui
1082 3167 1252 3239 juxta
1302 3161 1746 3236 praeterﬂuebat,
1802 3162 2202 3244 cumorapta,
2246 3156 2525 3244 supinum
2573 3155 2763 3244 jacere
2812 3164 3081 3215 sanctum
3118 3157 3362 3219 cadaver
3397 3159 3734 3224 inveniunt.

226 3254 596 3314 festinatione
624 3256 899 3326 cucurrit,
928 3256 1031 3314 ubi
1062 3256 1345 3313 nimirum
1378 3261 1432 3310 et
1458 3268 1628 3327 aquae
1656 3252 1840 3323 exigu

2120 3243 2255 3301 ebat
2296 3243 2491 3329 itaque
2536 3242 2695 3301 velut
2741 3244 2997 3316 neglecta
3040 3252 3177 3304 tunc
3221 3248 3476 3308 emicans
3506 3258 3734 3327 marga-

228 3350 379 3415 ..ηις
418 3344 593 3417 piscis
622 3360 759 3402 vero
796 3345 920 3402 “ne
952 3345 1111 3402 visus
1140 3358 1446 3417 nunquam
1475 3342 1705 3414 penitus
1736 3343 1941 3398 fuerat,
2029 3332 2159 3401 rita,
2190 3332 2247 3389 in
2283 3332 2499 3389 Summi
2528 3332 2891 3405 postmodum
2918 3334 3070 3407 regis
3108 3336 3384 3396 aerarium
3414 3330 3731 3417 honorifice

230 3416 637 3507 Crepitiitaque
677 3433 851 3490 frater
896 3433 1077 3490 Deum
1130 3416 1333 3487 devote
1375 3427 1700 3500 deposcere,
1740 3434 1804 3484 ut
1844 3427 1945 3502 qui
2029 3422 2375 3496 reponenda.
2411 3422 2703 3480 Nimirum
2741 3422 2844 3497 qui
2876 3422 2957 3481 sic
2980 3424 3145 3497 obiit,
3184 3436 3247 3485 ut
3275 3428 3565 3500 praadiXit.
3593 3416 3738 3493 illuc

232 3518 544 3577 Israelitico
575 3520 788 3594 populo
832 3535 1043 3594 aquam
1086 3516 1273 3590 potuit
1323 3531 1394 3574 ex
1435 3513 1593 3571 arida
1625 3521 1783 3587 petra
1812 3531 1945 3588 pro-
2029 3513 2296 3570 transivit
2337 3528 2451 3586 quo
2486 3512 2754 3585 speravit.
2798 3512 2963 3571 Vixit
3009 3523 3205 3575 autem
3242 3519 3336 3577 vir
3365 3518 3735 3585 beatissimus

231 3607 440 3667 ducere
493 3613 676 3676 (Num.
719 3622 844 3679 xx;
894 3610 1073 3666 Exod.
1124 3609 1293 3679 xvn),
1343 3605 1463 3678 ipse
1519 3603 1630 3661 sibi
1692 3604 1951 3676 dignare-
2028 3610 2261 3660 centum
2292 3602 2498 3674 viginti
2535 3599 2682 3658 482
2706 3604 2895 3673 annis,
2924 3620 3001 3662 ex
3031 3606 3247 3680 quibus
3272 3608 3479 3683 viginti
3506 3626 3734 3686 experts

234 3697 330 3755 tur
368 3699 582 3770 piscem
627 3700 689 3757 in
727 3700 915 3758 arenti
952 3698 1141 3758 rivulo
1181 3699 1592 3759 demonstrare.
1630 3696 1943 3755 Confestim
2027 3691 2113 3748 dit
2146 3692 2204 3748 in
2253 3692 2486 3763 saeculo,
2531 3698 2645 3751 tres
2684 3693 2858 3750 duxit
2899 3693 2959 3750 in
3011 3698 3380 3768 monasterio,
3420 3701 3736 3776 nonaginta

233 3789 434 3864 igitur,
485 3790 662 3848 missa
716 3806 895 3850 manu
949 3790 1011 3847 in
1065 3791 1279 3865 exigua
1327 3809 1502 3867 aqua,
1541 3786 1682 3845 481
1732 3789 1946 3864 piscem
2028 3779 2340 3873 §9Ptem_in
2371 3780 2668 3873 εΐθῐᾨὶῐίφο
2700 3781 2976 3873 [φηεθιςιίς
3005 3782 3313 3873 ΡΓοΡοδίεδ·
3358 3785 3526 3873 Nu“?
3556 3788 3737 3863 ἱεὶιιιιη

238 3876 466 3952 reperit,
508 3880 609 3953 qui
658 3879 822 3938 beato
864 3880 990 3938 viro
1043 3881 1111 3938 ad
1166 3881 1537 3940 refectionem
1584 3880 1852 3939 abundan

2121 3882 2179 3924 er
2216 3867 2378 3925 vivos
2415 3869 2661 3927 cmlestis
2704 3868 3069 3930 Hierusalem
3110 3872 3328 3946 lapides
3363 3867 3735 3943 ineﬂabiliter

236 3964 500 4026 sufﬁcere
550 3970 754 4041 potuit.
808 3968 926 4028 Deo
977 3970 1192 4028 scilicet
1246 3986 1413 4030 servo
1458 3988 1563 4029 suo
1616 3971 1850 4043 provide

2122 3957 2255 4027 Lilat,
2283 3973 2417 4016 cum
2445 3959 2645 4029 ignitis
2665 3958 2964 4018 beatorum
2982 3962 3297 4034 spirituum
3314 3965 3524 4024 turmis
3536 3969 3736 4027 exsul-

236 4054 594 4128 convivium,
626 4056 934 4115 inventum
963 4064 1049 4116 est
1086 4059 1146 4116 in
1184 4074 1390 4117 saxoso
1435 4065 1491 4116 et
1527 4057 1687 4115 arido
1730 4064 1944 4126 monte,

238 4145 403 4204 velut
449 4146 513 4204 in
556 4147 776 4220 piscosa
812 4148 985 4220 valle,
1032 4147 1345 4206 vivarium.
1388 4147 1498 4207 Sed
1544 4148 1681 4220 quia
1720 4146 1789 4204 de
1828 4144 1947 4202 vita

237 4233 390 4292 beati
428 4234 543 4293 viri
581 4236 726 4309 haec,
758 4254 892 4312 quae
935 4238 1211 4296 nimirum
1242 4253 1423 4310 pauca
1461 4236 1531 4293 de
1570 4234 1769 4293 multis
1798 4233 1947 4291 dicta

240 4329 398 4393 sunt,
426 4324 690 4385 sufﬁcere
707 4327 1020 4397 credimus,
1034 4329 1156 4402 jam
1182 4326 1254 4385 ad
1278 4326 1583 4385 transitum
1617 4324 1940 4383 veniamus.

825 4438 1068 4496 CAPUT
1137 4438 1340 4496 LXIX.

739 4513 815 4565 De
850 4515 1089 4566 transitu
1131 4511 1443 4567 Romualdi.

2029 4053 2130 4117 tat,
2180 4047 2592 4106 candidissima
2641 4046 2785 4107 stola
2832 4049 3284 4109 immortalitatis
3337 4053 3619 4126 induitur,
3678 4066 3735 4116 et

2026 4135 2103 4193 ab
2129 4135 2254 4209 ipso
2279 4151 2413 4210 rege
2438 4152 2649 4210 regum
2671 4136 2937 4196 vibrante
2961 4137 3024 4196 in
3042 4147 3391 4215 perpetuum
3414 4141 3736 4205 diademate

2026 4231 2352 4283 coronatur.

2654 4314 2907 4392 CAPUT'
2941 4333 3115 4394 LXX.

2136 4428 2213 4480 De
2236 4425 2563 4481 daemoniaco
2590 4440 2693 4495 per
2705 4427 3041 4494 particulam
3069 4429 3241 4483 cilicii
3262 4429 3381 4499 ejus
3410 4440 3629 4494 sanato.

1961 4546 2011 4604 Ι)
2105 4514 2236 4573 Post
2260 4514 2715 4573 sacratissimum
2741 4521 2934 4573 autem
2970 4517 3084 4574 viri
3111 4519 3458 4579 venerabilis
3482 4521 3730 4598 obitum,

316 4599 416 4659 Vir
442 4600 692 4675 denique
722 4609 954 4661 sanctus
978 4618 1081 4676 per
1120 4601 1300 4661 multa
1335 4601 1447 4658 alia
1489 4597 1770 4657 habitavit
1802 4597 2004 4669 loca,’
2033 4611 2250 4679 quanta
2279 4602 2695 4661 miraculorum
2726 4602 2888 4675 signa
2920 4618 3023 4676 per
3050 4619 3186 4663 eum
3214 4606 3368 4665 Deus
3397 4597 3731 4683 ostenderit,

239 4688 425 4749 multa
476 4690 590 4748 alia
636 4691 924 4765 praecipue
966 4707 999 4749 a
1038 4690 1159 4749 suis
1192 4688 1494 4764 discipulis
1522 4702 1825 4761 perpessus
1865 4690 1951 4743 est

241 4779 415 4848 mala,
453 4779 618 4853 plura
662 4796 892 4856 quoque
937 4797 1038 4854 per
1086 4797 1221 4839 eum
1275 4788 1415 4838 sunt
1454 4782 1599 4837 facta
1647 4776 1948 4844 miracula,

241 4882 377 4941 quae
425 4884 529 4927 nos
564 4869 883 4928 describere
928 4872 1057 4929 ideo
1095 4870 1613 4943 praetermittimus,
1646 4868 1782 4942 quia
1830 4867 1952 4925 lon-

240 4959 419 5031 gioris
450 4959 582 5033 styli
622 4960 1009 5033 prolixitatem
1049 4957 1319 5018 vitamus.
1361 4959 1492 5018 Post
1530 4967 1734 5018 cuncta
1775 4957 1953 5032 igitur

244 5047 665 5107 habitationum
718 5065 960 5109 suarum
1011 5048 1154 5116 loca,
1211 5064 1342 5107 cum
1389 5048 1510 5121 jam
1551 5048 1729 5106 finem
1778 5061 1949 5105 suum

242 5137 553 5196 imminere
628 5140 999 5214 conspiceret,
1076 5138 1306 5197 tandem
1399 5138 1467 5195 ad
1538 5138 1952 5195 monasterium

241 5227 397 5301 quod
442 5228 505 5285 in
544 5227 703 5287 Valle
736 5228 806 5286 de
840 5229 1034 5287 Castro
1082 5234 1503 5296 construxerat,
1534 5226 1724 5295 rediit,
1756 5227 1954 5298 ibique

244 5315 728 5389 propinquantem
755 5317 980 5375 obitum
1010 5317 1411 5375 indubitanter
1449 5319 1805 5387 exspectans,
1846 5314 1957 5370 cel—

244 5401 361 5462 lam
402 5405 510 5464 sibi
549 5422 686 5466 cum
722 5408 969 5466 oratorio
1008 5405 1145 5480 (331)
1180 5403 1477 5476 aedificari,
1522 5405 1582 5462 in
1612 5419 1727 5477 qua
1766 5403 1959 5462 reatu-

310 5578 444 5662 (ﬁll)
471 5592 697 5657 Ibidem,
722 5595 1024 5661 pervenisse
1058 5593 1133 5646 ad
1168 5606 1275 5647 eos.
1364 5660 1375 5662 _
1779 5661 1788 5662 ί
1853 5644 1915 5662 μ.

309 5652 445 5730 (331')
479 5665 527 5716 s.
560 5652 735 5719 Brutti
762 5664 896 5718 illud
929 5665 1234 5725 dedicasse,
1267 5660 1413 5716 unde
1438 5664 1494 5715 et
1521 5662 1741 5716 eramus
1769 5661 1818 5712 s.
1852 5652 1963 5712 Ble-

2030 4692 2161 4765 quis
2191 4696 2410 4765 quaeret
2442 4696 2723 4747 transacta
2759 4688 2968 4762 legere,
3014 4707 3149 4750 cum
3190 4693 3522 4767 frequenter
3549 4697 3737 4757 valeat

2031 4788 2086 4837 et
2108 4794 2260 4837 nova
2289 4775 2528 4835 videre?
2556 4776 2702 4845 Quia
2731 4777 2910 4851 igitur
2949 4795 3016 4837 ea
3051 4795 3184 4856 quae
3216 4782 3367 4856 apud
3398 4784 3733 4859 sepulcrum

2032 4868 2158 4942 ejus
2197 4866 2370 4935 ﬁunt,
2401 4866 2681 4923 miracula
2720 4872 2875 4923 tanta
2921 4874 3077 4940 sunt,
3110 4875 3176 4927 ut
3209 4871 3421 4930 melius
3462 4880 3737 4947 putemus

2033 4962 2239 5014 cuncta
2278 4954 2507 5012 silentio
2549 4955 2843 5027 praeterire
2882 4971 3053 5029 quam
3094 4973 3279 5031 pauca
3317 4975 3583 5033 narrare;
3623 4962 3741 5022 duo

2035 5045 2417 5111 solummodo,
2450 5061 2581 5118 quae
2619 5060 2719 5116 per
2752 5046 3023 5105 eumdem
3067 5048 3468 5109 beatissimum
3512 5054 3742 5112 confes-

2035 5138 2220 5196 sorem
2282 5135 2423 5193 alibi
2472 5136 2616 5193 facta
2691 5144 2846 5207 sunt,
2902 5135 3146 5196 sufﬁciat
3198 5140 3368 5199 nobis
3427 5157 3737 5216 exponere.

2036 5225 2302 5299 Denique
2362 5226 2534 5281 frater
2572 5223 2831 5297 quidam,
2886 5226 2987 5299 qui
3030 5228 3209 5285 sancti
3258 5229 3369 5287 viri
3418 5231 3741 5307 discipulus

2036 5316 2241 5385 fuerat,
2270 5331 2506 5389 parvam
2545 5314 2843 5373 basilicam
2883 5332 2985 5390 pro
3023 5318 3219 5378 anima
3250 5335 3355 5380 sua
3393 5325 3743 5386 monasterio

2037 5405 2289 5477 dederat,
2318 5403 2389 5462 ad
2431 5418 2606 5477 quam
2658 5403 2925 5463 videlicet
2976 5406 3271 5467 basilicam
3317 5412 3743 5474 extremitatem

2038 5587 2342 5712 ἰὶυὲὲἑιὶοω,
2366 5594 2469 5650 per
2491 5583 2717 5639 multare
2742 5600 2773 5639 a
2792 5584 2941 5641 Valle
2957 5570 3222 5642 Castrensl
3244 5574 3745 5661 cdhdbfo'jmh’e.

2070 5670 2108 5712 ἰ
2205 5668 2307 5711 ur.‘
3348 5698 3355 5705 ς

2070 5668 2287 5713 labetur.
2302 5668 2307 5675 “
3348 5698 3355 5705 .
