4108 6206
383 308 519 397 1007

378 462 626 522 manicae
651 461 1009 536 praescissam
1037 479 1114 521 ex
1142 461 1293 520 beati
1325 462 1438 520 viri
1467 461 1657 521 cilicio
1683 461 1862 533 misit,
1897 466 1953 519 et
1979 459 2092 519 sub
2110 460 2164 519 A

376 551 542 609 altari
621 549 933 610 honorifice
1004 551 1238 609 recondi
1309 552 1599 625 praecepit.
1661 549 1843 619 Quam
1897 557 2089 607 tamen

375 640 615 714 gerulus
643 640 751 698 sub
776 639 966 711 altari,
997 640 1146 699 sicut
1186 639 1388 713 jussus
1437 642 1646 711 fuerat,
1679 639 1954 698 collocare
1986 655 2086 696 ne-

375 729 576 804 glexit,
610 730 708 787 sed
746 729 983 788 missam
1031 730 1093 787 in
1138 730 1287 788 rima
1325 730 1560 804 parietis
1595 729 1822 788 incaute
1875 726 2087 785 dereli-

374 821 519 894 quit.
557 820 792 878 Factum
829 827 914 878 est
956 827 1148 894 postea
1186 827 1251 879 ut
1295 821 1688 879 daemoniacus
1731 819 1972 894 quidam
2015 817 2085 876 ad

370 907 705 981 praedictam
755 907 1066 967 duceretur
1123 908 1444 968 ecclesiam.
1489 907 1754 982 Cumque
1791 914 1985 964 astans
2024 907 2086 964 in

370 997 582 1069 medio,
631 999 746 1056 huc
797 996 1051 1071 illucque
1105 1006 1298 1057 rotans
1342 1004 1530 1072 caput,
1577 1003 1778 1056 cuncta
1823 994 2086 1069 undique

369 1085 854 1160 circumspiceret,
884 1087 1116 1144 tandem
1167 1094 1355 1145 torvos
1389 1086 1588 1145 oculos
1641 1085 1703 1142 in
1744 1085 1937 1157 ipsum
1983 1099 2084 1157 pa-

370 1175 573 1234 rietem
628 1173 958 1234 terribiliter
1001 1175 1173 1248 erepit
1209 1177 1467 1248 infigere,
1509 1182 1564 1232 et
1611 1174 1871 1233 intentus
1921 1174 2084 1244 illuc,

369 1262 473 1322 ubi
520 1264 701 1323 sancti
740 1265 913 1323 cilicii
955 1265 1177 1339 jacebat
1220 1265 1517 1338 particula,
1562 1263 1780 1322 crebris
1819 1279 1936 1322 non
1961 1277 2085 1321 ces-

369 1352 532 1411 sabat
588 1353 825 1413 vocibus
878 1353 1204 1411 exclamare
1253 1376 1266 1411 :
1321 1353 1423 1411 Ille
1482 1368 1572 1410 me
1620 1352 1800 1427 ejicit,
1846 1351 1947 1409 ille
1994 1366 2087 1409 me

369 1442 556 1518 ejicit;
592 1450 648 1502 et
671 1444 749 1502 ita
777 1443 1054 1512 clamans,
1104 1443 1370 1517 protinus
1415 1443 1487 1502 ab
1532 1459 1599 1502 eo
1646 1443 1929 1516 expulsus
1976 1448 2081 1499 est.

368 1529 521 1590 Hinc
564 1548 699 1606 ergo
732 1535 862 1607 jure
911 1533 1304 1608 perpenditur,
1357 1533 1504 1607 quid
1555 1550 1654 1606 per
1711 1533 2084 1606 semetipsum

370 1620 527 1693 apud
562 1621 822 1678 divinam
847 1622 1213 1680 clementiam
1246 1621 1548 1695 impetrare
1580 1637 1694 1679 non
1730 1621 1926 1693 possit,
1954 1627 2087 1677 ante

369 1709 539 1782 cujus
599 1708 1000 1768 brevissimam
1069 1710 1397 1768 vestimenti
1455 1709 1796 1783 particulam
1856 1708 2088 1766 daemon

844 333 903 392 s.
946 331 1170 393 PETRI
1205 332 1528 392 DAMIANI
1567 311 1726 392 ore.
1768 332 1960 392 PARS
2003 329 2140 391 seu
2182 325 2433 392 TOMUS
2472 332 2548 392 11.
2589 365 2652 379 -
2696 331 3149 392 SANCTORUM
3189 333 3414 394 Vim.

3749 338 3889 401 1008

2768 457 3012 518 CAPUT
3048 458 3278 518 LXXII.

2249 551 2326 603 De
2373 565 2591 621 corpore
2643 549 2936 605 Romualdi
2985 564 3117 604 sano
3169 555 3298 620 post
3358 554 3798 622 quinquennium

2904 639 3140 695 invento.

2244 727 2376 786 Post
2415 725 2880 802 quinquennium
2927 742 3061 785 vero
3098 743 3132 785 a
3168 726 3349 785 sancti
3381 727 3492 786 viri
3531 728 3713 802 obitu,
3754 731 3888 790 data

2170 817 2469 875 monachis
2494 817 2566 875 ab
2596 816 2902 890 apostolica
2941 816 3073 874 sede
3103 815 3355 886 licentia,
3388 825 3451 875 ut
3487 833 3665 891 supra
3703 834 3888 879 vene-

2170 905 2351 963 rabile
2390 922 2595 980 corpus
2647 905 2775 978 ejus
2812 905 2991 964 altare
3025 913 3445 978 construerent,
3486 909 3604 965 Azo
3643 908 3887 981 quidam

2168 998 2342 1056 frater
2387 997 2597 1056 silvam
2645 997 2828 1071 petiit,
2863 1005 3150 1072 quatenus
3195 999 3476 1057 modicam
3525 1015 3756 1072 capsam
3798 1002 3882 1059 fa-

2167 1093 2338 1156 ceret,
2368 1102 2501 1160 quae
2529 1088 2714 1145 sancti
2763 1087 3107 1145 confessoris
3143 1103 3270 1146 ossa
3310 1094 3365 1146 et
3405 1087 3709 1161 pulverem
3753 1094 3885 1148 tan-

2170 1175 2468 1234 tummodo
2517 1192 2719 1250 capere
2776 1175 3071 1250 potuisset.
3129 1177 3305 1235 Nocte
3360 1177 3540 1251 igitur
3597 1179 3884 1250 insecuta,

2169 1264 2479 1324 dormienti
2524 1265 2756 1324 cuidam
2801 1265 2965 1323 fratri
3018 1265 3364 1324 venerabilis
3409 1265 3652 1340 quidam
3703 1283 3886 1325 senex

2169 1353 2453 1428 apparuit,
2491 1370 2664 1427 quem
2710 1353 2979 1428 protinus
3031 1352 3410 1427 interrogans,
3447 1355 3529 1412 ait
3583 1374 3596 1413 :
3653 1356 3764 1415 Ubi
3803 1362 3890 1414 est

2170 1442 2350 1516 hujus
2382 1443 2714 1502 monasterii
2751 1441 2954 1516 prior?
2981 1442 3144 1512 Quod
3183 1458 3316 1501 cum
3356 1441 3456 1502 ille
3485 1459 3546 1502 se
3591 1447 3738 1506 scire
3780 1465 3887 1509 ne-

2171 1537 2349 1604 garet,
2381 1531 2540 1590 illico
2586 1547 2767 1589 senex
2814 1531 3079 1589 addidit:
3115 1531 3221 1590 Pro
3265 1531 3616 1604 fabricanda,
3667 1536 3886 1611 inquit,

2169 1633 2336 1691 capsa
2364 1619 2449 1677 ire
2488 1619 2548 1676 in
2589 1619 2796 1677 silvam
2829 1619 3067 1686 studuit,
3110 1620 3207 1676 sed
3248 1618 3396 1677 beati
3427 1622 3540 1680 viri
3579 1638 3791 1697 corpus
3823 1626 3884 1684 in

2171 1715 2288 1767 tam
2324 1709 2606 1782 exiguum
2641 1709 2943 1768 vasculum
2993 1725 3104 1767 non
3135 1709 3387 1768 intrabit.
3433 1711 3663 1772 Postera
3704 1715 3885 1788 igitur

371 1801 521 1855 stare
568 1811 682 1855 non
733 1798 944 1871 potuit;
977 1804 1032 1856 ct
1080 1799 1182 1873 qui
1229 1799 1364 1857 talia
1399 1799 1608 1857 absens
1650 1797 1906 1868 exhibet,
1943 1796 2264 1876 quidBdie
2312 1797 2489 1870 prior,
2547 1798 2860 1871 composita
2915 1813 3106 1870 capsa,
3166 1797 3492 1870 revertitur,
3547 1808 3602 1858 et
3658 1819 3802 1862 mox
3849 1821 3884 1864 a

368 1900 471 1958 per
499 1884 751 1960 corporis
780 1887 1146 1958 praesentiam
1178 1902 1291 1944 non
1325 1886 1601 1945 exercet?

966 1995 1210 2055 CAPUT
1242 1995 1446 2054 LXXI.

450 2090 528 2144 De
553 2089 758 2151 uillico,
787 2089 886 2157 qui
909 2103 1128 2143 vaccam
1158 2089 1368 2212 rapuit,
1401 2090 1451 2140 et
1475 2087 1665 2139 statim
1693 2087 1995 2142 exstinctus

1173 2174 1226 2212 es
1258 2199 1270 2212 .

1173 2174 1270 2212 εει.

442 2245 578 2305 Alio
641 2261 872 2322 quoque
948 2251 1199 2320 tempore
1258 2243 1398 2318 (332)
1455 2243 1781 2304 Castaldius
1845 2243 2084 2319 quidam

373 2335 738 2410 paupercula
787 2334 1020 2394 mulieri
1083 2348 1312 2392 vaccam
1379 2332 1660 2390 violenter
1713 2331 1968 2401 abstulit,
2031 2340 2088 2389 et

371 2438 501 2482 eam
555 2423 961 2483 vociferantem
1007 2423 1326 2497 multisque
1371 2421 1640 2495 precibus
1689 2421 2084 2480 obsecrantem

370 2509 576 2571 audire
625 2511 983 2584 contempsit.
1043 2511 1150 2569 Illa
1210 2511 1474 2584 protinus
1538 2525 1867 2580 accurrens,
1937 2508 2082 2568 duos

370 2599 722 2675 gallinarum
757 2602 948 2674 pullos
985 2601 1057 2659 ad
1095 2601 1392 2660 ecclesiam
1431 2616 1606 2674 quam
1645 2616 1818 2673 supra
1859 2614 2078 2658 memo-

369 2690 650 2760 ravimus,
685 2689 911 2761 detulit,
938 2695 993 2747 et
1021 2705 1118 2748 eos
1147 2705 1340 2748 secum
1377 2697 1508 2747 ante
1545 2689 1728 2760 altare
1751 2689 2078 2762 projicieus,

369 2777 706 2852 hujusmodi
757 2778 946 2837 verbis
997 2777 1246 2836 clamare
1287 2776 1557 2836 ﬂebiliter
1599 2777 1772 2851 coepit
1824 2803 1835 2834 :
1895 2777 2078 2836 Hem!

373 2863 433 2924 S.
488 2863 830 2935 Romualde,
884 2865 1100 2924 exaudi
1144 2865 1433 2935 miseram,
1479 2882 1554 2924 ne
1598 2866 1878 2939 deSpicias
1923 2869 2082 2925 deso-

369 2952 566 3027 latam,
615 2961 670 3012 et
712 2953 885 3012 redde
936 2953 1082 3011 mihi
1126 2953 1589 3027 gubernatricem
1633 2971 1821 3013 meam
1866 2955 2080 3031 injuste

370 3040 518 3098 483
564 3042 866 3103 sublatam.
915 3043 1061 3102 Mira
1100 3048 1221 3102 res!
1278 3043 1390 3101 Vix
1436 3045 1626 3103 adhuc
1669 3043 1903 3105 villicus
1940 3063 2074 3106 cum

369 3131 493 3206 ipsa
537 3130 738 3205 rapina
769 3132 908 3205 (333)
937 3148 972 3190 a
1017 3133 1187 3190 domo
1236 3131 1500 3191 mulieris
1549 3133 1786 3206 abierat,
1826 3144 1882 3194 et
1932 3153 2073 3196 conv

371 3217 536 3291 tinuo
560 3219 872 3279 emissione
905 3220 1124 3292 sagittae
1161 3235 1488 3292 percussus,
1522 3236 1749 3281 vaccam
1787 3224 1848 3282 in
1877 3225 2078 3284 eodem

371 3306 496 3367 loco
538 3308 775 3380 dimisit,
831 3309 1039 3368 deinde
1093 3311 1336 3367 domum
1383 3311 1748 3385 perveniens,
1817 3315 2080 3388 protinus

368 3394 675 3471 expiravit.

429 3540 570 3605 (33?)
638 3541 747 3594 Hoc
814 3545 1032 3596 nom'ne
1097 3556 1128 3596 a
1202 3545 1571 3608 Longobardis
1638 3546 1914 3608 villarum,
1985 3561 2083 3601 seu

367 3612 694 3676 praediorum
742 3613 832 3666 vel
880 3613 1128 3666 locorum
1190 3618 1442 3670 custodes
1504 3623 1558 3670 et
1611 3619 2086 3672 administratores

365 3682 809 3746 appellabantur;
848 3686 956 3736 iino
991 3690 1044 3736 et
1085 3699 1192 3737 non
1229 3701 1350 3739 raro
1382 3689 1480 3752 ipsi
1515 3694 1834 3748 castrorum,
1874 3690 2087 3742 urbium

367 3757 420 3806 et
439 3753 669 3816 alicujus
692 3755 850 3806 etiam
870 3756 1162 3820 provincias
1184 3757 1424 3820 praefecti
1445 3776 1456 3810 :
1483 3759 1604 3823 Lege
1623 3756 1850 3811 Glossar.
1877 3761 2083 3824 Cangii.

419 3824 556 3887 (333)
611 3824 667 3876 ln
733 3827 978 3877 Vaticano
1053 3827 1242 3881 codice
1317 3832 1396 3881 sic
1452 3831 1650 3894 legi'ur
1704 3852 1715 3879 :
1777 3831 1913 3881 Cum
1967 3832 2088 3894 ipsa

366 3897 571 3957 rapina
603 3896 885 3949 emissione
929 3897 1138 3959 sagittas
1183 3912 1218 3949 a
1259 3899 1413 3952 domo
1460 3902 1708 3954 mulieris
1761 3900 1996 3964 abierat,
2035 3906 2083 3955 et

366 3966 623 4022 cantitata
645 3981 939 4032 percussus,
975 3981 1210 4030 vaccam,
1242 3976 1347 4024 etc.

372 4144 3828 4176 WW

2168 1887 2362 1956 fratre,
2417 1886 2520 1958 qui
2564 1887 2847 1944 visionem
2901 1886 3138 1956 viderat,
3182 1900 3316 1958 quas
3358 1885 3528 1945 illum
3583 1905 3757 1949 causa
3810 1893 3885 1950 ad

2168 1974 2373 2033 silvam
2438 1973 2758 2045 invitasset,
2799 1975 3136 2048 inquiritur.
3192 1974 3354 2045 Quod
3403 1991 3533 2036 cum
3574 1977 3676 2036 ille
3723 1979 3885 2039 velut

2168 2063 2362 2122 labore
2394 2063 2654 2122 defessus
2689 2062 2881 2121 dicere
2920 2063 3217 2131 noluisset,
3259 2063 3416 2123 illico
3454 2066 3654 2138 frater,
3696 2075 3751 2126 et
3788 2070 3884 2128 sui

2168 2167 2401 2234 causam
2446 2150 2672 2209 itineris
2719 2151 2930 2221 retulit,
2970 2158 3024 2209 et
3068 2153 3222 2225 quod
3257 2154 3378 2226 ipse
3424 2155 3665 2228 viderat,
3699 2173 3880 2232 expo-

2169 2237 2361 2296 nendo
2378 2254 2477 2312 per
2501 2238 2764 2296 ordinem
2787 2253 2902 2296 non
2925 2239 3149 2298 celavit.
3171 2240 3406 2299 Defosso
3425 2241 3606 2314 igitur
3627 2245 3882 2313 tumulo,

2168 2329 2246 2385 ita
2295 2325 2712 2402 propemodum
2761 2331 2947 2384 totum
3006 2329 3187 2385 sancti
3236 2329 3348 2386 viri
3407 2344 3616 2402 corpus
3672 2346 3885 2390 sanum

2167 2415 2577 2488 illibatumque
2615 2414 2929 2488 reperiunt,
2973 2416 3130 2474 velut
3184 2423 3319 2476 tunc
3367 2418 3574 2490 fuerat,
3615 2433 3752 2477 cum
3801 2437 3887 2479 se-

2168 2505 2422 2576 pulturae
2476 2504 2623 2563 illud
2675 2503 2944 2578 primitus
3002 2505 3377 2574 tradiderunt,
3439 2513 3680 2580 excepto
3729 2509 3885 2582 quod

2167 2593 2355 2658 tenuis
2393 2595 2663 2667 quiedam
2702 2593 2955 2652 mucoris
3003 2593 3216 2668 lanugo
3258 2595 3318 2652 in
3364 2593 3714 2668 quibusdam
3759 2596 3887 2670 ejus

2167 2685 2442 2744 membris
2471 2685 2795 2744 excrevisse
2823 2683 3148 2744 videbatur.
3184 2682 3410 2758 Rejecta
3443 2685 3620 2758 igitur
3655 2687 3888 2746 modica

2165 2791 2332 2850 capsa
2380 2790 2513 2848 qua)
2559 2774 2702 2832 facta
2746 2775 2953 2844 fuerat,
2999 2774 3154 2832 illico
3202 2789 3305 2832 vas
3351 2780 3553 2847 aptum
3604 2775 3675 2832 ad
3718 2791 3886 2834 men-

2163 2879 2362 2922 suram
2395 2863 2544 2922 beati
2586 2863 2839 2937 corporis
2875 2866 3222 2936 praeparant,
3255 2869 3310 2920 et
3349 2863 3408 2920 in
3453 2879 3520 2922 eo
3547 2870 3884 2922 sanctarum

2164 2952 2544 3027 reliquiarum
2599 2952 2912 3028 patrocinia
2963 2951 3356 3023 recondentes,
3400 2952 3648 3027 desuper
3705 2952 3888 3011 altare

2163 3045 2498 3104 solemniter
2542 3049 2898 3103 consecrant.
2933 3041 3086 3102 Obiit
3131 3050 3325 3101 autem
3373 3042 3463 3100 vir
3509 3042 3887 3102 beatissimus

2169 3138 2314 3197 Rom
2325 3135 2532 3196 ualdus
2550 3135 2774 3194 decimo
2794 3137 2956 3194 tertio
2983 3134 3375 3193 Kalendarum
3400 3135 3428 3193 J
3440 3135 3694 3193 uliarum
3715 3134 3884 3205 (334),

2173 3233 2447 3298 regnante
2474 3225 2718 3283 Domino
2745 3230 2938 3283 nostro
2966 3225 2994 3282 ,Ι
3003 3239 3103 3282 esu
3129 3221 3377 3292 Christo,
3408 3223 3507 3297 qui
3538 3239 3669 3281 cum
3714 3222 3887 3282 Patre

2164 3323 2220 3374 et
2284 3315 2504 3388 Spiritu
2577 3321 2773 3373 sancto
2851 3315 2994 3373 vivit
3047 3323 3102 3374 et
3159 3315 3442 3388 gloriatur
3498 3330 3595 3387 per
3646 3314 3880 3372 infinita

2165 3405 2377 3464 saecula
2411 3405 2777 3464 saeculorum.
2812 3407 3024 3464 Amen.

2232 3551 2366 3610 (331i)
2433 3550 2540 3603 Hac
2597 3551 2685 3602 die
2743 3553 2797 3602 in
2866 3549 3256 3603 Camaldulensi
3329 3550 3756 3614 congregatione
3831 3552 3887 3602 et

2165 3622 2452 3674 nonnullis
2485 3623 2646 3674 etiam
2681 3625 2737 3672 in
2779 3623 2911 3673 locis
2948 3623 3057 3673 divi
3115 3621 3386 3674 Romnaldi
3449 3621 3711 3673 festivitas
3767 3621 3880 3684 agi-

2171 3698 2299 3753 tur;
2354 3706 2540 3745 verum
2591 3697 2656 3744 ab
2698 3694 2998 3745 universali
3056 3693 3293 3745 Ecclesia
3335 3695 3561 3756 septimo
3614 3692 3888 3746 Februarii

2169 3763 2260 3816 die
2311 3767 2420 3828 .qui
2477 3765 2846 3816 translationis
2903 3769 2984 3816 est
3039 3765 3285 3828 corporis
3334 3765 3379 3814 S.
3443 3765 3740 3824 Romualdii
3803 3776 3890 3816 ce-

2168 3833 2429 3895 lebratur,
2468 3847 2588 3886 cum
2627 3837 2709 3886 SS.
2747 3837 2989 3888 Gervasii
3042 3839 3094 3888 et
3151 3834 3368 3887 Protasii
3424 3835 3600 3888 ofﬁcio
3652 3835 3770 3888 dies
3827 3833 3890 3884 29

2165 3906 2303 3969 juiiii
2337 3907 2408 3956 sit
2433 3907 2711 3970 impedita.

1192 4307 1533 4434 Vl'l‘A
1654 4309 2183 4442 SANCTI
2307 4311 3066 4442 RODULPHI

1752 4535 2085 4598 EPISCOPI
2140 4536 2499 4596 EUGIIBINI

2102 4711 2169 4751 ET

1348 4865 1442 4978 S.
1535 4864 2174 4980 DOMlNlCI
2255 4862 2917 4981 LORICATI.

1005 5078 1206 5158 (Anno
1236 5078 1452 5144 Christi
1492 5082 1660 5156 1063,
1711 5082 1788 5145 26
1829 5080 2018 5145 Junii.
2070 5115 2150 5128 —-
2192 5082 2365 5144 Anno
2397 5079 2619 5149 Christi
2658 5079 2832 5158 1062,
2872 5081 2894 5142 1
2941 5079 3275 5161 Octobris.)

1768 5252 1931 5318 Cum
1973 5253 2300 5330 anonymi
2343 5255 2528 5316 notis.

1936 5428 2330 5446 ι*

390 5553 835 5638 Augurium-iiii.
881 5595 953 5610 -
1001 5554 1398 5638 Praeceperat
1437 5556 1494 5618 ei
1540 5555 1910 5638 Alexander
1957 5565 2145 5638 pont.
2178 5575 2378 5638 max.
2413 5564 2484 5620 ut
2527 5557 2647 5619 sibi
2687 5551 3123 5638 prescriberet
3159 5551 3507 5638 quid/piam
3564 5548 3894 5614 memoria

475 5635 776 5716 dignum,
828 5643 886 5697 et
945 5635 1117 5715 quod
1170 5643 1428 5715 propter
1480 5635 1828 5699 utilitatem
1892 5634 1971 5699 iri
2027 5637 2307 5718 publicis
2366 5634 2815 5702 monument-is
2877 5637 3027 5698 484
3094 5634 3428 5696 asservari
3501 5638 3892 5694 mereretur.
