4108 6206
211 317 351 381 1009
1119 329 1300 390 VITA
1345 330 1447 392 SS.
1492 331 1875 393 BODULPHI
1915 333 2010 392 ET
2051 332 2393 394 DOMINIUI
2435 332 2810 394 LORICATI.
3589 343 3728 406 1010

290 444 786 540 Scribitjgitur
828 459 1320 540 mores,_vitam
1369 466 1428 520 et
1483 460 2137 540 sanctissimargesta
2205 458 2520 540 Rodulphi
2577 461 2853 540 episcopi
2904 460 3248 540 Eugubini,
3300 472 3360 526 et
3403 464 3726 532 Domivnici

291 526 764 619 Loricatifﬂos
802 526 1125 628 proximis
1165 538 1382 599 diebus
1425 541 1596 600 diem
1639 557 1832 628 ςααῃι
1881 526 2104 600 οὸῖἱεεε
2143 526 2655 628 οργροφξίαςιμξ
2681 526 2821 602 erdt
2845 588 2860 617 ,
2907 549 2967 602 et
3000 526 3472 628 "equal-iusque
3494 526 3720 610 lvi-niter-

287 608 391 669 itu
422 625 559 699 nor}
583 608 834 699 parum
862 617 1165 699 molestia
1206 627 1594 699 perceperat.
1640 620 1720 680 De
1757 621 2213 699 Petroiquoq-ue
2256 608 2573 698 Rodu'lphi
2615 608 2856 698 fratre,
2899 630 2960 682 et
3002 623 3156 686 aliis
3199 608 3725 692 monaster'iisui

287 690 653 765 monachis,
690 694 834 756 vita
859 690 1217 760 sanctitate
1246 716 1326 760 ao
1353 690 1838 763 conversatione
1867 690 2322 777 celeberrimis,
2355 690 2665 762 noti-nihil
2690 690 2982 781 attingit.

845 864 1260 956 PROLOGUS.
1929 881 2120 943 Aque
2185 873 2669 946 redargutionum
2733 881 2906 948 atque
2974 879 3400 952 correptionum
3468 879 3732 956 longiora

278 949 502 1009 Domno
542 952 912 1014 ALEXANDRO
947 955 1282 1016 beatissimo
1321 973 1484 1031 papa
1525 958 1756 1018 PETRUS
1791 976 1922 1034 pec-
2003 961 2252 1034 ﬂagella,
2298 968 2574 1036 tanquam
2621 963 2942 1039 quastione
2980 949 3205 1039 pulsa—to
3245 949 3600 1028 sententiamv
3633 970 3725 1030 in-

203 1046 359 1099 cator
387 1042 704 1100 monachus
736 1046 1095 1105 servitutem.
2006 1051 2218 1124 ferens,
2251 1068 2354 1125 per
2405 1053 2791 1128 quadraginta
2842 1055 2966 1113 dies
3019 1054 3189 1115 illum
3238 1056 3378 1116 vino
3439 1057 3730 1118 abstinere

276 1125 562 1201 Pracepit
611 1130 1072 1192 mihibeatitudo
1113 1142 1230 1204 tua,
1267 1134 1614 1194 venerabilis
1651 1142 1828 1210 pater,
1861 1141 1927 1196 ut
2006 1142 2274 1215 pracepi,
2318 1150 2373 1200 et
2409 1125 2597 1214 tamen
2632 1125 2971 1215 intentione,
3006 1151 3070 1204 ut
3109 1152 3333 1205 tantum
3363 1148 3433 1207 ad
3471 1163 3730 1223 prasens

205 1231 511 1293 nunquam
563 1218 666 1278 tibi
717 1220 936 1280 litteras
971 1223 1280 1294 mitterem,
1325 1240 1458 1298 qua
1509 1226 1633 1283 leve
1681 1227 1842 1300 quid,
1873 1233 1929 1285 et
2009 1229 2183 1288 illum
2221 1245 2354 1289 cum
2389 1231 2613 1290 caleris
2651 1233 2724 1290 ab
2763 1233 3012 1292 incautis
3071 1236 3439 1294 sermonibus
3472 1218 3726 1296 deterre-

204 1303 498 1394 oblivione
524 1307 790 1381 dignum,
819 1327 885 1370 ac
909 1312 1187 1371 frivolum
1217 1314 1620 1381 continerent;
1653 1332 1797 1387 quas
1823 1317 1929 1375 sci-
2009 1336 2153 1390 rem,
2213 1321 2578 1394 postmodum
2636 1338 2773 1381 vero
2822 1325 3166 1383 sententiam
3213 1326 3476 1385 discreta
3519 1329 3728 1386 remis-

206 1390 358 1462 licet,
399 1410 538 1452 mox
589 1403 654 1455 ut
706 1397 884 1457 lector
933 1401 1312 1462 transiliendo
1363 1406 1724 1476 percurrerit.
1778 1406 1926 1464 edax
2008 1408 2192 1467 sionis
2215 1390 2628 1468 moderamine
2664 1418 3063 1486 temperarem.
3098 1412 3208 1472 Sed
3243 1431 3374 1473 cum
3417 1431 3511 1474 me
3538 1418 3724 1475 conti-

204 1481 438 1542 ﬂamma
460 1489 786 1559 consumit;
825 1489 923 1547 sed
956 1489 1065 1548 tale
1090 1491 1192 1549 tibi
1214 1507 1440 1566 semper
1466 1491 1684 1566 aliquid
1721 1495 1926 1552 scribe-
2006 1499 2181 1570 gisset
2249 1499 2494 1559 diversis
2551 1481 2840 1561 intentum
2895 1519 3017 1562 esse
3074 1506 3340 1578 negotiis,
3388 1521 3578 1581 neque
3618 1507 3729 1567 hoc

205 1588 350 1642 rem,
378 1576 530 1652 quod
560 1586 613 1634 et
654 1579 724 1636 ad
760 1580 1203 1639 adilicationem
1246 1583 1562 1654 legentium
1602 1585 1838 1658 suscipi,
1867 1592 1924 1643 et
2005 1586 2155 1644 mihi
2203 1586 2449 1661 quilibet
2502 1588 2563 1647 in
2617 1594 2955 1648 memoriam
3009 1576 3348 1660 revocasset,
3373 1576 3570 1667 elapso
3607 1593 3725 1668 jam

204 1660 357 1721 inter
427 1665 740 1740 scripturas
814 1675 1136 1727 mereretur
1191 1670 1551 1728 authenticas
1621 1674 1919 1732 reservari.
2005 1660 2337 1751 praescripto
2389 1679 2615 1738 dierum
2666 1681 2902 1751 circulo,
2955 1683 3184 1740 tandem
3239 1684 3567 1743 recordatus
3619 1701 3724 1744 ex-

204 1751 369 1847 Iinde
395 1756 546 1816 Patri
577 1758 876 1818 luminum
903 1761 1146 1834 agenda
1177 1769 1312 1820 sunt
1341 1762 1563 1835 gratia,
1594 1764 1697 1838 qui
1731 1779 1920 1822 sacra-
2005 1768 2160 1841 pavi,
2192 1775 2248 1825 et
2275 1769 2419 1842 quid
2449 1784 2524 1826 ex
2555 1769 2815 1843 injuncta
2842 1770 2952 1828 sibi
2978 1771 3316 1845 panitentia
3353 1772 3553 1832 Petrus
3582 1776 3726 1847 egis-

201 1841 357 1902 rium
386 1845 471 1902 tui
511 1848 755 1920 pectoris
784 1848 892 1906 hoc
931 1850 1063 1923 igne
1094 1851 1183 1909 sui
1212 1849 1427 1909 amoris
1461 1853 1741 1919 accendit,
1775 1859 1838 1911 ut
1868 1861 1924 1912 et
2006 1863 2090 1915 set
2119 1841 2398 1916 attonitus
2436 1841 2757 1931 exquisivi.
2805 1841 3070 1919 Fratrum
3112 1860 3305 1934 itaque
3344 1841 3726 1922 relationibus

198 1928 261 1988 in
298 1933 675 2008 antiquorum
713 1937 943 1998 Patrum
981 1939 1192 1996 studiis
1221 1939 1436 2012 jugiter
1466 1940 1790 2014 requiescas
1820 1959 1834 2011 ;
1868 1947 1924 1999 et
2006 1944 2181 2002 didici
2230 1928 2630 2018 panitentiam
2671 1962 2795 2004 esse
2842 1954 3148 2020 peractam.
3194 1928 3490 2020 Paenituit,
3523 1951 3722 2021 fateor,

196 2019 456 2096 insuper,
491 2025 540 2082 si
581 2025 683 2095 qui
722 2025 827 2083 tibi
864 2026 1135 2085 videntur
1187 2027 1400 2096 idonei,
1440 2028 1512 2086 ad
1553 2028 1924 2086 scribendum
2005 2035 2244 2108 prolata
2282 2035 2604 2108 sententia,
2649 2037 2742 2094 sed
2777 2019 3036 2110 gaudens
3067 2038 3386 2096 admiratus
3425 2053 3555 2098 sum
3597 2019 3725 2097 tan;-

199 2122 296 2168 eos
323 2126 637 2184 provocare
669 2129 783 2172 non
813 2113 1094 2188 negligas.
2007 2128 2119 2179 tam
2159 2122 2556 2196 paenitentiam
2600 2124 2794 2183 fratris
2847 2131 2910 2184 ut
2950 2142 3052 2200 pro
3091 2141 3210 2185 uno
3247 2127 3369 2185 solo
3407 2129 3584 2186 verbo
3625 2127 3723 2186 in-

277 2207 329 2262 A
370 2203 534 2262 vobis
580 2203 773 2276 itaque
823 2221 1011 2278 nuper
1058 2222 1342 2280 egressus,
1388 2222 1524 2265 cum
1574 2206 1982 2297 FlorentinaB
2005 2211 2266 2271 consulte
2304 2213 2521 2286 prolato
2559 2220 2674 2272 tam
2721 2215 2947 2287 longam
2996 2214 3395 2288 panitentiam
3430 2215 3722 2289 pratulis-

197 2295 364 2356 urbis
417 2293 633 2352 mania
687 2294 863 2362 subii,
906 2295 1148 2353 nuntius
1198 2295 1344 2353 mihi
1398 2311 1538 2354 mox
1587 2293 1976 2368 repentinus—
2005 2309 2107 2370 set,
2141 2309 2196 2359 et
2233 2318 2422 2377 neque
2459 2318 2561 2378 per
2602 2320 2663 2362 se
2711 2320 2901 2380 neque
2953 2321 3055 2380 per
3105 2304 3250 2364 alios
3295 2305 3719 2379 indulgentiam

197 2383 462 2452 accurrit,
497 2382 598 2456 qui
642 2382 786 2439 mihi
827 2381 981 2440 diem
1023 2383 1280 2441 medium
1318 2383 1379 2440 in
1423 2384 1686 2442 tenebras
1725 2385 1916 2451 vertit,
2007 2392 2369 2464 postulasset.

197 2473 584 2546 omniumque
631 2486 895 2530 meorum
956 2472 1243 2530 viscerum
1302 2488 1480 2531 venas
1539 2474 1920 2534 amarissima
2676 2481 2922 2542 CAPUT
2954 2485 3028 2542 II.

197 2562 500 2635 legationis
534 2559 665 2618 felle
694 2560 1050 2633 complevit;
1093 2561 1424 2635 episcopum
1458 2564 1673 2623 scilicet
1719 2566 1918 2639 Eugu-
2003 2571 2062 2628 S.
2104 2571 2425 2642 Rodutphus
2492 2574 2638 2627 nihil
2689 2573 2755 2627 de
2803 2576 2985 2643 rigore
3035 2577 3332 2632 monastico
3382 2575 3607 2648 deponit
3657 2576 3717 2631 in

199 2652 409 2712 binum
447 2665 571 2708 esse
606 2648 972 2721 defunctum,
1013 2650 1180 2724 cujus
1219 2651 1425 2727 utique
1460 2656 1820 2714 conversatio

1407 2668 1425 2710 θ
1460 2656 1838 2725 conversatio,
1871 2655 1919 2713 si
2694 2647 3029 2717 episcopatu.

202 2739 492 2804 recolitur,
526 2753 643 2796 non
696 2737 1060 2797 mediocriter
1097 2741 1382 2800 adificare
1430 2743 1634 2816 poterit
1673 2745 1918 2803 audien-
2075 2745 2242 2804 Nunc
2268 2747 2446 2820 igitur
2491 2749 2562 2807 ad
2607 2750 2962 2825 episcopum,
2990 2767 3024 2809 a
3069 2767 3186 2826 quo
3229 2757 3497 2826 caperet,
3527 2766 3718 2812 sermo

201 2835 308 2888 tes.
340 2827 507 2886 Valet
551 2827 705 2887 enim
750 2835 806 2885 et
860 2829 930 2886 ad
987 2831 1430 2903 exprimendam
1490 2840 1638 2892 recte
1685 2835 1917 2892 vivendi
2001 2843 2280 2895 recurrat.
2311 2837 2590 2906 Quamvis
2619 2839 2776 2897 enim
2819 2839 3022 2900 Petrus
3061 2841 3238 2912 idem,
3272 2849 3338 2900 ut
3373 2843 3560 2916 major
3595 2845 3719 2900 erat

199 2917 468 2987 formam,
527 2922 582 2973 et
642 2915 718 3005 ad
768 2916 1156 2976 adhibendam
1235 2920 1590 2993 corrigendis
1658 2923 1918 2981 moribus
2001 2933 2186 2994 atate,
2229 2925 2618 2988 nihilominus
2665 2929 2837 2987 etiam
2885 2931 2944 2988 in
2985 2931 3152 2990 ardui
3205 2915 3480 3005 propositi
3522 2936 3579 2989 et
3623 2931 3714 2988 di-

198 3003 603 3092 disciplinam._
641 3003 785 3062 Nam
837 3010 970 3063 ante
1026 3006 1144 3064 fere
1205 3010 1572 3081 septennium
1630 3009 1728 3069 ille
1779 3027 1914 3070 cum
2000 3015 2212 3073 stricta
2235 3017 2374 3074 vita
2400 3032 2627 3091 semper
2656 3017 3002 3092 praecederet
3033 3003 3258 3090 itinere,
3288 3003 3382 3077 hic
3418 3026 3611 3078 tamen
3639 3018 3713 3077 ad

198 3099 382 3149 matre
423 3098 477 3150 et
523 3089 670 3161 (335)
710 3092 938 3151 duobus
985 3094 1260 3154 fratribus
1313 3112 1373 3156 se
1417 3098 1709 3172 paulisper
1750 3106 1917 3158 atate
2000 3089 2553 3162 sacerdotalisofﬁcii
2577 3089 2711 3177 jura
2738 3111 3053 3176 promotus,
3076 3106 3228 3178 quod
3248 3089 3317 3164 in
3345 3121 3539 3166 eremo
3559 3105 3711 3165 didi-

195 3179 676 3253 pracedentibus,
733 3182 916 3239 servis
993 3183 1273 3242 duntaxat
1339 3185 1600 3244 libertate
1667 3187 1911 3256 donatis,
1997 3189 2074 3248 cit
2123 3191 2183 3248 in
2236 3191 2486 3250 Ecclesia
2535 3209 2651 3252 non
2703 3193 2916 3252 omisit.
2947 3193 3177 3252 Eisdem
3226 3194 3441 3269 quippe
3495 3194 3715 3254 terebat

194 3275 444 3328 castrum
477 3285 650 3350 suum
698 3270 843 3328 mihi
883 3271 1328 3346 inexpugnabili
1370 3275 1696 3334 munitione
1738 3277 1916 3335 valla-
2000 3294 2226 3352 semper
2316 3281 2576 3340 membra
2657 3282 2884 3354 ciliciis,
2949 3282 3167 3342 eisdem
3241 3288 3548 3342 contentus
3589 3289 3714 3341 erat

197 3361 320 3414 tum
350 3359 486 3414 cum
509 3347 803 3428 Omnibus,
840 3373 974 3432 qua
1009 3360 1099 3417 sui
1124 3361 1276 3433 juris
1305 3370 1484 3429 erant,
1514 3364 1746 3435 pradiis
1775 3381 1914 3423 con-
1998 3347 2334 3441 perexiguis
2370 3369 2683 3428 admodum
2730 3386 2796 3428 ac
2841 3347 3287 3443 dvespicabilibus
3325 3371 3704 3430 indumentis.

196 3446 352 3516 tulit,
382 3455 555 3522 atque
581 3449 651 3506 ad
681 3465 942 3507 eremum
975 3453 1239 3526 veniens,
1279 3454 1541 3512 habitum
1582 3457 1912 3514 monastica
1998 3455 2173 3514 Plane
2201 3458 2346 3515 dum
2371 3457 2657 3531 juvenilis
2681 3461 2866 3516 atatis
2897 3459 3202 3531 ingruente
3243 3465 3449 3519 natura
3475 3459 3704 3531 gravis-

197 3539 574 3614 professionis
602 3541 776 3612 (336).
1931 3597 1973 3621 η
1996 3545 2203 3603 simam
2245 3562 2398 3620 sape
2435 3551 2724 3620 pateretur
2749 3547 3027 3618 acediam,
3063 3548 3436 3621 laquearibus
3472 3547 3705 3606 cellula

753 3634 998 3695 CAPUT
1036 3633 1350 3694 PRIMUM.
1930 3597 1974 3658 ο
1996 3597 3706 3709 tamenmitissimi;insae;Beata;

634 3727 693 3783 S.
723 3729 1046 3801 Rodulphus
1071 3733 1133 3799 ﬁt
1161 3728 1473 3783 monachus.
1995 3725 2187 3782 studio
2244 3725 2534 3799 pendulus
2593 3725 2910 3784 insistebat.
2963 3726 3281 3798 Nunquam
3327 3727 3512 3800 adipe,
3545 3743 3703 3787 nun-

266 3811 678 3872 Monasterium
739 3815 908 3888 plane
965 3818 1025 3874 in
1086 3831 1288 3874 eorum
1357 3815 1714 3886 possessione
1772 3829 1910 3870 con-
1994 3825 2167 3882 quam
2229 3813 2377 3882 ovis,
2408 3812 2501 3870 vel
2554 3828 2715 3870 caseo
2773 3813 3127 3872 vescebatur.
3172 3813 3240 3871 In
3295 3814 3512 3872 eisdem
3568 3829 3704 3874 vero

195 3900 544 3972 struximus,
572 3902 642 3959 de
675 3905 846 3976 cujus
874 3921 1036 3962 nunc
1073 3912 1266 3963 sancto
1296 3909 1583 3961 conventu
1625 3903 1910 3973 regulari-
1994 3915 2128 3974 qua
2156 3899 2593 3971 apponebantur
2622 3899 2834 3958 eduliis
2871 3899 3195 3966 continens,
3230 3915 3364 3958 eum
3405 3899 3708 3972 frugalitas

191 3993 277 4047 ter
304 3990 615 4061 victitanle,
647 3993 784 4050 satis
813 3993 872 4050 in
905 3994 1152 4053 Domino
1176 3991 1560 4066 gratulamur,
1593 3991 1693 4050 ubi
1730 3999 1910 4050 matre
1994 3989 2303 4057 cruciabat,
2337 3995 2402 4046 ut
2433 3988 2809 4048 discumbens
2843 4005 2956 4048 non
3001 3997 3117 4048 tam
3145 4006 3206 4048 se
3239 3991 3497 4049 reficeret
3524 4005 3699 4064 quam

191 4086 248 4137 et
299 4079 492 4148 fratre,
525 4082 625 4155 qui
671 4082 960 4142 inﬁrmior
1009 4089 1114 4154 est,
1156 4083 1500 4150 constitutis,
1533 4082 1638 4139 iste
1686 4081 1909 4139 Rodul-
1992 4085 2252 4149 certaret,
2303 4085 2358 4136 et
2415 4078 2761 4138 intestinum
2815 4078 3009 4152 potius
3052 4084 3202 4137 esset
3251 4079 3405 4151 gula
3456 4078 3700 4150 bellum,

188 4167 364 4239 phus,
391 4169 492 4242 qui
525 4172 890 4241 postmodum
921 4173 990 4230 ad
1023 4173 1383 4246 episcopatus
1413 4169 1643 4228 culmen
1674 4176 1909 4229 evectus
1993 4168 2148 4244 quod
2197 4169 2561 4226 extrinsecus
2606 4167 2912 4227 videbatur
2961 4184 3085 4227 esse
3126 4170 3486 4228 convivium.
3535 4168 3713 4243 Sapo.

190 4263 295 4325 est,
351 4263 406 4313 et
459 4257 659 4317 Petrus
713 4261 1130 4334 primogenitus
1173 4261 1367 4324 frater,
1417 4258 1768 4317 eremiticam
1818 4260 1907 4315 vi-
1992 4257 2247 4329 pugnavi
2292 4265 2356 4315 ut
2394 4257 2597 4316 saltem
2647 4258 2704 4314 in
2748 4257 2984 4315 hiemali
3024 4258 3400 4317 inclementia
3447 4259 3700 4332 frigoris,

191 4348 308 4402 tam
347 4343 494 4401 485
546 4354 661 4406 tam
706 4351 1086 4416 continenter,
1131 4358 1246 4407 tam
1292 4348 1549 4406 districte
1592 4348 1907 4418 duxerunt,
1991 4354 2092 4403 aut
2137 4345 2438 4418 papyrina
2464 4345 2573 4404 sibi
2616 4352 2821 4404 storea
2851 4354 3165 4405 stramenta
3208 4356 3576 4421 supponeret,
3605 4355 3706 4408 aut

191 4440 253 4491 ut
293 4440 348 4491 et
395 4435 768 4497 audientibus
811 4441 1148 4512 pradicaret
1193 4454 1291 4496 eos
1323 4438 1475 4495 fama
1504 4437 1818 4506 mirabiles,
1852 4447 1910 4494 et
1991 4434 2236 4492 vestitus
2266 4432 2468 4491 saltem
2497 4439 2660 4492 nocte
2699 4435 2994 4492 dormiret.
3026 4435 3099 4492 At
3128 4435 3226 4493 ille
3257 4436 3320 4493 in
3361 4436 3519 4494 nuda
3555 4435 3702 4509 ligni

186 4524 634 4584 conviventibus
669 4527 784 4584 vita
839 4534 1183 4585 monstraret
1225 4525 1504 4596 insignes.
1549 4525 1701 4582 Sane
1744 4527 1790 4582 si
1837 4525 1908 4582 de
1991 4521 2189 4580 tabula
2227 4521 2444 4591 nudus,
2475 4522 2596 4580 sola
2627 4529 2931 4580 contentus
2969 4521 3220 4579 interula
3255 4523 3562 4582 cubitabat.
3592 4523 3704 4582 Ec-

187 4611 354 4670 Petro
402 4614 612 4673 vellem
653 4623 861 4674 cuncta
912 4617 1128 4673 referre
1175 4631 1307 4688 qua
1351 4620 1689 4686 suppetunt,
1745 4615 1906 4686 prius
1991 4608 2224 4666 clesiam
2253 4624 2421 4681 porro
2446 4609 2753 4683 deputabat
2779 4609 3116 4682 hospitium,
3151 4609 3481 4670 solitudinis
3507 4619 3703 4671 autem

183 4701 461 4759 schedula
497 4704 753 4763 fortassis
800 4705 908 4762 ista
957 4705 1226 4763 deficeret
1274 4719 1407 4761 cum
1453 4703 1644 4760 adhuc
1677 4703 1906 4761 dicendi
1990 4697 2261 4755 cellulam
2311 4697 2708 4757 habitaculum
2753 4698 3114 4756 decernebat.
3172 4699 3462 4758 Incondili
3513 4701 3704 4775 siqui'

181 4792 425 4849 materia
455 4807 792 4866 superesset.
848 4795 989 4852 Nam
1050 4802 1114 4852 ut
1154 4811 1184 4850 ρ
1233 4793 1434 4852 multis
1481 4808 1664 4851 unum
1705 4793 1803 4852 salt

2081 4802 2121 4842 ιι
2154 4802 2342 4844 mores
2371 4786 2594 4860 populi,
2625 4793 2679 4844 et
2711 4786 3156 4859 indisciplinata
3183 4789 3454 4860 cervices,
3483 4795 3540 4849 et
3575 4789 3703 4851 leve

180 4877 437 4938 breviter
468 4882 731 4948 referam,
765 4882 906 4940 dum
937 4884 994 4940 in
1031 4881 1285 4955 capitulo
1315 4882 1768 4950 consideremus,
1803 4883 1948 4955 ali-_
1985 4877 2197 4949 jugum
2249 4878 2472 4933 (Matth.
2511 4881 2596 4945 XI)
2658 4876 2884 4942 Domini
2936 4890 3304 4949 nequaquam
3358 4877 3468 4934 sibi
3520 4878 3704 4951 patie-

177 4967 417 5038 quando
459 4969 530 5026 de
579 4969 900 5043 disciplinis
948 4952 1314 5043 regularibus
1368 4970 1744 5043 disputantes,
1785 4952 1966 5040 ille,D
1993 4963 2205 5020 bantur
2234 4964 2493 5036 imponi;
2537 4964 2632 5020 sed
2667 4963 3010 5022 muneribus
3044 4965 3292 5025 terrenis
3329 4965 3556 5036 intenti,
3582 4980 3700 5026 non

179 5063 243 5114 ut
303 5064 423 5114 erat
473 5057 750 5127 novitius,
787 5074 974 5117 unum
1026 5076 1102 5116 ex
1158 5058 1421 5116 saculari
1483 5059 1905 5118 consuetudine
1988 5069 2060 5110 ex
2101 5069 2198 5111 ore
2242 5052 2530 5126 pOIllillCiS
2583 5051 2681 5110 Dei
2728 5053 2918 5123 VerbO,
2957 5051 3054 5110 sed
3103 5050 3251 5107 486
3305 5059 3578 5126 tanquam
3631 5053 3704 5112 de

176 5141 577 5202 inordinatum
640 5144 878 5216 protulit
932 5145 1200 5203 verbum.
1241 5143 1408 5201 Tunc
1465 5160 1568 5217 ego
1603 5146 1765 5205 velut
1820 5146 1906 5202 ira
1990 5143 2261 5202 manibus
2307 5142 2590 5217 prasidis,
2628 5141 2948 5201 commodis
2997 5141 3321 5200 inhiabant.
3357 5143 3499 5202 Hac
3543 5141 3703 5202 enim

177 5239 496 5304 permotus,
524 5233 669 5292 dura
699 5234 836 5292 satis
876 5233 1046 5294 illum
1087 5234 1413 5293 invectione
1442 5235 1717 5308 corripui,
1753 5242 1904 5308 post-
1989 5233 2146 5306 regio
2178 5248 2292 5308 quo
2333 5233 2514 5305 magis
2557 5231 2857 5290 invenitur
2890 5230 3082 5291 aliena
3113 5231 3355 5302 divitiis,
3396 5247 3464 5291 eo
3506 5231 3710 5307 εορὶομ

244 5390 567 5468 (βδξὶμει,
609 5394 949 5468 nobilissima
1022 5394 1303 5468 lingublna
1367 5397 1530 5468 gen'e
1608 5394 1890 5468 Gabriellia
1990 5405 2099 5468 non
2136 5391 2494 5468 erittqnlppe
2529 5393 2621 5468 qui
2671 5405 2739 5468 ex
2789 5391 3002 5468 eodem
3025 5390 3437 5468 Gabrielliorutp
3477 5403 3699 5468 genere,

177 5457 478 5518 pragnatos
545 5455 714 5510 fuisse
790 5459 942 5509 viros
1022 5453 1185 5508 hos'ce
1250 5453 1593 5510 venérabiles
1689 5458 1793 5509 scrl

178 5513 782 5588 nonnullajeslan‘tur;
840 5519 912 5588 De
971 5519 1269 5584 Rodulpbo,
1323 5519 1463 5588 sicut
1517 5521 1571 5588 e_t_
1619 5519 1686 5570 de
1741 5519 1799 5588 Pe

2079 5455 2185 5507 lem
2244 5453 2486 5513 securo,
2547 5453 2622 5505 ἰο
2692 5455 2746 5505 in
2817 5453 3009 5505 eodem
3082 5453 3422 5508 Avellanensi
3481 5453 3700 5508 'monaé

2079 5517 2191 5588 κιο..
2217 5517 2418 5588 vixisse
2495 5515 2637 5588 ερυςι
2696 5513 3072 5588 imbutus...
3098 5513 3402 5588 serrarium
3457 5514 3701 5584 auo-que

180 5575 354 5652 fratre
397 5577 531 5652 Abite,
577 5581 1054 5652 agi_t_Daml§nus_.
1125 5573 1316 5652 verum
1382 5582 1450 5652 de
1504 5580 1675 5634 altero
1735 5579 1889 5652 nihil.
1993 5578 2394 5652 repetunt-spe
2429 5590 2494 5630 co
2527 5573 2769 5652 iro-tardis
2798 5573 3325 5652 lgiiuﬁoudrtdiani:

180 5638 339 5694 nunc
397 5640 581 5695 tamen
609 5637 818 5696 'falsse
898 5645 945 5695 Β.
1018 5637 1230 5696 Fortem
1294 5642 1528 5696 fortasse
1581 5641 1890 5707 negandum
2056 5637 2192 5707 (336)
2226 5642 2370 5694 Adde
2398 5641 2620 5706 accepit,
2657 5644 2716 5694 ut
2747 5640 2804 5694 tn
2834 5637 3208 5695 [alimoniam
3239 5639 3492 5697 edltlone.
