4108 6206
364 269 497 357 tot:

830 271 888 333 S.
935 270 1160 333 PETRI
1198 271 1523 335 DAMIANI
1561 273 1717 334 OPP.
1762 274 1953 335 PARS
1994 274 2135 336 SEU
2174 237 2426 334 TOMUS
2463 272 2539 332 II.
2581 304 2647 315 ——
2687 270 3146 333 SANCTORUM
3184 270 3407 331 VITlE.

3741 272 3879 335 1012

365 397 490 456 sius
519 396 801 463 exuberat
825 396 1002 456 vitiis.
1029 397 1118 459 Ab
1150 400 1337 467 {egeno
1393 399 1683 474 siquidem
1710 400 2145 467 denominariA
2166 400 2311 458 bene
2358 399 2630 472 prodigus
2670 397 2728 456 in
2772 413 3049 470 pauperes
3086 396 3466 470 dispergebat.
3507 397 3879 472 Congregans

368 474 603 551 videtur
634 486 992 559 Eugubium,
1024 486 1116 546 vel
1145 502 1320 559 egens
1350 486 1521 547 bono.
1552 487 1799 561 Ideoque
1832 505 1922 547 me
1959 489 2078 547 vim

366 575 668 652 ingerente
720 583 972 646 coactus,
1013 576 1329 639 Ecclesiam
1386 593 1559 651 quam
1604 577 1901 637 dimiserat
1947 586 2079 638 voto

248 700 266 719 κ
361 665 644 726 retinebat
672 665 888 735 cilicio;
925 666 982 724 in
1019 682 1211 726 eremo
1247 674 1434 726 tamen
1481 668 1941 740 perseverantius
1970 668 2078 726 ba-

368 752 605 817 bitabat.

1035 828 1279 891 CAPUT
1308 828 1413 887 ΙΙΙ.

870 920 1223 983 Abstinentia
1269 920 1569 992 Bodulphi.

439 1027 917 1101 andocunque
981 1027 1287 1101 impetrare
1353 1034 1571 1103 poterat
1623 1033 1689 1088 ut
1742 1025 2077 1101 hujusmodi

360 1118 530 1194 panis
565 1116 630 1179 in
671 1128 865 1176 eremo
910 1118 1095 1185 ﬁeret,
1134 1116 1338 1175 edebat
1385 1132 1617 1192 panem,
1648 1133 1765 1176 non
1810 1117 2076 1187 fratrum,

360 1222 481 1267 non
519 1206 773 1280 denique
813 1220 1167 1280 puerorum;
1207 1208 1306 1265 sed
1348 1221 1483 1265 eum
1519 1205 1623 1280 qui
1676 1206 1769 1279 vel
1812 1221 1889 1263 ex
1933 1219 2079 1279 puro

359 1295 523 1357 ﬁeret
570 1295 804 1366 hordeo,
860 1296 954 1354 vel
1000 1310 1075 1354 ex
1127 1295 1400 1355 cantabro
1448 1296 1661 1370 potius,
1694 1295 1850 1371 quod
1897 1293 2075 1368 proji-

363 1383 640 1445 ciendum
668 1383 914 1443 canibus
938 1383 1009 1443 de
1043 1399 1363 1458 puerorum
1397 1383 1650 1457 panibus
1688 1382 2076 1441 remansisset.

359 1472 431 1534 Et
482 1473 615 1535 licet
665 1479 877 1546 praeter
915 1472 1258 1532 celebriores
1296 1472 1421 1530 dies
1473 1472 1580 1530 hoc
1630 1480 1778 1531 esset
1822 1470 2077 1546 quotidie

359 1576 508 1636 pane
551 1566 878 1630 contentus,
926 1575 1268 1619 mensuram
1315 1568 1509 1620 tamen
1562 1559 1839 1619 attentius
1893 1559 2076 1632 aequi-

364 1648 496 1713 tatis
541 1648 811 1713 lancibus
867 1648 1247 1722 appendebat.
1306 1647 1473 1707 Unde
1528 1648 1674 1707 mihi
1728 1648 2078 1722 quandoque

2163 490 2493 549 annualiter
2519 490 2831 563 synodum,
2882 486 3119 546 nullum
3148 494 3392 546 assueta
3422 487 3755 559 oblationis,
3787 490 3880 549 vel

2165 579 2473 637 xeniorum
2516 593 2793 635 canonum
2829 593 2863 634 a
2900 575 3124 634 clericis
3172 575 3333 648 exigi
3367 576 3751 649 permittebat,
3779 578 3880 636 sed

2162 685 2236 726 ne
2305 686 2339 726 a
2418 668 2594 741 lapsis
2673 667 2913 741 quidem
2996 665 3369 724 commodum
3427 666 3682 740 aliquod,
3727 663 3879 723 487

2162 762 2370 829 praeter
2414 755 2595 813 solam
2641 755 3062 829 paenitentiam,
3106 754 3439 828 requirebat
3488 770 3501 809 :
3547 754 3735 825 Absit,
3780 756 3879 814 in—

2162 845 2385 919 quiens,
2446 850 2512 902 ut
2565 845 2856 919 synodum
2914 843 3205 914 vendam;
3250 843 3439 916 lapsos
3478 845 3653 903 etiam
3686 845 3881 918 potius

2163 933 2379 1007 erigam
2422 950 2599 1008 quam
2646 950 2722 992 ex
2764 949 2965 993 eorum
3014 934 3392 992 cadaveribus
3435 936 3675 994 cervino
3718 951 3882 995 more

2163 1024 2557 1098 pinguescam.
2594 1024 2794 1083 Taedet
2842 1023 3088 1083 ulterius
3131 1022 3432 1082 scribendo
3470 1025 3797 1099 procedere,
3822 1031 3883 1083 et

2160 1114 2322 1173 velut
2359 1121 2625 1187 paternas
2661 1130 2695 1172 a
2751 1117 2977 1188 pictura
3022 1128 3232 1172 manus
3273 1113 3436 1173 dolor
3480 1114 3713 1173 videtur
3752 1114 3879 1173 Ica-

2163 1216 2295 1260 reus
2328 1201 2475 1274 (337)
2501 1201 2790 1260 cohibere.

2850 1272 3093 1332 CAPUT
3123 1272 3222 1331 IV.

2756 1366 2912 1419 Felice
2939 1366 3117 1421 obitus
3140 1364 3279 1434 ejus.

2231 1469 2339 1527 His
2369 1468 2549 1541 igitur
2587 1477 2641 1527 et
2673 1469 3011 1543 hujusmodi
3042 1469 3325 1527 virtutum
3359 1469 3598 1530 ﬂoribus
3630 1472 3880 1530 edoma—

2161 1564 2308 1627 tum,
2343 1557 2511 1631 quasi
2538 1556 2794 1615 candens
2834 1557 3030 1616 lilium
3061 1560 3391 1617 immaturae
3424 1559 3627 1618 mortis
3663 1560 3876 1633 pruina

2161 1644 2410 1716 decoxit,
2440 1645 2517 1702 ita
2542 1652 2607 1703 ut
2632 1660 2764 1703 cum
2797 1646 2898 1703 vix
2930 1646 3163 1719 triginta
3200 1644 3333 1719 plus
3363 1647 3561 1708 minus
3586 1647 3881 1707 videretur

361 1742 717 1812 conquestus
768 1742 853 1799 est
896 1735 1036 1810 quia
1082 1736 1131 1795 si
1179 1736 1293 1795 sibi
1342 1753 1612 1796 mensura
1650 1737 2137 1823 concederetur,B
2161 1749 2473 1803 annorum,
2516 1733 2588 1792 ad
2637 1749 2792 1791 verte
2842 1734 2989 1793 lucis
3023 1736 3330 1794 Auctorem
3385 1752 3459 1795 ex
3502 1737 3611 1795 hac
3651 1736 3881 1796 infelici

362 1826 525 1891 hunc
548 1824 826 1891 eumdem
862 1840 1073 1900 panem
1113 1827 1405 1901 prurienti
1433 1827 1589 1902 gulae
1617 1826 1836 1899 largius
1873 1826 2079 1884 indul—

360 1919 541 1989 geret.
571 1913 758 1977 Tanta
782 1914 999 1989 quippe
1024 1914 1412 1988 juvenculum
1443 1914 1741 1973 hominem
1770 1914 2082 1987 castigabat

364 2002 583 2076 inedia,
616 2010 681 2069 ut
710 2004 1105 2077 undecunque
1139 2002 1413 2063 solatium
1448 2003 1713 2063 alimenti
1746 2004 2078 2078 perciperet,

362 2104 551 2157 mue
572 2096 773 2153 ventre
798 2090 1129 2151 stomachus
1154 2106 1271 2149 non
1302 2098 1547 2150 curaret.
1581 2090 1912 2164 Aliquando
1942 2108 2080 2152 vero

362 2179 541 2243 etiam
571 2177 780 2243 diebus
818 2178 1138 2239 Dominicis
1168 2179 1539 2252 pulmentum
1574 2180 1861 2253 nesciens,
1894 2181 2080 2255 pomis

366 2274 596 2337 tantum
626 2274 683 2329 et
710 2283 861 2342 pane
909 2283 1045 2329 cum
1073 2284 1226 2342 aqua
1254 2270 1506 2328 vivebat.
1550 2270 1758 2330 Ferreo
1795 2272 1940 2331 circa
1979 2287 2081 2345 pe-

363 2361 492 2417 ctus
530 2354 749 2416 circulo
780 2355 996 2431 jugiter
1032 2357 1404 2433 cingebatur;
1447 2374 1618 2431 quem
1662 2364 1850 2417 tamen
1889 2359 2080 2419 circu-

366 2444 494 2504 lum
520 2445 630 2504 sub
664 2444 768 2504 ilia
793 2445 1140 2519 dimersum,
1170 2446 1314 2506 dum
1346 2462 1538 2507 coram
1579 2447 1855 2505 fratribus
1891 2447 2079 2505 nuda-

366 2543 558 2609 retur,
635 2536 976 2617 diligentius
1053 2537 1394 2601 occultabat.
1475 2537 1790 2611 Nunquam
1867 2537 2084 2598 scilicet

363 2627 616 2703 capitulo
666 2628 959 2688 confessor
1014 2629 1306 2698 intererat,
1348 2629 1411 2688 in
1464 2644 1580 2702 quo
1630 2643 1744 2687 non
1804 2627 2083 2701 acciperet

364 2714 754 2791 disciplinam,
809 2723 869 2776 et
907 2722 1045 2780 tunc
1080 2719 1326 2779 festivus
1360 2718 1719 2799 exsultabat,
1758 2717 1808 2777 si
1852 2734 1971 2777 non
2007 2716 2081 2778 ab

370 2811 763 2875 nectentem,
792 2805 893 2864 sed
929 2820 963 2865 a
1012 2804 1241 2865 duobus
1287 2806 1565 2881 ﬂagellari
1597 2806 1875 2868 fratribus
1907 2806 2080 2881 jube.

374 2900 553 2956 retur.
594 2892 764 2968 Saepe
789 2893 1191 2969 pmnitentiam
1239 2903 1475 2956 centum
1509 2895 1856 2971 suscipiebat
1896 2913 2082 2957 anno-

371 2997 529 3056 sum,
576 2998 755 3057 quam
792 2982 1013 3047 scilicet
1042 2998 1145 3057 per
1181 2983 1390 3058 viginti
1429 2984 1551 3044 dies
1580 2984 1850 3047 allisione
1885 3002 2082 3061 scopa-

2162 1825 2294 1883 lucc
2340 1823 2613 1897 migravit
2668 1822 2838 1892 (338).
2900 1826 3310 1881 Consummatus
3387 1829 3529 1881 enim
3590 1830 3651 1881 in
3709 1827 3878 1890 brevi,

2161 1914 2310 1974 sicut
2371 1912 2666 1986 Scriptura
2721 1911 2981 1985 loquitur
3011 1957 3025 1981 ,
3086 1915 3327 1985 emplevit
3385 1919 3629 1985 tempora
3681 1917 3879 1972 multa.

2161 2008 2376 2063 Placita
2417 2008 2560 2060 enim
2601 2008 2717 2059 erat
2756 2006 2863 2059 Deo
2911 2005 3099 2058 anima
3144 2006 3299 2059 illius
3330 2006 3479 2076 (Sap.
3509 2005 3606 2078 Vl).
3639 2006 3711 2063 Et
3748 2006 3883 2080 jure

2163 2099 2599 2152 consummatus
2633 2092 2695 2149 in
2721 2092 2909 2163 brevi,
2942 2092 3127 2151 multa
3162 2100 3411 2165 tempora
3438 2093 3655 2151 dicitur
3676 2095 3879 2167 exple-

2162 2182 2339 2249 visse,
2368 2183 2528 2256 quia,
2561 2181 2701 2240 dum
2732 2182 2794 2239 in
2821 2196 2890 2239 eo
2924 2195 3099 2253 parvo
3127 2180 3280 2254 quod
3314 2181 3465 2239 vixit
3485 2182 3731 2256 justitite
3762 2188 3882 2241 tra-

2165 2272 2363 2330 mitem
2412 2270 2636 2340 tenuit,
2686 2278 2969 2344 quantum
3016 2270 3088 2327 ad
3142 2285 3205 2327 se
3259 2269 3453 2328 omnia
3508 2277 3765 2342 tempora
3818 2272 3883 2331 in

2164 2361 2511 2435 obsequium
2551 2360 2876 2419 Conditoris
2905 2359 3205 2432 expendit.
3238 2358 3415 2417 Plane
3443 2358 3729 2433 quidquid
3760 2357 3887 2419 illic

2164 2450 2236 2509 de
2265 2457 2462 2509 sancto
2491 2449 2616 2507 viro
2647 2447 2941 2523 Sapientia
2965 2446 3241 2519 loquitur,
3273 2446 3351 2507 ita
3397 2447 3535 2506 huic
3558 2462 3659 2520 per
3681 2449 3884 2509 omnia

2164 2539 2448 2613 congruit,
2502 2553 2568 2597 ac
2622 2537 2672 2596 si
2722 2536 2795 2595 de
2841 2536 2943 2595 illo
2991 2535 3312 2610 specialiter
3363 2535 3645 2594 diceretur
3678 2555 3690 2593 :
3722 2539 3884 2594 Sene-

2167 2636 2304 2694 ctus,
2334 2628 2544 2703 inquit,
2578 2629 2906 2684 venerabilis
2935 2632 3034 2697 est,
3065 2642 3173 2681 non
3217 2627 3481 2682 diutwma
3526 2642 3621 2682 nec
3658 2643 3885 2685 nmero

2168 2736 2434 2776 annorum
2475 2723 2806 2790 computata.
2844 2718 2981 2777 Cani
3008 2718 3137 2773 sunt
3166 2720 3345 2772 autem
3389 2732 3577 2773 sensus
3618 2718 3879 2782 hminis,

2168 2814 2219 2865 et
2264 2814 2396 2865 tetas
2436 2809 2725 2864 senectutis
2751 2808 2870 2862 vita
2900 2807 3275 2871 immaculata,
3301 2806 3525 2877 placens
3551 2808 3679 2861 Deo.
3712 2804 3882 2865 Unde

2166 2902 2224 2954 et
2260 2895 2526 2970 sequitur
2555 2919 2568 2953 :
2597 2898 2793 2952 Factus
2836 2895 3086 2958 dilectus,
3118 2898 3170 2949 et
3212 2896 3399 2949 vivens
3436 2897 3578 2950 inter
3621 2899 3880 2965 pecoaioq

2166 3001 2272 3049 res,
2318 2987 2621 3042 translatus
2672 2989 2769 3040 est.
2827 2987 3041 3055 Raptus
3092 2987 3191 3048 est,
3243 2999 3310 3037 ne
3364 2985 3586 3040 malitia
3640 2988 3881 3040 vim

372 3087 533 3141 tum,
578 3071 919 3146 uictorisque
965 3072 1324 3147 pmnitentiae
1376 3072 1648 3133 remediis
1699 3075 2077 3148 persolvebat.
2102 3124 2145 3148 η
2169 3076 2501 3131 intellectum
2546 3072 2685 3143 ejus,
2714 3077 2812 3130 aut
2856 3089 2924 3130 ne
2967 3075 3114 3143 ﬁctio
3151 3073 3420 3145 deciperet
3462 3076 3706 3129 animam
3735 3073 3877 3142 ejus.

372 3160 721 3225 Psalterium
775 3160 1054 3237 quotidie,
1107 3177 1241 3223 cum
1295 3162 1411 3222 duo
1466 3177 1583 3222 non
1635 3166 1849 3237 posset,
1892 3179 2083 3224 unum

373 3249 581 3313 altera
614 3265 739 3311 anon
770 3249 1096 3325 negligebat
1123 3249 1384 3325 implere.
1416 3250 1579 3321 Quod
1608 3252 1910 3324 nimirum,
1952 3269 2086 3313 cum

373 3335 620 3402 essetin
674 3338 891 3403 cellula
942 3339 1308 3412 constitutus,
1355 3347 1573 3401 armata
1613 3345 1800 3417 scapis
1844 3350 2089 3419 utraque

379 3441 590 3500 manu,
611 3431 796 3490 totum
825 3442 964 3487 cum
990 3427 1299 3502 disciplina
1321 3431 1663 3491 continuare
1689 3439 2084 3493 consueverat.

442 3516 625 3579 Porro
655 3521 849 3579 autem
879 3533 1014 3578 cum
1043 3517 1105 3577 in
1134 3518 1505 3592 expeditione
1535 3527 1684 3581 esset
1719 3521 1913 3596 aliqua
1949 3539 2089 3582 con-

373 3606 619 3668 stitutus
637 3652 656 3679 ,
687 3606 1049 3681 quantalibet
1086 3606 1449 3683 intempestas
1484 3610 1669 3669 noctis
1703 3611 2091 3685 profunditate

373 3706 766 3774 consurgeret,
800 3699 978 3759 nudis
1001 3715 1228 3774 semper
1254 3700 1525 3759 cruribus
1552 3709 1608 3759 et
1632 3702 1876 3775 pedibus
1904 3717 2091 3775 usque

375 3787 520 3850 dum
565 3787 960 3861 dilucesceret,
995 3788 1238 3862 psallere
1287 3805 1405 3847 non
1448 3790 1722 3849 cessabat.
1765 3790 1950 3860 Quam
2000 3791 2089 3849 vi-

380 3875 588 3936 delicet
654 3877 1166 3950 consuetudinem,
1221 3878 1364 3937 dum
1417 3879 1480 3937 iu
1545 3877 1690 3937 cella
1736 3880 2086 3951 consisteret,

375 3962 585 4027 diebus
617 3980 686 4024 ac
723 3964 992 4025 noctibus
1029 3966 1157 4025 sine
1190 3965 1507 4025 cessatione
1550 3967 1832 4026 servabat.
1874 3967 2091 4039 Quam-

2166 3167 2396 3237 Propter
2420 3166 2515 3220 hoc
2531 3167 2852 3236 properavit
2880 3163 3103 3219 educere
3127 3163 3288 3219 illum
3317 3163 3384 3218 de
3409 3164 3586 3219 medio
3622 3167 3633 3178 .
3687 3166 3697 3178 .
3786 3167 3800 3178 ,

2169 3259 2241 3312 tis
2270 3256 2473 3329 (Ibid).

2844 3324 3088 3386 CAPUT
3137 3323 3207 3383 V.

2416 3419 2549 3473 Vita
2578 3417 2905 3472 venerabilis
2932 3417 3044 3471 viri

2244 3523 2356 3585 Sed
2382 3541 2532 3594 ecce,
2564 3525 2707 3584 dum
2741 3525 2919 3600 hujus
2956 3525 3213 3599 epistolae
3243 3524 3500 3598 gerulus,
3539 3522 3643 3598 qui
3668 3523 3744 3581 ad
3778 3538 3887 3581 vos

2169 3613 2367 3672 veniat
2393 3616 2676 3686 quaeritur
2713 3623 2769 3672 et
2806 3629 2921 3673 non
2953 3614 3226 3689 suppetit,
3256 3619 3488 3687 repente
3524 3611 3687 3671 aliud
3723 3611 3882 3686 quod

2169 3703 2409 3762 uberius
2446 3703 2518 3761 ad
2551 3703 2997 3762 aedificationem
3030 3704 3304 3778 proﬁcere
3338 3702 3542 3769 valeat,
3575 3703 3625 3759 si
3662 3701 3884 3760 scriba-

2173 3796 2289 3861 tur,
2328 3793 2600 3851 occurrit.
2631 3793 2700 3850 Et
2740 3794 2999 3851 fortassis
3038 3792 3112 3851 ob
3159 3794 3264 3851 hoc
3304 3791 3547 3850 nuntius
3596 3790 3743 3849 mihi
3789 3807 3888 3849 su-

2170 3897 2350 3956 perna
2392 3882 2768 3957 dispositione
2821 3882 3202 3952 subtrahitur,
3242 3888 3306 3940 ut
3353 3881 3608 3952 interim,
3652 3886 3890 3939 vacante

2173 3985 2285 4042 me,
2315 3970 2504 4044 stylus
2530 3960 2602 4028 ad
2638 3969 2801 4029 aliud
2834 3971 3231 4028 transferatur.
3269 3968 3375 4027 Vir
3399 3967 3593 4042 itaque
3629 3968 3735 4028 Dei
3771 3969 3889 4028 Do-

380 4052 521 4113 libet
586 4054 781 4131 gravis
845 4054 1056 4114 bruma
1125 4056 1448 4131 rigesceret,
1502 4058 1864 4134 simplicibus
1912 4060 2093 4120 soccis
2172 4057 2422 4117 minicus
2455 4066 2630 4133 pater,
2661 4067 2716 4118 et
2746 4059 3024 4119 dominus
3062 4074 3228 4117 meus
3264 4065 3397 4117 ante
3422 4074 3646 4119 annum
3675 4058 3889 4118 deiun-

376 4142 681 4205 nuniebat
714 4144 907 4217 pedes,
942 4160 1075 4203 cum
1115 4151 1308 4204 tamen
1347 4147 1522 4206 frater
1559 4151 1686 4219 ejus
1715 4149 1854 4208 solis
1886 4149 2091 4207 calceis
2173 4153 2299 4206 ctus
2324 4153 2426 4216 est,
2460 4147 2628 4221 cujus
2678 4149 2795 4207 vita
2841 4147 2890 4207 si
2924 4147 3225 4217 scribatur,
3260 4163 3464 4207 vereor
3506 4165 3580 4207 ne
3631 4148 3893 4209 fortassis

381 4238 690 4295 contentus
742 4238 913 4291 esset.
958 4232 1125 4307 Saepe
1169 4250 1263 4293 me
1316 4251 1419 4307 per
1468 4235 1833 4296 clementiam
1881 4238 2091 4297 Christi
2172 4251 2207 4292 a
2254 4235 2605 4309 quibusdam
2663 4237 2939 4295 fratribus
2994 4235 3359 4296 incredibilis
3401 4238 3713 4311 judicetur.
3772 4237 3883 4296 Sed

380 4319 718 4380 terribiliter
741 4320 1061 4395 adjurabat,
1093 4323 1237 4381 utsi
1278 4323 1513 4397 quando
1552 4325 1807 4384 fortassis
1845 4327 2087 4385 excede-
2173 4324 2323 4383 absit
2360 4342 2395 4382 a
2433 4340 2525 4382 me
2565 4326 2931 4384 mendacium
2963 4326 3233 4385 scribere.
3268 4326 3414 4383 Nam
3443 4327 3546 4399 qui
3584 4327 3883 4385 veritatem

379 4413 488 4479 net,
526 4422 895 4483 nequaquam
945 4425 1040 4469 me
1096 4410 1171 4469 ab
1222 4415 1349 4483 ejus
1403 4413 1760 4487 correptione
1803 4415 2276 4491 subduce-_pro
2299 4415 2523 4475 viribus
2560 4418 2838 4476 veraciter
2870 4400 3012 4487 colo,
3042 4421 3433 4475 commentum
3476 4415 3721 4475 fallacias
3764 4431 3885 4474 non

377 4509 524 4571 rem,
555 4481 657 4558 sed
682 4481 915 4559 omnem
955 4499 1014 4557 in
1057 4516 1127 4561 eo
1167 4481 1491 4576 disciplinae
1531 4481 1789 4576 modum,
1820 4506 1922 4580 qui
1962 4481 2433 4568 mo-Dadmitto.
2487 4506 2690 4580 Neque
2729 4505 2886 4563 enim
2933 4481 3079 4562 illud
3136 4520 3239 4562 nos
3290 4503 3424 4562 latet
3463 4505 3744 4578 Apostoli,
3781 4505 3887 4578 qui

375 4587 583 4648 nachis
620 4587 953 4659 debebatur,
1008 4591 1329 4665 implerem.
1388 4592 1474 4650 Ita
1516 4594 1687 4668 plane
1729 4601 1782 4653 et
1831 4597 2087 4669 regulam
2171 4608 2307 4651 cum
2350 4595 2721 4667 praemisisset
2759 4613 2772 4650 :
2813 4596 2878 4650 Si
2912 4595 3158 4650 Christus
3196 4610 3303 4649 non
3338 4598 3659 4659 resurrexit,
3698 4597 3887 4651 inanis

380 4677 655 4737 monachi
694 4686 755 4737 et
783 4680 1178 4738 auctoritatem
1215 4681 1462 4755 episcopi
1508 4684 1617 4741 sub
1653 4684 1872 4744 alterna
1914 4687 2087 4745 vicis-
2173 4687 2252 4738 est
2306 4699 2430 4751 ergo
2474 4684 2799 4754 praedicatio
2845 4689 3064 4749 nostra;
3097 4688 3302 4754 praesto
3344 4681 3691 4755 subiunxit:
3722 4686 3886 4739 Inue-

378 4765 636 4829 situdine
663 4766 1033 4828 laudabiliter
1055 4769 1411 4829 observabat.
1444 4772 1774 4846 Opportune
1801 4776 2089 4849 siquidem
2172 4776 2358 4828 nimur
2395 4777 2571 4828 autem
2628 4766 2775 4826 488
2827 4777 2879 4826 nt
2903 4774 3044 4839 falsi
3073 4777 3232 4828 testes
3269 4775 3387 4835 Dei.
3415 4773 3675 4842 quoniam
3727 4776 3886 4828 testi-

380 4858 449 4914 οι.
520 4856 907 4931 hopportune
976 4858 1154 4917 verbo
1226 4861 1656 4932 praedicationis
1710 4862 1977 4931 instabat,
2035 4872 2093 4923 et
2171 4865 2411 4917 monium
2485 4861 2730 4916 diximus
2810 4862 3070 4918 adversus
3142 4865 3328 4927 Deum,
3385 4866 3483 4933 qui
3534 4865 3887 4917 suscitaverit

383 4942 673 5019 quidquid
718 4944 1049 5006 domesticis
1087 4947 1386 5022 subripere
1431 4951 1659 5009 valebat
1702 4952 1996 5026 expensis,
2037 4960 2093 5012 et
2174 4950 2467 5011 Christum,
2502 4964 2656 5017 quem
2702 4964 2809 5003 ηοη
2842 4952 3152 5013 suscitavit.
3192 4953 3244 5004 si
3283 4952 3488 5006 mortui
3538 4966 3645 5004 non
3692 4965 3883 5004 resur-

442 5153 579 5222 (337)
641 5153 826 5211 Icarus
889 5156 1084 5211 Daedali
1155 5157 1315 5219 ﬂllns,
1377 5160 1619 5225 paternis
1695 5161 1911 5213 monitis
1979 5174 2089 5214 non

377 5227 782 5293 obtemperans,
827 5228 1027 5283 misere
1078 5230 1259 5296 periit,
1297 5243 1364 5283 ex
1410 5230 1594 5283 Ovidio
1630 5230 1720 5283 lib.
1765 5245 1869 5285 vm
1918 5230 2090 5285 Meta-

381 5297 612 5365 morph,
645 5298 999 5353 Mabillonins.
1660 5342 1667 5351 .

441 5370 581 5436 (ωε)
602 5440 611 5442 ᾗ
632 5370 838 5442 Italiam
902 5371 1181 5438 Rodnlpho
1245 5375 1654 5429 venerationem
1717 5377 1786 5428 ab
1855 5378 2085 5442 lingunt-

381 5440 472 5494 nis
524 5440 770 5507 exhiberi
827 5444 1263 5507 animadvertunt
1324 5445 1663 5500 Bollandistse
1714 5449 1780 5501 ad
1833 5440 1972 5501 diem
2030 5450 2090 5501 ‘26

383 5511 584 5587 {unli.__
605 5506 804 5587 verum,
857 5516 978 5583 ejus
1035 5517 1297 5587 memoria
1363 5523 1536 5572 exstat
1595 5521 1652 5573 in
1706 5520 2092 5587 martyrologio

386 5582 758 5661 nauculam.
790 5578 1044 5661 uenardt,
1103 5578 1179 5646 in
1223 5590 1533 5661 menologin
1590 5578 1872 5658 Bucetlint',
1925 5594 1980 5646 et
2003 5578 2093 5649 'ln

2173 5160 2417 5223 catalogo
2481 5159 2725 5218 Ferrarii,
2783 5159 2871 5223 qui
2931 5156 3076 5210 cultu
3128 5155 3342 5221 publico
3391 5171 3515 5211 eum
3563 5158 3710 5222 apud
3774 5158 3880 5210 Eu-

2172 5230 2405 5296 gublnos
2451 5230 2704 5283 honorari
2760 5230 2815 5280 in
2867 5230 3012 5281 notis
3053 5228 3119 5281 ad
3164 5231 3341 5294 ipsum
3378 5231 3680 5292 catalognm
3738 5228 3885 5280 indl-

2171 5303 2347 5360 cavit;
2409 5302 2550 5365 quod
2611 5305 2769 5354 etiam
2821 5299 3111 5353 Jacohillus
3164 5301 3372 5364 repetit,
3428 5300 3636 5352 addens
3681 5311 3884 5365 corpus

2173 5375 2294 5438 ejus
2344 5377 2394 5425 in
2450 5375 2620 5425 veteri
2668 5373 2948 5436 Eugubina
3001 5372 3240 5425 ecclesia
3292 5372 3589 5433 humatum,
3644 5374 3772 5425 inde
3820 5372 3877 5422 in

2174 5447 2397 5496 alteram
2440 5446 2756 5497 translatum
2798 5446 2983 5505 fuisse,
3035 5443 3417 5508 conditumque
3457 5440 3560 5496 sub
3608 5454 3707 5495 ara
3757 5446 3880 5509 ejus

2175 5518 2381 5573 nomini
2411 5528 2585 5569 sacra.
3006 5512 3039 5539 '
