4108 6206
278 279 413 338 1013

1192 279 1374 339 VITA
1418 281 1521 341 SS.
1564 282 1946 342 RODULPHI
1986 281 2081 340 ET
2119 279 2460 342 DOMINICI
2499 279 2870 340 LORICATI.

3651 277 3788 339 1014

270 412 406 475 gunt
461 408 512 474 (Ι
563 407 681 464 Cor.
728 411 856 476 xv).
909 406 978 464 In
1029 406 1244 482 quibus
1297 408 1622 482 apostolica
1680 409 1984 468 sententia
2005 413 2282 483 Apensas
2311 407 2372 465 in
2402 412 2604 465 ventre
2634 405 2814 465 simul
2840 404 3094 463 haberet.
3135 403 3318 462 Tanta
3347 403 3560 479 quippe
3593 419 3783 464 mace-

272 493 484 563 verbis,
517 500 584 552 ut
606 509 724 553 non
746 495 974 554 diutius
1004 495 1404 566 immoremur,
1438 496 1496 553 in
1527 504 1792 572 promptu
1817 498 1991 556 lector

272 580 563 655 intelligit,
595 583 873 661 quoniam
915 584 1018 658 qui
1059 584 1150 641 vel
1202 583 1412 653 Deum,
1461 585 1552 642 vel
1610 586 1710 644 Dei
1756 601 1988 644 servum

272 671 543 732 mirabile
581 673 724 746 quid
757 673 958 732 fecisse
997 675 1298 746 conﬁngit,
1339 691 1455 734 non
1507 676 1676 736 modo
1727 675 1988 734 fabricati

270 762 548 837 praeconii
574 763 888 836 pramium
912 779 1026 822 non
1064 772 1338 835 meretur,
1361 782 1565 825 verum
1590 767 1765 825 etiam
1791 766 1990 824 adver-

272 865 372 910 sus
409 866 547 909 eum
577 866 755 926 quem
787 852 1139 926 laudaverat,
1176 854 1388 914 falsum
1419 857 1821 915 testimonium
1852 870 1987 929 pro-

274 939 478 999 tulisse
513 940 899 1000 convincitur.

944 1011 1188 1071 llAPUT
1215 1015 1312 1074 VI.

790 1107 879 1161 Fit
903 1106 1195 1160 monachus
1217 1108 1460 1162 eremita.

344 1209 683 1271 Dominicus
726 1212 925 1286 itaque
977 1227 1111 1270 cum
1155 1217 1303 1270 esset
1349 1211 1409 1269 in
1452 1212 1668 1271 saculo
1720 1213 1986 1286 clericus,

271 1300 411 1372 quia
459 1307 598 1360 tunc
635 1301 950 1361 simoniaca
993 1301 1220 1376 vigebat
1257 1303 1516 1376 haresis,
1563 1321 1697 1378 qua
1729 1313 1786 1364 et
1831 1321 1989 1365 nunc

274 1390 498 1450 utinam
527 1407 763 1466 prorsus
801 1401 950 1453 esset
987 1393 1291 1466 exstincta,
1344 1403 1409 1454 ut
1456 1398 1754 1469 presbyter
1803 1397 1984 1466 ﬁeret,

273 1497 308 1539 a
353 1483 688 1556 parentibus
731 1485 859 1559 ejus
908 1486 1038 1544 data
1090 1492 1175 1544 est
1212 1487 1479 1562 episcopo
1523 1489 1765 1548 hircina
1818 1489 1987 1564 pellis

271 1569 451 1645 aluta,
500 1573 663 1645 quia,
703 1575 854 1634 sicut
889 1575 972 1633 ait
1018 1575 1367 1649 Apostolus:
1398 1580 1768 1648 Diligentibus
1817 1583 1986 1635 Deum

271 1665 455 1719 omnia
507 1673 862 1737 cooperantur
904 1671 964 1724 in
1010 1670 1203 1725 bonum
1259 1671 1429 1738 (Rom.
1488 1672 1632 1739 Vill),
1692 1670 1815 1728 hac
1869 1686 1987 1729 una

2071 499 2352 557 rabantur
2377 497 2573 555 inedia
2617 502 2685 555 ut
2719 495 2917 554 aridus
2943 492 3110 568 panis
3137 491 3566 567 constiparetur
3594 494 3658 552 in
3685 494 3780 554 ili-

2067 588 2180 646 bus
2205 603 2272 645 ac
2308 585 2497 658 digeri
2517 583 2749 643 difﬁcile
2774 582 3072 657 potuisset.

2141 674 2270 734 Illic
2298 675 2477 733 etiam
2510 674 2751 748 quidam
2779 673 2954 731 frater
2980 677 3120 742 erat,
3158 670 3261 746 qui
3301 687 3450 746 sape
3477 670 3781 744 vagabun-

2070 765 2181 822 dus
2210 764 2407 835 egredi
2442 763 2514 821 de
2542 763 2685 820 cella
2712 767 3049 834 tentaverat,
3105 777 3282 836 quem
3323 761 3577 820 Joannes
3624 760 3780 835 prior

2067 854 2268 924 eremi,
2315 859 2486 928 prout
2518 853 2760 926 dignum
2802 859 2942 923 erat,
2996 853 3158 925 prius
3197 848 3422 910 austere
3478 849 3776 925 corripuit,

2067 941 2275 1001 deinde
2305 942 2368 1001 in
2398 958 2503 1001 sua
2537 940 2843 1015 prasentia
2882 940 3156 1014 vapulare
3188 939 3478 1013 pracepit.
3519 938 3782 1013 Cumque

2061 1030 2308 1106 jubente
2336 1031 2616 1104 magistro
2650 1044 2711 1086 se
2739 1028 3004 1102 capisset
3041 1027 3304 1098 induere,
3346 1025 3592 1100 superbe
3626 1025 3780 1086 locu-

2070 1130 2162 1181 tus
2193 1128 2294 1181 est.
2329 1121 2519 1192 Quem
2552 1136 2756 1180 rursus
2779 1120 3053 1193 magister
3082 1119 3246 1188 exui,
3280 1134 3484 1178 rursus
3510 1117 3783 1192 pracepit

2066 1212 2380 1271 verberari.
2417 1210 2532 1271 Sed
2571 1211 2760 1270 adhuc
2796 1209 2969 1267 etiam
2999 1224 3059 1267 se
3087 1207 3296 1267 vestire
3325 1206 3630 1282 incipiens,
3675 1221 3776 1267 su-

2065 1302 2313 1376 perbum
2359 1300 2498 1374 quid
2542 1301 2774 1359 eﬂluere
2826 1315 2945 1358 non
2992 1297 3254 1356 cessavit.
3319 1296 3414 1355 Sic
3462 1297 3649 1368 tertio,
3698 1297 3782 1355 sic

2067 1399 2290 1466 quarto,
2331 1399 2384 1452 et
2413 1392 2463 1450 si
2498 1393 2606 1450 rite
2639 1397 2823 1462 teneo,
2859 1405 3052 1470 usque
3087 1389 3277 1448 sexies
3325 1387 3664 1447 verberatus
3693 1395 3780 1447 est

2067 1496 2174 1538 nec
2201 1480 2560 1540 emendatus.
2597 1479 2827 1537 Exutus
2868 1477 3024 1536 enim
3072 1483 3128 1534 et
3181 1476 3487 1535 reindutus
3527 1477 3778 1537 humilia

2066 1549 2410 1644 respondere
2440 1585 2557 1628 non
2588 1568 2791 1643 potuit.
2830 1567 3083 1642 Septima
3112 1582 3250 1625 vero
3276 1566 3402 1624 vice
3431 1567 3772 1641 ﬂagellatus,

2065 1675 2201 1718 cum
2231 1675 2291 1719 se
2319 1659 2588 1734 coepisset
2629 1658 2893 1726 induere,
2945 1656 3097 1714 clara
3129 1655 3302 1729 coepit
3330 1671 3475 1715 voce
3504 1656 3777 1726 clamare,

267 1749 422 1810 beati
471 1753 584 1812 viri
626 1754 795 1829 culpa
837 1755 1156 1815 multorum
1194 1764 1320 1829 post
1375 1757 1659 1816 bonorum
1713 1759 1985 1832 probatur
2000 1771 2048 1832 Β
2069 1748 2299 1808 dicens:
2332 1749 2475 1807 Ecce
2510 1747 2775 1807 diabolus
2821 1747 2984 1816 abiit,
3031 1760 3162 1804 ecce
3208 1744 3609 1818 nequissimus
3661 1750 3777 1808 mei

267 1838 558 1900 exstitisse
605 1843 864 1903 materia.
903 1843 1051 1903 Nam
1077 1845 1184 1904 hoc
1213 1861 1424 1920 pavore
1454 1847 1810 1921 perterritus,
1843 1863 1985 1907 con-

269 1931 500 2004 tempsit
555 1932 860 2004 saculum,
919 1933 1109 1993 induit
1173 1937 1550 2006 monachum,
1620 1937 1987 2011 arduumque

272 2032 412 2077 mox
449 2021 766 2080 eremitica
813 2024 968 2095 vita,
1017 2031 1292 2097 tanquam
1341 2025 1585 2084 bellator
1638 2026 1980 2100 intrepidus,

265 2107 513 2181 arripuit
562 2107 914 2170 institutum.
973 2111 1084 2171 Sed
1135 2114 1276 2188 quia
1321 2111 1471 2172 male
1524 2121 1824 2188 promotus
1876 2123 1982 2186 est,

266 2194 449 2255 donec
498 2196 744 2269 advixit,
791 2201 1134 2260 sacrosancti
1175 2201 1376 2260 altaris
1407 2217 1690 2276 usurpare
1718 2203 1982 2263 ministe-

269 2283 426 2345 rium
460 2301 579 2345 non
616 2290 1004 2363 prasumpsit.
1046 2290 1222 2363 Virgo
1254 2306 1438 2364 usque
1469 2291 1541 2349 ad
1582 2291 1805 2351 obitum
1846 2295 1980 2367 fuit,

272 2373 452 2434 vitam
483 2377 838 2436 eremiticam
869 2395 987 2437 non
1016 2380 1234 2452 omisit,
1271 2379 1371 2440 ubi
1403 2380 1686 2440 nimirum
1718 2381 1828 2440 sub
1856 2399 1982 2444 ma-

267 2461 506 2535 gisterio
551 2467 731 2526 sancti
779 2467 893 2526 viri
931 2467 1191 2538 Joannis,
1229 2470 1330 2543 qui
1359 2470 1654 2530 dicebatur
1685 2470 1756 2530 de
1785 2479 1982 2534 monte

269 2552 509 2627 Feretri,
541 2571 644 2629 per
679 2557 968 2632 plurimos
1007 2558 1158 2617 vixit
1187 2575 1388 2618 annos.
1421 2561 1489 2619 In
1519 2560 1619 2619 illa
1646 2561 1826 2634 igitur
1853 2579 1978 2621 ere-

268 2657 386 2713 mo,
435 2659 568 2716 qua
615 2644 834 2705 scilicet
871 2655 994 2705 erat
1042 2647 1103 2704 in
1145 2647 1380 2721 regione
1420 2665 1554 2722 qua
1608 2651 1820 2710 dicitur
1871 2653 1980 2712 Lu-

263 2730 409 2789 ceoli
467 2730 624 2804 (339),
688 2732 1018 2804 constituta,
1091 2735 1288 2794 decem
1340 2743 1398 2795 et
1449 2744 1576 2797 octo
1634 2740 1980 2800 videbantur

2067 1837 2256 1896 cordis
2314 1837 2600 1896 habitator
2665 1836 2914 1910 aufugit,
2981 1848 3190 1908 meque
3253 1835 3506 1894 nexibus
3562 1837 3780 1910 quibus

2067 1928 2431 2002 astringebar
2461 1929 2710 1987 effractis
2741 1927 2990 1985 liberum
3021 1924 3350 1998 dereliquit.
3390 1926 3642 2001 Jamjam
3672 1928 3776 1988 do-

2067 2017 2230 2075 mino
2267 2025 2324 2076 et
2361 2016 2638 2090 magistro
2683 2031 2812 2074 meo
2852 2015 3100 2073 libenter
3145 2013 3478 2088 obtempero
3531 2015 3778 2090 ejusque

2065 2121 2160 2165 me
2190 2107 2565 2166 subdendum
2593 2105 2819 2178 legibus
2868 2119 2968 2178 per
3009 2102 3205 2162 omnia
3256 2103 3611 2177 repromitto.
3653 2105 3778 2165 Hoc

2066 2198 2236 2257 modo
2265 2199 2437 2257 frater
2465 2196 2564 2256 ille
2587 2197 2662 2255 ad
2686 2193 3037 2254 humilitatis
3057 2193 3380 2253 custodiam
3406 2193 3599 2266 redi-it,
3633 2201 3690 2254 et
3712 2197 3772 2254 in

2064 2285 2275 2346 cellula
2293 2286 2512 2361 jugiter
2536 2299 2933 2359 perseverans,
2967 2283 3038 2341 de
3066 2289 3273 2342 catero
3301 2282 3777 2357 irreprehensibi-

2064 2375 2194 2435 liter
2222 2375 2391 2435 vixit.

2716 2444 2961 2504 CAPUT
2992 2443 3118 2504 VII.

2419 2541 2510 2595 Fit
2535 2541 2596 2596 B.
2623 2540 2773 2593 Petri
2795 2540 3058 2594 Damiam’
3084 2540 3410 2611 discipulus.

2135 2648 2336 2721 Longe
2365 2661 2502 2704 vero
2534 2652 2681 2720 post,
2727 2643 3002 2718 magistro
3047 2646 3341 2719 prabente
3399 2659 3770 2716 consensum,

2063 2735 2336 2810 dignatus
2371 2741 2460 2794 est
2505 2735 2597 2794 vir
2621 2740 2859 2793 sanctus
2887 2733 3198 2808 pradictus
3241 2734 3389 2794 mihi
3436 2735 3670 2804 misero,
3717 2740 3776 2794 et

264 2818 495 2877 cellula
521 2819 594 2876 ad
633 2820 1019 2879 habitandum
1062 2822 1340 2882 fratribus
1384 2825 1693 2899 deputata,
1743 2827 1844 2886 ubi
1891 2829 1979 2888 ni~
2059 2841 2234 2900 quem
2283 2826 2404 2899 ipse
2448 2825 2739 2899 suscipere
2787 2823 3146 2897 dignaretur,
3201 2825 3466 2900 indigno,
3521 2825 3671 2884 mira
3709 2841 3770 2884 ω

261 2907 480 2965 mirum
506 2908 614 2966 sub
635 2907 743 2967 hac
761 2909 962 2981 regula
983 2910 1309 2983 vivebatur,
1340 2921 1402 2971 ut
1434 2929 1739 2990 nunquam
1770 2915 1976 2976 vinum
2059 2929 2298 2988 prorsus
2325 2911 2659 2973 humilitate
2686 2911 3064 2982 committere,
3091 2919 3150 2972 et
3175 2913 3324 2973 sicut
3357 2914 3550 2972 abbati
3576 2928 3772 2972 moneo

258 2995 543 3067 biberent,
576 3013 879 3073 nunquam
921 2998 1090 3075 adipe
1121 3001 1398 3060 alimenta
1426 3005 1757 3074 condirent;
1786 3021 1976 3066 unum
2057 3003 2236 3063 chum
2265 3002 2598 3076 subjugare.
2629 2999 2735 3061 Cui
2764 3001 3046 3061 nimirum
3071 3002 3358 3076 praestitit,
3383 3017 3501 3062 non
3529 3001 3764 3077 accepit.

257 3083 320 3142 in
358 3084 658 3145 Dominica
687 3087 800 3160 die,
837 3089 933 3147 sed
966 3096 1020 3148 et
1044 3090 1251 3164 quinta
1285 3091 1429 3150 feria
1467 3094 1832 3166 pulmentum
1872 3112 1974 3155 su-
1993 3136 2036 3170 η
2059 3095 2128 3152 Et
2173 3109 2349 3170 quem
2385 3107 2750 3166 susceperam
2797 3093 2961 3151 velut
2987 3092 3049 3150 in
3084 3093 3441 3168 subjectione
3471 3091 3764 3165 clientem,

255 3181 501 3244 merent,
555 3175 816 3251 quinque
874 3193 975 3252 per
1015 3179 1434 3239 hebdomadam
1475 3182 1679 3242 diebus
1716 3184 1780 3242 in
1822 3201 1971 3258 pane
1993 3175 2038 3197 υ
2057 3184 2279 3258 gaudeo
2305 3197 2397 3242 me
2425 3182 2485 3240 in
2514 3180 2713 3241 schola
2738 3179 2951 3240 Christi
2977 3197 3113 3240 vere
3139 3181 3551 3255 philosophum
3577 3192 3772 3255 perce-

253 3269 311 3320 et
352 3278 502 3336 aqua
544 3264 840 3338 jejunium
882 3266 1283 3339 celebrarent;
1324 3269 1462 3328 solis
1511 3278 1705 3331 autem
1757 3275 1968 3334 oratio-
2057 3275 2207 3350 pisse
2249 3273 2557 3332 doctorem.
2595 3272 2738 3332 Tota
2776 3272 2990 3346 quippe
3031 3273 3150 3331 vita
3191 3273 3316 3345 ejus
3347 3273 3677 3346 pradicatio
3709 3281 3768 3333 et

254 3351 430 3412 nibus
494 3363 781 3426 vacantes,
836 3358 929 3415 vel
978 3373 1262 3418 manuum
1301 3361 1573 3435 operibus
1615 3363 1966 3438 insistentes,
2056 3361 2378 3430 aditicatio,
2428 3361 2690 3420 doctrina
2735 3367 2857 3418 erat
2888 3368 2942 3418 et
2971 3360 3296 3434 disciplina.
3335 3360 3447 3420 Sed
3476 3361 3614 3435 quia
3659 3377 3766 3422 nos

253 3456 374 3499 non
421 3441 839 3516 agriculturam
882 3447 1247 3516 exercebant,
1291 3465 1408 3508 non
1449 3451 1685 3524 pradia,
1726 3454 1817 3511 vel
1855 3455 1965 3512 ali-
2055 3451 2340 3510 nonnulla
2360 3450 2540 3524 hujus
2565 3448 2749 3508 sancti
2775 3448 2886 3506 viri
2913 3447 3080 3519 dicta,
3117 3450 3208 3508 vel
3237 3451 3380 3509 facta
3407 3466 3512 3524 per
3532 3449 3763 3510 diversa

249 3543 427 3602 quam
458 3531 866 3604 substantiam,
917 3541 1126 3607 prater
1164 3551 1350 3596 unum
1391 3540 1745 3611 sagmarium
1777 3541 1964 3616 possi-
2053 3539 2300 3600 dictatus
2329 3539 2510 3598 nostri
2551 3541 2673 3614 jam
2709 3539 2989 3614 opuscula
3015 3540 3351 3614 sparsimus,
3381 3539 3763 3599 uon’videtur

251 3619 484 3708 debent.
525 3620 672 3680 Cum
702 3639 820 3698 quo
849 3623 1069 3682 scilicet
1107 3625 1284 3684 asello
1324 3627 1418 3686 vel
1455 3644 1606 3704 equo
1645 3646 1798 3689 unus
1845 3638 1967 3690 erat
2052 3630 2393 3703 absurdum,
2426 3631 2476 3690 si
2507 3631 2708 3690 eadem
2760 3633 2872 3702 hic,
2919 3648 3051 3708 qua
3099 3638 3290 3690 tamen
3329 3648 3448 3703 pra
3489 3631 3762 3691 manibus

252 3706 534 3780 minister,
589 3711 693 3786 qui
732 3712 822 3769 vel
873 3713 944 3770 ad
991 3713 1394 3788 acquirendas,
1453 3717 1543 3774 vel
1585 3717 1657 3775 ad
1702 3719 1966 3778 terendas

251 3796 449 3871 fruges
504 3798 844 3859 indeficiens
882 3801 1258 3872 discurrebat,
1293 3803 1565 3880 solusque
1595 3822 1692 3866 eos
1726 3808 1787 3868 in
1817 3825 1964 3869 cun-

246 3886 354 3943 ctis
402 3889 839 3950 necessitatibus
870 3893 1245 3963 sustentabat,
1277 3893 1529 3954 Joannes
1569 3898 1800 3966 scilicet,
1859 3904 1961 3976 qui

247 3976 618 4046 postmodum
664 3977 774 4037 loci
813 3980 988 4038 abbas
1020 3982 1222 4051 factus,
1267 3984 1378 4043 sub
1413 3984 1651 4045 honesta
1679 3991 1830 4048 rexit
1857 3993 1956 4049 ad-

247 4066 675 4126 ministratione
696 4079 1074 4130 conventum.
1107 4070 1406 4132 Tenebant
1436 4083 1630 4135 autem
1659 4095 1758 4152 per
1788 4087 1961 4141 totam

248 4153 666 4214 hebdomadam
706 4159 963 4218 districta
1013 4176 1260 4219 censura
1298 4162 1619 4236 silentium,
1647 4169 1803 4240 quod
1853 4171 1963 4228 uti-

246 4258 364 4316 que
385 4243 690 4306 Dominica
709 4249 801 4308 die
827 4257 953 4323 post
977 4268 1306 4326 vesperum,
1331 4255 1647 4329 cibumque
1671 4259 1960 4322 solventes

248 4332 540 4422 habebant
585 4336 864 4411 loquendi
906 4340 1158 4399 invicem
1207 4359 1392 4417 usque
1423 4345 1493 4403 ad
1553 4351 1960 4422 completionis

2053 3721 2359 3790 habentur,
2407 3737 2474 3781 eo
2504 3721 2626 3796 ipso
2656 3721 2803 3796 style
2827 3737 2945 3795 quo
2978 3723 3189 3794 scripta
3217 3728 3353 3779 sunt
3379 3733 3757 3796 apponamus.

2055 3809 2206 3870 Sane
2251 3811 2526 3870 facilioris
2566 3818 2651 3868 est
2699 3810 2894 3868 exitus
2937 3825 3009 3868 ex
3064 3808 3272 3867 dolatis
3315 3808 3490 3882 lignis
3519 3809 3758 3870 domum

2051 3906 2388 3959 construere
2418 3912 2594 3971 quam
2621 3897 2869 3955 dolando
2902 3895 3078 3955 simul
3109 3904 3164 3954 et
3193 3898 3584 3956 construendo
3607 3896 3760 3956 labo-

2051 3989 2132 4046 ris
2160 3985 2502 4044 exercitium
2537 3986 2853 4057 geminare.
2887 3984 3033 4042 Nam
3063 3992 3120 4043 et
3156 3986 3227 4043 de
3257 3987 3468 4061 templo
3495 3986 3758 4048 Salomo-

2048 4075 2143 4134 nis
2165 4075 2444 4147 scriptum
2462 4079 2547 4131 est
2567 4092 2578 4130 :
2599 4077 2799 4130 Domus
2821 4080 3000 4130 autem
3024 4093 3143 4131 cum
3163 4077 3526 4146 adiﬁcantur
3545 4081 3756 4151 lapidi-

2051 4167 2167 4229 bus,
2209 4167 2283 4246 Ide
2325 4161 2471 4219 490
2505 4167 2709 4222 dolatis
2753 4172 2919 4237 atque
2941 4170 3200 4238 perfectis
3224 4169 3496 4238 adiﬁcata
3536 4176 3656 4237 est;
3705 4177 3758 4227 et

2046 4259 2298 4326 malleus,
2345 4262 2396 4311 et
2443 4259 2666 4321 securis,
2712 4263 2762 4312 et
2813 4274 2966 4313 omne
3012 4259 3424 4326 ferramentum,
3473 4276 3582 4316 non
3630 4269 3759 4317 sunt

2048 4347 2244 4402 audita
2300 4349 2356 4400 in
2433 4347 2610 4411 domo,
2677 4363 2797 4401 cum
2851 4349 3217 4418 aediﬁcaretur
3290 4350 3393 4415 (ΠΙ
3458 4352 3592 4419 Reg.
3647 4352 3752 4419 VI).

246 4421 502 4481 cilicium
549 4424 892 4487 libertatem.
927 4429 1111 4488 Nudis
1144 4440 1420 4505 praeterea
1455 4421 1704 4508 pedibus
1731 4445 1787 4498 et
1811 4438 2021 4510 489__
2046 4431 2343 4492 Habemus
2387 4441 2441 4490 et
2486 4449 2610 4503 nos,
2660 4435 2832 4507 juxta
2877 4443 3089 4494 nostra
3128 4451 3340 4494 manus
3380 4437 3751 4510 imperitiam,

244 4512 521 4572 cruribus
550 4515 768 4588 jugiter
798 4517 857 4574 in
892 4517 1117 4577 cellulis
1144 4500 1542 4582 morabantur.
1574 4525 1735 4584 Dixit
1759 4535 1952 4588 autem
1975 4500 2192 4595 Dpolitl

2091 4521 2250 4580 alitos
2309 4522 2546 4596 lapides,
2599 4500 2754 4596 quos
2812 4524 3017 4598 utique
3066 4525 3281 4584 sufficit
3334 4500 3520 4595 nobis,
3574 4532 3638 4584 ut

245 4603 394 4661 mihi
435 4605 591 4677 quia,
626 4621 760 4664 cum
806 4608 1159 4667 cohabitaret
1197 4612 1441 4681 Ansoni,
1485 4615 1753 4687 religioso
1793 4618 1953 4677 vide-

246 4692 379 4752 licet
430 4696 556 4754 viro
604 4713 776 4769 quem
833 4707 888 4756 et
932 4700 1054 4772 ipse
1105 4701 1245 4772 vidi,
1297 4706 1555 4778 quotidie
1611 4725 1713 4782 per
1752 4726 1996 4792 omnes.

243 4783 417 4842 horas
447 4786 752 4844 canonicas
784 4786 1150 4860 disciplinam
1191 4791 1421 4851 sibimet
1461 4795 1711 4856 invicem
1757 4815 1954 4873 scopa-

242 4886 374 4930 rum
408 4872 619 4931 ictibus
648 4875 1002 4948 ingerebant.
1036 4877 1143 4946 Qui
1177 4880 1441 4940 videlicet
1490 4887 1650 4944 Anso
1695 4886 1806 4945 sibi
1846 4872 1954 4945 ali-

241 4961 478 5032 quando
523 4973 874 5036 conquestus
914 4972 1001 5023 est
1050 4968 1199 5039 quod
1258 4985 1468 5029 novem
1526 4973 1739 5033 diarias
1789 4976 1956 5049 panis

299 5100 437 5175 (339)
501 5104 781 5158 Luceolum
836 5107 1026 5158 civitas
1083 5109 1309 5162 Umbria
1379 5115 1748 5175 antiquissima
1812 5119 1957 5172 inter

239 5172 553 5250 Galdeusem
596 5181 650 5228 et
691 5177 1019 5250 Eugiibinam
1064 5182 1250 5250 urbem
1298 5183 1425 5234 olim
1469 5172 1586 5247 sita,
1626 5201 1745 5250 qua
1795 5191 1952 5242 modo

239 5242 408 5317 vulgo
468 5243 848 5317 Pontereuoti,
905 5262 1047 5314 pons
1101 5249 1334 5312 Riccioli,
1393 5242 1655 5317 corrupto
1699 5259 1946 5312 vocabuli

238 5315 459 5388 nomine
501 5315 624 5388 loco
660 5320 840 5380 pontis
895 5320 1126 5382 Luceoli,
1176 5329 1530 5388 nuncupatur.
1561 5315 1694 5378 'Hoc
1742 5341 1956 5382 monas-

238 5385 434 5460 terium
477 5398 511 5437 a
557 5387 619 5460 βε
661 5389 951 5444 Romualdo
994 5385 1483 5446 Camaldulensium
1537 5400 1766 5460 parente
1821 5412 1947 5454 con-

239 5458 505 5526 structum
548 5457 715 5512 tuisse
765 5461 913 5514 circa
962 5463 1174 5516 decima
1212 5465 1398 5517 saculi
1438 5457 1618 5526 tinem,
1671 5468 1728 5520 in
1779 5469 1956 5524 Fontis

241 5524 514 5578 Avellana
545 5529 804 5585 cbronico
834 5546 934 5586 ms.
973 5534 1278 5589 adnotatur.

315 5597 454 5664 (340)
521 5600 606 5656 lat
663 5605 985 5668 cpuscuium
1044 5617 1118 5660 ιι.
1185 5605 1361 5662 'l'euao
1419 5611 1598 5663 autem
1659 5611 1956 5666 monachus

291 5859 320 5872 κ

2045 4618 2332 4670 structura
2381 4611 2684 4681 duntaxat,
2732 4613 2809 4671 ita
2855 4621 2920 4671 ut
2962 4613 3186 4671 inventi
3215 4618 3370 4684 sunt,
3415 4613 3756 4688 simpliciter

2044 4699 2402 4758 ordinemus.

2686 4771 2771 4829 CA
2786 4771 2929 4830 PUT
2954 4771 3110 4831 VIII.

2186 4863 2244 4917 S.
2274 4863 2587 4916 Dominicus
2613 4865 2794 4930 ferrea
2823 4863 2992 4916 lorica.
3021 4863 3096 4916 ad
3123 4879 3336 4918 carnem
3360 4863 3608 4921 indutus.

2114 4965 2181 5024 In
2214 4966 2455 5039 epistola
2490 4967 2688 5042 itaque
2712 4968 2782 5026 ad
2817 4967 3100 5028 domuum
3126 4968 3450 5028 Teuzonem
3477 4969 3627 5042 (340)
3656 4971 3753 5029 in-

2042 5115 2158 5162 erat
2214 5113 2262 5162 S.
2319 5111 2493 5164 Maria
2551 5112 2690 5176 apud
2749 5113 3085 5174 Florentium,
3140 5116 3231 5178 qui
3285 5113 3352 5166 ab
3402 5115 3596 5167 abbate
3647 5119 3748 5171 Suo

2044 5181 2294 5234 Albizone
2339 5183 2664 5235 dissentiens
2696 5193 2728 5234 e
2769 5185 3098 5237 monasterio
3133 5185 3473 5244 discesserat,
3497 5189 3551 5238 et
3594 5190 3750 5252 post-

2041 5265 2106 5303 ea
2149 5255 2309 5305 etiam
2364 5255 2574 5306 l‘etrum
2628 5255 2931 5306 Damianum
2976 5256 3043 5307 ad
3077 5269 3140 5308 se
3174 5256 3498 5316 venientem,
3534 5261 3592 5310 ut
3625 5271 3750 5312 eum

2040 5336 2163 5376 cum
2207 5323 2399 5376 abbate
2453 5325 2850 5386 reconciliaret,
2901 5338 2934 5377 θ
2987 5327 3126 5379 cella
3169 5329 3329 5379 simul
3385 5339 3510 5380 cum
3557 5329 3751 5384 abbate

2039 5398 2296 5459 eiecerat,
2340 5407 2512 5462 quare
2557 5395 2626 5448 ad
2677 5409 2802 5449 eum
2853 5398 3034 5450 Petrus
3076 5397 3282 5457 scribit,
3334 5402 3393 5451 ut
3437 5404 3749 5456 sanctorum

2039 5467 2198 5518 diuis
2245 5471 2300 5520 et
2346 5465 2616 5532 exemplis
2663 5467 2733 5520 ad
2781 5467 3063 5521 meliorem
3101 5469 3315 5532 frugem
3365 5475 3622 5533 revocet;
3678 5473 3750 5526 Ita

2041 5537 2115 5590 Gl.
2174 5537 2230 5590 il.
2298 5536 2634 5590 Habiuom'us
2687 5540 2741 5590 in
2797 5538 3231 5594 adnotationibus
3276 5539 3344 5594 ad
3395 5541 3536 5597 hanc
3584 5543 3751 5598 Vitam

2045 5621 2159 5664 ac.
2191 5623 2267 5672 vr,
2289 5622 2407 5676 par.
2443 5621 2504 5662 ιι.
