4108 6206
362 253 501 322 1015

825 258 886 323 S.
928 261 1151 323 PETRI
1188 262 1515 324 DAMIANI
1553 264 1708 327 OPP.
1753 265 1944 327 PARS
1986 265 2125 327 SEU
2164 266 2415 330 TOMUS
2450 269 2530 331 Π.
2571 304 2634 317 -
2677 270 3131 333 SANCTOBUM
3167 269 3389 329 νΙΤλΕ.

3722 270 3865 332 1016

365 388 601 449 clusum
626 387 826 462 missa,
859 390 969 447 hoc
991 404 1085 447 me
1117 388 1415 463 scripsisse
1444 392 1666 465 reperio
1692 411 1707 448 :
1740 418 1767 443 α
1815 393 1922 453 Sed
1959 409 2063 453 cur
2082 394 2600 467 Abescat,.mirum
2630 399 2787 458 unde
2813 399 2905 457 illi
2933 403 3122 457 tantus
3145 398 3336 457 fervor
3359 396 3683 466 incandeat,
3705 404 3768 455 ut
3795 397 3863 456 in

365 497 474 555 ego
525 484 752 540 sanctos
808 481 1315 540 commemorando
1368 481 1524 541 viros
1579 484 1808 544 diversa
1854 490 2067 559 passim

367 570 490 629 loca
534 569 840 645 perlustro,
883 569 1354 643 quandoquidem
1396 571 1547 630 intra
1604 573 1803 646 limen,
1846 582 1903 632 et
1950 591 2069 649 prie

368 659 643 720 manibus
685 665 867 729 teneo,
915 660 983 718 ad
1033 661 1201 735 cujus
1238 661 1412 733 digne
1451 662 1741 722 efferenda
1780 666 2071 739 praeconia

364 750 553 825 impar
580 747 807 808 viribus
835 764 951 833 non
980 765 1220 820 assurgo
1239 752 1266 808 ?
1294 750 1457 809 Certe
1477 751 1705 812 cellulis
1726 753 2069 815 altrinsecus

362 836 709 907 constitutis,
755 838 879 897 solo
934 838 1187 897 basilicae
1235 840 1542 899 mediantis
1580 841 1908 913 interstitio,
1965 857 2070 913 ego

368 924 586 1002 illeque
622 927 959 987 dividimur.
997 929 1175 1002 Cujus
1214 930 1262 987 si
1298 931 1611 990 virtutibus
1657 932 2072 991 enumerandis

365 1014 630 1089 invigilo,
679 1023 811 1075 ante
847 1017 971 1075 dies
1003 1017 1252 1077 elabitur
1287 1034 1463 1094 quam
1505 1020 1792 1078 scribendi
1835 1021 2071 1078 materia

363 1101 607 1163 deﬁcere
650 1120 815 1179 posse
851 1106 1132 1166 videatur.
1177 1107 1546 1167 Dominicum
1589 1109 1737 1181 dico,
1783 1110 2071 1169 doctorem

364 1194 633 1255 videlicet
681 1203 737 1254 et
770 1196 1080 1256 dominum
1112 1214 1333 1270 meum,
1387 1200 1559 1272 cujus
1597 1199 1834 1273 quidem
1872 1199 2073 1272 lingua

365 1285 581 1347 rustica
623 1291 729 1357 est,
780 1289 875 1347 sed
912 1289 1028 1347 vita
1059 1288 1365 1349 artiﬁciosa
1402 1291 1540 1350 satis
1579 1298 1635 1349 et
1679 1291 1883 1366 lepida.
1930 1290 2071 1360 Quae

361 1390 502 1435 sane
520 1376 642 1434 vita
664 1375 801 1435 satis
829 1376 1036 1436 utilius
1064 1378 1135 1436 ad
1162 1377 1604 1440 aedificationem
1628 1380 1779 1439 vivis
1800 1379 2074 1453 operibus

364 1466 642 1542 pradicet
671 1482 847 1541 quam
883 1467 1095 1527 sterilis
1125 1469 1511 1543 quorumdam
1549 1470 1767 1544 lingua,
1803 1485 1936 1543 quas
1976 1484 2072 1528 ac-

298 1602 303 1609 .
361 1561 559 1614 curata
581 1556 895 1630 phaleratis
920 1556 1265 1617 urbanitatis
1307 1559 1483 1617 verba
1527 1559 1779 1617 inaniter
1809 1558 2069 1618 trutinat.

365 1641 564 1718 Longo
605 1644 726 1717 jam
759 1658 1052 1703 annorum
1105 1645 1366 1705 elabente
1408 1646 1718 1719 curriculo,
1775 1647 1957 1705 ferrea
1999 1646 2073 1704 ad

360 1746 595 1819 carnem
639 1731 815 1791 lorica
872 1732 1240 1807 praecinctus,
1296 1735 1760 1794 inioederabilem
1813 1751 2134 1819 pugnamB

362 1834 496 1880 cum
548 1818 775 1895 iniquis
815 1821 1118 1895 spiritibus
1149 1823 1417 1895 conserit,
1459 1839 1801 1899 semperque
1839 1828 2071 1898 paratus

361 1908 431 1968 ad
483 1910 776 1985 praelium,
810 1926 932 1971 non
963 1912 1155 1972 solum
1198 1915 1386 1985 corde,
1419 1914 1517 1973 sed
1550 1921 1607 1972 et
1642 1930 1877 1989 corpore
1918 1930 2070 1987 pras-

364 1999 594 2059 mnnito
636 1998 914 2059 adversus
948 2000 1185 2061 hostiles
1221 2002 1373 2061 acies
1410 2002 1666 2062 fervidus
1704 2002 1942 2063 bellator
1984 2004 2072 2062 in-

361 2085 531 2146 cedit.
564 2086 729 2147 Hanc
756 2094 956 2148 autem
983 2089 1276 2150 continuas
1305 2091 1441 2150 vitas
1470 2092 1947 2152 consuetudinem
1975 2093 2070 2151 in-

359 2175 694 2236 differenter
744 2176 936 2249 habet,
977 2183 1043 2237 ut
1077 2177 1182 2237 vix
1230 2178 1355 2238 dies
1392 2178 1510 2239 ulla
1557 2187 1876 2254 praetereat,
1925 2182 2071 2257 quin

360 2267 479 2328 duo
532 2267 804 2343 psalteria
851 2268 1208 2328 modulanda
1245 2275 1493 2344 utraque
1531 2285 1712 2329 manu
1753 2270 1939 2345 scopis
1975 2286 2073 2329 ar—

361 2361 518 2416 mata
558 2356 784 2418 nudum
824 2372 1032 2433 corpus
1065 2358 1281 2419 allidat.
1318 2358 1390 2417 Et
1426 2361 1533 2420 hoc
1579 2362 1895 2421 remissiori
1936 2361 2072 2436 qui-

362 2448 498 2509 dem
531 2454 808 2522 tempore.
841 2448 987 2508 Nam
1016 2450 1614 2526 quadragesimalibus
1657 2452 1913 2525 circulis,
1950 2454 2074 2511 sive

363 2551 499 2598 cum
542 2535 945 2612 paenitentiam
989 2538 1375 2612 peragendam
1426 2539 1600 2599 habet
1646 2540 1867 2613 (crebro
1914 2540 2072 2600 enim

361 2633 597 2687 centum
653 2641 944 2687 annorum
994 2627 1396 2700 paenitentiam
1445 2628 1703 2703 suscipit)
1762 2634 1900 2689 tunc
1973 2643 2075 2702 per

361 2718 489 2778 dies
535 2715 820 2791 singulos,
850 2716 993 2776 dum
1023 2732 1084 2775 se
1113 2732 1419 2791 scoparum
1455 2718 1834 2778 tunsionibus
1876 2719 2072 2792 aﬂicit,

363 2809 430 2863 ut
457 2805 678 2874 minus,
706 2804 816 2863 tria
838 2803 1107 2878 psalteria
1137 2805 1472 2866 meditando
1499 2808 1795 2880 persolvit.
1827 2807 2074 2868 Centum

364 2897 561 2953 autem
597 2907 887 2954 annorum
915 2893 1255 2968 poenitentia
1285 2895 1444 2969 (341),
1488 2896 1640 2956 sicut
1677 2897 1803 2971 ipso
1844 2902 2076 2958 auctore

364 2983 701 3057 didicimus,
736 2983 821 3044 sic
859 2984 1149 3058 expletur.
1202 2984 1378 3044 Porro
1420 3000 1556 3045 cum
1609 2987 1719 3045 tria
1769 3002 2074 3061 scoparum

2150 485 2552 559 spiritualibus
2591 488 2884 547 exercitiis
2918 503 2977 547 se
3012 502 3237 560 semper
3279 486 3584 555 invictum,
3634 501 3867 560 semper

2151 574 2569 647 infatigabilem
2601 576 2817 636 reddat.
2845 577 3013 647 Nam,
3040 583 3104 634 ut
3134 576 3258 649 ipso
3286 574 3567 633 referente
3591 574 3862 647 cognovi,

2153 677 2306 736 saepe
2334 662 2450 722 duo
2483 663 2747 737 psalteria
2776 680 2908 724 cum
2952 663 3274 737 disciplinis
3311 663 3510 721 stando
3535 662 3866 730 continuat,

2153 751 2232 809 ita
2262 759 2327 809 ut
2354 767 2542 826 neque
2567 753 2803 812 interim
2835 754 3047 825 sedeat,
3076 767 3266 827 neque
3287 752 3380 809 vel
3405 753 3476 811 ad
3499 757 3867 811 momentum

2152 856 2186 897 a
2215 841 2686 914 percussionibus
2711 841 3037 900 incredibili
3079 841 3289 900 mentis
3332 841 3553 900 fervore
3581 841 3862 914 quiescat.

2156 928 2478 1004 Inquirenti
2511 932 2653 989 mihi
2692 931 3007 1006 aliquando
3037 939 3234 991 utrum
3269 939 3456 1007 posset
3483 946 3620 989 cum
3660 930 3864 989 ferreae

2154 1019 2330 1076 vestis
2373 1019 2624 1093 pondere
2661 1020 3076 1096 aliquantisper
3109 1036 3367 1094 genuum
3400 1019 3651 1078 ﬂexibus
3689 1020 3867 1080 insu-

2155 1108 2310 1178 dare,
2340 1109 2449 1167 sub
2470 1110 2577 1167 hac
2601 1110 2744 1168 mihi
2764 1109 2920 1168 dedit
2940 1110 3283 1169 obscuritate
3313 1125 3656 1183 responsum
3679 1128 3691 1166 :
3713 1107 3863 1167 Cum

2154 1197 2543 1269 incolumitas,
2593 1199 2807 1274 inquit,
2856 1198 3003 1257 mihi
3061 1200 3255 1258 votiva
3301 1198 3625 1272 respondet,
3674 1212 3867 1273 quan-

2154 1289 2345 1361 doque
2372 1302 2474 1361 per
2508 1303 2710 1346 omnes
2750 1288 2924 1349 totius
2956 1288 3213 1362 psalterii
3245 1289 3570 1363 quindenos
3609 1288 3868 1361 psalmos

2155 1376 2373 1434 centies
2421 1393 2612 1451 genua
2649 1379 2874 1437 ﬂectere
2915 1376 3211 1437 consuevi.
3252 1376 3414 1447 Quod
3452 1376 3687 1451 quidem
3726 1381 3871 1434 tunc

2158 1479 2269 1522 non
2298 1463 2606 1537 diligenter
2629 1468 2866 1537 attendi,
2895 1467 3263 1542 postmodum
3288 1481 3424 1526 vero
3454 1466 3607 1540 quod
3637 1465 3866 1527 dictum

2153 1552 2361 1620 fuerat,
2413 1559 2604 1613 mente
2650 1555 2975 1625 revolvens,
3024 1571 3057 1613 a
3103 1556 3370 1628 depresso
3419 1557 3657 1615 homine
3705 1555 3870 1614 mille

2154 1648 2468 1702 metanceas
2505 1643 2567 1701 in
2614 1660 2734 1703 uno
2776 1645 3046 1718 psalterio
3093 1644 3237 1716 ﬁeri,
3297 1644 3616 1704 admiratus
3653 1646 3871 1718 expavi

2158 1735 2396 1802 (consule
2420 1734 2628 1789 scholia
2652 1734 2727 1789 ad
2754 1735 2952 1790 calcem
2986 1736 3167 1804 Vita).
3211 1731 3467 1803 Quadam
3493 1733 3588 1791 die
3615 1740 3747 1807 post
3768 1747 3870 1791 ve-

2154 1836 2400 1896 speram,
2430 1819 2699 1880 cellulam
2736 1837 2924 1880 meam
2962 1821 3257 1896 ingressus
3289 1844 3301 1878 :
3337 1820 3626 1897 Magister,
3674 1821 3873 1895 inquit

2152 1912 2280 1985 (hoc
2316 1911 2471 1970 enim
2518 1910 2759 1984 indigno
2789 1909 3070 1970 vocabulo
3105 1926 3197 1968 me
3224 1926 3301 1969 ex
3329 1910 3660 1969 humilitate
3703 1925 3868 1970 com-

2151 1999 2373 2074 pellat),
2406 1998 2578 2057 hodie
2606 1999 2712 2057 feci
2742 1998 2898 2072 quod
2928 1998 3205 2057 hactenus
3235 2013 3328 2057 me
3359 1998 3561 2057 iecisse
3580 2014 3711 2057 non
3738 2013 3866 2056 me-

2153 2087 2322 2160 mini,
2351 2094 2477 2147 octo
2503 2103 2710 2162 nempe
2736 2086 3015 2161 psalteria
3045 2087 3197 2147 inter
3220 2087 3375 2146 diem
3404 2096 3458 2146 et
3487 2095 3715 2148 noctem
3738 2102 3866 2147 mo-

2152 2177 2387 2237 dulatus
2428 2175 2682 2251 explevi.
2725 2174 3043 2236 Videbatur
3081 2181 3277 2235 autem
3310 2182 3449 2235 tunc
3480 2183 3633 2235 totus
3663 2175 3865 2234 vultus

2152 2267 2279 2340 ejus
2310 2266 2391 2323 ita
2418 2265 2605 2338 scopis
2629 2265 2879 2347 attritus,
2908 2280 2975 2324 ac
3005 2265 3362 2324 sulcantibus
3390 2263 3743 2339 quibusdam
3772 2263 3866 2322 vi-

2152 2353 2381 2414 bicibus
2410 2353 2731 2425 livefactus,
2758 2360 3035 2429 tanquam
3063 2355 3113 2414 si
3142 2354 3258 2428 pila
3283 2355 3475 2426 fuerit,
3498 2354 3864 2428 ptisanarum

2154 2443 2421 2504 videlicet
2453 2459 2613 2504 more
2652 2450 2949 2504 contusus.
2992 2444 3317 2504 Psalmodia
3347 2459 3486 2504 sane
3529 2444 3619 2502 illi
3651 2444 3867 2504 idcirco

2157 2544 2272 2597 tam
2303 2537 2472 2597 facile
2499 2536 2786 2612 provenit,
2827 2537 2966 2611 quia
2994 2552 3112 2596 non
3140 2541 3258 2595 tam
3290 2535 3484 2608 verba,
3516 2540 3585 2595 ut
3611 2535 3737 2610 ipse
3772 2550 3867 2593 as-

2156 2628 2314 2700 serit,
2376 2628 2580 2703 lingua
2633 2633 3023 2702 perstrepente
3074 2627 3338 2701 revolvit,
3399 2640 3575 2702 quam
3627 2640 3869 2686 sensum

2156 2716 2369 2776 mentis
2396 2716 2701 2776 vivacitate
2725 2717 3028 2791 percurrit.
3056 2737 3084 2769 ι)

2827 2822 3073 2883 CAPUT
3098 2823 3199 2883 IX.

2369 2917 2598 2972 Lautior
2647 2915 2799 2971 cibus
2854 2914 2972 2984 ejus
3018 2917 3188 2986 panis
3225 2931 3345 2971 cum
3388 2916 3649 2984 feniculo.

2233 3024 2258 3051 α
2303 3002 2633 3077 Aliquando
2677 3019 2710 3060 a
2752 3018 2845 3062 me
2882 3010 3137 3062 remotus
3165 3002 3478 3073 habitabat,
3507 3019 3759 3080 cumque
3795 3005 3865 3064 ad

367 3072 558 3177 millia
576 3087 764 3177 nam}!
792 3074 1149 3177 poenitentiae
1167 3087 1390 3177 annum
1414 3076 1570 3150 apud
1600 3090 1707 3136 nos
1724 3076 2075 3177 regulariter
2093 3116 2136 3177 α
2158 3103 2258 3177 me
2277 3072 2603 3163 ingressum
2631 3089 2844 3166 quibus
2872 3098 3009 3150 tunc
3039 3107 3099 3150 se
3128 3090 3264 3150 vitae
3301 3072 3527 3165 legibus
3550 3072 3741 3168 ageret
3770 3096 3864 3153 in-

365 3161 658 3238 expleant,
707 3161 904 3223 decem
955 3169 1150 3224 autem
1200 3165 1560 3239 psalmorum
1613 3166 1951 3239 modulatio,
2009 3172 2076 3227 ut

366 3265 522 3325 saepe
544 3251 852 3327 probatum
876 3260 982 3320 est,
1009 3251 1172 3312 mille
1205 3268 1406 3327 scopas
1434 3253 1717 3324 admittat,
1755 3254 1896 3313 dum
1935 3269 2076 3313 cen-

365 3346 489 3400 tum
514 3339 940 3416 quinquaginta
990 3340 1230 3416 psalmis
1273 3349 1535 3401 constare
1577 3343 1914 3417 psalterium
1956 3359 2074 3402 non

367 3428 700 3503 ambigitur,
750 3428 1012 3505 quinque
1059 3446 1350 3491 annorum
1397 3433 1741 3506 poenitentia
1784 3434 1847 3491 in
1896 3433 2076 3493 unius

369 3517 630 3593 psalterii
675 3517 983 3592 disciplina
1040 3527 1192 3579 recte
1244 3522 1693 3596 supputantibus
1751 3522 2070 3581 invenitur.

373 3606 485 3669 Sed
511 3606 636 3668 sive
655 3606 919 3684 quinque
940 3608 1120 3667 vicies
1139 3609 1336 3681 ducas,
1364 3611 1487 3670 sive
1507 3612 1718 3685 viginti
1738 3611 2073 3687 quinquies,

368 3693 510 3753 491
544 3702 779 3757 centum
808 3697 1051 3757 faciunt.
1085 3696 1473 3775 Consequitur
1514 3716 1673 3774 ergo,
1724 3708 1790 3762 ut
1830 3703 1934 3776 qui
1982 3702 2075 3760 vi-

367 3787 517 3861 ginti
545 3786 816 3864 psalteria
863 3802 997 3846 cum
1045 3787 1354 3863 disciplina
1384 3793 1664 3861 decantat,
1709 3798 1948 3851 centum
1976 3808 2077 3850 an-

366 3891 580 3937 norum
604 3876 1007 3951 paenitentiam
1027 3892 1089 3935 se
1111 3877 1400 3953 peregisse
1428 3881 1695 3938 confidat.
1732 3880 2076 3957 Quanquam

369 3974 427 4027 et
472 3968 536 4027 in
570 3968 679 4027 hoc
709 3968 1019 4045 plerosque
1045 3974 1243 4029 noster
1273 3968 1614 4030 Dominicus
1654 3979 1907 4045 superet,
1940 3972 2079 4047 quia

376 4069 514 4117 cum
558 4056 833 4117 nonnulli
866 4073 1045 4117 unam
1078 4073 1321 4117 manum
1369 4058 1431 4115 in
1475 4059 1800 4133 disciplinis
1840 4060 2079 4134 agendis

368 4152 697 4218 exerceant,
743 4148 873 4218 iste,
924 4155 989 4207 ut
1034 4164 1235 4208 revera
1290 4149 1589 4224 Benjamin
1645 4148 1827 4220 filius,
1883 4155 2079 4209 contra

370 4233 616 4294 rebelles
657 4237 848 4294 carnis
880 4237 1177 4297 illecebras
1203 4243 1450 4313 utraque
1480 4253 1659 4298 manu
1689 4239 2078 4312 infatigabili-

373 4330 462 4382 ter
499 4333 742 4399 pugnat.
779 4327 938 4386 Hanc
963 4334 1157 4387 autem
1186 4334 1423 4387 centum
1454 4342 1744 4386 annorum
1789 4328 2077 4403 pmniten-

370 4413 536 4487 tiam,
566 4423 632 4476 ut
656 4418 801 4477 mihi
831 4419 954 4493 ipse
984 4419 1274 4493 professus
1299 4426 1400 4489 est,
1442 4420 1608 4478 facile
1636 4436 1739 4479 sex
1766 4420 1973 4480 diebus
2003 4436 2076 4480 ex

371 4518 535 4564 more
581 4514 966 4566 consummat.
1009 4507 1250 4567 Memini
1302 4525 1534 4586 quoque
1592 4510 1728 4583 quia
1777 4512 2079 4587 cujusdam

371 4595 838 4672 Quadragesimaa
859 4598 1219 4659 imminentis
1247 4601 1436 4671 initio,
1469 4601 1628 4660 mille
1653 4618 1836 4661 annos
1857 4601 2079 4675 imponi

373 4683 485 4742 sibi
511 4699 614 4758 per
642 4701 749 4745 nos
783 4685 855 4744 ad
884 4687 1283 4761 paenitentiam
1310 4690 1491 4763 petiit,
1522 4705 1667 4765 quos
1702 4697 1852 4749 certe
1877 4705 2081 4749 omnes

372 4778 557 4837 ferme
584 4783 894 4853 antequam
914 4778 1125 4853 jejunii
1155 4785 1382 4854 tempus
1413 4781 1851 4856 transigeretur,
1880 4782 2079 4855 exple-

374 4865 462 4925 vit
488 4865 659 4936 (342).
693 4866 764 4925 Et
790 4867 963 4941 paulo
990 4875 1115 4942 post
1142 4868 1252 4926 hoc
1280 4876 1615 4942 prosecutus
1644 4885 1795 4929 sum.

448 4957 618 5017 Nunc
641 4956 712 5016 ad
732 4957 1127 5029 Dominicum,
1157 4957 1228 5016 de
1254 4973 1370 5035 quo
1395 4964 1662 5031 coeperat,
1687 4974 1875 5020 sermo
1896 4976 2083 5019 recur—

376 5051 484 5108 rat.
534 5046 710 5107 Enim
754 5061 892 5107 vero
924 5061 1059 5106 cum
1090 5047 1249 5105 hunc
1268 5048 1387 5121 jam
1429 5053 1485 5105 et
1527 5046 1771 5107 incurva
1820 5055 2085 5109 senectus

375 5135 678 5212 deprimat,
711 5143 769 5195 et
797 5136 1015 5196 crebris
1042 5137 1284 5210 insuper
1310 5151 1464 5211 saepe
1491 5135 1869 5212 languoribus
1897 5147 2088 5199 conta-

439 5303 576 5369 (341)
638 5302 954 5354 ﬂuviorum
1018 5300 1304 5354 criminum
1371 5300 1484 5353 reis
1553 5300 1849 5355 multorum
1914 5313 2083 5354 anno-

380 5384 503 5426 rum
578 5372 889 5437 pmnttentta
952 5382 1022 5424 ex
1085 5382 1366 5423 sacrorum
1431 5383 1700 5425 canonum
1769 5372 2086 5435 praescripto

260 5486 279 5495 -
380 5445 613 5508 irrogari
663 5442 927 5502 debebat;
986 5455 1120 5507 quas
1164 5453 1356 5508 pones
1408 5442 1510 5495 sibi
1567 5443 1706 5506 ipsis
1754 5443 1955 5509 imponi
1998 5444 2091 5496 ﬂa-

2160 3176 2493 3250 quisissem,
2530 3180 2826 3254 respondit
2864 3196 2925 3239 se
2963 3180 3269 3240 carnaliter
3297 3182 3513 3251 vivere,
3551 3190 3609 3243 et
3643 3186 3869 3261 quintis

2161 3281 2389 3341 semper
2418 3268 2578 3326 feriis
2603 3284 2736 3328 cum
2766 3269 3083 3330 Dominicis
3109 3270 3313 3329 diebus
3338 3287 3372 3329 a
3403 3271 3569 3331 solito
3599 3288 3659 3332 se
3686 3274 3867 3333 absti-

2162 3358 2379 3416 nentia;
2421 3355 2568 3414 492
2606 3360 2795 3433 rigore
2839 3359 3055 3418 laxare.
3110 3360 3447 3436 Requisitns
3489 3368 3686 3422 utrum
3724 3379 3871 3438 quo-

2160 3445 2301 3505 libet
2329 3446 2650 3520 pulmento,
2693 3449 2820 3507 ovis
2869 3449 2956 3506 vel
3012 3464 3175 3508 caseo
3217 3460 3560 3525 vesceretur,
3602 3455 3871 3528 negavit;

2160 3551 2383 3609 rursus,
2417 3538 2465 3596 si
2500 3538 2760 3612 piscibus
2794 3544 2894 3597 aut
2931 3538 3135 3612 pomis.
3178 3538 3389 3610 Pisces,
3435 3540 3535 3610 ait,
3578 3548 3634 3600 et
3676 3558 3872 3618 poma,

2159 3623 2208 3682 si
2253 3639 2369 3697 qua
2402 3632 2558 3695 sunt,
2599 3626 3009 3699 aegrotantibus
3046 3627 3295 3701 praebeo,
3325 3642 3576 3701 quorum
3607 3643 3724 3687 non
3759 3630 3877 3687 mi-

2160 3711 2383 3770 nimam
2421 3711 2853 3772 multitudinem
2889 3714 3076 3789 jacere
3124 3714 3183 3772 in
3226 3713 3437 3772 nostris
3473 3714 3732 3788 partibus
3779 3716 3871 3774 in-

2157 3802 2432 3878 gemisco.
2478 3802 2740 3878 Cumque
2778 3805 2949 3865 illum
2995 3806 3177 3865 durus
3227 3814 3460 3864 exactor
3511 3807 3573 3865 in
3626 3815 3875 3880 angusto

2159 3891 2587 3961 concluderem,
2637 3893 2870 3953 dicens:
2899 3894 3064 3953 Unde
3092 3909 3226 3968 ergo
3263 3894 3381 3954 illis
3418 3893 3623 3954 diebus
3661 3897 3873 3955 remis-

2160 3979 2281 4038 sius
2311 3979 2484 4049 vivis,
2532 3982 2580 4038 si
2609 3981 2759 4039 nihil
2799 3998 3003 4042 eorum
3042 3983 3314 4052 comedis,
3361 3999 3493 4056 qua:
3530 4000 3764 4043 necesse
3799 3987 3874 4045 sit

2159 4067 2254 4126 vel
2298 4068 2532 4141 ignibus
2571 4069 2816 4145 decoqui
2852 4072 2943 4130 vel
2973 4072 3037 4129 in
3075 4071 3378 4130 arboribus
3413 4071 3708 4131 inveniri?
3753 4073 3872 4132 Re-

2160 4157 2415 4231 spondit:
2430 4157 2726 4231 Feuiculo,
2750 4160 3040 4234 inquiens,
3067 4176 3201 4219 cum
3220 4176 3368 4233 pane
3386 4159 3632 4220 libenter
3650 4176 3871 4221 vescor.

2158 4245 2296 4304 Mox
2326 4248 2606 4306 nimii-um
2644 4249 2823 4323 perite
2853 4252 3094 4324 cognovi
3132 4266 3306 4326 quam
3348 4250 3650 4310 carnaliter
3692 4251 3872 4311 homo

2159 4338 2381 4397 viveret
2430 4339 2533 4413 qui
2582 4357 2718 4400 suas
2767 4341 3004 4400 delicias
3048 4343 3107 4400 in
3154 4341 3405 4401 feniculo
3459 4341 3869 4400 constituisset.

2167 4427 2351 4487 Habet
2380 4430 2550 4504 plane
2579 4429 2815 4489 uberem
2856 4430 3244 4506 lacrymarum
3272 4431 3535 4504 gratiam,
3565 4431 3664 4489 sed
3693 4430 3873 4490 alter-

2165 4533 2322 4577 nam.
2374 4518 2517 4577 Cum
2572 4520 2729 4578 enim
2774 4519 3035 4578 reclusus
3080 4521 3189 4578 sub
3235 4519 3492 4578 districto
3533 4536 3593 4580 se
3643 4520 3875 4578 silentio

2167 4606 2466 4680 reprimit;
2502 4623 2657 4668 mox.
2703 4615 2769 4667 ut
2795 4608 3063 4681 voluerit,
3094 4609 3395 4668 amuenter
3425 4607 3663 4683 plangit.
3700 4611 3779 4666 At
3823 4608 3873 4666 si

2144 4693 2456 4770 _colloquio
2500 4697 2927 4769 frequentetur,‘
2964 4697 3166 4755 fletum
3208 4712 3269 4754 se
3306 4696 3567 4755 amisisse
3612 4712 3874 4771 conque-

2165 4784 2334 4854 ritur,
2365 4800 2498 4842 nam
2531 4791 2586 4842 et
2616 4802 2721 4859 ego
2751 4784 2838 4844 illi
2872 4801 3024 4860 saepe
3063 4785 3367 4860 penuriam
3407 4800 3552 4843 meas
3586 4784 3874 4843 ariditatis

2165 4872 2513 4946 imprOpero,
2541 4872 2774 4931 dicens:
2797 4872 2963 4932 Heu!
2998 4874 3262 4947 inquam,
3290 4870 3371 4929 mi
3396 4878 3572 4945 pater,
3603 4871 3732 4930 ista:
3759 4879 3875 4931 tuae

2168 4962 2440 5037 lacrymie
2463 4964 2521 5021 in
2535 4963 2792 5022 fecundas
2822 4969 2982 5035 sunt,
3016 4978 3147 5037 quae
3172 4962 3314 5021 alias
3341 4960 3558 5020 orando
3590 4960 3877 5034 lacrymas

2168 5042 2367 5127 parere
2390 5059 2704 5126 nequeunt.
2738 5051 3002 5125 Optarem
3029 5064 3301 5124 namque,
3331 5049 3487 5125 quod
3515 5063 3878 5123 consequens

2168 5147 2270 5211 est,
2315 5141 2597 5200 nimirum
2638 5147 2700 5201 ut
2746 5141 2894 5200 sicut
2930 5146 2992 5199 tu
3036 5138 3181 5197 mihi
3220 5144 3380 5213 pater
3410 5152 3493 5209 es,
3531 5137 3611 5195 ita
3656 5136 3874 5197 nihilo-

2168 5300 2670 5436 mtggnlztonnnlla
2703 5370 2982 5435 subiungit
3012 5371 3069 5421 in
3124 5370 3241 5433 ipso
3282 5368 3548 5433 opusculo
3595 5368 3667 5421 ad
3709 5370 3874 5419 tuen-

2175 5442 2302 5495 dum
2345 5442 2610 5507 ejusmodi
2660 5440 3067 5506 disciplinarum
3121 5452 3299 5498 usum.
3360 5451 3523 5505 quem
3576 5440 3625 5492 S.
3698 5436 3875 5494 Domi-

385 5514 626 5582 stabant
688 5515 786 5566 viri
850 5514 934 5569 illi
986 5516 1082 5579 pii,
1138 5518 1192 5567 et
1241 5525 1336 5567 eas
1385 5516 1729 5578 postmodum
1785 5514 2092 5579 disciplinis
2178 5515 2335 5567 uicus
2362 5515 2632 5572 Lortcstus
2664 5515 2802 5569 miro
2831 5512 2995 5573 modo
3028 5512 3317 5579 promovit.

385 5584 852 5656 treqnentiortbns
934 5585 1285 5649 redimebant,
1353 5587 1494 5640 sicut
1560 5585 1898 5642 labt'uom'u:
1975 5586 2089 5639 sni-
