4108 6206
299 296 431 357 1017

1208 295 1392 356 VITA
1432 295 1537 359 SS.
1576 295 1961 357 BODULPHI
2000 296 2096 357 ET
2137 297 2477 358 DOMINIGI
2516 298 2889 360 LOBICATI.

3668 307 3810 370 1018

292 424 494 481 minus
517 426 574 478 et
615 419 1033 496 tualacryma
1059 436 1325 481 mearum
1354 437 1587 496 quoque
1610 421 2070 497 lacrymarumA
2160 445 2185 473 α
2231 422 2365 482 Erat
2418 429 2613 482 autem
2679 439 2797 482 nox
2862 423 2965 483 illa
3038 418 3371 499 pracedens
3444 427 3801 493 Dominicam

297 514 502 572 ﬁerent
528 513 855 587 genitrices.
890 535 912 564 ω

362 603 432 662 In
460 602 658 678 regula
696 618 928 678 quoque
958 605 1249 665 eremitica
1293 605 1400 664 hoc
1436 605 1752 665 inseruisse
1792 622 1883 665 me
1925 623 2007 665 re-

293 691 438 751 colo.
480 692 698 750 Dicam.
744 691 855 751 Sed
902 693 1034 766 quis
1078 694 1215 751 sciat
1256 700 1454 752 utrum
1509 694 1655 752 ﬁdes
1701 695 2003 754 assertioni

292 781 650 841 ﬁdelissima
689 782 1015 856 prabeatur
1046 782 1073 841 ?
1112 782 1220 842 Sed
1252 784 1788 858 parvipendendum
1833 790 1917 843 est
1955 784 2003 843 si

296 873 553 932 humana
580 874 871 932 temeritas
896 881 1096 945 arguat
1134 891 1307 949 quem
1350 891 1579 935 summa
1607 877 1817 935 veritas
1844 877 2002 935 falsi-

293 963 423 1021 tatis
464 957 734 1021 excusat.’
760 961 861 1020 Est
903 962 1055 1021 inter
1106 979 1211 1023 nos
1252 964 1355 1039 qui
1395 980 1840 1038 nonnunquam,
1881 980 2000 1024 uno

286 1050 383 1109 die
406 1051 742 1110 continuato
767 1065 901 1109 cum
923 1057 1106 1123 nocte,
1137 1067 1349 1110 novem
1374 1053 1640 1126 psalteria
1670 1054 1999 1113 meditando

287 1142 572 1212 decurrat,
608 1146 662 1200 et
683 1141 920 1201 interim
952 1158 1096 1217 pone
1132 1159 1361 1217 semper
1387 1151 1635 1218 utraque
1665 1161 1844 1204 manu
1873 1160 1993 1203 sco-

168 1292 175 1301 ,
283 1229 375 1304 pis
405 1235 625 1288 armata
666 1230 890 1289 nudum
941 1245 1151 1305 corpus
1181 1232 1411 1290 afﬁciat.
1445 1232 1778 1292 Notandum
1808 1240 2000 1293 autem

283 1320 443 1396 quia,
472 1321 612 1379 dum
659 1320 781 1378 hac
824 1336 1096 1395 peragere
1133 1323 1357 1395 satagit,
1407 1328 1572 1382 nocte
1604 1323 1695 1381 vel
1729 1323 1824 1382 die
1868 1323 2002 1383 dor-

284 1412 432 1470 mire
475 1427 589 1470 non
626 1418 806 1483 vacat,
847 1412 946 1470 sed
983 1412 1294 1485 aliquando
1335 1428 1526 1488 genua
1563 1414 1816 1485 flectens,
1854 1415 1997 1473 dum

282 1508 454 1577 caput
486 1509 650 1561 terra
674 1501 927 1575 deponit,
978 1502 1059 1560 sic
1092 1502 1251 1561 nudo
1294 1511 1525 1577 repente
1552 1519 1792 1563 somnus
1828 1504 1996 1562 obre-

283 1593 387 1667 pit,
420 1609 536 1670 quo
577 1594 698 1653 solo
728 1600 1034 1653 contentus
1070 1603 1174 1652 est.
1224 1594 1333 1653 Hic
1364 1595 1505 1654 mihi
1543 1596 1858 1669 aliquando
1889 1597 1996 1655 fra-

283 1687 445 1740 terna
471 1681 860 1742 familiaritate
896 1689 1248 1757 conquestus
1286 1689 1390 1754 est,
1432 1683 1570 1759 quia
1607 1701 1740 1744 cum
1786 1701 1995 1744 novem

2086 512 2242 569 diem
2296 517 2351 568 et
2401 510 2465 569 B.
2522 510 2819 575 Michaelis
2872 512 3259 574 festivitatem.
3333 516 3598 592 Cumque
3660 520 3805 581 facto

2087 616 2256 659 mane
2296 600 2367 659 ad
2409 600 2752 673 pradictum
2799 617 2996 660 senem
3052 603 3224 662 frater
3261 604 3359 663 ille
3411 607 3682 678 venisset,
3729 610 3801 669 ti-

2086 704 2367 763 mensque
2400 703 2472 747 ne
2498 689 2570 746 de
2596 689 2940 749 discretione
2981 691 3443 765 redargueretur,
3473 710 3608 755 cum
3648 699 3827 770 quod,

2085 786 2293 851 egerat,
2329 794 2430 852 per
2461 780 2723 839 ordinem
2758 780 3067 850 retulisset,
3113 782 3219 840 hac
3247 782 3346 840 ille
3378 800 3516 842 voce
3564 802 3800 862 respon-

2085 867 2168 925 dit
2201 886 2213 925 :
2254 867 2404 937 Noli,
2446 869 2637 940 frater,
2681 869 3082 944 pusillanimis
3112 886 3236 929 esse
3277 872 3368 930 vel
3416 890 3516 947 pro
3563 875 3672 935 hac
3701 882 3803 938 tua

2086 973 2219 1030 qua
2274 973 2433 1016 nunc
2487 966 2589 1029 est,
2651 959 2993 1018 infirmitate
3048 960 3346 1032 diffidere;
3411 970 3587 1038 potest
3643 967 3799 1027 enim

2090 1044 2238 1103 Deus
2289 1061 2364 1104 ex
2420 1047 2556 1105 imis
2615 1054 2668 1105 te
2721 1049 2791 1106 ad
2845 1049 3049 1108 altiora
3102 1052 3438 1125 provehere,
3495 1060 3550 1112 et
3623 1055 3802 1128 hujus

2090 1134 2341 1194 lacteola
2384 1141 2501 1195 tua
2548 1138 3000 1196 conversationis
3048 1139 3353 1198 infantiam
3400 1141 3470 1199 ad
3522 1143 3803 1215 juvenilis

2085 1225 2306 1284 roboris
2353 1227 2708 1286 incrementa
2753 1228 3004 1286 firmare.
3052 1228 3120 1286 Et
3161 1229 3439 1304 adjiciens
3489 1232 3568 1290 ait
3613 1252 3626 1291 :
3686 1234 3802 1295 Nos

2083 1314 2257 1373 etiam
2317 1315 2503 1388 primo
2556 1316 2904 1389 pedetentim
2969 1317 3271 1390 capimus,
3325 1322 3655 1395 sensimque
3727 1324 3801 1382 ad

2083 1404 2237 1478 quod
2295 1419 2401 1462 nos
2446 1403 2644 1462 divina
2683 1404 2864 1478 pietas
2910 1405 3221 1479 perducere
3258 1406 3463 1480 voluit,
3510 1410 3641 1467 licet
3683 1410 3799 1471 im-

2082 1492 2316 1552 becilles
2354 1509 2421 1553 ac
2449 1492 2681 1568 fragiles
2727 1494 2918 1553 educti
2959 1511 3180 1554 sumus.
3227 1495 3435 1571 Sicque
3466 1500 3679 1558 factum
3710 1507 3796 1560 est

2083 1589 2149 1641 ut
2186 1598 2299 1641 non
2345 1597 2482 1641 eum
2511 1583 2582 1641 de
2628 1582 3007 1642 immoderato
3036 1584 3280 1657 fervore,
3324 1587 3472 1645 sicut
3498 1587 3599 1645 ille
3628 1588 3798 1647 time-

2082 1673 2200 1745 bat,
2267 1682 2550 1747 argueret,
2616 1672 2715 1732 sed
2770 1688 2842 1731 ne
2910 1673 3295 1747 desperationi
3375 1676 3795 1751 succumberet,

281 1769 365 1828 sic
393 1770 663 1844 psalteria
688 1786 840 1844 sape
866 1771 1219 1831 modulando
1255 1772 1578 1846 perﬁceret,
1603 1774 1674 1832 ad
1704 1775 1995 1835 decimum
2017 1783 2066 1843 B
2086 1767 2363 1838 tanquam
2416 1762 2518 1839 (illi
2556 1762 2875 1821 minimum
2913 1761 3058 1837 (Ιηίά
3096 1763 3293 1835 egerit,
3327 1763 3591 1822 θηίωυω
3644 1765 3795 1825 νεῖο-

281 1874 587 1932 nunquam
617 1861 867 1935 potuerit
887 1861 1210 1936 pervenire.

352 1948 419 2007 In
457 1948 696 2022 epistola
735 1964 985 2021 quoque,
1019 1962 1194 2023 quam
1233 1948 1463 2009 Blanca
1505 1951 1816 2010 comitissa
1841 1952 2000 2011 dire-

279 2038 503 2110 ximus,
532 2037 641 2096 hoc
673 2052 779 2096 nos
805 2036 1086 2095 indidisse
1116 2037 1419 2097 videmur:
1457 2060 1485 2092 «
1514 2038 1744 2097 Utinam
1765 2041 2002 2099 daretur

277 2129 383 2188 tibi
431 2144 591 2188 nunc
646 2127 926 2187 domuum
972 2143 1167 2187 meum
1214 2129 1411 2188 videre
1463 2129 1858 2203 Dominicum,
1896 2133 1998 2204 qui

278 2216 436 2293 quod
466 2215 750 2290 imperita
781 2214 996 2290 lingua
1026 2231 1308 2276 conamur
1335 2217 1543 2288 oﬂicio,
1572 2218 1697 2293 ipse
1728 2225 1781 2277 te
1807 2219 1996 2277 effica-

276 2306 419 2366 ciori
470 2304 953 2365 luculentissima
1023 2307 1161 2366 vita
1236 2308 1467 2366 doceret
1541 2313 1598 2365 et
1658 2308 1999 2367 informaret

279 2394 567 2469 exemplo.
599 2392 710 2453 Hic
749 2393 1000 2468 denique
1026 2410 1059 2452 a
1089 2393 1273 2454 tribus
1296 2395 1417 2469 jam
1454 2395 1680 2454 circiter
1705 2411 1995 2455 annorum

279 2481 479 2542 lustris
514 2481 688 2540 lorica
721 2481 902 2540 ferrea
952 2484 1197 2543 vestitur
1237 2483 1310 2541 ad
1347 2499 1602 2557 carnem,
1630 2485 1860 2545 duobus
1887 2503 1995 2546 au-

282 2576 397 2630 tem
426 2571 627 2631 ferreis
659 2571 897 2632 circulis
922 2574 985 2631 in
1024 2589 1259 2648 corpore
1286 2573 1557 2648 cingitur,
1590 2576 1818 2636 duobus
1855 2576 1993 2637 item

280 2674 384 2734 per
411 2658 780 2720 brachiorum
810 2676 1001 2721 armos
1030 2667 1282 2721 arctatur
1309 2661 1475 2732 (343),
1517 2682 1545 2715 ι)

957 2766 1203 2826 CAPUT
1229 2767 1299 2827 X.

278 2856 571 2915 Duodecim
600 2858 876 2929 psalteria
912 2860 1246 2985 continerziter
1275 2860 1529 2932 absolvit,
1561 2862 1738 2930 virgis
1774 2863 1994 2920 interim

970 2946 1028 2985 se
1068 2946 1141 2985 ca
1181 2945 1294 2985 ens.

970 2946 1028 2988 88
1068 2945 1294 2987 cadens.

353 3015 464 3076 Sed
490 3019 628 3094 quia
651 3018 723 3078 de
749 3018 852 3077 illo
878 3020 940 3079 in
968 3019 1101 3078 aliis
1127 3020 1339 3078 nostris
1358 3019 1653 3094 opusculis
1677 3020 1796 3095 jam
1826 3020 1995 3094 plura

279 3104 648 3180 digessimus,
696 3123 857 3168 nunc
893 3108 1046 3184 quod
1089 3109 1188 3167 vix
1230 3116 1364 3169 ante
1403 3106 1551 3164 493
1596 3125 1700 3168 sex
1754 3110 1880 3170 dies
1921 3110 1990 3169 ad
2014 3104 2350 3196 Cexemplo
2387 3104 2625 3196 sublimi,
2665 3104 2745 3196 ila
2794 3103 3066 3196 ίῐιίξυίθηε
3121 3126 3134 3161 τ

279 3210 388 3255 nos
412 3197 657 3257 veniens
685 3197 902 3270 retulit,
934 3198 1310 3274 proferamus.
1346 3197 1446 3255 Ait
1485 3198 1683 3271 itaque
1717 3218 1730 3257 :
1772 3220 1799 3253 α
1841 3201 1994 3258 Gon-

282 3283 410 3358 tigit
439 3299 533 3344 me
575 3301 765 3358 nosse,
794 3287 948 3361 quod
990 3286 1306 3360 scripseris,
1341 3301 1551 3345 novem
1594 3302 1687 3344 me
1736 3303 1851 3346 uno
1900 3287 1994 3347 die

280 3372 551 3447 psalteria
609 3375 940 3434 decantasse
997 3391 1129 3435 cum
1186 3376 1579 3449 corporalibus
1646 3375 1989 3451 disciplinis.

282 3456 442 3528 Quod
473 3468 622 3519 certe
666 3477 800 3522 cum
830 3462 1052 3535 audivi,
1090 3463 1454 3522 tremefactus
1497 3464 1732 3537 expavi,
1773 3470 1828 3523 et
1855 3480 1995 3525 con-

282 3552 520 3611 scientia
570 3554 932 3613 remordente
982 3555 1307 3631 congemui.
1348 3555 1471 3627 Va,
1510 3556 1775 3632 inquam,
1826 3556 1992 3628 mihi,

282 3656 414 3699 ecce
447 3641 555 3700 hoc
575 3641 647 3701 de
669 3658 782 3713 me,
806 3644 1101 3703 nesciente
1124 3659 1232 3712 me,
1268 3646 1548 3719 scriptum
1575 3651 1658 3703 est
1682 3663 1695 3714 ;
1719 3650 1775 3703 et
1801 3650 1994 3703 tamen

277 3735 478 3790 utrum
509 3747 541 3789 a
571 3747 663 3789 me
708 3732 813 3791 hoc
846 3732 968 3790 fieri
1013 3733 1308 3806 potuisset,
1346 3733 1568 3808 ignoro.
1612 3732 1762 3806 Ergo
1791 3749 1995 3793 rursus

278 3818 566 3894 experior,
608 3826 662 3878 et
698 3835 771 3877 an
813 3820 920 3878 hoc
966 3819 1207 3894 implere
1249 3822 1556 3895 potuerim,
1598 3821 1996 3880 indubitanter

277 3924 607 3983 agnoscam.
649 3907 860 3980 Quarta
899 3909 1075 3983 igitur
1112 3908 1254 3968 feria
1300 3925 1391 3968 me
1438 3910 1700 3970 vestibus
1739 3911 1899 3983 exui,
1940 3917 1996 3969 et

278 4001 495 4054 armata
523 3996 708 4070 scopis
753 4002 995 4071 utraque
1028 4012 1224 4068 manu,
1261 4003 1436 4055 totam
1476 4004 1700 4057 noctem
1731 3999 1994 4058 ducendo

280 4083 618 4157 pervigilem
678 4083 919 4159 psallere
971 4100 1037 4165 ac
1088 4101 1180 4142 me
1240 4087 1542 4145 verberare
1607 4103 1721 4145 non
1780 4087 1991 4160 destiti,

281 4172 464 4231 donec
481 4173 575 4230 die
594 4173 773 4231 altero
797 4173 1057 4232 decursis
1084 4173 1384 4232 duodecim
1408 4190 1478 4232 ex
1507 4190 1664 4233 more
1686 4175 1991 4249 psalteriis,

280 4263 377 4320 die
417 4264 585 4321 tertio
616 4262 839 4321 decimo
875 4264 943 4321 ad
981 4263 1290 4337 psalmum,
1319 4267 1495 4330 Beati,
1528 4283 1777 4336 quorum,
1808 4281 1994 4339 usque

283 4352 520 4424 reptavi.
580 4350 776 4423 Porro,
818 4353 970 4426 quod
1013 4353 1176 4411 nobis
1215 4353 1428 4412 durum
1478 4369 1630 4428 sape
1668 4355 1897 4413 videtur
1940 4362 1995 4412 et

2086 1857 2266 1909 veret.
2302 1851 2499 1925 Hujus
2534 1851 2729 1926 itaque
2779 1852 2962 1910 sancti
3007 1853 3163 1911 senis
3202 1852 3471 1926 exemplo
3521 1852 3800 1914 facienda

2086 1938 2413 2012 disciplina
2446 1954 2571 1997 mos
2606 1940 2750 1997 adeo
2795 1939 2855 1996 in
2888 1939 3100 1997 nostris
3138 1941 3399 2013 partibus
3427 1940 3691 2013 inolevit,
3732 1948 3800 2002 ut

2086 2042 2201 2085 non
2231 2026 2402 2087 modo
2428 2026 2563 2096 viri,
2594 2027 2693 2085 sed
2724 2032 2780 2085 et
2811 2025 3038 2085 nobiles
3068 2026 3345 2087 mulieres
3377 2030 3488 2088 hoc
3524 2036 3795 2104 purgato-

2085 2114 2160 2173 rii
2198 2131 2384 2189 genus
2410 2116 2707 2174 inhianter
2731 2116 3074 2188 arriperent.
3112 2116 3256 2175 Nam
3297 2122 3352 2175 et
3391 2117 3587 2176 relicta
3621 2118 3799 2178 Teth-

2084 2202 2264 2275 baldi,
2296 2202 2567 2263 sublimis
2599 2202 2805 2276 utique
2831 2203 3084 2276 generis,
3115 2210 3171 2261 et
3198 2219 3318 2263 non
3357 2204 3580 2266 inﬁma
3603 2206 3800 2281 digni-

2084 2293 2237 2365 tatis,
2277 2292 2424 2352 mihi
2472 2291 2790 2366 aliquando
2838 2292 3056 2365 retulit,
3107 2307 3209 2366 per
3260 2296 3561 2368 pratixam
3618 2297 3801 2371 hujus

2082 2378 2407 2452 disciplina
2436 2378 2695 2453 regulam
2732 2386 2966 2438 centum
2987 2395 3278 2441 annorum
3307 2398 3367 2442 se
3394 2383 3797 2456 pmnitentiam

2083 2469 2389 2543 peregisse.
2429 2490 2451 2523 ι

2151 2566 2221 2625 In
2247 2567 2487 2641 epistola
2514 2568 2689 2628 etiam
2723 2568 2797 2627 ad
2831 2568 3115 2628 Joannem
3141 2570 3393 2642 priorem
3423 2570 3624 2645 eremi,
3660 2588 3796 2649 qua

2074 2661 2248 2735 juxta
2288 2659 2671 2721 Suavicinum
2703 2661 2854 2730 (344)
2888 2667 3143 2720 montem
3182 2666 3267 2719 est
3299 2661 3624 2733 constituta,
3658 2677 3793 2722 cum

2081 2764 2217 2807 eum
2266 2750 2507 2825 ejusque
2546 2750 2835 2825 subjectos
2867 2749 2938 2808 ad
2985 2749 3383 2809 extensionem
3425 2749 3794 2809 brachiorum

2080 2837 2141 2896 in
2192 2838 2552 2897 orationibus
2588 2837 2980 2897 exhortatorie
3027 2852 3420 2913 provocarem,
3464 2836 3591 2895 dixi
3631 2838 3796 2912 prius

2082 2928 2153 2986 de
2206 2927 2457 3002 quodam
2515 2928 2943 2988 ferventissimo
2994 2923 3145 2982 494
3207 2927 3271 2986 in
3318 2942 3516 2987 amore
3582 2927 3794 2987 Christi

2084 3018 2258 3076 fratre
2291 3022 2509 3085 nostro,
2550 3016 2734 3075 Adam
2776 3016 3035 3085 nomine,
3071 3014 3281 3073 deinde
3321 3016 3687 3077 Dominicum
3731 3016 3797 3076 in

3196 3127 3223 3155 ι
3255 3102 3552 3165 Habemus
3600 3110 3791 3165 autem

2078 3195 2390 3268 quemdam
2434 3194 2818 3268 juvenculum
2869 3193 3127 3264 fratrem,
3170 3191 3273 3267 qui
3314 3193 3461 3251 mihi
3499 3194 3797 3254 confessus

2080 3290 2164 3342 est
2197 3298 2232 3341 a
2268 3282 2453 3357 capite
2484 3298 2672 3358 usque
2715 3283 2787 3341 ad
2819 3282 2998 3341 finem
3036 3280 3291 3355 psalterii
3320 3280 3539 3340 elevata
3574 3298 3634 3339 se
3661 3283 3795 3342 bra-

2079 3370 2231 3429 chiia
2269 3377 2483 3443 tenere,
2513 3370 2653 3429 dum
2703 3369 2914 3444 psallit,
2966 3369 3047 3428 ita
3086 3373 3152 3426 ut
3199 3368 3436 3442 laquear
3478 3368 3799 3429 tabulatum

2079 3456 2308 3516 cellula
2339 3458 2613 3516 manibus
2655 3472 2809 3532 sape
2840 3456 3152 3530 contingat.
3189 3455 3315 3515 Hac
3353 3464 3543 3516 tamen
3582 3456 3797 3515 discre-

2080 3549 2236 3607 tione
2267 3556 2510 3620 servata,
2550 3555 2615 3607 ut
2652 3564 2755 3623 per
2787 3547 3228 3623 quinquagenos
3257 3546 3510 3621 psalmos
3548 3547 3619 3605 ad
3667 3561 3798 3606 mo-

2079 3645 2344 3698 mentum
2398 3639 2631 3697 brachia
2683 3639 2923 3698 remissa
2972 3638 3221 3712 deponat
3262 3642 3320 3696 et
3365 3637 3632 3711 protinus
3681 3636 3796 3696 eri-

2077 3735 2189 3803 gat.
2280 3729 2576 3788 Habemus
2658 3734 2713 3786 et
2790 3728 3038 3787 alterum
3132 3726 3505 3801 provectioris
3589 3726 3793 3797 atatis,

2078 3818 2395 3877 incurvum
2439 3817 2710 3876 videlicet
2745 3832 2966 3887 senem,
2998 3822 3073 3885 et,
3103 3821 3170 3875 ut
3208 3815 3313 3874 tibi
3358 3822 3572 3874 secrete
3607 3814 3791 3874 conﬂ-

2081 3914 2220 3978 tear,
2263 3908 2358 3964 hic
2406 3906 2738 3966 Dominicus
2776 3912 2878 3965 est.
2929 3906 2986 3965 Is
3035 3906 3234 3979 itaque
3279 3904 3592 3978 quamdam
3645 3904 3789 3963 scri-

2080 3996 2445 4071 ptiunculam
2497 3995 2727 4070 reperit,
2777 3996 2880 4054 ubi
2935 3995 3233 4054 dicebatur
3282 4014 3295 4053 :
3357 3995 3504 4065 Quia
3558 3995 3607 4054 si
3661 3995 3796 4072 quis

2076 4086 2385 4145 duodecim
2428 4084 2548 4143 illic
2588 4090 2811 4143 notatos
2843 4085 3096 4159 psalmos
3141 4084 3291 4142 vicie
3323 4090 3545 4159 quater,
3586 4084 3790 4143 erectis

2076 4176 2138 4233 in
2169 4174 2409 4233 modum
2462 4173 2650 4232 crucis
2686 4173 2959 4232 manibus
2993 4179 3241 4242 caneret,
3287 4187 3391 4246 pro
3436 4186 3556 4232 uno
3600 4177 3794 4246 posset

2076 4279 2232 4322 anno
2278 4262 2636 4337 poenitentia
2687 4261 3031 4335 regulariter
3073 4275 3465 4336 compensare.
3520 4259 3793 4319 Protinus

2078 4352 2178 4411 ille
2228 4353 2291 4409 in
2350 4351 2695 4410 exercitium
2749 4352 2807 4411 id
2860 4353 3011 4426 quod
3044 4351 3360 4421 dicebatur,
3416 4348 3682 4424 arripuit,
3736 4356 3794 4407 et

278 4454 571 4513 asperum,
609 4456 784 4515 quam
830 4441 933 4498 ille
989 4440 1210 4515 puerile
1251 4442 1483 4515 deputet
1518 4457 1583 4499 ac
1634 4441 2382 4553 despectum,Dduodecim
2419 4440 2553 4498 illos
2601 4440 2871 4513 psalmos,
2906 4439 3163 4498 extensis
3197 4439 3259 4497 in
3322 4439 3561 4497 modum
3607 4437 3795 4495 crucis

281 4543 397 4553 ...ιιΑ
461 4530 767 4553 .I----...--_
835 4530 1092 4553 -..Α-..-1-
1176 4530 1374 4553 Π-..ι,...
1450 4529 1681 4553 ...κεληυκ
1742 4545 1864 4553 ιη...
1933 4547 1987 4553 _.-
2079 4530 2327 4553 L---L::_
2391 4529 2538 4553 -.ειη-ι
2579 4528 2790 4553 ..Ιζηι-..νι
2843 4533 2925 4553 ,ιι-ι
3005 4526 3204 4553 ..ἕης-,ιε
3258 4528 3357 4553 Anu
3416 4525 3642 4553 ..ὅρη-η.-
3681 4526 3790 4553 ιιι-ιιι.

281 4543 401 4587 uno
457 4530 769 4589 doceamus
830 4530 1374 4603 exemplo.\Frater
1446 4529 1686 4603 quidam
1737 4545 1869 4588 cum
1931 4547 1991 4587 se

279 4631 583 4690 scoparum
630 4617 843 4677 ictibus
900 4618 1077 4676 nimis
1128 4619 1463 4677 abhorreret
1509 4625 1769 4687 atterere,
1823 4626 1994 4694 atque

280 4712 345 4762 ut
371 4705 495 4779 ipse
532 4705 765 4765 sibimet
803 4705 998 4781 plagas
1040 4707 1281 4765 inferret
1317 4713 1491 4781 atque
1532 4707 1828 4781 perferret,
1858 4723 1992 4781 gra-

279 4796 591 4855 vissimum
624 4796 928 4869 judicaret,
970 4797 1201 4855 tandem
1232 4804 1423 4856 tamen
1471 4797 1670 4855 domui
1703 4797 1991 4855 Dominici

274 4885 536 4944 crebrius
578 4886 897 4944 insistentis
925 4886 1424 4945 adhortationibus
1459 4885 1770 4961 acquievit,
1799 4900 1865 4943 ac
1891 4901 1995 4960 per

277 4974 737 5035 modulationem
788 4976 963 5034 totius
1010 4975 1283 5049 psalterii,
1325 4982 1382 5032 et
1425 4976 1663 5050 insuper
1701 4977 1991 5051 quinqua-

276 5063 436 5137 ginta
464 5064 819 5138 psalmorum
847 5064 1077 5122 sibimel
1100 5063 1469 5143 disciplinam
1496 5065 1713 5124 inferre
1745 5064 1995 5140 propriis

277 5154 556 5214 manibus
581 5170 700 5215 non
725 5156 987 5215 cessavit.

342 5315 478 5382 (343)
511 5316 579 5368 Ea
611 5319 693 5369 est
716 5315 1040 5381 opusculum
1075 5330 1127 5369 ι..

342 5385 481 5452 (344)
541 5387 809 5440 Suavicini
878 5399 1091 5441 oremus
1154 5400 1185 5440 a
1241 5389 1494 5443 Damiano
1559 5390 1615 5441 in
1672 5400 1805 5453 agro
1871 5390 1996 5454 Sep-

2075 4530 2349 4601 brachiis,
2390 4529 2540 4586 sicut
2576 4528 2792 4585 dictum
2841 4533 2945 4596 est,
3005 4526 3208 4599 viginti
3258 4528 3362 4584 'sex
3416 4525 3643 4584 vicibus
3681 4526 3792 4585 sub

2076 4619 2238 4679 nullo
2277 4634 2516 4692 prorsus
2545 4616 2870 4687 intervallo,
2902 4616 3001 4675 sed
3031 4631 3151 4674 uno
3184 4616 3361 4674 ductu
3399 4614 3656 4689 quotidie
3686 4616 3789 4674 de-

2075 4708 2356 4767 cantabat.
2400 4732 2428 4757 ιι
2484 4705 2699 4779 Scripsi
2735 4720 2910 4778 super
2952 4705 3060 4762 hoc
3116 4711 3171 4761 et
3224 4703 3286 4761 in
3342 4703 3475 4763 aliis
3526 4705 3785 4764 fortassis

2075 4797 2393 4872 opusculis,
2425 4796 2522 4855 sed
2554 4796 2691 4870 quia
2725 4794 2819 4852 vel
2849 4794 2920 4852 ad
2952 4808 3204 4866 prasens
3238 4792 3466 4863 desunt,
3499 4792 3594 4851 vel
3623 4792 3790 4852 facile

2077 4886 2373 4946 memoria
2404 4901 2518 4944 non
2547 4890 2879 4951 occurrunt,
2906 4882 3027 4956 jam
3055 4881 3128 4940 ab
3165 4896 3367 4941 eorum
3417 4880 3789 4954 replicatione

2076 4996 2210 5052 qua
2248 4979 2458 5053 scripta
2500 4983 2654 5048 sunt,
2689 4976 2760 5034 ad
2800 4989 2951 5033 nova
2980 4972 3259 5048 qualibet
3286 4970 3567 5031 articulus
3596 4978 3789 5029 trans-

2075 5070 2310 5128 feratur.

2149 5155 2463 5215 Enimvero
2490 5154 2656 5229 quasi
2695 5152 2937 5228 quidam
2964 5150 3209 5210 divinus
3244 5148 3400 5221 ignis
3437 5150 3501 5209 in
3531 5150 3658 5225 ejus
3684 5162 3789 5226 pe-

2078 5316 2203 5368 nico
2269 5325 2443 5377 sacra,
2478 5313 2594 5365 subi
2660 5311 3037 5378 antiquissima
3096 5311 3310 5378 depicta
3369 5310 3548 5375 imago
3614 5310 3792 5364 sancti

2078 5388 2181 5439 viri
2233 5384 2449 5438 cuculla
2494 5385 2617 5437 alba
2671 5383 2842 5437 induti
2892 5385 3223 5442 asservatur,
3283 5393 3391 5434 una
3438 5392 3563 5434 cum
3610 5383 3787 5435 sacris

284 5460 626 5522 tempedano,
696 5459 860 5523 vulgo
925 5458 986 5509 di
1043 5456 1469 5524 Sun-Seuerino,
1541 5464 1851 5513 constructa
1919 5453 2000 5517 (ut
2080 5459 2325 5523 ejusdem
2379 5456 2632 5516 exuviis;
2691 5465 2884 5506 verum
2945 5453 3529 5509 commendatuierum
3578 5453 3788 5511 incuria

289 5530 407 5594 ipse
448 5533 674 5584 testatur
714 5543 903 5596 opusc.
959 5542 1057 5589 xv.
1104 5542 1150 5584 c.
1197 5532 1269 5596 6i,
1318 5533 1478 5585 modo
1522 5530 1772 5585 Frontale
1821 5531 2000 5584 italice
2082 5527 2165 5596 (ut
2198 5527 2416 5594 dicitur)
2449 5539 2621 5593 pauca
2654 5536 2780 5583 cum
2814 5524 3096 5595 religione.

285 5606 649 5673 nuncupatur.
700 5602 955 5671 Superest
1018 5605 1225 5659 tantum
1286 5603 1519 5659 ecclesia
1568 5604 1669 5674 ipsi
1717 5603 1768 5657 s.
1817 5602 1996 5658 Domi-
