4108 6206
327 253 465 312 1019

791 251 854 309 ὃ.
898 251 1119 309 PETRI
1160 250 1479 310 DAMIANI
1521 251 1678 310 OPP.
1723 251 1916 312 PARS
1957 251 2031 312 SE

2166 249 2385 309 .‘OMUS
2424 249 2500 308 II.
2547 283 2602 292 -κ
2651 194 3102 310 ΞΑΝΟΤΟΒῖΙΜ
3145 249 3364 310 VITIE.

3701 253 3839 313 1020

327 385 480 437 ctore
523 377 739 450 jugiter
790 376 1087 446 mstuabat,
1149 376 1250 448 qui
1331 391 1634 448 nunquam
1686 377 2239 452 permittebatAhoc
2292 376 2463 434 etiam
2511 374 2678 434 nobis
2720 374 2779 434 in
2821 391 2886 434 eo
2936 375 3298 435 intolerabile
3344 375 3667 448 videbatur,
3701 380 3838 455 quia

322 485 457 528 eum
485 485 517 526 a
547 468 820 542 spiritalis
847 467 1107 525 exercitii
1139 469 1331 527 labore
1356 469 1672 542 quiescere.
1705 472 2037 544 Aliquando

324 574 576 630 namque
619 572 749 614 cum
794 572 897 626 ego
949 557 1341 629 perquirerem
1395 565 1749 617 sacrosancto
1801 561 1892 618 die
1946 576 2038 633 pa-

327 646 507 706 schali
545 647 766 704 caeteris
800 645 1075 704 fratribus
1107 645 1277 720 juxta
1310 661 1552 717 morem,
1581 647 1822 706 meridie
1871 650 2036 722 quie-

325 736 634 804 scentibus,
685 740 885 794 utrum
921 744 975 792 et
1015 736 1136 808 ipse
1175 737 1497 810 dormisset,
1539 739 1619 796 ait
1665 762 1676 795 :
1712 736 1892 808 Certe,
1936 755 2036 812 pa-

325 832 428 898 ter,
460 825 584 883 dixi
622 827 684 883 in
724 826 892 883 corde
935 841 1081 895 meo,
1123 826 1266 900 quid
1299 826 1444 884 mihi
1485 835 1597 885 tam
1633 827 1814 901 longis
1849 828 2039 886 adhuc

325 915 587 972 noctibus
629 913 692 971 in
733 913 828 972 die
856 913 1162 971 dormire?
1193 913 1464 973 Extensis
1507 915 1700 989 itaque
1744 915 1805 974 in
1852 916 2038 975 crucis

321 1002 570 1076 eﬂigiem
635 1003 910 1073 brachiis,
974 1003 1311 1077 psalterium
1385 1005 1552 1078 coepi,
1616 1021 1730 1081 quo
1799 1023 1890 1064 me
1957 1007 2039 1064 sic

324 1100 509 1153 stante
547 1094 808 1166 decurso,
862 1094 1094 1168 signum
1128 1095 1393 1167 protinus
1430 1095 1588 1153 horae
1627 1111 1797 1155 nonae
1842 1111 2036 1169 perso-

325 1184 475 1242 nuit.
510 1184 632 1243 Hoc
673 1183 871 1259 itaque
916 1184 1086 1242 modo
1127 1183 1301 1256 junxi
1347 1184 1644 1242 victoriam
1680 1185 1866 1244 crucis
1903 1203 2037 1244 cum

321 1274 503 1346 gloria
534 1274 1014 1333 Resurrectionis.
1048 1273 1382 1348 Aliquando
1409 1290 1539 1333 cum
1571 1275 1642 1334 de
1660 1277 2034 1350 quotidianis,

321 1372 384 1422 ut
428 1380 553 1423 mos
585 1371 690 1434 est,
726 1367 978 1423 invicem
1027 1364 1532 1424 confabularemur
1575 1367 1865 1441 operibus,
1899 1369 1978 1426 ait
2020 1387 2032 1426 :

321 1451 442 1512 Hac
490 1453 660 1511 etiam
715 1460 876 1511 nocte
928 1454 1065 1526 quid
1124 1454 1272 1512 mihi
1325 1455 1646 1527 contigerit,
1707 1457 2033 1516 manifesto.

321 1545 470 1602 Nam
509 1544 649 1602 dum
698 1543 924 1604 solutus
956 1561 1158 1618 sopore
1203 1547 1455 1616 surrexi,
1490 1561 1626 1604 mox
1676 1546 1930 1604 brachiis
1973 1547 2034 1604 in

322 1635 561 1694 modum
611 1635 799 1692 crucis
849 1635 1124 1706 extensis,
1177 1636 1514 1708 psalterium
1554 1636 1736 1710 cmpi;
1790 1651 2040 1710 cumque

2118 481 2250 523 cum
2286 469 2346 523 in
2398 480 2590 523 eremo
2625 480 2849 538 semper
2892 471 2947 522 et
2987 480 3182 523 ocreas
3229 467 3475 525 nesciret
3511 475 3567 526 et
3595 468 3836 542 calceos,

2118 562 2304 613 vestes
2357 561 2546 612 tamen
2608 554 2734 628 ejus
2775 554 2847 610 ad
2901 553 3069 612 tibias
3115 555 3218 612 vix
3275 555 3492 614 medias
3535 557 3841 617 descende-

2117 645 2275 701 bant.
2339 643 2603 700 Nudatus
2654 650 2846 700 autem
2893 643 2966 699 ad
3011 643 3437 717 suscipiendam
3477 645 3540 702 in
3583 647 3839 720 capitulo

2117 733 2504 806 disciplinam,
2544 732 2698 805 quod
2747 731 2965 792 scilicet
3014 733 3276 792 omittere
3330 750 3636 809 nunquam
3679 737 3837 796 vole-

2115 824 2230 892 bat,
2265 824 2453 882 exesis
2497 824 2722 896 jejunio
2764 823 3044 882 membris
3080 831 3136 882 et
3175 827 3424 884 hamataa
3453 825 3644 887 loricae
3683 828 3839 888 mole

2117 914 2364 987 detritis,
2411 915 2798 988 zEthiopicam
2853 917 3210 974 contraxisse
3267 917 3632 991 nigredinem
3674 920 3838 979 vide-

2118 1004 2305 1063 batur.
2371 1003 2731 1062 Vestimenta
2789 1019 2923 1062 vero
2982 1004 3172 1062 lurida
3220 1011 3275 1062 et
3335 1005 3571 1078 cariosa,
3635 1015 3698 1067 ut
3759 1010 3840 1068 ita

2119 1094 2397 1164 dixerim,
2441 1093 2793 1152 videbantur
2824 1100 3104 1152 vetustate
3141 1103 3499 1172 consumpta.
3533 1097 3655 1155 Hoc
3691 1098 3841 1158 mihi

2118 1199 2268 1256 saepe
2311 1182 2532 1240 dicebat
2564 1206 2576 1239 :
2616 1182 2682 1240 In
2736 1183 2843 1242 hoc
2890 1183 3206 1256 psalmodia
3235 1186 3500 1258 provenit
3534 1187 3645 1245 cito
3681 1189 3841 1262 psal-

2119 1270 2274 1336 lenti,
2305 1270 2350 1328 si
2377 1286 2474 1328 cor
2500 1271 2573 1328 ad
2609 1270 2784 1328 verba
2819 1277 3029 1340 teneat,
3059 1270 3110 1329 si
3136 1272 3290 1346 quod
3331 1273 3530 1347 lingua
3559 1275 3839 1350 loquitur,

2118 1379 2283 1422 mens
2311 1363 2591 1422 veraciter
2622 1363 3115 1436 comprehendat;
3151 1363 3414 1440 alioquin
3444 1365 3491 1422 si
3527 1381 3625 1424 cor
3661 1382 3838 1439 vaga-

2120 1461 2232 1524 tur,
2284 1453 2641 1527 psalmorum
2687 1469 2898 1512 cursus
2939 1453 3008 1510 ad
3055 1454 3256 1524 finem,
3291 1455 3494 1526 lingua
3539 1471 3698 1514 nunc
3747 1457 3842 1514 fal-

2119 1540 2289 1611 lente,
2355 1557 2514 1599 nunc
2577 1548 2912 1615 tepescente,
2985 1541 3141 1599 tarde
3219 1541 3571 1614 perducitur.
3633 1542 3844 1602 Aiebat

2117 1630 2288 1688 etiam
2323 1631 2459 1704 quia
2488 1647 2766 1689 somnum
2803 1646 3049 1690 somnus
3077 1631 3322 1702 adescat,
3355 1637 3408 1688 et
3446 1631 3662 1705 vigiliae
3690 1632 3840 1707 vigi-

321 1721 561 1796 psalmis
591 1723 865 1782 omnibus
904 1730 958 1781 et
995 1723 1254 1793 canticis,
1297 1740 1429 1798 quae
1476 1731 1821 1798 sequuntur,
1862 1718 2228 1815 hym-Blias
2265 1720 2509 1792 pariant.
2558 1718 2700 1777 Nam
2743 1734 2949 1792 corpus
2993 1719 3346 1785 humanum,
3384 1718 3445 1776 in
3486 1734 3600 1792 quo
3641 1719 3842 1793 paula-

322 1810 529 1884 nisque
579 1811 857 1882 decursis,
893 1826 959 1870 eo
1011 1812 1120 1870 loci
1167 1811 1289 1886 jam
1339 1828 1542 1882 essem,
1577 1821 1642 1871 ut
1686 1813 1807 1872 solo
1837 1815 2032 1872 catho-

318 1899 451 1958 lica
501 1899 636 1956 fidei
686 1901 906 1972 psalmo
947 1900 1097 1969 (345)
1147 1908 1202 1958 et
1249 1901 1468 1959 litaniis
1515 1902 1782 1960 deberem
1835 1911 2039 1962 cuncta

321 1988 687 2061 concludere,
729 1988 936 2048 accidit
985 1991 1046 2048 in
1098 1998 1375 2061 mentem,
1417 1999 1479 2050 ut
1525 1992 1758 2051 interim
1797 1995 1906 2053 ista
1957 1997 2040 2054 di-
2075 1995 2090 2006 ’

320 2083 628 2153 mitterem,
682 2097 748 2139 ac
795 2098 898 2156 pro
937 2083 1227 2142 defunctis
1272 2084 1610 2156 psalterium
1653 2085 2033 2144 decantarem.

322 2169 511 2244 Igitur
554 2169 788 2229 brachia
823 2187 938 2230 non
980 2173 1292 2247 deponens,
1329 2174 1399 2231 ad
1440 2173 1844 2233 defunctorum
1885 2176 2038 2248 psal-

323 2260 532 2317 terium
567 2259 788 2330 transii,
816 2261 968 2333 quod
993 2261 1161 2334 juxta
1192 2277 1432 2333 morem,
1469 2279 1570 2337 per
1595 2263 2038 2339 quinquagenos

322 2347 576 2423 psalmos
632 2349 856 2408 trifaria
901 2350 1219 2408 lectionum
1289 2351 1728 2425 interpolatione
1767 2352 2036 2410 distinxi.

324 2433 450 2503 Quo
495 2436 576 2494 sic
629 2437 878 2510 expleto,
931 2438 1003 2495 ad
1054 2438 1113 2495 id
1186 2439 1450 2512 protinus
1499 2440 1654 2514 quod
1707 2441 2034 2512 omiseram,

323 2526 509 2600 redii;
543 2533 714 2602 atque
747 2530 870 2599 hoc,
904 2529 1058 2604 quod
1096 2529 1166 2587 de
1208 2530 1396 2604 primo
1435 2531 1704 2605 psalterio
1747 2531 2038 2606 reliquum

324 2623 465 2687 erat,
527 2616 780 2690 explevi.
839 2618 1102 2691 Cumque
1151 2618 1223 2677 de
1261 2618 1425 2677 tertio
1479 2628 1898 2695 consequenter
1935 2637 2039 2696 ag-

322 2708 638 2782 grediendo
702 2708 968 2781 psalterio
1023 2709 1353 2781 cogitarem,
1417 2710 1801 2782 benefactum,
1847 2719 1913 2770 ut
1960 2713 2038 2770 ita

323 2795 599 2866 dixerim,
651 2803 884 2869 repente
939 2797 1173 2868 signum
1220 2804 1521 2856 nocturnae
1579 2799 1821 2872 synaxis
1879 2801 2038 2859 inso-

326 2885 477 2955 nuit,
535 2884 688 2959 quod
745 2900 840 2943 me
883 2885 1154 2959 depositis
1207 2886 1366 2945 ulnis
1411 2883 1558 2941 495
1597 2887 1859 2948 ofﬁcium
1904 2905 2038 2948 cum

321 2973 597 3033 fratribus
662 2975 951 3034 celebrare
1008 2976 1232 3050 coegit;
1297 2983 1354 3036 et
1408 2983 1557 3036 certe
1613 2984 1752 3038 tunc
1820 2981 2034 3053 nescio,

325 3079 441 3138 quo
468 3063 609 3123 anni
638 3070 913 3139 tempore,
950 3071 1144 3124 noctes
1173 3058 1466 3126 breviores
1486 3075 1666 3127 erant.

991 3207 1236 3268 CAPUT
1264 3210 1363 3268 ΧΙ.

801 3306 1020 3361 Scutz'ca
1049 3323 1104 3360 se
1134 3308 1269 3362 mire
1292 3310 1555 3376 ﬂagellat.

391 3415 724 3490 Aliquantis
748 3433 920 3493 porro
947 3423 1082 3479 ante
1121 3417 1346 3480 obitum
1384 3420 1576 3491 annis,
1612 3422 1780 3495 quasi
1816 3437 2034 3481 novum

326 3505 596 3580 supplicii
624 3523 810 3580 genus
842 3510 1171 3578 inveniens,
1205 3509 1497 3583 virgarum
1531 3527 1727 3585 scopas
1755 3511 1815 3570 in
1856 3514 2036 3571 corri-

321 3596 554 3668 giarum
609 3599 852 3658 scuticas
898 3601 1104 3669 vertit;
1149 3599 1443 3676 semelque
1480 3608 1722 3674 gustato,
1756 3603 1892 3676 quia
1933 3603 2038 3661 du-

320 3683 501 3744 riores
557 3695 712 3758 sunt,
773 3688 836 3745 in
896 3688 990 3746 his
1042 3690 1384 3748 verberandi
1437 3705 1496 3748 se
1556 3691 2032 3750 consuetudinem

323 3773 531 3846 posuit.
596 3775 719 3834 Hoc
782 3776 1099 3849 ﬂagellum,
1159 3778 1206 3835 si
1258 3778 1492 3852 quando
1546 3779 1912 3851 egrederetur
1962 3781 2032 3838 ad

329 3862 634 3935 saeculum,
669 3865 931 3939 portabat
975 3865 1036 3923 in
1087 3868 1244 3938 sinu,
1291 3874 1356 3927 ut
1403 3868 1738 3943 ubicunque
1777 3884 1909 3927 eum
1953 3870 2037 3942 ja-

323 3967 451 4010 cere
504 3953 880 4028 contingeret,
938 3972 971 4014 a
1026 3956 1368 4016 verberibus
1438 3974 1554 4016 non
1613 3965 1856 4017 vacaret.
1904 3958 2031 4018 Ali-

319 4042 553 4115 quando
612 4059 747 4102 vero
805 4060 939 4104 cum
997 4043 1106 4103 loci
1163 4047 1384 4105 occasio
1450 4063 1566 4106 non
1613 4047 1912 4120 prmberet,
1969 4056 2034 4108 ut

315 4139 502 4192 totum
533 4151 591 4192 se
620 4141 811 4208 posset
851 4153 1089 4208 exuere,
1125 4153 1226 4209 per
1251 4154 1419 4196 crura
1456 4137 1659 4196 saltem
1699 4145 1752 4197 et
1789 4139 2026 4212 femora,

313 4235 415 4293 per
468 4229 637 4292 caput
679 4227 850 4294 atque
901 4224 1183 4281 cervicem
1229 4240 1350 4282 sese
1402 4239 1518 4281 non
1577 4225 1832 4283 cessabat
1889 4227 2032 4284 afﬂi-

321 4322 476 4381 gere.
524 4306 772 4366 Circulis
807 4325 1040 4383 quoque
1071 4311 1275 4369 ferreis
1318 4301 1755 4387 quatuor,iquia
1801 4315 2031 4374 sibimet

318 4411 440 4471 prae
463 4396 632 4471 longa
657 4399 1077 4458 consuetudine
1098 4401 1264 4474 quasi
1289 4401 1411 4474 jam
1438 4401 1747 4472 viluerant,
1783 4412 2029 4476 quatuor

2131 1809 2232 1864 tim
2263 1809 2424 1882 prius
2462 1808 2772 1874 enutritur,
2807 1809 2869 1866 in
2903 1809 3010 1867 hoc
3047 1824 3147 1882 per
3181 1809 3538 1868 incrementa
3582 1817 3839 1884 postmo-

2126 1897 2267 1956 dum
2298 1897 2616 1958 roboratur.

2202 1988 2312 2045 Sed
2366 1988 2458 2046 hic
2525 2004 2619 2047 me
2674 1988 2963 2063 quispiam
3049 1989 3289 2048 fortasse
3358 1991 3682 2065 redarguat,
3737 1993 3843 2067 qui

2127 2079 2417 2149 videlicet,
2474 2095 2591 2138 non
2656 2088 2771 2137 tam
2843 2095 3016 2154 quem
3091 2080 3329 2138 vivendi
3399 2081 3665 2140 ordinem
3737 2083 3843 2142 Vir

2127 2178 2359 2230 sanctus
2403 2171 2690 2242 habuerit,
2733 2171 2832 2228 sed
2873 2170 3088 2245 quibus
3130 2171 3427 2231 miraculis
3469 2173 3530 2231 in
3577 2174 3683 2232 bac
3717 2173 3841 2233 vita

2125 2261 2417 2330 claruerit,
2455 2261 2660 2319 audire
2705 2261 2955 2320 festinat.
3011 2261 3116 2320 Cui
3159 2277 3254 2320 me
3289 2262 3540 2322 breviter
3573 2263 3680 2323 hoc
3715 2279 3839 2323 res-

2125 2353 2377 2428 pondere
2403 2351 2670 2423 sufﬁciat,
2707 2352 2986 2426 quoniam
3018 2359 3075 2411 et
3109 2351 3291 2411 Maria
3320 2359 3374 2411 et
3409 2352 3660 2412 Joannes
3689 2354 3841 2429 Bap-

2127 2442 2257 2500 tista
2313 2442 2664 2501 miraculum
2711 2442 2918 2500 fecisse
2963 2457 3080 2501 non
3122 2442 3414 2515 leguntur,
3461 2458 3593 2503 cum
3647 2451 3838 2504 tamen

2125 2546 2333 2589 eorum
2383 2530 2500 2588 vita
2551 2545 2668 2588 non
2727 2529 2984 2603 qualibet
3031 2531 3334 2604 scriptura,
3380 2531 3478 2590 sed
3521 2529 3842 2607 Evangelio

2128 2625 2383 2688 testante,
2429 2624 2714 2677 narretur.
2765 2617 3111 2692 Quanquam
3169 2618 3350 2677 Maria
3401 2620 3467 2678 in
3504 2619 3626 2679 solo
3671 2627 3840 2694 partu

2127 2725 2301 2783 quem
2331 2708 2531 2779 edidit,
2563 2709 2831 2766 omnium
2882 2708 3084 2781 procul
3135 2708 3313 2767 dubio
3346 2714 3677 2768 sanctorum
3717 2709 3838 2768 vir-

2125 2806 2278 2857 tutes
2316 2814 2381 2855 ac
2433 2799 2597 2870 signa
2653 2797 2950 2870 praecellit.
3002 2797 3125 2856 Hoc
3171 2798 3341 2856 etiam
3379 2798 3651 2868 inseram,
3699 2797 3839 2874 quia

2126 2889 2449 2947 uberiorem
2510 2890 2763 2948 fructum
2820 2887 3039 2963 prmbet
3088 2886 3462 2947 audientibus
3506 2883 3653 2942 496
3700 2902 3836 2944 san-

2123 2983 2343 3035 ctorum
2380 2977 2640 3036 virorum
2694 2976 2983 3035 mirabilis
3018 2977 3136 3034 vita
3173 2991 3346 3049 quam
3389 2981 3616 3034 ostensa
3657 2977 3836 3034 mira-

2123 3065 2270 3124 cula.
2318 3064 2425 3122 Illa
2470 3065 2756 3139 siquidem
2808 3065 2990 3137 exigit
3039 3063 3441 3134 imitationem,
3495 3065 3606 3122 ista
3653 3065 3837 3124 solam

2122 3155 2400 3229 ingerunt
2449 3154 2915 3214 admirationem.
2974 3153 3254 3212 Miracula
3305 3153 3507 3211 docent
3547 3154 3839 3227 quomodo

2119 3243 2208 3302 illi
2260 3245 2443 3303 sancti
2490 3245 2764 3316 fuerunt;
2807 3244 2926 3302 vita
2978 3259 3113 3302 vero
3161 3244 3419 3302 insinuat
3473 3244 3723 3318 qualiter
3781 3251 3839 3304 et

2120 3348 2276 3392 nunc
2337 3334 2605 3391 homines
2664 3334 2788 3392 fieri
2855 3332 3087 3391 valeant
3134 3334 3333 3390 sancti.
3386 3331 3671 3391 Praeterea
3733 3332 3838 3408 qui

2122 3421 2468 3480 miraculum
2503 3422 2742 3496 quaeris,
2779 3436 2970 3479 nonne
2999 3419 3098 3477 tibi
3141 3419 3371 3478 videtur
3396 3436 3518 3479 esse
3547 3420 3836 3494 mirabile,

2120 3514 2420 3570 hominem
2478 3509 2671 3582 fragili
2721 3511 2913 3568 adhuc
2948 3526 3116 3567 carne
3159 3508 3600 3581 circumdatum,
3647 3517 3712 3568 ut
3757 3511 3840 3570 ita

2121 3602 2343 3677 loquar,
2377 3602 2668 3674 angelitus
2703 3603 2918 3672 vivere,
2949 3603 3091 3658 adeo
3119 3609 3184 3658 ut
3219 3601 3372 3658 inter
3401 3601 3839 3674 quamplurima.

2121 3690 2427 3749 hominum
2459 3689 2644 3747 millia
2678 3689 2780 3747 vix
2811 3705 2998 3747 unum
3026 3689 3153 3761 ejus
3185 3688 3437 3746 similem
3467 3689 3659 3747 valeas
3676 3705 3838 3763 repe-

2118 3778 2230 3836 rire
2255 3777 2282 3836 ?
2312 3778 2380 3836 Et
2409 3786 2557 3837 certe
2594 3793 2768 3852 quam
2813 3776 3008 3850 plures
3046 3777 3329 3850 hodieque
3361 3785 3496 3836 sunt
3541 3777 3838 3837 inferioris

2119 3869 2270 3940 vitae,
2314 3885 2414 3943 per
2469 3884 2614 3942 quos
2661 3868 2818 3926 Deus
2848 3867 3214 3941 omnipotens
3259 3868 3529 3941 dignatur
3587 3868 3834 3928 virtutes

2115 3959 2433 4018 ostendere.

2185 4047 2323 4106 Jesu
2355 4054 2511 4117 teste,
2542 4063 2658 4105 non
2696 4047 2964 4118 mentior,
2994 4046 3131 4121 quia
3171 4045 3418 4105 necdum
3456 4052 3570 4104 tres
3603 4061 3834 4104 menses

2116 4138 2291 4211 elapsi
2327 4145 2487 4209 sunt,
2531 4154 2604 4196 ex
2655 4153 2771 4210 quo
2823 4138 2892 4196 ad
2955 4154 3067 4209 me,
3113 4137 3173 4195 in
3219 4137 3511 4212 Gamugni
3557 4137 3828 4196 videlicet

2115 4243 2306 4286 eremo
2332 4228 2739 4299 diversantem,
2768 4228 2884 4287 duo
2917 4229 3305 4288 adolescentes
3343 4228 3611 4286 monachi
3644 4243 3825 4287 vene-

2115 4327 2272 4389 runt,
2336 4335 2590 4392 quorum
2631 4320 2776 4376 alter
2823 4320 2893 4376 de
2943 4319 3233 4392 Spoletina
3281 4319 3615 4378 monarchia
3658 4317 3824 4389 (346),

2113 4409 2257 4466 alter
2310 4424 2442 4466 vero
2493 4407 2563 4465 de
2609 4407 2867 4466 Venetiae
2914 4409 3192 4481 partibus,
3227 4408 3454 4466 Polensi
3483 4408 3631 4480 (347)
3664 4407 3828 4465 vide-

317 4493 458 4554 item
498 4497 914 4570 superaddidit,
948 4505 1009 4556 ut
1055 4497 1282 4557 duobus
1317 4499 1374 4555 in
1411 4499 1592 4566 coxis,
1634 4498 1861 4558 duobus
1889 4516 2028 4560 con-
2052 4469 2246 4556 Dlicet
2286 4499 2450 4569 urbe,
2491 4499 2765 4556 oriundos
2803 4515 2862 4556 se
2901 4469 3024 4556 esse
3062 4499 3354 4557 dixerunt.
3391 4495 3502 4555 Sed
3548 4495 3825 4567 Venetus,

314 4591 622 4658 sequenter
669 4585 729 4644 in
775 4587 1048 4646 cruribus
1079 4587 1476 4659 stringeretur.
1511 4587 1684 4645 Enim
1725 4605 1858 4648 vero
1890 4590 2028 4648 lori-

317 4690 432 4746 cas,
484 4676 702 4751 quibus
754 4678 1023 4737 utebatur
1090 4686 1364 4752 tanquam
1443 4679 1629 4737 cilicia
1703 4680 1788 4737 vel
1864 4680 2030 4738 lanea

318 4765 598 4838 quaelibet
627 4767 989 4840 indumenta,
1024 4776 1149 4843 post
1189 4785 1435 4839 menses,
1468 4769 1590 4826 sive
1621 4777 1746 4842 post
1776 4772 2027 4842 spatium

318 4854 610 4929 prolixius
674 4855 964 4927 abluebat,
1031 4861 1097 4914 nt
1173 4857 1504 4929 rubiginem
1565 4858 1916 4930 deponerent
1975 4868 2029 4918 et

313 4945 492 5005 aridis
516 4945 895 5019 ingerendam
921 4946 1199 5005 membris
1238 4947 1541 5005 uredinem
1587 4963 1700 5004 non
1728 4947 2024 5007 haberent.

320 5035 496 5094 Porro
533 5039 726 5094 autem
764 5050 897 5094 cum
936 5051 1138 5093 omnes
1171 5035 1271 5109 qui
1316 5035 1374 5092 in
1410 5034 1639 5092 cellulis
1677 5035 2026 5108 habitamus,

323 5124 428 5183 hoc
455 5122 837 5193 elaboremus,
871 5130 934 5181 ut
974 5139 1078 5196 pro
1109 5123 1444 5182 muniendis
1480 5140 1513 5180 a
1541 5123 1752 5196 frigore
1787 5126 2030 5198 pedibus

315 5212 658 5271 vestimenta
706 5227 894 5288 usque
941 5213 1011 5270 ad
1059 5213 1245 5270 imum
1298 5213 1555 5270 defluant
1608 5214 2029 5287 pavimentum,

381 5364 517 5422 (345i
569 5364 630 5416 ld
689 5367 788 5426 est,
855 5366 912 5417 ni
967 5364 1142 5424 fallor,
1212 5367 1285 5416 ait
1346 5365 1698 5425 Mabillonius,
1759 5365 2027 5431 symbolo,

322 5434 466 5499 quod
497 5435 596 5486 sub
625 5437 888 5490 Athanasii
918 5437 1138 5489 nomine
1174 5435 1340 5500 vulgo
1373 5440 1559 5489 notum
1582 5445 1679 5490 est.

394 5505 534 5568 (346)
557 5504 753 5569 Nempe
783 5520 851 5559 ex
882 5508 1080 5572 Spoleti
1115 5508 1326 5561 ducatu.

393 5578 526 5644 (347)
589 5575 714 5632 Pola
777 5581 909 5633 urbs
980 5579 1192 5632 Histriae
1255 5579 1581 5647 episcopalis
1643 5579 1744 5633 sub
1804 5581 2034 5636 Veneto-

2117 4588 2398 4646 vocabulo
2447 4588 2714 4657 Michael,
2752 4587 2899 4645 sicut
2930 4586 3097 4645 nobis
3144 4587 3204 4644 in
3241 4586 3600 4646 confessione
3628 4585 3827 4660 perhi-

2114 4675 2260 4746 buit,
2329 4677 2386 4733 in
2446 4676 2570 4749 ipso
2626 4691 2751 4733 sum
2807 4675 3206 4734 conversionis
3266 4675 3451 4744 initio,
3495 4674 3714 4733 circulo
3767 4689 3828 4733 se

2115 4765 2301 4823 ferreo
2356 4766 2464 4822 sub
2517 4767 2622 4822 hac
2675 4764 2946 4823 desiderii
3001 4765 3092 4824 sui
3146 4765 3408 4839 pactione
3456 4763 3824 4830 constrinxit,

2116 4871 2323 4926 rogans
2376 4856 2478 4912 Dei
2535 4854 2949 4928 omnipotentis
3021 4855 3237 4914 obnixe
3308 4854 3695 4922 clementiam,
3763 4861 3827 4913 ut

2112 4962 2242 5004 cum
2276 4947 2464 5004 locum
2497 4946 2669 5004 saluti
2697 4963 2820 5006 sua:
2848 4963 3168 5021 congruum
3202 4947 3492 5020 reperiret,
3520 4946 3827 5006 confestim

2112 5036 2210 5093 ille
2247 5033 2502 5092 circulus
2550 5036 2927 5109 frangeretur.
2976 5035 3152 5095 Porro
3179 5042 3372 5094 autem
3414 5035 3539 5108 ipso
3571 5034 3665 5093 die
3708 5049 3828 5108 quo

2113 5138 2374 5182 eremum
2407 5138 2596 5180 novus
2639 5125 2842 5197 hospes
2887 5124 3182 5193 ingressus
3213 5131 3319 5194 est,
3355 5122 3456 5182 vix
3482 5128 3610 5197 post
3649 5121 3826 5180 trium

2117 5208 2395 5266 horarum
2423 5209 2696 5281 spatium,
2728 5209 2868 5266 dum
2904 5209 2962 5266 in
3003 5209 3065 5266 B.
3102 5208 3400 5266 Benedicti
3429 5207 3651 5280 regula,
3679 5205 3826 5264 sicut

2114 5371 2232 5410 rum
2288 5359 2571 5422 dominio;
2625 5359 2858 5423 ideoque
2907 5357 3122 5411 Venetus
3173 5359 3260 5411 hic
3313 5358 3614 5412 monachus
3651 5370 3688 5411 ι
3736 5357 3825 5410 Da-

2112 5430 2293 5482 miano
2347 5431 2678 5489 nominatur,
2736 5429 2805 5481 de
2869 5443 2975 5495 quo
3024 5430 3227 5484 mentio
3276 5427 3424 5484 facta
3459 5432 3544 5483 est
3592 5429 3651 5482 in
3695 5428 3807 5481 hs

2131 5502 2297 5566 tyrol.
2327 5501 2564 5556 Memrdi
2587 5504 2641 5554 et
2661 5501 2937 5557 Bucelltni.
