4088 6210
299 246 426 307 1021

1218 248 1399 309 VITA
1442 248 1544 309 SS.
1587 249 1969 310 BODULPHI
2008 250 2103 309 ΕΤ
2142 251 2480 312 DOMINIGI
2518 254 2891 315 LOBIGA'I‘I.

3667 259 3809 321 1022

290 381 378 433 est
439 373 637 443 idiota,
710 379 1005 445 utcunque
1074 375 1403 448 syllabatim
1473 376 1701 447 legeret,
1772 378 2076 450 repenteA
2106 391 2221 434 nus
2280 378 2501 436 addidit
2550 398 2563 436 :
2617 383 2739 451 Ipse
2794 382 2952 437 dabit
3010 384 3267 438 virtutem
3327 385 3378 435 et
3430 384 3813 450 fortitudinem

290 462 753 534 compunctionis
822 479 958 521 eum
1026 464 1262 536 spiritus
1330 466 1388 521 in
1469 464 1754 538 lacrymas
1815 463 2006 535 solvit,

289 549 611 623 eodemque
665 559 958 608 momento
1018 551 1269 609 circulus
1321 552 1418 610 ille
1460 552 1675 609 fractus
1720 551 2003 625 apparuit.

289 640 453 711 Quod
482 640 856 710 miraculum,
888 642 1167 714 quoniam
1197 642 1336 699 alibi
1356 644 1474 717 jam
1506 659 1612 700 nos
1638 643 2008 715 descripsisse

288 727 688 797 meminimus,
730 727 991 786 celeriter
1024 737 1502 800 transcurrentes,
1537 745 1787 803 sequens
1824 730 2007 801 aliud,

287 816 446 892 quod
495 816 743 877 necdum
790 817 994 876 litteris
1044 817 1325 876 insertum
1376 826 1479 890 est,
1517 818 1873 878 enucleatius
1918 819 2008 876 di-

289 920 582 977 geramus.

940 1033 1183 1093 CAPUT
1214 1034 1344 1093 XII.

602 1149 665 1201 B.
703 1147 829 1201 Viri
852 1147 911 1200 in
936 1144 1209 1199 domanda
1235 1161 1395 1199 carne
1419 1161 1685 1200 excessus.

362 1267 544 1328 Paulo
576 1273 702 1342 post
732 1282 983 1340 namque
1016 1268 1358 1327 Ravennam
1388 1268 1723 1338 urbem,me
1744 1268 2003 1342 jubente,

290 1357 567 1431 perrexit,
594 1364 658 1415 ut
707 1356 933 1415 reculas
977 1372 1113 1414 suas
1161 1363 1334 1430 atque
1380 1356 1721 1426 sarcinulas,
1742 1372 1885 1429 quas
1924 1354 2007 1413 ibi

288 1446 361 1504 de
396 1448 532 1504 navi
572 1446 842 1519 prodiens
886 1445 1220 1519 reliquerat,
1259 1453 1603 1518 exportaret.
1648 1445 1776 1504 Illic
1813 1447 2005 1519 itaque

287 1533 443 1609 apud
510 1533 743 1592 fabriles
804 1532 1063 1591 olliciuas
1138 1548 1286 1591 nova
1349 1534 1670 1591 t'erreorum
1739 1549 2004 1591 nexuum

288 1629 646 1681 armamenta
708 1622 1011 1692 conﬁnxit,
1079 1623 1397 1697 multisque
1457 1640 1516 1679 se
1591 1623 1842 1681 vinculis
1906 1638 2005 1695 per

291 1710 522 1769 diversa
552 1710 811 1768 membra
844 1711 966 1784 ipse
996 1709 1227 1769 sibimet
1252 1710 1436 1784 judex
1467 1718 1521 1768 et
1551 1727 1685 1769 reus
1719 1710 2066 1802 violentch

290 1800 550 1857 arctavit.
616 1800 763 1858 Nam
824 1800 939 1859 duo
1006 1799 1404 1873 dependebant
1477 1798 1712 1857 vincula
1783 1798 2005 1856 cervice

292 1893 463 1946 tenus
528 1903 631 1961 per
684 1888 956 1945 humeros
1018 1887 1382 1954 altrinsecus,
1447 1886 1581 1942 hinc
1646 1886 1718 1943 ad
1776 1902 2003 1954 sexum,

292 1977 455 2035 illinc
524 1992 709 2048 usque
759 1975 829 2032 ad
888 1976 1111 2045 femur;
1170 1977 1315 2033 duos
1378 1991 1514 2033 vere
1572 1975 1631 2031 in
1705 1974 2008 2031 coxalibus

291 2064 559 2136 circulos,
590 2064 735 2122 duos
766 2064 1020 2136 suscepit
1046 2064 1107 2121 in
1142 2064 1320 2121 ulnis.
1368 2062 1640 2137 Undique
1675 2062 1852 2134 igitur
1890 2069 2004 2119 tam

290 2154 600 2228 multiplici
680 2152 1082 2211 constrictionc
1150 2151 1419 2220 vallatus,
1490 2152 1563 2208 ad
1649 2166 1755 2208 nos
1839 2150 2009 2208 rediit

291 2250 523 2311 secrete,
564 2240 715 2315 quod
769 2241 917 2298 circa
974 2255 1034 2297 se
1087 2240 1301 2298 factum
1358 2247 1477 2297 erat
1522 2239 1807 2307 ostendit;
1862 2252 2007 2295 neve

290 2332 448 2407 quod
504 2332 713 2391 fecerat
764 2331 1157 2400 immutarem,
1190 2330 1294 2388 vix
1339 2329 1570 2387 tandem
1617 2328 1735 2386 voti
1775 2343 2009 2400 compos

291 2421 562 2481 obtinuit.
607 2419 719 2479 Sed
764 2434 899 2477 cum
943 2419 1065 2476 haec
1120 2417 1290 2477 illum
1334 2418 1485 2476 ultra
1527 2417 1682 2475 vires
1728 2421 2009 2475 tormenta

290 2516 622 2583 gravarent,
682 2513 738 2565 et
799 2522 874 2565 ex
934 2505 1144 2565 attritis
1216 2506 1488 2565 carnibus
1556 2506 1795 2580 jamjam
1860 2506 2007 2563 fetor

291 2607 642 2676 erumperet,
680 2600 921 2672 insuper
970 2597 1226 2669 accessit,
1264 2598 1421 2673 quod
1475 2614 1572 2656 cor
1629 2597 1821 2656 fratris
1877 2597 2006 2671 glo-

293 2692 442 2751 riam
468 2689 792 2763 respuentis
828 2687 1020 2749 acrius
1057 2686 1433 2759 perturbavit.
1477 2686 1663 2760 C(Bpit
1692 2686 1852 2745 enim
1892 2688 2005 2746 hu-

286 2780 386 2852 jus
416 2778 677 2852 mysterii
719 2779 869 2835 fama
906 2791 1300 2850 prorumpere,
1328 2781 1383 2834 et
1408 2777 1569 2850 prius
1596 2792 1698 2850 per
1740 2778 2004 2848 fratrum,

2094 469 2249 538 plebi
2287 485 2398 524 sua:
2440 471 2605 538 (Psal.
2640 471 2845 540 LXVII).
2880 469 3005 529 Non
3040 469 3120 527 ait
3154 468 3340 542 signa,
3368 469 3492 527 sive
3528 472 3805 545 prodigia,

2100 558 2196 615 sed
2226 557 2347 630 ipse
2374 557 2533 614 dabit
2558 558 2911 616 virtutemet
2937 556 3355 616 fortitudinem.

2171 644 2451 703 Praeterea
2495 661 2624 703 cum
2678 645 2980 703 Romanus
3024 646 3284 719 quidam,
3326 644 3651 719 Stephanus
3701 664 3808 707 no-

2098 733 2272 799 mine,
2293 734 2480 805 judex
2507 733 2655 791 sacri
2684 733 2882 806 palatii
2916 748 3209 792 summam
3240 734 3581 806 prmsidatus
3617 736 3805 795 admi-

2099 822 2368 880 nistraret
2416 823 2687 895 Auximi,
2753 823 3023 896 exigente
3088 838 3276 893 causa,
3342 822 3681 884 Dominicus
3734 825 3806 884 ad

2097 927 2232 971 eum
2296 911 2476 983 venit,
2512 927 2768 987 eumque
2826 928 3002 986 super
3050 911 3301 987 quadam
3349 915 3529 971 eremi
3583 929 3808 987 posses-

2097 1003 2282 1073 sione,
2343 1018 2523 1077 quam
2578 1018 2653 1061 ex
2704 1002 2839 1076 jure
2898 1000 3051 1060 sedis
3100 1002 3428 1075 apostolicae
3496 1003 3809 1074 detinebat,

2093 1092 2311 1150 obnixe
2344 1093 2585 1165 rogavit.
2616 1092 2799 1162 Quem
2826 1092 2929 1149 ille
2954 1097 3149 1165 utpote
3178 1091 3345 1151 nulla
3370 1092 3625 1152 vestium
3651 1108 3806 1153 com-

2095 1180 2382 1253 positione
2421 1181 2713 1251 festivum,
2746 1180 3069 1254 despiciens
3107 1181 3352 1254 sprevit;
3400 1181 3570 1255 eique
3598 1181 3685 1240 nil
3708 1197 3806 1242 eo-

2098 1284 2233 1326 rum
2268 1284 2402 1341 quze
2441 1267 2726 1342 poscebat,
2758 1267 3023 1327 indulsit.
3060 1267 3325 1341 Cumque
3354 1268 3464 1326 sibi
3493 1284 3527 1326 a
3560 1268 3806 1328 circum-

2093 1355 2380 1414 stantibus
2427 1355 2719 1414 diceretur
2751 1376 2763 1415 :
2816 1356 2946 1415 Noli
2980 1373 3118 1416 eum
3151 1365 3268 1414 tam
3306 1356 3451 1415 dure
3490 1357 3804 1431 suscipere,

2090 1454 2323 1503 sanctus
2374 1447 2531 1503 enim
2586 1448 2673 1503 vir
2731 1453 2832 1504 est.
2899 1446 3004 1504 Ille
3064 1453 3341 1521 tanquam
3392 1446 3468 1504 fel
3506 1462 3801 1518 evomens,

2090 1535 2169 1592 ait
2228 1553 2241 1593 :
2305 1535 2389 1593 Sit
2444 1542 2696 1605 sanctus,
2753 1541 2817 1592 ut
2882 1533 3063 1592 vultis
3118 1552 3130 1591 :
3190 1534 3289 1590 scd
3346 1535 3548 1592 beatus
3600 1534 3806 1594 Petrus

2094 1631 2246 1681 certe
2293 1624 2543 1682 sanctior
2582 1632 2686 1689 est,
2747 1626 2914 1698 cujus
2961 1639 3065 1696 ego
3105 1638 3337 1681 causam
3376 1623 3435 1681 in
3474 1623 3579 1683 hac
3614 1623 3805 1683 admi-

2091 1713 2436 1771 nistratione
2484 1712 2752 1770 defendo.
2784 1711 2969 1785 Igitur
3013 1712 3201 1785 impos
3245 1710 3418 1785 coepti
3467 1711 3807 1772 Dominicus

2095 1804 2240 1863 redit
2288 1805 2359 1863 ad
2412 1805 2715 1872 cellulam;
2753 1805 2850 1863 ille
2898 1820 3132 1880 quoque
3174 1813 3300 1878 post
3350 1806 3658 1881 paululum
3707 1821 3805 1865 re-

2094 1911 2297 1953 versus
2334 1903 2419 1953 est
2460 1895 2727 1953 Romam.
2765 1894 2942 1952 Porro
2974 1910 3117 1966 puer
3153 1895 3392 1968 quidam
3430 1896 3578 1966 (348)
3616 1894 3805 1969 despi-

2096 1983 2320 2054 cabilis,
2349 1983 2451 2056 qui
2501 1983 2571 2040 ad
2605 1982 3044 2056 exsequendum
3087 1983 3473 2057 quodcunque
3511 1981 3808 2055 negotium

2096 2071 2159 2130 in
2214 2071 2717 2129 administratione
2774 2072 3073 2141 remansit,
3131 2072 3416 2145 quidquid
3468 2071 3807 2133 Dominicus

2093 2163 2333 2234 petierat
2358 2177 2394 2218 a
2414 2161 2630 2234 judice,
2658 2168 2865 2220 cuncta
2906 2168 3233 2220 reverenter
3277 2161 3562 2235 implevit.
3609 2160 3800 2222 Judex

2093 2259 2286 2310 autem
2334 2267 2451 2310 non
2480 2252 2583 2309 diu
2612 2260 2916 2325 postquam
2964 2253 3037 2310 ad
3074 2252 3306 2327 propria
3348 2252 3663 2327 repedavit,
3692 2252 3800 2312 ho-

2094 2339 2327 2399 stilibus
2360 2337 2571 2412 gladiis
2600 2339 2897 2412 perfossus
2922 2338 3164 2410 interiit,
3190 2339 3519 2414 multasque
3548 2337 3805 2413 divitias,

2094 2431 2232 2505 quia
2263 2427 2523 2487 sobolem
2554 2441 2673 2485 non
2698 2425 2964 2499 habebat,
2988 2425 3284 2486 extraneis
3324 2426 3656 2489 haeredibus
3700 2427 3803 2486 de-

2092 2519 2349 2594 reliquit.

2164 2611 2303 2668 Erat
2331 2616 2609 2684 praaterea
2636 2608 2977 2669 Dominicus
3000 2608 3168 2667 valde
3192 2613 3395 2668 cautus
3420 2608 3480 2668 in
3509 2609 3719 2681 verbis,
3740 2615 3807 2670 ut

2089 2707 2220 2774 apte
2250 2699 2363 2757 sibi
2393 2707 2737 2773 congrueret
2762 2698 2864 2759 illa
2897 2699 3204 2769 sententia,
3237 2715 3354 2773 qua
3393 2698 3642 2759 Jacobus
3665 2715 3803 2773 apo-

2093 2789 2278 2850 stolus
2316 2789 2400 2847 ait
2428 2814 2438 2844 :
2472 2792 2537 2847 Si
2562 2793 2689 2860 quis
2716 2792 2777 2845 in
2802 2789 2962 2845 uerbo
2994 2806 3103 2846 non
3132 2790 3380 2861 ofendit,
3413 2792 3500 2846 hic
3528 2792 3805 2863 perfectus

290 2866 502 2925 deinde
522 2882 736 2941 perora
765 2864 1303 2940 supervenientium
1327 2864 1722 2938 quorumlibet
1742 2864 2002 2925 volitare.
2092 2884 2172 2935 est
2212 2882 2301 2933 vir
2346 2881 2480 2945 (Jac.
2534 2880 2640 2946 ιιι).
2694 2875 2840 2934 Nam
2890 2876 2939 2935 si
2993 2875 3226 2950 quando
3281 2874 3456 2937 etiam
3509 2890 3799 2950 quan-ere-

292 2953 541 3029 Rogavit
584 2954 779 3029 itaque
821 2951 1235 3026 omnipotentis
1273 2951 1378 3011 Dei
1420 2952 1902 3024 misericordiam,
1944 2962 2008 3012 ut
2095 2972 2209 3037 tur,
2253 2970 2429 3037 quoia
2458 2963 2577 3023 diei
2618 2964 2761 3022 hora
2806 2970 2974 3035 esset,
3012 2977 3315 3037 nunquam
3353 2963 3614 3026 absolute
3645 2965 3803 3025 dice.

290 3042 792 3149 4.9?”quidvsibi
837 3061 1011 3149 super
1063 3048 1172 3149 hoc
1215 3052 1419 3149 cmpto‘
1444 3045 1709 3149 pla‘ce're-t,
1740 3059 1841 3143 per
1881 3058 2068 3149 διιεΒο
2091 3054 2207 3126 bat,
2236 3060 2353 3113 tota
2402 3060 2486 3113 est
2504 3076 2522 3149 _;
2581 3053 2681 3111 sed
2722 3050 2870 3111 498
2922 3066 3057 3111 cum
3110 3053 3502 3149 additamenta
3540 3070 3799 3149 semper,

291 3133 527 3193 virtutis
558 3133 847 3193 indicium
882 3135 1184 3194 evidenter
1222 3135 1562 3194 ostenderet.
1592 3132 1831 3191 Interim
1868 3132 2068 3191 vero“
2092 3160 2267 3221 prope
2309 3145 2474 3204 tertia
2504 3144 2646 3204 hora
2667 3152 2773 3216 est,
2804 3159 2981 3217 prope
3020 3149 3183 3202 sexta
3220 3143 3361 3205 hora
3397 3150 3500 3203 ρει,
3540 3143 3799 3221 Ιηριιίεί-

290 3222 433 3281 dum
490 3222 828 3296 hujusmodi
874 3224 1142 3298 precibus
1192 3225 1524 3295 frequenter
1568 3223 1875 3291 insisteret,
1918 3221 2006 3279 bis
2088 3241 2185 3293 ius
2234 3251 2268 3292 δ
2326 3249 2420 3292 me
2469 3248 2574 3292 cur
2615 3249 2843 3306 semper
2894 3234 2976 3291 ita
3016 3230 3237 3291 diceret
3271 3250 3287 3289 :
3323 3231 3387 3290 In
3427 3233 3555 3303 hoc,
3586 3233 3799 3308 inquit,

288 3328 393 3386 1391‘
430 3311 727 3370 somnium
775 3312 1132 3371 confortatus
1172 3311 1438 3371 ἃυάίνίῐε
1474 3312 1609 3383 αιιὶίι
1662 3310 2007 3368 ferramenta
2085 3324 2457 3383 mendacium
2501 3337 2698 3380 caveo.
2729 3320 2876 3381 Nam
2907 3322 3032 3381 sive
3061 3321 3136 3381 sit
3168 3322 3310 3380 hora
3349 3327 3649 3395 transacta,
3680 3324 3804 3383 sive

289 3400 391 3459 illa
425 3401 547 3474 jam
605 3406 793 3459 essent
847 3401 1134 3459 divinitus
1188 3400 1453 3458 resoluta.
1479 3399 1654 3458 Porro
1690 3405 1883 3457 autem
1906 3486 1915 3487 ί
1939 3397 2003 3455 in
2085 3413 2279 3470 adhuc
2307 3410 2563 3470 fortassis
2593 3410 2915 3479 immineat,
2948 3410 3275 3485 propinqua
3301 3417 3494 3469 tamen
3527 3418 3631 3482 est,
3663 3427 3800 3487 qua;

287 3488 598 3547 festivitate
644 3489 943 3547 beatorum
987 3489 1377 3563 apostolorum
1424 3487 1679 3547 Simonis
1718 3493 1773 3544 et
1811 3486 1999 3557 Judae,
2085 3500 2355 3559 videlicet
2409 3515 2443 3558 θ
2500 3506 2794 3558 momento
2850 3500 2911 3557 in
2958 3513 3073 3573 quo
3114 3498 3431 3574 loquimur,
3484 3515 3597 3558 non
3632 3486 3797 3560 e103-

287 3592 467 3650 quam
507 3578 845 3650 nuperrime
883 3577 1327 3647 celebravimus,
1365 3576 1506 3634 dum
1542 3583 1828 3634 nocturno
1866 3591 2002 3633 cum

283 3668 559 3726 fratribus
608 3669 909 3725 interesset
970 3668 1179 3739 ofﬁcio,
1218 3675 1451 3742 repente
1500 3668 1615 3725 duo
1667 3666 1767 3724 illa
1823 3667 2000 3724 ferra—

284 3762 480 3815 menta
517 3772 652 3829 quae
690 3772 865 3829 super
900 3757 1171 3815 humeros
1213 3757 1395 3829 posita
1439 3754 1717 3829 utrinque
1754 3754 2003 3812 inferius

283 3845 708 3919 dependebant,
738 3851 1115 3919 ventremque
1161 3860 1296 3903 cum
1334 3844 1572 3902 renibus
1618 3843 1997 3909 coarctabant,

280 3949 519 4008 pnorsus
567 3932 797 3991 effracta
835 3940 994 4001 sunt,
1021 3940 1078 3989 et
1113 3949 1295 3991 unum
1344 3934 1399 3990 in
1438 3933 1603 4002 duas,
1634 3932 1880 3989 alterum
1936 3932 1998 3989 in

284 4032 399 4082 tres
425 4022 682 4081 divisum
714 4029 798 4080 est
824 4031 1032 4095 partes.
1067 4022 1272 4080 Caeteri
1312 4038 1448 4080 vero
1478 4022 1680 4080 circuli
1714 4037 1829 4079 non
1862 4021 1999 4095 qui-

281 4114 413 4172 dem
444 4127 549 4186 per
577 4118 768 4185 partes
809 4112 1061 4184 abrupti,
1114 4113 1211 4170 scd
1244 4112 1321 4170 ita
1358 4113 1533 4171 laxati
1575 4118 1729 4180 sunt,
1762 4116 1816 4169 et
1851 4126 1998 4185 qua-

281 4202 417 4260 dam
446 4200 589 4267 facti.
607 4208 745 4259 sunt
774 4200 997 4258 mollita
1024 4200 1258 4259 lenitate
1286 4202 1593 4267 ﬂexibiles,
1624 4208 1685 4259 ut
1714 4200 1995 4273 quodam-

280 4293 453 4351 modo
483 4307 599 4349 non
632 4300 742 4348 tam
776 4293 948 4350 ferrei
980 4307 1154 4366 quam
1183 4291 1441 4365 plumbei
1475 4290 1828 4354 viderentur,
1854 4288 1998 4345 adeo

281 4391 347 4442 ut
402 4381 575 4439 etiam
618 4380 667 4438 si
703 4382 877 4440 vellet
917 4382 1304 4440 deﬂuentibus
1350 4382 1434 4437 eis
1464 4396 1528 4436 ac
1563 4378 1998 4453 prolabentibus

280 4470 596 4543 astringere
648 4486 726 4535 se,
779 4470 929 4528 ultra
980 4487 1095 4528 non
1145 4476 1352 4544 posset.
1390 4469 1484 4526 Sic
1531 4452 1612 4525 sic
1654 4469 1846 4534 frater,
1892 4452 2058 4541 quiD

282 4566 495 4620 sancta:
525 4559 850 4618 devotionis
880 4561 1150 4618 mstuanti
1179 4560 1364 4617 fuerat
1393 4556 1597 4615 ardore
1625 4555 1991 4625 constrictus,

285 4651 382 4724 pio
428 4649 529 4707 Dei
561 4648 782 4722 judicio
811 4657 894 4705 est
933 4649 1271 4707 mirabiliter
1292 4648 1618 4705 absolutus.
1660 4645 1808 4715 Quid
1860 4660 1996 4717 ergo

288 4752 569 4811 magnum
604 4739 652 4793 si
687 4752 788 4810 per
817 4737 1207 4805 Dominicum,
1241 4736 1567 4793 mirabilem
1608 4734 1871 4792 videlicet
1903 4733 1995 4791 vi-

288 4841 442 4897 rum,
480 4825 712 4898 signum
741 4824 975 4900 aliquod
1010 4825 1163 4882 Deus
1202 4824 1478 4882 voluisset
1514 4823 1830 4892 ostendere,
1862 4838 1995 4880 cum

289 4915 350 4974 in
397 4917 523 4989 ipso
572 4914 665 4972 sui
707 4914 965 4989 tirocinii
1000 4914 1239 4971 exordio
1286 4928 1387 4984 per
1426 4914 1585 4971 hunc
1615 4913 1995 4985 juvenculum

288 5003 404 5063 duo
432 5002 713 5061 miracula
743 5003 1012 5074 dignatus
1041 5008 1126 5059 est
1154 5000 1456 5070 exhibere,
1481 5019 1615 5060 cum
1646 5003 1998 5061 laudabilius

289 5092 363 5151 sit
416 5092 584 5151 fortia
636 5093 920 5167 peregisse
970 5107 1145 5166 quam
1202 5092 1399 5150 nova?
1437 5092 1596 5151 Unde
1640 5094 1823 5153 David
1865 5110 1998 5153 cum

295 5181 669 5254 pmmisisset
712 5205 725 5239 :
784 5183 1061 5239 Mirabilis
1111 5186 1251 5238 Deus
1288 5184 1346 5236 in
1390 5185 1594 5238 sanctis
1632 5187 1785 5251 suis;
1829 5184 2001 5260 proti-

356 5332 491 5396 (348)
566 5332 678 5385 Hoc
754 5332 807 5384 in
878 5332 998 5384 loco
1073 5332 1232 5392 pueri
1298 5335 1517 5387 nomine
1592 5334 2004 5399 intelligendum

294 5414 420 5457 esse
490 5402 747 5468 ignobilis
812 5404 1139 5456 conditionis
1212 5403 1541 5467 ministrum,
1617 5407 1835 5461 adnotat
1900 5408 2008 5461 Ma-

291 5474 563 5528 Milonius.

384 5546 500 5617 349)
573 5546 696 5599 Haec
754 5544 1172 5610 Quadragesima
1228 5544 1455 5611 intelligi
1519 5546 1679 5601 debet
1749 5550 1818 5603 de
1881 5548 2010 5609 Ona-

2082 3598 2417 3740 gaiilzi‘bebat
2455 3679 2770 3751 aliquando
2823 3678 3092 3740 cellulam
3139 3683 3306 3756 juxta
3360 3681 3799 3755 monasterium,

2085 3771 2242 3844 quod
2295 3769 2509 3828 dicitur
2562 3768 2962 3842 Conjunctuli.
2993 3769 3063 3828 In
3111 3770 3311 3844 vigilia
3358 3768 3563 3844 itaque
3600 3769 3803 3830 Domi-

2084 3861 2233 3919 nicm
2293 3858 2641 3930 Nativitatis,
2704 3875 2841 3919 cum
2900 3866 3014 3918 tota
3068 3860 3414 3935 praecedenti
3468 3861 3801 3935 Quadrage-

2084 3948 2231 4006 sima
2304 3946 2445 4020 (349)
2506 3947 2813 4005 mansisset
2873 3947 3158 4019 inclusus,
3216 3949 3501 4026 tantisque
3555 3949 3801 4024 jejuniis

2083 4045 2256 4111 atque
2292 4036 2591 4095 laboribus
2650 4044 2798 4095 esset
2821 4039 3194 4096 vehementer
3218 4038 3482 4109 afﬂictus,
3525 4038 3809 4099 invitante

2083 4126 2267 4199 gloria
2315 4125 2701 4184 solemnitatis
2748 4142 3036 4200 egressus,
3082 4126 3277 4185 abbati
3330 4127 3440 4186 loci
3493 4128 3801 4188 humiliter

2080 4214 2344 4288 procidit,
2404 4214 2635 4273 veniam
2690 4215 2875 4289 petiit,
2917 4223 3081 4273 actus
3135 4230 3269 4274 suos
3324 4221 3380 4274 et
3428 4215 3800 4289 cogitationes

2084 4304 2532 4378 lacrymabiliter
2574 4306 2882 4362 accusavit.
2911 4303 3018 4362 Ille
3062 4312 3279 4375 autem,
3316 4312 3382 4363 ut
3425 4309 3545 4364 erat
3580 4306 3794 4379 juven-

2087 4394 2282 4466 culus,
2314 4393 2463 4451 levis
2505 4393 2768 4452 moribus
2794 4402 2849 4452 ct
2880 4396 3135 4454 consiliis
3163 4395 3566 4468 spiritualibus
3593 4396 3793 4455 insue-

2086 4490 2197 4550 tus,
2229 4498 2362 4539 cum
2396 4482 2506 4540 sibi
2552 4483 2839 4541 sufﬁceret
2874 4500 3059 4542 unum
3102 4484 3391 4556 psalmum
3436 4484 3527 4541 vel
3562 4485 3791 4558 perexi-

2080 4588 2256 4644 guum
2327 4572 2470 4646 quid
2531 4569 2847 4643 imponere,
2900 4572 3171 4645 praecepit
3234 4579 3299 4630 ut
3361 4587 3464 4645 pro
3516 4571 3611 4631 his
3659 4590 3793 4648 quas

2079 4662 2374 4719 confessus
2426 4660 2628 4732 fuerat,
2662 4660 2894 4730 triginta
2952 4661 3219 4733 psalteria
3278 4661 3618 4723 decantaret.
3669 4663 3793 4733 Qua

2082 4749 2366 4809 nimirum
2396 4749 2497 4806 ille
2522 4748 2803 4807 sententia
2837 4749 2995 4807 velut
3025 4749 3227 4823 sagitta
3253 4751 3572 4824 perculsus,
3595 4752 3667 4809 ad
3699 4767 3797 4815 cor

2081 4838 2268 4905 rediit,
2300 4846 2470 4911 atque
2524 4838 2630 4895 hoc
2674 4838 3006 4910 provenisse
3054 4854 3130 4897 ex
3182 4839 3369 4898 divini
3420 4839 3794 4914 dispositione

2078 4925 2281 4998 judicii
2320 4925 2633 4999 deputavit.
2664 4924 2868 4998 Itaque
2899 4941 3192 4999 regressus
3217 4926 3279 4984 in
3305 4925 3601 4998 cellulam,
3635 4942 3790 4989 nun-

2083 5029 2258 5088 quam
2302 5014 2534 5087 prodiit,
2564 5014 2744 5073 donec
2787 5015 3098 5088 praefixum
3144 5014 3377 5075 indictae
3430 5016 3790 5091 paenitentiae

2084 5116 2365 5160 canonem
2391 5102 2809 5162 instantissime
2834 5103 3135 5164 sedulitate
3160 5106 3452 5180 persolvit.

2087 5341 2393 5405 drageslma
2442 5344 2492 5395 S.
2546 5343 2773 5407 Martini,
2832 5357 2950 5409 quas
2991 5345 3416 5411 protendebatur
3466 5346 3534 5401 ab
3581 5347 3790 5403 octavis

2088 5413 2329 5486 omnium
2357 5414 2701 5486 ASanctorum
2754 5428 2929 5482 usque
2990 5417 3057 5469 ad
3119 5416 3299 5473 Natale
3368 5418 3594 5473 Domini.
3664 5419 3790 5486 Ejus

2090 5483 2235 5608 10:36
2236 5484 2410 5610 113320
2443 5487 2699 5541 observat
2737 5486 2970 5542 Ecclesia
2997 5488 3281 5554 jejunium,
3318 5489 3465 5556 quod
3492 5483 3798 5557 appellitur
