4108 6206
297 287 434 351 1023

272 412 289 419 '
611 466 617 471 .
931 412 1175 471 CAPUT
1214 410 1370 470 XIII.

748 505 906 561 Pelia:
938 503 1056 573 ejus
1086 517 1335 557 accessus
1362 518 1389 556 e
1419 504 1553 560 vita.
1922 514 1955 531 κ

370 594 601 656 Solebat
664 599 857 653 autem
916 607 1017 666 per
1078 590 1403 663 intervalla,
1457 590 1589 649 licet
1650 592 2004 665 parcissime,

301 685 504 744 vinum
560 683 792 752 bibere;
824 679 922 739 sed
970 679 1140 753 longe
1182 685 1492 755 antequam
1545 681 1851 741 defunctus
1901 687 2004 752 est,

294 773 551 832 decrevit
600 770 672 829 ab
718 785 785 828 eo
836 769 1071 842 penitus
1131 768 1438 827 abstinere.
1504 769 1579 827 Ut
1629 770 1824 844 itaque
1885 772 2006 843 jam

294 863 524 936 omissis
555 861 778 919 caeteris
809 860 879 918 ad
906 859 1129 918 obitum
1164 859 1491 931 veniamus,
1524 860 1845 933 patiebatur
1873 877 2004 934 gra-

290 955 557 1014 vedinem
600 951 900 1022 stomachi,
934 950 1150 1009 crebris
1180 951 1419 1024 insuper
1458 951 1659 1024 capitis
1710 950 2007 1010 doloribus

291 1042 676 1102 cruciabatur.
712 1040 780 1097 Et
831 1039 1108 1114 quoniam
1161 1037 1405 1097 alterum
1446 1054 1598 1112 sape
1643 1039 1894 1112 procedit
1931 1054 2004 1097 ex

290 1131 491 1202 altero,
525 1129 822 1206 proposuit
850 1129 920 1187 ad
951 1129 1317 1201 purgandum
1367 1129 1725 1187 stomachum
1764 1128 2005 1187 antidoti

291 1236 521 1281 sumere
566 1219 860 1295 poculum.
896 1217 1069 1278 Sexta
1116 1218 1298 1291 igitur
1350 1218 1490 1277 feria
1524 1235 1627 1293 per
1661 1219 2004 1277 continuum

294 1309 448 1369 diem
490 1308 593 1366 vix
635 1308 827 1379 desiit,
867 1307 961 1366 vel
1008 1306 1383 1366 modulandis
1432 1307 1670 1381 psalmis
1715 1307 2001 1377 insistere,

292 1397 383 1456 vel
410 1396 790 1470 corrigiarum
821 1411 880 1453 se
909 1395 1123 1453 ictibus
1174 1395 1483 1467 ﬂagellare.
1524 1395 1698 1454 Nocte
1730 1412 1868 1454 vero
1912 1411 2004 1454 so-

293 1503 431 1560 pore
468 1486 744 1561 deposito,
774 1486 1024 1558 suscepit
1056 1485 1406 1555 antidotum,
1447 1486 1658 1543 deinde
1696 1486 1867 1560 capit
1899 1502 2006 1544 an-

293 1574 554 1648 gustiari,
588 1580 644 1631 et
697 1573 768 1631 de
817 1573 1095 1631 stomachi
1152 1573 1344 1631 dolore
1398 1574 1649 1647 graviter
1707 1573 2002 1648 conqueri.

291 1662 426 1722 Post
468 1662 776 1722 decursum
824 1661 1019 1735 itaque
1075 1668 1376 1720 nocturna
1430 1662 1670 1735 synaxis
1727 1662 2004 1732 oﬂicium,

763 286 821 347 S.
864 284 1086 346 PETRI
1126 284 1448 345 DAMIANI
1487 285 1648 347 OPP.
1688 284 1882 347 PARS
1923 287 2063 367 SEU
2103 285 2352 347 TOMUS
2390 286 2467 345 II.
2509 317 2575 330 -
2619 285 3072 350 SANCTORUM
3112 290 3330 351 VITZE.

3665 292 3804 353 1024

2028 413 2376 474 Aextrema
2431 412 2550 471 lora
2606 412 2914 472 cohibeant
2961 416 3103 487 (Gal.
3149 416 3289 485 VIII).
3331 414 3668 475 Dominicus
3704 431 3806 475 au-

2090 506 2203 558 tem
2261 508 2458 559 noster
2507 501 2777 575 stigmata
2826 502 2966 562 Jesu
3027 505 3272 576 portavit
3326 505 3387 563 in
3439 521 3695 579 corpore,
3748 513 3805 566 et

2088 589 2373 648 vexillum
2417 589 2604 648 crucis
2644 606 2758 650 non
2799 598 3017 651 tantum
3060 592 3119 651 in
3163 594 3347 652 fronte
3382 594 3668 668 depinxit,
3702 596 3802 654 sed

2087 682 2310 740 cunctis
2345 682 2515 741 etiam
2554 682 2815 757 undique
2861 683 3138 742 membris
3179 685 3485 758 impressit.
3542 686 3802 746 Exustus

2087 776 2143 827 et
2169 770 2371 829 aridus
2401 771 2475 828 ab
2500 771 2748 829 humore
2771 772 2994 842 calami,
3024 780 3079 830 et
3099 773 3266 846 junci
3298 774 3576 834 uberibus
3620 776 3797 834 cale-

2088 860 2191 918 stis
2234 861 2436 932 gratia
2469 863 2682 919 meruit
2711 861 2997 920 imbribus
3034 862 3281 934 irrigari.
3341 864 3449 921 Hic
3489 865 3673 924 ferrea
3708 867 3797 926 lo-

2088 948 2202 1006 rica
2231 949 2638 1022 [praecingitun
2674 949 2795 1007 illic
2843 950 3033 1008 niveis
3068 952 3346 1024 angelica
3373 953 3572 1025 gloria
3621 955 3798 1013 vesti-

2089 1036 2196 1094 bus
2251 1037 2566 1096 decoratur.
2629 1037 2738 1095 Hic
2796 1037 3008 1096 duritia
3061 1038 3273 1097 eubilis
3334 1041 3616 1113 atteritur,
3676 1042 3797 1102 illic

2085 1128 2245 1185 molli
2303 1128 2755 1203 patriarcharum
2804 1129 3023 1203 gremio
3067 1130 3427 1190 confovetur.
3481 1132 3624 1190 Tota
3670 1134 3800 1192 hac

2085 1217 2207 1274 vita
2239 1218 2383 1276 facta
2406 1224 2490 1275 est
2517 1218 2621 1276 sibi
2650 1234 2957 1292 parasceve
3001 1219 3208 1291 crucis,
3244 1219 3340 1278 illc
3382 1228 3576 1280 autem
3635 1221 3799 1281 festi-

2088 1321 2196 1365 vus
2238 1312 2295 1364 et
2327 1305 2663 1378 splendidus
2705 1312 2982 1366 aternam
3019 1308 3267 1366 celebrat
3310 1308 3551 1382 gloriam
3600 1325 3797 1370 resur-

2087 1397 2374 1457 rectionis.
2429 1396 2598 1454 Nunc
2653 1397 2806 1454 inter
2854 1397 3066 1471 ignitos
3120 1413 3387 1471 surerna
3434 1399 3800 1460 Hierusalem

2086 1493 2305 1567 lapides
2356 1492 2581 1563 emicat,
2627 1506 2786 1550 nunc
2845 1499 3084 1550 ornatus
3134 1491 3504 1551 victoriarum
3557 1508 3800 1553 suarum

2088 1583 2273 1640 titulis
2317 1588 2529 1640 aterna
2578 1581 2751 1640 laude
2805 1583 3140 1656 triumphat,
3181 1589 3353 1655 atque
3383 1582 3443 1641 in
3472 1582 3574 1642 illa
3600 1584 3801 1644 beato-

2088 1687 2219 1731 rum
2247 1671 2465 1729 civium
2491 1671 2750 1744 jucunda
2782 1670 3047 1729 societate
3070 1668 3405 1743 conjubilat.

292 1757 421 1826 post
463 1750 781 1810 matutinos
823 1750 1094 1823 hymnos,
1128 1765 1264 1808 cum
1307 1750 1496 1824 prima
1516 1752 1636 1825 jam
1666 1752 1809 1810 hora
1836 1752 2073 1834 sibiaB
2161 1760 2315 1820 Obiit
2394 1766 2588 1819 autem
2644 1759 2708 1819 B.
2765 1761 3103 1820 Dominicus
3169 1760 3359 1834 pridie
3420 1761 3562 1820 Idus
3630 1760 3800 1820 Octo-

292 1838 569 1898 fratribus
607 1838 708 1912 qui
752 1839 994 1897 aderant
1036 1842 1382 1909 cantaretur,
1419 1845 1680 1897 sanetum
1719 1840 1836 1899 Deo
1884 1839 2002 1913 spi-

290 1928 470 1987 ritum
498 1927 765 1986 reddidit.
798 1928 1160 2007 Invenerunt
1181 1935 1378 1986 autem
1401 1934 1455 1985 et
1474 1928 1713 1986 alteram
1746 1929 1997 2000 loricam,

291 2023 502 2093 prater
521 2031 647 2075 eam
678 2033 797 2091 qua
818 2016 1067 2076 indutus
1104 2023 1244 2087 erat,
1288 2017 1564 2076 lateribus
1591 2019 1717 2091 ejus
1744 2018 2005 2077 sindonis

291 2128 452 2173 more
495 2113 864 2173 substratam.
915 2111 1080 2171 Unde
1124 2111 1392 2185 suspicati
1440 2116 1578 2170 sunt
1625 2112 1848 2183 fratres,
1899 2114 2007 2173 hoc

290 2203 402 2263 sibi
449 2208 658 2279 prater
706 2200 1190 2260 consuetudinem
1234 2199 1571 2259 nullatenus
1611 2200 1906 2273 accidisse,
1951 2210 2009 2262 et

289 2290 431 2366 quia
481 2306 543 2349 se
592 2289 702 2348 sub
753 2304 879 2349 eam
932 2303 1108 2347 sanus
1156 2293 1351 2345 tenere
1399 2295 1794 2363 consueverat,
1836 2306 2008 2366 super

290 2395 468 2456 quam
496 2378 766 2438 videlicet
795 2387 849 2437 et
874 2378 935 2436 in
964 2377 1302 2436 inﬁrmitate
1321 2377 1563 2450 jacebat.

370 2466 771 2527 Somniaverat
823 2472 1019 2525 autem
1070 2472 1214 2525 tunc
1269 2465 1507 2539 quidam
1563 2467 1739 2527 frater
1788 2469 1859 2528 de
1892 2485 2006 2543 me,

298 2556 451 2632 quod
506 2556 808 2616 oculorum
867 2557 1077 2627 lumen
1124 2555 1453 2613 amiseram.
1509 2554 1672 2625 Quod
1718 2558 1855 2616 dum
1906 2574 2011 2631 ego

299 2645 695 2706 Hildebrando
741 2645 1053 2704 venerabili
1093 2644 1373 2703 Romana
1412 2644 1687 2704 Ecclesia
1722 2647 2010 2707 archidia-

294 2748 440 2794 cono
495 2734 638 2807 (350)
671 2734 735 2792 in
783 2732 1158 2793 Lateranensi
1202 2731 1414 2807 palatio
1458 2733 1781 2793 retulissem
1837 2756 1849 2793 :
1897 2736 2010 2795 Ne-

296 2838 617 2898 quaquam,
656 2822 868 2896 inquit,
907 2829 973 2881 ut
1007 2823 1195 2890 times,
1235 2822 1344 2878 hoc
1394 2819 1498 2878 tibi
1544 2823 1887 2898 propinqua
1929 2831 2013 2883 est

254 2918 261 2945 ‘
296 2913 498 2970 mortis
535 2910 845 2981 indicium,
879 2911 977 2969 sed
1004 2910 1307 2972 familiaris
1330 2906 1477 2972 499
1514 2909 1617 2970 tibi
1657 2913 1870 2988 aliquis
1906 2929 2014 2972 ex-

293 3001 647 3074 stinguetur,
701 3000 802 3074 qui
850 2999 953 3058 tibi
1004 3005 1059 3058 et
1109 3001 1322 3062 charus
1368 3003 1463 3075 sit,
1505 3003 1656 3062 sicut
1703 3001 1908 3062 oculus
1959 3006 2013 3060 et

296 3091 495 3150 lumen
534 3096 723 3160 tuum,
766 3105 833 3149 ac
870 3090 1144 3164 splendor
1182 3091 1239 3150 in
1282 3092 1452 3152 bonis
1502 3093 1776 3168 operibus
1812 3092 2011 3151 videa-

297 3187 411 3239 tur.
465 3179 557 3250 Et,
612 3195 647 3238 ο
685 3194 914 3252 verum,
964 3182 1061 3239 sed
1116 3183 1375 3242 amarius
1414 3183 1577 3242 omni
1622 3182 1756 3241 felle
1798 3197 2014 3257 prasa-

296 3268 490 3344 giuml
524 3268 719 3328 Tertio
758 3268 853 3327 die
887 3277 1190 3344 postquam
1229 3271 1509 3331 Romanis
1550 3271 1845 3331 moenibus
1882 3286 2014 3329 sum

295 3373 584 3432 egressus,
617 3373 745 3417 ecce
800 3359 946 3417 mihi
997 3361 1196 3420 relatio
1247 3362 1501 3421 crudelis
1557 3362 1827 3434 occurrit,
1882 3376 2015 3435 qua

298 3446 448 3506 mihi
488 3446 640 3506 nihil
682 3448 881 3505 minus
913 3446 1175 3521 opinanti
1220 3455 1497 3509 cacatum
1538 3466 1633 3509 me
1670 3450 2015 3509 remansisse

295 3536 591 3611 perhibuit
620 3560 632 3594 :
671 3538 974 3596 dominum
1000 3536 1219 3598 scilicet
1249 3545 1303 3598 et
1334 3539 1789 3619 illuminatorem
1815 3556 2015 3600 meum

300 3625 672 3685 Dominicum
724 3642 798 3684 ex
849 3628 959 3685 hoc
1007 3628 1226 3695 saculo
1266 3646 1453 3705 nuper
1497 3646 1811 3705 egressum.
1851 3630 2016 3690 Illico

299 3713 448 3772 mihi
483 3712 705 3788 liquido
742 3715 946 3789 patuit,
987 3716 1128 3775 dum
1164 3716 1265 3775 ille
1309 3718 1473 3792 petiit
1512 3719 1658 3778 lucis
1699 3725 2012 3790 auctorem,

295 3802 356 3859 in
405 3802 777 3863 tenebrarum
817 3819 910 3862 me
946 3805 1293 3865 remansisse
1334 3807 1602 3879 caligine.
1642 3808 1869 3867 Fratres
1906 3823 2012 3867 au-

297 3897 414 3950 tem
472 3906 679 3966 corpus
714 3892 859 3967 ejus,
885 3909 960 3952 ne
1006 3909 1040 3952 a
1087 3894 1298 3954 vicinis
1338 3898 1638 3955 monachis
1677 3911 1877 3955 eorum
1919 3913 2013 3955 ra-

299 3988 533 4056 peretur
569 3998 601 4040 e
639 3982 930 4057 manibus,
962 3984 1025 4043 in
1071 3985 1267 4043 eadem
1309 3986 1369 4044 in
1417 4003 1533 4062 qua
1576 3987 1883 4046 defunctus
1931 3995 2016 4046 est

298 4069 532 4142 cellula,
573 4071 800 4131 defossa
834 4072 1038 4143 humo,
1077 4073 1337 4131 celeriter
1373 4074 1709 4134 obruerunt.
1760 4076 1875 4135 Nos
1907 4092 2001 4135 au-

294 4167 411 4220 tem
443 4160 566 4233 ipso
591 4161 685 4219 die
719 4161 1022 4220 Dominico
1052 4178 1168 4237 quo
1197 4179 1453 4222 eremum
1497 4164 1737 4238 ingressi
1782 4180 2011 4237 sumus,

294 4254 559 4306 sanctum
585 4262 792 4320 corpus
814 4247 953 4306 inde
980 4249 1271 4307 sublatum
1300 4257 1647 4321 reverenter,
1681 4258 1745 4309 ut
1768 4251 2011 4325 dignum

294 4345 437 4411 erat,
467 4338 530 4397 in
578 4337 830 4410 capitulo
882 4338 1274 4413 sepelivimus.
1318 4339 1389 4399 Et
1435 4357 1571 4400 cum
1624 4357 1813 4401 nonus
1865 4349 2015 4401 esset

293 4425 671 4500 depositionis
716 4426 843 4502 ejus
884 4426 1029 4499 dies,
1062 4428 1402 4502 pradictum
1448 4445 1654 4504 corpus
1695 4446 1902 4491 sanum
1939 4432 2014 4490 il-

301 4515 667 4590 libatumque
697 4516 1038 4590 reperimus.

368 4603 518 4661 Eant
554 4619 718 4663 nunc
757 4605 859 4679 qui
896 4604 1088 4664 carnis
1136 4620 1259 4665 sua
1307 4607 1662 4669 delectantur
1704 4610 2013 4681 illecebris,

300 4690 587 4750 medullas
636 4692 983 4752 ahsorbeant
1032 4692 1415 4767 voluptatum,
1471 4706 1525 4755 et
1580 4699 1884 4758 occisionis
1933 4700 2017 4758 vi-

301 4778 496 4853 ctima
521 4779 591 4837 ad
618 4787 903 4839 aternum
944 4783 1284 4840 nutriantur
1320 4784 1679 4855 incendium,
1710 4788 1769 4845 in
1810 4803 2014 4863 super-

298 4868 415 4928 bia
464 4884 526 4927 se
576 4869 853 4929 cornibus
909 4870 1168 4941 eﬂ’erant,
1198 4874 1481 4932 ventilent
1536 4875 1891 4947 innocentes,
1941 4878 2012 4935 ad

300 4964 503 5017 votum
531 4957 786 5016 molliter
809 4958 1032 5029 vivant,
1064 4964 1128 5016 ut
1157 4974 1357 5018 eorum
1391 4962 1610 5021 viscera
1648 4965 2010 5036 postmodum

297 5049 487 5123 poenis
541 5063 768 5123 semper
824 5047 1131 5107 ultricibus
1196 5060 1570 5113 amareseant.
1626 5054 1795 5113 Nunc
1854 5055 2016 5114 velut

282 5137 556 5196 infrenes
586 5137 747 5212 equi,
774 5150 876 5210 per
899 5135 1262 5210 voluptatum
1314 5155 1551 5199 suarum
1594 5151 1754 5215 prata
1789 5143 2012 5202 discur-

300 5229 451 5296 rant,
491 5228 559 5283 ut
595 5230 720 5298 post
757 5236 959 5283 eorum
1008 5238 1221 5286 manus
1267 5235 1320 5286 et
1365 5227 1598 5288 brachia
1639 5230 2015 5290 districtionis

357 5363 496 5429 (350)
522 5363 919 5420 Hildebrandus
944 5367 1043 5420 fuit
1075 5381 1200 5423 mox
1230 5368 1523 5434 Gregorius
1554 5370 1690 5433 Papa
1722 5372 1827 5425 νη.

358 5434 492 5500 (351)
546 5435 619 5488 De
673 5447 741 5489 eo
801 5438 860 5490 ﬁt
924 5442 1129 5493 mentio
1194 5441 1251 5494 in
1315 5440 1697 5511 Ilartyrologio
1758 5446 2013 5506 Romano,

613 5535 623 5564 Ι

2088 1851 2208 1910 bris
2260 1851 2431 1923 (351),
2488 1856 2762 1924 regnante
2820 1850 3065 1909 Domino
3114 1858 3310 1910 nostro
3361 1852 3499 1912 Jesu
3551 1851 3803 1924 Christo,

2088 1940 2191 2014 qui
2228 1954 2364 1998 cum
2396 1939 2514 1997 Deo
2550 1938 2714 1997 Patre
2750 1944 2806 1997 et
2851 1938 3070 2014 Spiritu
3111 1947 3306 2001 sancto
3336 1941 3483 2002 vivit
3512 1947 3570 2002 et
3601 1947 3809 2018 regnat

2088 2032 2153 2089 in
2181 2029 2394 2089 saecula
2421 2029 2794 2090 saeculorum.
2834 2031 3044 2092 Amen.

2766 2262 3111 2323 SCHOLIA:

2153 2355 2195 2405 Α
2246 2352 2485 2414 depresso
2539 2352 2753 2404 homine
2805 2352 2953 2405 mitte
3000 2356 3292 2407 metamus
3333 2355 3399 2407 in
3439 2367 3553 2408 uno
3605 2356 3808 2419 psalte-

2089 2422 2173 2475 rio
2238 2422 2379 2486 ﬁeri.
2456 2422 2712 2476 Metanaa
2781 2422 2886 2475 hoc
2955 2423 3079 2477 loco
3142 2438 3253 2478 non
3325 2426 3417 2479 illa
3483 2426 3807 2491 intelligitur

2092 2506 2251 2558 quam
2293 2495 2619 2547 carminibus
2662 2495 2928 2548 Ausonius
2974 2496 3229 2549 describit
3264 2519 3277 2548 :
3315 2517 3342 2547 α
3382 2499 3506 2557 Qua
3552 2498 3697 2558 facti,
3739 2503 3807 2551 ut

2092 2566 2185 2617 ille
2223 2567 2313 2624 ait,
2361 2577 2468 2618 non
2515 2565 2748 2631 factique
2795 2565 2965 2630 exigit
3005 2579 3210 2630 panes.
3248 2588 3270 2613 ι
3310 2568 3449 2621 Licet
3501 2581 3636 2621 vera
3680 2582 3803 2634 ger-

2092 2647 2362 2702 manaque
2412 2636 2578 2702 hujus
2626 2636 2862 2688 nominis
2912 2638 3155 2700 acceptio
3214 2640 3356 2702 apud
3414 2639 3667 2704 probatos
3714 2654 3807 2694 au-

2093 2711 2274 2783 ctores
2317 2708 2467 2783 illam
2515 2707 2799 2772 signiﬁcet.
2844 2709 3119 2783 Estenim
3170 2710 3417 2783 μετάνοια
3462 2712 3804 2783 pauitantia.

2094 2779 2487 2844 resipiscentt'a,
2555 2792 2680 2832 cum
2754 2783 2876 2844 post
2947 2779 3182 2832 factum'
3223 2785 3479 2846 sapimus.
3545 2781 3807 2836 Craterum

2092 2848 2181 2901 hic
2240 2850 2372 2903 illud
2436 2852 2654 2903 denotat
2716 2850 2860 2916 quod
2926 2850 3070 2917 apud
3132 2851 3343 2906 Graecos
3402 2853 3805 2907 ecclesiasticos

2094 2921 2393 2983 scriptores
2434 2922 2753 2986 posterioris
2806 2922 2996 2982 aetatis,
3055 2923 3148 2987 qui
3199 2924 3252 2975 id
3313 2924 3556 2976 vocabuli
3622 2928 3803 2976 trans-

2093 2991 2333 3044 tulerunt
2385 2993 2453 3045 ad
2507 3004 2603 3044 eas
2648 2993 2896 3057 corporis
2940 2994 3348 3058 prostrationes,
3399 3006 3534 3059 quas
3584 2995 3804 3061 publica

2094 3065 2184 3115 vel
2217 3065 2467 3127 privatim
2523 3062 2668 3120 500
2726 3064 2916 3117 Christi
2948 3064 3142 3117 ﬁdeles
3176 3072 3371 3131 sponte
3404 3068 3493 3119 vel
3531 3080 3562 3119 e
3594 3071 3806 3120 sancto-

2039 3130 2219 3212 Crum
2264 3136 2587 3212 prascripto
2629 3148 2897 3212 canonum
2939 3136 3157 3212 obibant
3196 3130 3223 3189 τί
3264 3140 3805 3212 μτανοῦντες-ειιὶω,

2102 3207 2187 3283 vel
2256 3207 2307 3261 οἱ
2367 3206 2723 3283 fail-3131005?
2778 3203 2914 3283 Syra;
2968 3203 3322 3283 dicebantur,
3383 3212 3476 3274 qui
3531 3208 3807 3283 publicam

2100 3278 2229 3330 olim
2298 3278 2665 3345 panitentiam
2697 3278 2980 3343 'agebant.
3046 3279 3278 3334 Fuerunt
3348 3283 3523 3334 autem
3593 3280 3804 3335 crebra

2101 3349 2157 3398 in
2229 3353 2429 3400 terram
2497 3350 2885 3412 prostrationes
2948 3350 3005 3401 in
3085 3363 3209 3412 usu,
3272 3353 3328 3403 ut
3382 3363 3451 3403 ex
3507 3353 3806 3404 Sozomeno

2101 3419 2410 3483 colligitur;
2469 3424 2521 3471 et
2577 3420 2722 3482 apud
2785 3422 2996 3474 Gracos
3061 3422 3474 3488 quibuscunque
3530 3423 3806 3487 poeniten-

2101 3491 2245 3544 tibus
2318 3494 2390 3544 ita
2468 3503 2546 3543 ea
2612 3494 3001 3555 prostrationes
3063 3491 3504 3557 iniungebantur,
3565 3498 3623 3546 ut
3678 3506 3803 3546 eam

2101 3562 2170 3612 ob
2216 3575 2327 3615 rem
2382 3564 2769 3623 prostrationes
2821 3565 2873 3615 in
2930 3569 3127 3616 terram
3178 3564 3396 3628 proprio
3443 3564 3599 3629 quasi
3646 3576 3806 3617 voca-

2103 3631 2233 3685 bulo
2277 3633 2571 3706 μετάνοιαι,
2612 3634 2703 3686 vel
2758 3637 2987 3708 στρωταὶ
3035 3636 3304 3710 μετάνοιαι
3351 3637 3654 3701 nuncupari
3711 3648 3806 3700 po-

2102 3714 2337 3789 tuerint.
2375 3715 2503 3766 Sunt
2560 3713 2676 3789 aliae
2727 3711 3041 3789 ἕδαφίᾳιναι,
3087 3728 3216 3789 qua
3265 3716 3385 3767 sine
3438 3714 3806 3781 prostratione

2101 3783 2261 3836 ﬂexis
2324 3787 2699 3838 tantummodo
2759 3783 2991 3850 genibus
3055 3786 3429 3845 absolvuntur.
3497 3789 3805 3850 cuiusmodi

2102 3859 2189 3907 est
2232 3856 2326 3906 illa
2381 3856 2526 3919 apud
2570 3856 2886 3919 Gregorium
2942 3858 3208 3909 adversus
3254 3874 3267 3905 :
3322 3859 3551 3911 .lndaos.
3614 3856 3807 3920 κλίνας

2103 3938 2164 3992 τὸ
2197 3935 2317 4010 ’γόνυ
2354 3935 2450 3998 ἕως
2486 3933 2694 4011 ἐδάφους
2731 3940 2869 4011 τρὶς,
2908 3942 2997 3992 καὶ
3041 3938 3290 4002 ἀναστὰς,
3322 3941 3415 3993 καὶ
3453 3936 3672 4000 Eminet;
3707 3937 3807 3999 τὰς

2101 4024 2284 4094 χεῖρας
2337 4013 2495 4094 αὐτοῦ
2543 4020 2614 4079 εἰς
2654 4018 2742 4072 τὸν
2795 4019 3033 4094 οὐρανὸν,
3067 4014 3208 4094 λεῖπε·
3267 4020 3323 4073 id
3370 4023 3470 4079 est,
3524 4021 3606 4094 ter
3660 4031 3805 4083 genu

2100 4090 2311 4155 ﬂectens
2365 4090 2438 4140 ad
2492 4093 2699 4142 terram
2748 4090 2936 4156 usque,
2988 4091 3181 4142 deinde
3232 4102 3468 4155 surgam,
3516 4093 3567 4142 et
3606 4102 3807 4143 mam

2103 4161 2177 4211 ad
2230 4160 2417 4213 costum
2467 4161 2710 4221 tandem,
2776 4160 2937 4215 dixit.
3000 4162 3151 4214 Plura
3209 4164 3502 4227 suppetunt
3552 4161 3806 4225 exempla

2103 4231 2247 4295 apud
2327 4230 2784 4296 Chrysostomum,
2859 4233 3126 4290 Basilium,
3197 4233 3486 4296 Evagrium
3557 4232 3804 4297 aliosque

2102 4304 2418 4365 scriptores,
2467 4305 2560 4363 qui
2612 4304 3001 4356 monachorum
3046 4316 3138 4356 res
3178 4309 3231 4356 et
3277 4309 3397 4356 acta
3448 4307 3574 4356 sunt
3621 4315 3805 4367 prose-

2101 4374 2227 4434 cuti,
2281 4386 2420 4438 quos
2467 4373 2556 4425 hic
2604 4373 2814 4427 referre
2866 4377 3116 4427 notarum
3174 4375 3310 4427 ratio
3361 4386 3472 4427 non
3524 4373 3802 4437 permittit.

2028 4483 2079 4541 D
2103 4443 2360 4541 $2-31!.
2389 4446 2613 4541 νητίοτί,
2659 4444 3304 4541 ⁰ἓ¹¹¹ίοτὶίί¹ἐῗηῖἒ.εἱῖδ.¹ἓ¹⁰
3345 4447 3803 4541 εξε,.ιξ.ιειιιξεξξξ

2104 4518 2381 4572 vocarunt.
2438 4515 2791 4588 γονυκλισίας,
2854 4518 3269 4582 ρσηυίιοωίοηοε.
3345 4516 3585 4588 Denique
3646 4516 3805 4588 illud

2097 4589 2257 4640 etiam
2323 4588 2499 4640 obiter
2567 4590 2844 4650 addamus,
2917 4590 3060 4654 quod
3131 4600 3244 4640 rem
3306 4589 3483 4651 magis
3538 4587 3803 4645 declarat.

2098 4661 2223 4723 quia
2275 4658 2412 4721 apud
2472 4659 2764 4711 monachos
2816 4659 3171 4712 salutationes
3231 4660 3367 4711 ﬁunt
3424 4660 3517 4712 vel
3565 4658 3805 4712 demissa

2099 4730 2345 4791 corporis
2402 4729 2716 4789 inﬂexione,
2780 4729 2868 4782 vel
2932 4731 3093 4783 etiam
3142 4732 3375 4782 curvatis
3429 4730 3674 4794 genibus,
3731 4729 3802 4782 ob

2097 4798 2152 4850 id
2199 4799 2481 4873 percisum,
2518 4800 2777 4873 salutatio
2828 4804 2910 4873 est
2952 4817 2966 4854 :
3013 4800 3152 4859 quod
3198 4801 3429 4865 legimus
3472 4801 3614 4873 apud
3645 4801 3802 4852 Joan-

2096 4871 2222 4921 nem
2273 4871 2638 4935 Jerosolymit.
2698 4876 2753 4923 in
2794 4872 2902 4923 vita
2970 4873 3211 4924 Damase.
3263 4876 3317 4924 et
3369 4871 3512 4935 apud
3559 4871 3801 4924 Damasc.

2096 4940 2189 4993 lib.
2246 4952 2264 4990 ι
2321 4942 2388 4993 De
2443 4944 2623 5006 imag.,
2689 4946 2743 4995 et
2802 4942 2946 5007 apud
3007 4943 3295 4996 Maximum
3366 4944 3423 4994 in
3488 4943 3659 4995 schol.
3735 4944 3802 4994 ad

2100 5018 2358 5086 sreopag.
2430 5012 2551 5065 Tiro
2631 5014 2849 5079 quidam
2915 5014 3062 5079 apud
3139 5020 3317 5068 Anast.
3384 5014 3571 5068 Sluait.
3628 5012 3679 5067 ἂν
3729 5019 3807 5086 τῷ

2100 5076 2283 5155 ὁδηγῷ
2312 5076 2600 5155 seniorem
2646 5076 2967 5155 interrogat
2999 5098 3070 5138 an
3128 5086 3325 5150 religio
3375 5088 3463 5149 sit,
3523 5098 3653 5139 eum
3711 5076 3802 5147 qu'i

2100 5154 2222 5233 sibi.
2250 5154 2579 5233 offendiculo
2606 5154 2809 5233 fuerit,
2856 5156 3097 5233 salutare
3130 5171 3143 5208 :
3178 5156 3384 5233 βάλλω,
3437 5158 3627 5225 inqult,
3664 5156 3805 5230 αὐτῷ

2097 5224 2393 5299 percisum;
2416 5222 2564 5278 Num
2595 5225 2640 5278 is
2669 5226 2808 5278 mihi
2832 5226 3159 5281 salutanda:
3178 5222 3272 5282 ὀδε
3295 5230 3324 5280 2

2098 5369 2200 5420 hac
2249 5366 2374 5428 die;
2432 5367 2531 5420 sed
2584 5367 3018 5423 Camaldulenses
3074 5374 3198 5437 eius
3258 5370 3606 5426 festivitatem
3656 5370 3796 5427 cele-

2098 5438 2259 5492 brant
2280 5438 2369 5494 die
2392 5438 2451 5491 i7
2475 5438 2719 5506 ejusdem
2741 5443 2962 5494 mensis.
