4108 6206
282 301 420 376 1025

1401 321 1662 385 PASSIO
1702 325 1803 385 SS.
1849 324 2114 386 FLORfE
2155 327 2251 385 ET
2295 327 2664 387 LUCILLJE.

3653 309 3792 395 1026

278 503 3776 536 -——_—___________________________—_______

563 680 918 784 PASSIO
987 684 1648 791 SANGTARUM
1712 687 2265 793 VlRGlNUM
2331 689 2717 794 FLOR/E
2786 690 2920 793 ET
2993 690 3507 798 LUCILLE.

1872 908 1969 988 (~29
2002 907 2198 990 Julii.)

1266 1095 1431 1158 Cum
1466 1096 1993 1162 adnotationibus
2023 1097 2351 1164 Guillelmi
2384 1101 2622 1182 Cuperi
2651 1101 2719 1167 S.
2752 1102 2812 1165 J.

945 1430 1352 1492 PROLOGUS.

357 1517 540 1578 Deum
583 1519 910 1578 mirabilem
959 1523 1021 1580 in
1067 1524 1278 1581 sanctis
1316 1525 1457 1596 suis,
1502 1525 1800 1584 Psalmista
1841 1533 1999 1599 teste,

284 1609 594 1669 didicimus
633 1612 798 1683 (Psal.
841 1618 1049 1685 LXVII),
1093 1630 1203 1673 non
1254 1615 1440 1674 solum
1483 1617 1538 1673 in
1581 1632 1647 1674 eo
1685 1618 1839 1690 quod
1889 1619 2002 1676 mi-

286 1702 490 1760 rabilia
529 1703 692 1776 signa
729 1719 829 1776 per
864 1720 960 1762 eos
998 1712 1267 1778 operatur
1308 1705 1368 1763 in
1419 1707 1510 1763 his
1560 1709 1658 1781 qui
1705 1708 2003 1784 infirman-

289 1803 418 1863 tur;
461 1809 665 1852 verum
703 1793 874 1850 etiam
913 1795 1064 1866 quod
1102 1810 1203 1867 per
1235 1812 1373 1853 eum
1399 1795 1509 1868 ipsi
1538 1793 2002 1852 convalescentes

284 1882 356 1940 de
394 1880 725 1940 inﬁrmitate
762 1885 1079 1952 communi,
1127 1884 1297 1942 fortes
1353 1886 1485 1941 facti
1538 1891 1675 1940 sunt
1722 1883 1783 1940 in
1825 1883 2000 1941 bello.

285 1970 601 2029 Intirmitas
626 1971 784 2029 enim
814 1972 1113 2030 hominum
1141 1982 1272 2030 avet
1303 1983 1542 2032 mortem
1577 1974 1796 2046 fugere,
1821 1974 2006 2031 maxi-

285 2074 380 2117 me
409 2075 546 2118 vero
573 2059 624 2117 si
657 2061 730 2116 sit
767 2075 900 2118 cum
935 2061 1286 2120 cruciatibus
1319 2062 1638 2119 inferenda.
1677 2061 1788 2120 Sed
1821 2063 2002 2120 sancti

285 2156 568 2222 martyres
614 2150 763 2207 hanc
803 2149 1198 2208 inﬁrmitatem
1256 2167 1353 2223 per
1414 2151 1512 2208 Dei
1551 2152 1793 2223 gratiam
1830 2167 2001 2225 supe-

286 2243 496 2308 rantes,
536 2254 645 2296 non
687 2239 875 2297 solum
913 2240 1102 2298 oblata
1140 2241 1425 2313 pertulere
1466 2248 1769 2313 tormenta,
1811 2247 1866 2299 et
1902 2257 2004 2314 per

285 2326 410 2401 ipsa
451 2342 618 2386 suam
660 2329 838 2386 vitam
880 2330 1195 2400 fuderunt;
1256 2345 1457 2389 verum
1513 2330 1686 2388 etiam
1742 2329 1894 2389 ultro
1942 2347 2002 2389 se

288 2419 552 2493 tyrannis
593 2428 646 2477 et
685 2420 1057 2479 carniﬁcibus
1102 2423 1173 2479 ad
1214 2437 1412 2494 pinnas
1465 2421 1849 2480 atrocissimas
1895 2421 2001 2479 ob-

292 2506 565 2565 tulerunt.
614 2507 775 2577 Quod
823 2510 1134 2567 hominum
1175 2526 1360 2582 genus
1398 2511 1616 2584 optimo
1659 2510 1790 2582 jure
1834 2509 2003 2568 dixe-

286 2595 420 2666 rim,
473 2595 674 2653 divino
730 2613 987 2668 munere,
1047 2597 1443 2657 fortitudinem
1505 2613 1673 2658 suam
1728 2605 1996 2657 mutasse.

287 2685 456 2755 Cum,
482 2683 635 2758 quod
666 2700 764 2757 per
795 2690 1058 2743 naturam
1088 2693 1337 2756 amatur,
1371 2687 1534 2746 nullo
1562 2693 1796 2760 cogente
1823 2687 2001 2760 depo—

2009 1439 2424 1512 Amaximum,
2456 1458 2690 1500 cernere
2727 1459 2862 1502 eum
2893 1444 2994 1518 qui
3025 1445 3387 1504 Christianus
3425 1461 3542 1505 non
3584 1447 3771 1506 fuerat

2084 1528 2366 1587 cervicem
2406 1546 2508 1603 pro
2554 1533 2778 1590 Christo
2819 1533 3084 1605 tendere;
3127 1541 3182 1591 et
3218 1550 3354 1593 eum
3392 1536 3493 1608 qui
3536 1537 3798 1596 nondum

2085 1626 2205 1676 erat
2240 1628 2471 1678 renatus
2501 1621 2860 1694 baptismate,
2899 1638 2999 1694 per
3027 1623 3290 1696 martyrii
3326 1623 3580 1697 palmam
3609 1625 3800 1698 bapti-

2085 1706 2222 1764 zatis
2253 1707 2527 1779 plurimis
2552 1708 2827 1766 anteferri
2860 1712 2869 1765 t
2905 1708 3016 1766 Sed
3046 1710 3169 1782 ipsa
3198 1710 3364 1768 nobis
3393 1711 3632 1770 historia
3657 1712 3800 1786 (353)

2079 1793 2200 1865 jam
2249 1794 2539 1870 loquatur,
2580 1796 2701 1869 ipsa
2752 1796 2920 1855 nobis
2960 1805 3288 1855 sanctorum
3327 1798 3633 1871 originem,
3675 1801 3800 1873 ipsa

2086 1898 2287 1941 eorum
2315 1886 2450 1944 vitae
2477 1902 2866 1958 progressum,
2899 1888 3021 1958 ipsa
3048 1888 3436 1948 consummati
3468 1889 3803 1948 certaminis

2085 1970 2332 2044 gloriam
2356 1974 2476 2045 jam
2505 1981 2801 2047 proponat.

2646 2079 2890 2138 CAPUT
2921 2080 3239 2140 PRIMUM.

2085 2167 2293 2220 Harum
2339 2171 2652 2222 sanctarum
2709 2171 2988 2236 virginum
3042 2173 3239 2240 pietas,
3288 2174 3584 2242 captivitas
3635 2177 3686 2227 et
3742 2175 3803 2227 in

2628 2243 2950 2309 captivitate
2990 2241 3233 2298 libertas.

2159 2323 2370 2382 Urbem
2413 2325 2655 2383 Romam
2695 2328 3000 2386 universas
3050 2331 3221 2387 urbes
3267 2330 3428 2388 omni
3482 2330 3802 2389 nobilitatis

2083 2432 2294 2490 genere
2345 2418 2724 2491 praecessisse,
2782 2426 2838 2477 et
2887 2426 3056 2494 caput
3111 2420 3266 2480 orbis
3321 2422 3498 2481 fuisse
3553 2423 3801 2480 manife-

2087 2514 2237 2566 stum
2286 2515 2388 2565 est.
2443 2506 2505 2566 Si
2550 2509 2704 2566 enim
2753 2516 2886 2568 ante
2923 2511 3136 2570 Christi
3173 2511 3404 2570 Domini
3446 2513 3804 2573 nativitatem

2085 2596 2433 2666 consideres,
2479 2597 2772 2656 Romanos
2821 2600 3053 2658 invenis
3103 2616 3298 2660 rerum
3347 2601 3649 2671 dominos;
3707 2603 3800 2660 siu

2085 2690 2228 2757 post,
2260 2701 2362 2758 per
2389 2685 2454 2742 B.
2491 2686 2641 2745 Petri
2680 2688 2877 2746 sedem
2915 2696 3084 2762 caput
3121 2690 3277 2748 orbis
3309 2690 3569 2749 effectam
3599 2691 3796 2762 vides;

288 2780 457 2844 nunt,
490 2779 545 2830 et
576 2772 731 2846 quod
758 2774 1093 2832 naturaliter
1125 2777 1494 2846 exhorretur,
1529 2776 1636 2848 ipsi
1666 2791 1771 2833 sua
1800 2784 2063 2856 sponteB
2085 2772 2133 2830 si
2159 2774 2314 2832 viros
2341 2775 2445 2848 qui
2486 2787 2870 2848 provenerant
2900 2777 2962 2835 in
3010 2793 3096 2849 ea,
3125 2784 3316 2838 mente
3348 2781 3630 2852 revolvas,
3660 2795 3798 2839 con-

287 2869 632 2937 sequuntur.
667 2863 830 2934 Quod
856 2865 1146 2938 siquidem
1171 2867 1383 2923 mentis
1413 2866 1610 2937 robur,
1642 2866 1909 2939 quamvis
1937 2868 2001 2924 in

291 2950 434 3009 viris
464 2951 605 3025 ipsis
639 2953 904 3012 mirabile
941 2953 1033 3025 sit,
1067 2960 1120 3012 et
1149 2955 1396 3012 summis
1430 2954 1702 3013 laudibus
1734 2954 1998 3028 dignum,

289 3041 462 3115 longe
507 3048 697 3102 tamen
752 3053 836 3103 est
880 3046 1206 3104 mirabilius
1255 3052 1307 3102 et
1352 3044 1706 3104 laudabilius
1748 3047 1810 3102 in
1855 3062 2002 3104 sexu

287 3129 426 3188 501
481 3134 751 3206 femineo,
799 3136 901 3210 qui
956 3135 1263 3208 frigiditate
1314 3151 1438 3193 sua:
1487 3141 1708 3193 natura:
1762 3135 2002 3193 timidus

283 3228 341 3279 et
390 3221 584 3281 mollis
627 3230 752 3295 est;
799 3232 852 3282 et
905 3224 1052 3282 sicut
1102 3222 1269 3280 bellis
1321 3223 1717 3296 ineptissimus
1765 3229 1868 3291 est,
1923 3223 2002 3280 ita

279 3309 503 3383 gladios
555 3312 676 3370 odit
725 3320 779 3371 et
833 3329 1024 3382 arma;
1083 3321 1136 3371 et
1193 3328 1305 3371 non
1362 3311 1550 3370 solum
1605 3316 1998 3384 conspectum,

284 3397 383 3458 sed
436 3407 490 3456 et
541 3401 882 3460 memoriam
935 3400 1239 3475 sanguinis
1286 3399 1685 3474 perhorrescit.
1729 3398 1868 3455 Haec
1907 3399 1999 3456 id-

285 3488 436 3547 circo
473 3489 855 3562 przemiserim
892 3497 957 3547 ut
995 3489 1347 3562 intelligetis,
1392 3490 1592 3546 fratres
1649 3486 1995 3558 charissimi,

285 3578 487 3652 quales
515 3585 868 3653 quantasque
894 3580 1010 3636 sint
1038 3578 1315 3651 virgines,
1343 3579 1412 3636 ad
1443 3592 1686 3652 quarum
1719 3576 2000 3634 solemnia

290 3666 612 3724 convenitis
659 3667 830 3734 (352),
877 3666 937 3723 in
995 3666 1208 3740 quibus
1259 3681 1373 3723 non
1419 3665 1608 3723 solum
1660 3665 2001 3738 religionem

292 3754 556 3812 venerari
593 3755 887 3824 debemus,
933 3771 1036 3813 nec
1079 3755 1470 3826 virginitatem
1517 3760 1760 3825 tantum,
1802 3755 1901 3813 sed
1946 3760 2002 3812 et

291 3841 488 3916 ipsum
528 3844 889 3917 martyrium,
925 3859 1030 3901 nec
1060 3842 1464 3918 qualecunque
1502 3843 1870 3917 martyrium,
1907 3842 2004 3899 sed

293 3931 405 3990 tale
441 3932 513 3989 ad
550 3933 700 4005 quod
741 3933 882 4007 ipsas
921 3951 1027 3992 sua
1065 3941 1266 4008 sponte
1296 3934 1365 3991 de
1395 3935 1630 3992 remotis
1670 3933 2005 4005 regionibus

295 4037 411 4080 non
449 4038 615 4081 secus
651 4037 824 4094 quam
865 4022 934 4080 ad
982 4039 1240 4081 summas
1279 4023 1512 4081 delicias
1566 4038 1889 4081 cucurrere.
1934 4021 2001 4078 In

289 4125 406 4184 quo
444 4127 690 4170 summa;
731 4111 1085 4170 fortitudinis
1122 4119 1254 4169 actu
1293 4128 1410 4170 non
1464 4112 1651 4170 solum
1690 4111 1981 4169 emicuere

289 4199 388 4258 sed
445 4200 617 4258 etiam
675 4217 797 4260 sua:
855 4202 1199 4275 virginitatis
1260 4201 1567 4276 exemplo,
1627 4201 2004 4258 barbarorum

291 4304 485 4363 regem
523 4291 784 4349 nondum
825 4290 1179 4364 baptismatis
1219 4291 1376 4349 unda
1418 4297 1700 4360 renatum,
1741 4291 1826 4374 ad.
1854 4292 2005 4349 idem

289 4386 621 4451 certamen,
677 4381 880 4438 eodem
935 4380 1306 4439 subeundum
1363 4381 1572 4437 affectu
1635 4378 2006 4437 aemulatione

289 4469 670 4539 sanctissima,
717 4469 1135 4542 perduxerunt.
1181 4468 1332 4539 Quas
1373 4469 1610 4541 quidem
1653 4469 1905 4540 virgines
1951 4474 2004 4524 et

293 4573 489 4631 regem
546 4558 594 4616 si
647 4574 1050 4632 comparemus
1105 4560 1174 4616 ad
1236 4559 1485 4616 invicem
1537 4558 1598 4614 in
1650 4563 1780 4614 actu
1835 4563 2006 4613 tantm

294 4647 549 4717 virtutis,
590 4663 738 4706 sexu
775 4648 1010 4722 quidem
1050 4655 1321 4722 superant
1363 4647 1566 4721 pietate
1609 4653 1662 4704 et
1702 4645 2007 4718 exemplo;

1985 4156 2071 4215 Ὀ

2085 2861 2217 2920 silio
2275 2871 2492 2935 cautos,
2544 2873 2807 2924 strenuos
2861 2867 3060 2937 armis,
3118 2868 3459 2927 fortitudine
3515 2858 3799 2942 summos,

2086 2957 2422 3022 praestantes
2478 2953 2742 3026 justitia,
2809 2956 3128 3014 moderatos
3180 2958 3244 3014 in
3301 2957 3474 3016 rebus
3525 2959 3800 3018 omnibus

2084 3040 2506 3113 comprobabis.
2551 3042 2746 3101 Unum
2792 3044 2946 3116 quod
2997 3051 3128 3102 ante
3173 3046 3470 3104 Christum
3513 3046 3802 3117 defuerat,

2084 3127 2221 3186 ﬁdei
2267 3128 2482 3188 scilicet
2535 3132 2731 3204 pietas,
2773 3147 2873 3205 per
2912 3133 3144 3191 Petrum
3183 3134 3361 3202 illata,
3402 3138 3629 3206 urbem,
3669 3152 3800 3210 quae

2084 3224 2320 3275 eatenus
2367 3218 2422 3275 in
2469 3220 2691 3278 caeteris
2737 3227 2969 3279 czeteras
3017 3229 3409 3294 superaverat,
3470 3223 3797 3281 nobilitavit

2081 3304 2244 3376 adeo,
2278 3313 2341 3364 ut
2371 3306 2432 3364 in
2467 3309 2576 3366 hoc
2611 3308 2786 3366 etiam
2819 3318 3054 3368 caeteras
3091 3312 3406 3369 antecedat.
3449 3310 3598 3380 Quid
3639 3311 3797 3370 enim

2082 3395 2331 3454 sufﬁciat
2371 3413 2677 3455 numerare
2716 3400 2869 3471 quod
2915 3400 3092 3473 hujus
3119 3400 3279 3459 urbis
3310 3400 3602 3474 indigena;
3627 3400 3798 3459 Chri-

2083 3484 2290 3543 stianis
2329 3485 2681 3559 temporibus
2720 3485 2868 3543 bello
2906 3503 3159 3562 paceque
3199 3489 3556 3548 claruerint?
3602 3488 3796 3548 Vincit

2083 3573 2322 3645 quidem
2349 3573 2681 3646 opinionem
2714 3589 2917 3633 eorum
2955 3591 3258 3647 numerus,
3300 3577 3480 3635 vincit
3512 3583 3567 3635 et
3597 3577 3796 3636 ﬁdem.

2088 3656 2197 3716 Sed
2247 3660 2399 3717 inter
2435 3677 2530 3718 eos
2577 3661 2676 3734 qui
2719 3663 3074 3721 cruciatibus
3118 3665 3239 3722 suis
3283 3681 3530 3738 regnum
3568 3666 3798 3724 caeleste

2086 3751 2321 3808 mercati
2352 3757 2505 3821 sunt,
2527 3752 2619 3809 hae
2655 3753 2955 3825 nimirum,
2974 3753 3044 3810 ad
3076 3769 3324 3828 quarum
3349 3755 3630 3813 solemnia
3653 3752 3796 3810 502

2089 3839 2430 3909 convenitis,
2476 3841 2781 3913 specialem
2829 3843 3092 3901 obtinent
3143 3843 3503 3916 dignitatem.
3553 3844 3798 3903 Virilem

2089 3928 2378 4001 siquidem
2434 3929 2699 3988 animum
2754 3931 3105 4002 induentes,
3175 3933 3377 3992 Romae
3443 3932 3797 4006 progenitas,

2086 4016 2287 4075 Romae
2326 4017 2758 4089 religiosissime
2803 4021 3014 4092 vivere,
3051 4022 3251 4080 Romae
3280 4022 3522 4097 defungi
3559 4023 3798 4082 demum

2087 4107 2544 4164 constantissime
2584 4118 2936 4168 meruerunt.
2981 4110 3258 4170 Gloriosaa
3307 4111 3490 4185 igitur
3542 4113 3799 4184 virgines

2090 4194 2257 4251 Flora
2293 4200 2346 4252 et
2391 4195 2611 4254 Lucilla
2648 4213 2888 4268 sorores,
2922 4200 3275 4274 temporibus
3305 4205 3596 4274 quantum
3624 4199 3801 4257 intel-

2093 4282 2189 4356 ligi
2221 4289 2420 4356 potest,
2461 4291 2516 4342 et
2545 4285 2734 4356 datur,
2764 4287 3068 4358 Antonini,
3099 4296 3481 4362 cognomento
3512 4289 3601 4348 Pii
3629 4289 3799 4361 (354),

2087 4387 2223 4430 cum
2278 4372 2479 4431 Romae
2537 4375 2658 4432 suis
2716 4376 2928 4434 sanctis
2985 4377 3243 4434 moribus
3297 4377 3356 4434 in
3401 4379 3805 4450 conspectibus

2089 4461 2308 4518 divinis
2357 4463 2655 4537 arderent;
2717 4465 2854 4522 foris
2909 4482 3044 4523 vero
3109 4465 3432 4524 secundum
3493 4467 3802 4524 nominum

2094 4565 2338 4607 suorum
2381 4553 2785 4624 proprietatem
2826 4554 3094 4611 ﬂorerent
3132 4560 3187 4610 et
3227 4553 3505 4624 lucercnt,
3534 4555 3803 4627 apostoli-

2091 4654 2215 4696 cam
2259 4638 2436 4696 vitam
2480 4640 2833 4712 delegerunt,
2876 4658 2989 4715 qua
3031 4658 3089 4699 se
3132 4657 3165 4698 a
3203 4649 3563 4700 terrenorum
3608 4658 3803 4702 amore

293 4742 642 4808 superantur
671 4743 864 4794 autem
893 4753 925 4794 a
962 4753 1112 4810 rege,
1142 4738 1294 4810 quod
1327 4737 1374 4794 is
1409 4736 1667 4795 nondum
1703 4751 2010 4807 regenera-
2093 4730 2471 4802 retraherent,
2513 4738 2566 4788 et
2605 4731 2856 4803 corporis
2894 4731 2985 4789 sui
3025 4733 3374 4790 sanctiﬁcata
3416 4733 3648 4790 vascula
3687 4749 3801 4806 pu-

307 4830 403 4882 tus
439 4823 502 4882 in
541 4824 785 4896 Christo,
829 4825 1158 4882 tirocinium
1199 4841 1369 4883 suum
1409 4841 1441 4882 a
1479 4833 1633 4903 tanta
1671 4822 2012 4882 celsitudine
2097 4818 2309 4878 dicitim
2349 4819 2795 4877 sanctificatione
2833 4820 3065 4879 litarent
3098 4840 3109 4878 :
3144 4828 3199 4879 ct
3229 4837 3363 4894 qua:
3399 4829 3677 4881 noverant
3709 4839 3812 4896 per

307 4912 674 4987 perfectionis
724 4914 954 4987 incepit,
1009 4921 1073 4972 ut
1121 4915 1281 4987 prius
1336 4922 1554 4989 martyr
1603 4917 1787 4986 fieret,
1839 4928 2015 4987 quam
2099 4907 2427 4980 superbiam
2457 4908 2692 4980 angelos
2721 4908 3025 4978 corruisse,
3053 4925 3153 4982 per
3177 4909 3562 4969 humilitatem
3589 4912 3700 4971 sibi
3731 4914 3804 4971 ad

309 5001 442 5059 ﬁdei
474 5003 789 5074 susciperet
816 5010 1274 5075 sacramentum;
1309 5009 1363 5060 et
1391 5003 1490 5074 qui
1528 5001 1678 5063 lotus
1711 5020 1861 5077 aqua
1902 5019 2014 5060 non
2101 4997 2273 5057 caelos
2295 5006 2561 5072 pararent
2589 5015 2914 5058 ascensum.
2948 5000 3096 5057 Cum
3125 5001 3301 5074 igitur
3325 5018 3426 5076 per
3454 5005 3578 5061 haec
3605 5012 3660 5062 et
3693 5005 3808 5064 alia

310 5090 516 5160 fuerat,
558 5105 661 5150 suo
695 5092 979 5164 sanguine
1019 5091 1322 5151 lavaretur.
1365 5090 1408 5149 Ο
1451 5107 1580 5150 vere
1625 5091 2016 5166 spectaculum
2101 5092 2395 5150 benefacta
2451 5092 2563 5150 Deo
2614 5091 3066 5165 hominibusque
3114 5093 3440 5165 placerent;
3495 5095 3676 5153 voluit
3716 5110 3811 5153 eas

1735 5237 1788 5298 J.
1831 5235 2101 5296 CUPEBI
2141 5232 2380 5293 ΝΟΤᾸΕ.

377 5351 514 5419 (352)
554 5351 687 5407 Hinc
719 5355 920 5420 colligo
955 5348 1096 5408 hanc
1128 5356 1499 5409 narrationem
1531 5356 1587 5408 in
1615 5366 1796 5409 annua
1835 5357 2027 5410 harum
2109 5355 2329 5417 scripta,
2363 5352 2450 5406 vel
2481 5348 2768 5406 traditione
2789 5351 3053 5408 duntaxat
3073 5355 3314 5420 accepta.

310 5425 585 5487 virginum
617 5426 902 5481 festivitate
932 5429 1229 5480 institutam
1266 5440 1389 5480 esse
1412 5427 1508 5492 (a).

2170 5425 2305 5488 (354)
2360 5425 2654 5476 Antoninus
2717 5425 2838 5476 Pius
2893 5425 2959 5476 ab
3021 5440 3161 5480 anno
3222 5427 3412 5480 Christ!
3485 5425 3572 5479 138
3632 5431 3808 5492 usque

377 5496 511 5561 (353)
544 5497 656 5550 Non
692 5499 1016 5563 exprimitur
1050 5502 1228 5550 utrum
1264 5497 1381 5549 haec
1425 5498 1648 5551 historia
1692 5500 1820 5551 tunc
1863 5498 2030 5553 fuerit
2109 5495 2178 5550 ad
2217 5495 2297 5547 161
2327 5495 2620 5548 Romanum
2645 5497 2931 5562 imperium
2953 5499 3143 5550 tenuit.

379 5629 460 5695 (a)
499 5627 726 5685 Eastant
749 5633 813 5684 in
840 5633 878 5683 ι.
919 5627 1008 5684 VII
1028 5629 1160 5685 Julii
1187 5628 1560 5685 Bollandiant.
