  <div class='ocr_page' id='page_1' title='image "/cluster/home/n/w/nwhite01/storage/ocr_20150623/144/hvd.32044054760046/519.png"; bbox 0 0 4108 6206; ppageno 0'>
   <div class='ocr_carea' id='block_1_1' title="bbox 339 327 479 392">
    <p class='ocr_par' dir='ltr' id='par_1_1' title="bbox 339 327 479 392">
     <span class='ocr_line' id='line_1_1' title="bbox 339 327 479 392; baseline 0.007 -2"><span class='ocrx_word' id='word_1_1' title='bbox 339 327 479 392; x_wconf 74' lang='lat'><strong>1.027</strong></span> 
     </span>
    </p>
   </div>
   <div class='ocr_carea' id='block_1_2' title="bbox 801 325 3376 396">
    <p class='ocr_par' dir='ltr' id='par_1_2' title="bbox 801 325 3376 396">
     <span class='ocr_line' id='line_1_2' title="bbox 801 325 3376 396; baseline 0 -4"><span class='ocrx_word' id='word_1_2' title='bbox 801 331 862 392; x_wconf 92' lang='lat' dir='ltr'>S.</span> <span class='ocrx_word' id='word_1_3' title='bbox 903 329 1125 391; x_wconf 83' lang='lat' dir='ltr'>PETRI</span> <span class='ocrx_word' id='word_1_4' title='bbox 1163 326 1485 393; x_wconf 83' lang='lat' dir='ltr'>DAMIANI</span> <span class='ocrx_word' id='word_1_5' title='bbox 1522 330 1684 393; x_wconf 88' lang='lat' dir='ltr'>OPP.</span> <span class='ocrx_word' id='word_1_6' title='bbox 1726 328 1918 394; x_wconf 76' lang='lat' dir='ltr'>PARS</span> <span class='ocrx_word' id='word_1_7' title='bbox 1959 325 2100 394; x_wconf 78' lang='lat' dir='ltr'>SEU</span> <span class='ocrx_word' id='word_1_8' title='bbox 2136 328 2389 395; x_wconf 85' lang='lat' dir='ltr'>TOMUS</span> <span class='ocrx_word' id='word_1_9' title='bbox 2427 335 2503 394; x_wconf 93' lang='grc' dir='ltr'>ΙΙ.</span> <span class='ocrx_word' id='word_1_10' title='bbox 2546 366 2613 379; x_wconf 90' lang='lat'>—-</span> <span class='ocrx_word' id='word_1_11' title='bbox 2654 333 3115 396; x_wconf 76' lang='lat' dir='ltr'>SANCTORUM</span> <span class='ocrx_word' id='word_1_12' title='bbox 3155 332 3376 395; x_wconf 67' lang='lat' dir='ltr'>VITzE.</span> 
     </span>
    </p>
   </div>
   <div class='ocr_carea' id='block_1_3' title="bbox 3410 150 3457 179">
    <p class='ocr_par' dir='ltr' id='par_1_3' title="bbox 3410 150 3457 179">
     <span class='ocr_line' id='line_1_3' title="bbox 3410 150 3457 179; baseline 0 0"><span class='ocrx_word' id='word_1_13' title='bbox 3410 150 3457 179; x_wconf 60' lang='grc' dir='ltr'><em>θ</em></span> 
     </span>
    </p>
   </div>
   <div class='ocr_carea' id='block_1_4' title="bbox 3712 334 3848 397">
    <p class='ocr_par' dir='ltr' id='par_1_4' title="bbox 3712 334 3848 397">
     <span class='ocr_line' id='line_1_4' title="bbox 3712 334 3848 397; baseline 0.022 -3"><span class='ocrx_word' id='word_1_14' title='bbox 3712 334 3848 397; x_wconf 78' lang='grc'>1028</span> 
     </span>
    </p>
   </div>
   <div class='ocr_carea' id='block_1_5' title="bbox 332 456 3847 535">
    <p class='ocr_par' dir='ltr' id='par_1_5' title="bbox 332 456 3847 535">
     <span class='ocr_line' id='line_1_5' title="bbox 332 456 3847 535; baseline 0.002 -21"><span class='ocrx_word' id='word_1_15' title='bbox 332 456 618 516; x_wconf 85' lang='lat' dir='ltr'>Dominus</span> <span class='ocrx_word' id='word_1_16' title='bbox 652 473 754 530; x_wconf 90' lang='lat' dir='ltr'>per</span> <span class='ocrx_word' id='word_1_17' title='bbox 787 457 1208 529; x_wconf 88' lang='lat' dir='ltr'>tribulatioues,</span> <span class='ocrx_word' id='word_1_18' title='bbox 1243 459 1425 517; x_wconf 90' lang='lat' dir='ltr'>veluti</span> <span class='ocrx_word' id='word_1_19' title='bbox 1463 475 1673 519; x_wconf 90' lang='lat' dir='ltr'>aurum</span> <span class='ocrx_word' id='word_1_20' title='bbox 1712 477 1814 535; x_wconf 89' lang='lat' dir='ltr'>per</span> <span class='ocrx_word' id='word_1_21' title='bbox 1850 459 2049 534; x_wconf 85' lang='lat' dir='ltr'>ignem</span> <span class='ocrx_word' id='word_1_22' title='bbox 2073 462 2502 533; x_wconf 87' lang='lat' dir='ltr'>Adeservirent,</span> <span class='ocrx_word' id='word_1_23' title='bbox 2565 468 2760 535; x_wconf 81' lang='lat' dir='ltr'>utpote</span> <span class='ocrx_word' id='word_1_24' title='bbox 2822 461 3052 521; x_wconf 82' lang='lat' dir='ltr'>ancillis</span> <span class='ocrx_word' id='word_1_25' title='bbox 3106 460 3210 519; x_wconf 86' lang='lat' dir='ltr'>Dei</span> <span class='ocrx_word' id='word_1_26' title='bbox 3257 460 3361 535; x_wconf 88' lang='lat' dir='ltr'>qui</span> <span class='ocrx_word' id='word_1_27' title='bbox 3413 468 3743 522; x_wconf 82' lang='lat' dir='ltr'>moraretur</span> <span class='ocrx_word' id='word_1_28' title='bbox 3784 463 3847 522; x_wconf 91' lang='lat' dir='ltr'>in</span> 
     </span>
    </p>
   </div>
   <div class='ocr_carea' id='block_1_6' title="bbox 336 545 2049 620">
    <p class='ocr_par' dir='ltr' id='par_1_6' title="bbox 336 545 2049 620">
     <span class='ocr_line' id='line_1_6' title="bbox 336 545 2049 620; baseline 0.002 -17"><span class='ocrx_word' id='word_1_29' title='bbox 336 545 596 620; x_wconf 91' lang='lat' dir='ltr'>probare,</span> <span class='ocrx_word' id='word_1_30' title='bbox 636 553 702 604; x_wconf 90' lang='lat' dir='ltr'>ut</span> <span class='ocrx_word' id='word_1_31' title='bbox 749 563 846 604; x_wconf 90' lang='lat' dir='ltr'>eas</span> <span class='ocrx_word' id='word_1_32' title='bbox 889 546 1043 620; x_wconf 91' lang='lat' dir='ltr'>apud</span> <span class='ocrx_word' id='word_1_33' title='bbox 1090 562 1149 604; x_wconf 92' lang='lat' dir='ltr'>se</span> <span class='ocrx_word' id='word_1_34' title='bbox 1195 547 1563 620; x_wconf 87' lang='lat' dir='ltr'>gloriosiores</span> <span class='ocrx_word' id='word_1_35' title='bbox 1600 550 1866 607; x_wconf 88' lang='lat' dir='ltr'>elliceret.</span> <span class='ocrx_word' id='word_1_36' title='bbox 1902 548 2049 606; x_wconf 88' lang='lat' dir='ltr'>Cum</span> 
     </span>
    </p>
   </div>
   <div class='ocr_carea' id='block_1_7' title="bbox 336 633 2049 723">
    <p class='ocr_par' dir='ltr' id='par_1_7' title="bbox 336 633 2049 723">
     <span class='ocr_line' id='line_1_7' title="bbox 336 633 2049 723; baseline 0.002 -32"><span class='ocrx_word' id='word_1_37' title='bbox 336 633 496 691; x_wconf 89' lang='lat' dir='ltr'>enim</span> <span class='ocrx_word' id='word_1_38' title='bbox 538 633 690 692; x_wconf 88' lang='lat' dir='ltr'>Deus</span> <span class='ocrx_word' id='word_1_39' title='bbox 736 634 986 706; x_wconf 83' lang='lat' dir='ltr'>virgines</span> <span class='ocrx_word' id='word_1_40' title='bbox 1025 639 1249 692; x_wconf 88' lang='lat' dir='ltr'>sanctas</span> <span class='ocrx_word' id='word_1_41' title='bbox 1296 636 1512 695; x_wconf 86' lang='lat' dir='ltr'>virtute</span> <span class='ocrx_word' id='word_1_42' title='bbox 1552 636 1912 723; x_wconf 82' lang='lat' dir='ltr'>fortitudinis</span> <span class='ocrx_word' id='word_1_43' title='bbox 1956 638 2049 695; x_wconf 89' lang='lat' dir='ltr'>in-</span> 
     </span>
    </p>
   </div>
   <div class='ocr_carea' id='block_1_8' title="bbox 340 726 2049 806">
    <p class='ocr_par' dir='ltr' id='par_1_8' title="bbox 340 726 2049 806">
     <span class='ocr_line' id='line_1_8' title="bbox 340 726 2049 806; baseline 0.003 -21"><span class='ocrx_word' id='word_1_44' title='bbox 340 727 664 798; x_wconf 80' lang='lat' dir='ltr'>struxisset,</span> <span class='ocrx_word' id='word_1_45' title='bbox 720 726 909 786; x_wconf 84' lang='lat' dir='ltr'>noluit</span> <span class='ocrx_word' id='word_1_46' title='bbox 941 743 1037 786; x_wconf 91' lang='lat' dir='ltr'>eas</span> <span class='ocrx_word' id='word_1_47' title='bbox 1075 728 1272 797; x_wconf 88' lang='lat' dir='ltr'>latere,</span> <span class='ocrx_word' id='word_1_48' title='bbox 1313 732 1405 789; x_wconf 88' lang='lat' dir='ltr'>sed</span> <span class='ocrx_word' id='word_1_49' title='bbox 1456 733 1518 789; x_wconf 92' lang='lat' dir='ltr'>in</span> <span class='ocrx_word' id='word_1_50' title='bbox 1556 732 1825 806; x_wconf 83' lang='lat' dir='ltr'>campum</span> <span class='ocrx_word' id='word_1_51' title='bbox 1867 738 2049 790; x_wconf 89' lang='lat' dir='ltr'>certa-</span> 
     </span>
    </p>
   </div>
   <div class='ocr_carea' id='block_1_9' title="bbox 339 818 2050 895">
    <p class='ocr_par' dir='ltr' id='par_1_9' title="bbox 339 818 2050 895">
     <span class='ocr_line' id='line_1_9' title="bbox 339 818 2050 895; baseline 0.001 -18"><span class='ocrx_word' id='word_1_52' title='bbox 339 821 515 877; x_wconf 88' lang='lat' dir='ltr'>minis</span> <span class='ocrx_word' id='word_1_53' title='bbox 564 818 845 893; x_wconf 89' lang='lat' dir='ltr'>prodire:</span> <span class='ocrx_word' id='word_1_54' title='bbox 888 822 953 874; x_wconf 92' lang='lat' dir='ltr'>ut</span> <span class='ocrx_word' id='word_1_55' title='bbox 1006 833 1139 891; x_wconf 89' lang='lat' dir='ltr'>qua</span> <span class='ocrx_word' id='word_1_56' title='bbox 1189 819 1282 877; x_wconf 91' lang='lat' dir='ltr'>sui</span> <span class='ocrx_word' id='word_1_57' title='bbox 1337 821 1591 894; x_wconf 90' lang='lat' dir='ltr'>corporis</span> <span class='ocrx_word' id='word_1_58' title='bbox 1643 822 1939 895; x_wconf 78' lang='lat' dir='ltr'>passiones</span> <span class='ocrx_word' id='word_1_59' title='bbox 1994 826 2050 879; x_wconf 90' lang='lat' dir='ltr'>et</span> 
     </span>
    </p>
   </div>
   <div class='ocr_carea' id='block_1_10' title="bbox 335 906 2046 983">
    <p class='ocr_par' dir='ltr' id='par_1_10' title="bbox 335 906 2046 983">
     <span class='ocr_line' id='line_1_10' title="bbox 335 906 2046 983; baseline 0 -16"><span class='ocrx_word' id='word_1_60' title='bbox 335 908 546 967; x_wconf 89' lang='lat' dir='ltr'>diaboli</span> <span class='ocrx_word' id='word_1_61' title='bbox 590 906 931 965; x_wconf 89' lang='lat' dir='ltr'>tentationes</span> <span class='ocrx_word' id='word_1_62' title='bbox 981 908 1253 978; x_wconf 83' lang='lat' dir='ltr'>vicerant,</span> <span class='ocrx_word' id='word_1_63' title='bbox 1305 909 1494 983; x_wconf 90' lang='lat' dir='ltr'>ipsum</span> <span class='ocrx_word' id='word_1_64' title='bbox 1539 911 1711 967; x_wconf 89' lang='lat' dir='ltr'>etiam</span> <span class='ocrx_word' id='word_1_65' title='bbox 1762 911 2046 969; x_wconf 85' lang='lat' dir='ltr'>saculum</span> 
     </span>
    </p>
   </div>
   <div class='ocr_carea' id='block_1_11' title="bbox 341 998 2048 1074">
    <p class='ocr_par' dir='ltr' id='par_1_11' title="bbox 341 998 2048 1074">
     <span class='ocr_line' id='line_1_11' title="bbox 341 998 2048 1074; baseline 0.002 -18"><span class='ocrx_word' id='word_1_66' title='bbox 341 1005 697 1071; x_wconf 86' lang='lat' dir='ltr'>superarent.</span> <span class='ocrx_word' id='word_1_67' title='bbox 716 999 768 1056; x_wconf 83' lang='lat' dir='ltr'><strong>A</strong></span> <span class='ocrx_word' id='word_1_68' title='bbox 783 998 1098 1058; x_wconf 87' lang='lat' dir='ltr'>levioribus</span> <span class='ocrx_word' id='word_1_69' title='bbox 1118 1000 1295 1074; x_wconf 90' lang='lat' dir='ltr'>igitur</span> <span class='ocrx_word' id='word_1_70' title='bbox 1311 1003 1792 1060; x_wconf 91' lang='lat' dir='ltr'>sumensinitium</span> <span class='ocrx_word' id='word_1_71' title='bbox 1807 1002 2048 1060; x_wconf 90' lang='lat' dir='ltr'>consilio</span> 
     </span>
    </p>
   </div>
   <div class='ocr_carea' id='block_1_12' title="bbox 335 1091 2042 1164">
    <p class='ocr_par' dir='ltr' id='par_1_12' title="bbox 335 1091 2042 1164">
     <span class='ocr_line' id='line_1_12' title="bbox 335 1091 2042 1164; baseline 0.001 -16"><span class='ocrx_word' id='word_1_72' title='bbox 335 1096 530 1148; x_wconf 90' lang='lat' dir='ltr'>sancto</span> <span class='ocrx_word' id='word_1_73' title='bbox 582 1105 707 1159; x_wconf 88' lang='lat' dir='ltr'>suo,</span> <span class='ocrx_word' id='word_1_74' title='bbox 748 1091 1036 1164; x_wconf 91' lang='lat' dir='ltr'>quomodo</span> <span class='ocrx_word' id='word_1_75' title='bbox 1086 1091 1155 1148; x_wconf 92' lang='lat' dir='ltr'>de</span> <span class='ocrx_word' id='word_1_76' title='bbox 1209 1091 1377 1150; x_wconf 90' lang='lat' dir='ltr'>malis</span> <span class='ocrx_word' id='word_1_77' title='bbox 1429 1093 1598 1151; x_wconf 89' lang='lat' dir='ltr'>etiam</span> <span class='ocrx_word' id='word_1_78' title='bbox 1660 1093 1819 1151; x_wconf 85' lang='lat' dir='ltr'>elicit</span> <span class='ocrx_word' id='word_1_79' title='bbox 1872 1093 2042 1161; x_wconf 89' lang='lat' dir='ltr'>bona,</span> 
     </span>
    </p>
   </div>
   <div class='ocr_carea' id='block_1_13' title="bbox 336 1174 2046 1256">
    <p class='ocr_par' dir='ltr' id='par_1_13' title="bbox 336 1174 2046 1256">
     <span class='ocr_line' id='line_1_13' title="bbox 336 1174 2046 1256; baseline 0.001 -18"><span class='ocrx_word' id='word_1_80' title='bbox 336 1183 560 1238; x_wconf 88' lang='lat' dir='ltr'>sanctas</span> <span class='ocrx_word' id='word_1_81' title='bbox 602 1178 672 1237; x_wconf 90' lang='lat' dir='ltr'>de</span> <span class='ocrx_word' id='word_1_82' title='bbox 711 1179 943 1251; x_wconf 77' lang='lat' dir='ltr'>regione</span> <span class='ocrx_word' id='word_1_83' title='bbox 989 1195 1095 1237; x_wconf 90' lang='lat' dir='ltr'>sua</span> <span class='ocrx_word' id='word_1_84' title='bbox 1141 1179 1388 1237; x_wconf 88' lang='lat' dir='ltr'>subduci</span> <span class='ocrx_word' id='word_1_85' title='bbox 1430 1182 1710 1252; x_wconf 87' lang='lat' dir='ltr'>permisit,</span> <span class='ocrx_word' id='word_1_86' title='bbox 1752 1188 1817 1240; x_wconf 92' lang='lat' dir='ltr'>ut</span> <span class='ocrx_word' id='word_1_87' title='bbox 1848 1174 1909 1240; x_wconf 66' lang='lat' dir='ltr'>iet</span> <span class='ocrx_word' id='word_1_88' title='bbox 1947 1199 2046 1256; x_wconf 90' lang='lat' dir='ltr'>pa-</span> 
     </span>
    </p>
   </div>
   <div class='ocr_carea' id='block_1_14' title="bbox 336 1267 2049 1332">
    <p class='ocr_par' dir='ltr' id='par_1_14' title="bbox 336 1267 2049 1332">
     <span class='ocr_line' id='line_1_14' title="bbox 336 1267 2049 1332; baseline 0.001 -5"><span class='ocrx_word' id='word_1_89' title='bbox 336 1267 554 1327; x_wconf 91' lang='lat' dir='ltr'>tientia</span> <span class='ocrx_word' id='word_1_90' title='bbox 586 1267 860 1326; x_wconf 91' lang='lat' dir='ltr'>meritum</span> <span class='ocrx_word' id='word_1_91' title='bbox 892 1275 1205 1332; x_wconf 90' lang='lat' dir='ltr'>sumerent,</span> <span class='ocrx_word' id='word_1_92' title='bbox 1243 1275 1298 1326; x_wconf 90' lang='lat' dir='ltr'>et</span> <span class='ocrx_word' id='word_1_93' title='bbox 1336 1286 1548 1328; x_wconf 87' lang='lat' dir='ltr'>nomen</span> <span class='ocrx_word' id='word_1_94' title='bbox 1584 1272 1795 1329; x_wconf 84' lang='lat' dir='ltr'>Christi</span> <span class='ocrx_word' id='word_1_95' title='bbox 1835 1273 2049 1330; x_wconf 79' lang='lat' dir='ltr'>exteris</span> 
     </span>
    </p>
   </div>
   <div class='ocr_carea' id='block_1_15' title="bbox 333 1356 2043 1432">
    <p class='ocr_par' dir='ltr' id='par_1_15' title="bbox 333 1356 2043 1432">
     <span class='ocr_line' id='line_1_15' title="bbox 333 1356 2043 1432; baseline 0.002 -18"><span class='ocrx_word' id='word_1_96' title='bbox 333 1357 606 1432; x_wconf 85' lang='lat' dir='ltr'>gentibus</span> <span class='ocrx_word' id='word_1_97' title='bbox 622 1356 976 1425; x_wconf 86' lang='lat' dir='ltr'>nuntiarent,</span> <span class='ocrx_word' id='word_1_98' title='bbox 1002 1362 1057 1414; x_wconf 89' lang='lat' dir='ltr'>et</span> <span class='ocrx_word' id='word_1_99' title='bbox 1080 1373 1175 1414; x_wconf 85' lang='lat' dir='ltr'>eas</span> <span class='ocrx_word' id='word_1_100' title='bbox 1195 1357 1265 1414; x_wconf 92' lang='lat' dir='ltr'>ad</span> <span class='ocrx_word' id='word_1_101' title='bbox 1288 1357 1413 1431; x_wconf 89' lang='lat' dir='ltr'>ejus</span> <span class='ocrx_word' id='word_1_102' title='bbox 1434 1359 1656 1417; x_wconf 91' lang='lat' dir='ltr'>cultum</span> <span class='ocrx_word' id='word_1_103' title='bbox 1675 1360 2043 1418; x_wconf 89' lang='lat' dir='ltr'>adducerent.</span> 
     </span>
    </p>
   </div>
   <div class='ocr_carea' id='block_1_16' title="bbox 407 1442 2047 1519">
    <p class='ocr_par' dir='ltr' id='par_1_16' title="bbox 407 1442 2047 1519">
     <span class='ocr_line' id='line_1_16' title="bbox 407 1442 2047 1519; baseline 0.001 -17"><span class='ocrx_word' id='word_1_104' title='bbox 407 1445 545 1502; x_wconf 90' lang='lat' dir='ltr'>Erat</span> <span class='ocrx_word' id='word_1_105' title='bbox 569 1442 855 1516; x_wconf 87' lang='lat' dir='ltr'>siquidem</span> <span class='ocrx_word' id='word_1_106' title='bbox 896 1459 999 1516; x_wconf 91' lang='lat' dir='ltr'>per</span> <span class='ocrx_word' id='word_1_107' title='bbox 1033 1459 1100 1501; x_wconf 92' lang='lat' dir='ltr'>ea</span> <span class='ocrx_word' id='word_1_108' title='bbox 1139 1450 1394 1517; x_wconf 88' lang='lat' dir='ltr'>tempora</span> <span class='ocrx_word' id='word_1_109' title='bbox 1431 1445 1489 1503; x_wconf 91' lang='lat' dir='ltr'>in</span> <span class='ocrx_word' id='word_1_110' title='bbox 1528 1447 1745 1505; x_wconf 83' lang='lat' dir='ltr'>Africa</span> <span class='ocrx_word' id='word_1_111' title='bbox 1774 1447 2047 1519; x_wconf 83' lang='lat'>(355-356)</span> 
     </span>
    </p>
   </div>
   <div class='ocr_carea' id='block_1_17' title="bbox 334 1535 2048 1612">
    <p class='ocr_par' dir='ltr' id='par_1_17' title="bbox 334 1535 2048 1612">
     <span class='ocr_line' id='line_1_17' title="bbox 334 1535 2048 1612; baseline 0 -17"><span class='ocrx_word' id='word_1_112' title='bbox 334 1535 595 1610; x_wconf 87' lang='lat' dir='ltr'>partibus</span> <span class='ocrx_word' id='word_1_113' title='bbox 638 1551 743 1593; x_wconf 79' lang='lat' dir='ltr'>rex</span> <span class='ocrx_word' id='word_1_114' title='bbox 778 1535 1074 1601; x_wconf 89' lang='lat' dir='ltr'>barbarus,</span> <span class='ocrx_word' id='word_1_115' title='bbox 1134 1535 1372 1593; x_wconf 90' lang='lat' dir='ltr'>nomine</span> <span class='ocrx_word' id='word_1_116' title='bbox 1412 1536 1724 1610; x_wconf 88' lang='lat' dir='ltr'>Eugegius,</span> <span class='ocrx_word' id='word_1_117' title='bbox 1777 1537 1877 1612; x_wconf 93' lang='lat' dir='ltr'>qui</span> <span class='ocrx_word' id='word_1_118' title='bbox 1934 1537 2048 1595; x_wconf 82' lang='lat' dir='ltr'>Ro-</span> 
     </span>
    </p>
   </div>
   <div class='ocr_carea' id='block_1_18' title="bbox 334 1624 2046 1700">
    <p class='ocr_par' dir='ltr' id='par_1_18' title="bbox 334 1624 2046 1700">
     <span class='ocr_line' id='line_1_18' title="bbox 334 1624 2046 1700; baseline 0.001 -16"><span class='ocrx_word' id='word_1_119' title='bbox 334 1624 525 1684; x_wconf 85' lang='lat' dir='ltr'>manis</span> <span class='ocrx_word' id='word_1_120' title='bbox 575 1624 909 1695; x_wconf 80' lang='lat' dir='ltr'>regionibus</span> <span class='ocrx_word' id='word_1_121' title='bbox 946 1624 1212 1695; x_wconf 89' lang='lat' dir='ltr'>infestus,</span> <span class='ocrx_word' id='word_1_122' title='bbox 1253 1641 1349 1683; x_wconf 90' lang='lat' dir='ltr'>eas</span> <span class='ocrx_word' id='word_1_123' title='bbox 1389 1627 1734 1700; x_wconf 86' lang='lat' dir='ltr'>depopulare</span> <span class='ocrx_word' id='word_1_124' title='bbox 1782 1632 2046 1699; x_wconf 85' lang='lat' dir='ltr'>conatus,</span> 
     </span>
    </p>
   </div>
   <div class='ocr_carea' id='block_1_19' title="bbox 332 1711 2049 1786">
    <p class='ocr_par' dir='ltr' id='par_1_19' title="bbox 332 1711 2049 1786">
     <span class='ocr_line' id='line_1_19' title="bbox 332 1711 2049 1786; baseline 0.002 -16"><span class='ocrx_word' id='word_1_125' title='bbox 332 1711 486 1770; x_wconf 89' lang='lat' dir='ltr'>inter</span> <span class='ocrx_word' id='word_1_126' title='bbox 538 1713 797 1786; x_wconf 90' lang='lat' dir='ltr'>reliquos</span> <span class='ocrx_word' id='word_1_127' title='bbox 853 1712 1126 1785; x_wconf 88' lang='lat' dir='ltr'>captivos,</span> <span class='ocrx_word' id='word_1_128' title='bbox 1190 1714 1447 1785; x_wconf 86' lang='lat' dir='ltr'>virgines</span> <span class='ocrx_word' id='word_1_129' title='bbox 1503 1721 1765 1785; x_wconf 90' lang='lat' dir='ltr'>sanctas,</span> <span class='ocrx_word' id='word_1_130' title='bbox 1820 1715 2049 1773; x_wconf 90' lang='lat' dir='ltr'>volente</span> 
     </span>
    </p>
   </div>
   <div class='ocr_carea' id='block_1_20' title="bbox 2134 551 2318 609">
    <p class='ocr_par' dir='ltr' id='par_1_20' title="bbox 2134 551 2318 609">
     <span class='ocr_line' id='line_1_20' title="bbox 2134 551 2318 609; baseline 0.016 -3"><span class='ocrx_word' id='word_1_131' title='bbox 2134 551 2318 609; x_wconf 79' lang='lat' dir='ltr'>calis.</span> 
     </span>
    </p>
   </div>
   <div class='ocr_carea' id='block_1_21' title="bbox 2203 641 3844 716">
    <p class='ocr_par' dir='ltr' id='par_1_21' title="bbox 2203 641 3844 716">
     <span class='ocr_line' id='line_1_21' title="bbox 2203 641 3844 716; baseline 0.001 -18"><span class='ocrx_word' id='word_1_132' title='bbox 2203 642 2478 700; x_wconf 80' lang='lat' dir='ltr'>Videntes</span> <span class='ocrx_word' id='word_1_133' title='bbox 2515 641 2692 713; x_wconf 86' lang='lat' dir='ltr'>igitur</span> <span class='ocrx_word' id='word_1_134' title='bbox 2737 645 2946 699; x_wconf 88' lang='lat' dir='ltr'>sancta</span> <span class='ocrx_word' id='word_1_135' title='bbox 2985 655 3205 698; x_wconf 87' lang='lat' dir='ltr'>sorores</span> <span class='ocrx_word' id='word_1_136' title='bbox 3244 647 3460 699; x_wconf 83' lang='lat' dir='ltr'>tantam</span> <span class='ocrx_word' id='word_1_137' title='bbox 3499 641 3601 699; x_wconf 89' lang='lat' dir='ltr'>Dei</span> <span class='ocrx_word' id='word_1_138' title='bbox 3649 641 3844 716; x_wconf 89' lang='lat' dir='ltr'>provi-</span> 
     </span>
    </p>
   </div>
   <div class='ocr_carea' id='block_1_22' title="bbox 2132 729 3843 803">
    <p class='ocr_par' dir='ltr' id='par_1_22' title="bbox 2132 729 3843 803">
     <span class='ocr_line' id='line_1_22' title="bbox 2132 729 3843 803; baseline 0.001 -14"><span class='ocrx_word' id='word_1_139' title='bbox 2132 731 2387 790; x_wconf 85' lang='lat' dir='ltr'>dentiam</span> <span class='ocrx_word' id='word_1_140' title='bbox 2442 731 2591 789; x_wconf 86' lang='lat' dir='ltr'>circa</span> <span class='ocrx_word' id='word_1_141' title='bbox 2640 747 2720 801; x_wconf 90' lang='lat' dir='ltr'>se,</span> <span class='ocrx_word' id='word_1_142' title='bbox 2775 745 2889 803; x_wconf 91' lang='lat' dir='ltr'>qua</span> <span class='ocrx_word' id='word_1_143' title='bbox 2923 730 2993 787; x_wconf 91' lang='lat' dir='ltr'>de</span> <span class='ocrx_word' id='word_1_144' title='bbox 3030 729 3302 802; x_wconf 85' lang='lat' dir='ltr'>pradone</span> <span class='ocrx_word' id='word_1_145' title='bbox 3340 736 3643 803; x_wconf 91' lang='lat' dir='ltr'>patronum</span> <span class='ocrx_word' id='word_1_146' title='bbox 3679 738 3738 789; x_wconf 89' lang='lat' dir='ltr'>et</span> <span class='ocrx_word' id='word_1_147' title='bbox 3771 730 3843 792; x_wconf 89' lang='lat' dir='ltr'>de</span> 
     </span>
    </p>
   </div>
   <div class='ocr_carea' id='block_1_23' title="bbox 2132 819 3841 895">
    <p class='ocr_par' dir='ltr' id='par_1_23' title="bbox 2132 819 3841 895">
     <span class='ocr_line' id='line_1_23' title="bbox 2132 819 3841 895; baseline -0.001 -15"><span class='ocrx_word' id='word_1_148' title='bbox 2132 828 2460 895; x_wconf 88' lang='lat' dir='ltr'>corruptore</span> <span class='ocrx_word' id='word_1_149' title='bbox 2508 820 2744 894; x_wconf 87' lang='lat' dir='ltr'>pudoris</span> <span class='ocrx_word' id='word_1_150' title='bbox 2798 826 3136 876; x_wconf 88' lang='lat' dir='ltr'>assertorem</span> <span class='ocrx_word' id='word_1_151' title='bbox 3182 819 3463 889; x_wconf 73' lang='lat' dir='ltr'>effecerat,</span> <span class='ocrx_word' id='word_1_152' title='bbox 3510 824 3570 876; x_wconf 85' lang='lat' dir='ltr'>et</span> <span class='ocrx_word' id='word_1_153' title='bbox 3625 819 3841 892; x_wconf 86' lang='lat' dir='ltr'>princi-</span> 
     </span>
    </p>
   </div>
   <div class='ocr_carea' id='block_1_24' title="bbox 2132 907 3837 984">
    <p class='ocr_par' dir='ltr' id='par_1_24' title="bbox 2132 907 3837 984">
     <span class='ocr_line' id='line_1_24' title="bbox 2132 907 3837 984; baseline -0.003 -14"><span class='ocrx_word' id='word_1_154' title='bbox 2132 927 2272 984; x_wconf 89' lang='lat' dir='ltr'>pum</span> <span class='ocrx_word' id='word_1_155' title='bbox 2313 911 2533 969; x_wconf 87' lang='lat' dir='ltr'>curiam</span> <span class='ocrx_word' id='word_1_156' title='bbox 2574 913 2630 966; x_wconf 87' lang='lat' dir='ltr'>in</span> <span class='ocrx_word' id='word_1_157' title='bbox 2675 907 3058 966; x_wconf 86' lang='lat' dir='ltr'>monasticum</span> <span class='ocrx_word' id='word_1_158' title='bbox 3087 908 3410 967; x_wconf 88' lang='lat' dir='ltr'>claustrum</span> <span class='ocrx_word' id='word_1_159' title='bbox 3437 915 3837 978; x_wconf 87' lang='lat' dir='ltr'>commutarat,</span> 
     </span>
    </p>
   </div>
   <div class='ocr_carea' id='block_1_25' title="bbox 2130 995 3837 1067">
    <p class='ocr_par' dir='ltr' id='par_1_25' title="bbox 2130 995 3837 1067">
     <span class='ocr_line' id='line_1_25' title="bbox 2130 995 3837 1067; baseline -0.001 -12"><span class='ocrx_word' id='word_1_160' title='bbox 2130 999 2397 1056; x_wconf 90' lang='lat' dir='ltr'>divinum</span> <span class='ocrx_word' id='word_1_161' title='bbox 2451 996 2763 1055; x_wconf 88' lang='lat' dir='ltr'>consilium</span> <span class='ocrx_word' id='word_1_162' title='bbox 2815 996 3134 1063; x_wconf 88' lang='lat' dir='ltr'>admirata,</span> <span class='ocrx_word' id='word_1_163' title='bbox 3185 997 3409 1067; x_wconf 77' lang='lat' dir='ltr'>gratias</span> <span class='ocrx_word' id='word_1_164' title='bbox 3447 995 3691 1067; x_wconf 84' lang='lat' dir='ltr'>agebant</span> <span class='ocrx_word' id='word_1_165' title='bbox 3742 996 3837 1053; x_wconf 91' lang='lat' dir='ltr'>in-</span> 
     </span>
    </p>
   </div>
   <div class='ocr_carea' id='block_1_26' title="bbox 2131 1086 3840 1160">
    <p class='ocr_par' dir='ltr' id='par_1_26' title="bbox 2131 1086 3840 1160">
     <span class='ocr_line' id='line_1_26' title="bbox 2131 1086 3840 1160; baseline -0.002 -15"><span class='ocrx_word' id='word_1_166' title='bbox 2131 1094 2327 1160; x_wconf 84' lang='lat' dir='ltr'>gentes</span> <span class='ocrx_word' id='word_1_167' title='bbox 2366 1088 2631 1145; x_wconf 90' lang='lat' dir='ltr'>omnium</span> <span class='ocrx_word' id='word_1_168' title='bbox 2668 1087 2951 1144; x_wconf 90' lang='lat' dir='ltr'>bonorum</span> <span class='ocrx_word' id='word_1_169' title='bbox 2989 1086 3209 1144; x_wconf 85' lang='lat' dir='ltr'>auctori</span> <span class='ocrx_word' id='word_1_170' title='bbox 3246 1088 3346 1159; x_wconf 91' lang='lat' dir='ltr'>qui</span> <span class='ocrx_word' id='word_1_171' title='bbox 3387 1092 3443 1142; x_wconf 90' lang='lat' dir='ltr'>et</span> <span class='ocrx_word' id='word_1_172' title='bbox 3478 1086 3541 1143; x_wconf 94' lang='lat' dir='ltr'>in</span> <span class='ocrx_word' id='word_1_173' title='bbox 3594 1086 3840 1159; x_wconf 83' lang='lat' dir='ltr'>captivi-</span> 
     </span>
    </p>
   </div>
   <div class='ocr_carea' id='block_1_27' title="bbox 2130 1176 3845 1251">
    <p class='ocr_par' dir='ltr' id='par_1_27' title="bbox 2130 1176 3845 1251">
     <span class='ocr_line' id='line_1_27' title="bbox 2130 1176 3845 1251; baseline -0.002 -15"><span class='ocrx_word' id='word_1_174' title='bbox 2130 1186 2242 1237; x_wconf 88' lang='lat' dir='ltr'>tate</span> <span class='ocrx_word' id='word_1_175' title='bbox 2294 1178 2513 1251; x_wconf 76' lang='lat' dir='ltr'>positas</span> <span class='ocrx_word' id='word_1_176' title='bbox 2555 1177 2703 1250; x_wconf 90' lang='lat' dir='ltr'>apud</span> <span class='ocrx_word' id='word_1_177' title='bbox 2756 1176 3143 1249; x_wconf 89' lang='lat' dir='ltr'>alienigenam</span> <span class='ocrx_word' id='word_1_178' title='bbox 3203 1192 3393 1249; x_wconf 89' lang='lat' dir='ltr'>regem</span> <span class='ocrx_word' id='word_1_179' title='bbox 3448 1182 3665 1234; x_wconf 89' lang='lat' dir='ltr'>tantam</span> <span class='ocrx_word' id='word_1_180' title='bbox 3716 1191 3845 1248; x_wconf 88' lang='lat' dir='ltr'>gra-</span> 
     </span>
    </p>
   </div>
   <div class='ocr_carea' id='block_1_28' title="bbox 2133 1266 3840 1340">
    <p class='ocr_par' dir='ltr' id='par_1_28' title="bbox 2133 1266 3840 1340">
     <span class='ocr_line' id='line_1_28' title="bbox 2133 1266 3840 1340; baseline -0.002 -13"><span class='ocrx_word' id='word_1_181' title='bbox 2133 1271 2268 1327; x_wconf 86' lang='lat' dir='ltr'>tiam</span> <span class='ocrx_word' id='word_1_182' title='bbox 2304 1269 2568 1326; x_wconf 88' lang='lat' dir='ltr'>invenire</span> <span class='ocrx_word' id='word_1_183' title='bbox 2606 1266 2849 1335; x_wconf 87' lang='lat' dir='ltr'>fecisset,</span> <span class='ocrx_word' id='word_1_184' title='bbox 2886 1283 2987 1340; x_wconf 91' lang='lat' dir='ltr'>pro</span> <span class='ocrx_word' id='word_1_185' title='bbox 3025 1267 3191 1340; x_wconf 88' lang='lat' dir='ltr'>cujus</span> <span class='ocrx_word' id='word_1_186' title='bbox 3228 1267 3630 1325; x_wconf 87' lang='lat' dir='ltr'>incolumitate</span> <span class='ocrx_word' id='word_1_187' title='bbox 3664 1266 3840 1324; x_wconf 90' lang='lat' dir='ltr'>simul</span> 
     </span>
    </p>
   </div>
   <div class='ocr_carea' id='block_1_29' title="bbox 2131 1355 3845 1429">
    <p class='ocr_par' dir='ltr' id='par_1_29' title="bbox 2131 1355 3845 1429">
     <span class='ocr_line' id='line_1_29' title="bbox 2131 1355 3845 1429; baseline -0.001 -15"><span class='ocrx_word' id='word_1_188' title='bbox 2131 1365 2186 1414; x_wconf 89' lang='lat' dir='ltr'>et</span> <span class='ocrx_word' id='word_1_189' title='bbox 2227 1357 2413 1415; x_wconf 89' lang='lat' dir='ltr'>salute</span> <span class='ocrx_word' id='word_1_190' title='bbox 2466 1362 2752 1429; x_wconf 86' lang='lat' dir='ltr'>perpetua,</span> <span class='ocrx_word' id='word_1_191' title='bbox 2808 1355 3013 1425; x_wconf 92' lang='lat' dir='ltr'>Deum,</span> <span class='ocrx_word' id='word_1_192' title='bbox 3067 1363 3239 1428; x_wconf 87' lang='lat' dir='ltr'>prout</span> <span class='ocrx_word' id='word_1_193' title='bbox 3273 1356 3496 1428; x_wconf 90' lang='lat' dir='ltr'>justum</span> <span class='ocrx_word' id='word_1_194' title='bbox 3540 1361 3681 1425; x_wconf 88' lang='lat' dir='ltr'>erat,</span> <span class='ocrx_word' id='word_1_195' title='bbox 3722 1356 3845 1413; x_wconf 86' lang='lat' dir='ltr'>fre-</span> 
     </span>
    </p>
   </div>
   <div class='ocr_carea' id='block_1_30' title="bbox 2132 1444 3844 1518">
    <p class='ocr_par' dir='ltr' id='par_1_30' title="bbox 2132 1444 3844 1518">
     <span class='ocr_line' id='line_1_30' title="bbox 2132 1444 3844 1518; baseline -0.001 -15"><span class='ocrx_word' id='word_1_196' title='bbox 2132 1452 2375 1518; x_wconf 91' lang='lat' dir='ltr'>quenter</span> <span class='ocrx_word' id='word_1_197' title='bbox 2427 1445 2687 1514; x_wconf 78' lang='lat' dir='ltr'>orabant,</span> <span class='ocrx_word' id='word_1_198' title='bbox 2736 1460 2811 1501; x_wconf 91' lang='lat' dir='ltr'>ne</span> <span class='ocrx_word' id='word_1_199' title='bbox 2853 1459 2968 1517; x_wconf 87' lang='lat' dir='ltr'>qua</span> <span class='ocrx_word' id='word_1_200' title='bbox 3017 1444 3202 1501; x_wconf 89' lang='lat' dir='ltr'>notari</span> <span class='ocrx_word' id='word_1_201' title='bbox 3250 1450 3481 1517; x_wconf 88' lang='lat' dir='ltr'>possent</span> <span class='ocrx_word' id='word_1_202' title='bbox 3529 1444 3844 1518; x_wconf 89' lang='lat' dir='ltr'>ingratitu-</span> 
     </span>
    </p>
   </div>
   <div class='ocr_carea' id='block_1_31' title="bbox 2132 1533 3843 1606">
    <p class='ocr_par' dir='ltr' id='par_1_31' title="bbox 2132 1533 3843 1606">
     <span class='ocr_line' id='line_1_31' title="bbox 2132 1533 3843 1606; baseline -0.001 -14"><span class='ocrx_word' id='word_1_203' title='bbox 2132 1534 2286 1592; x_wconf 86' lang='lat' dir='ltr'>diuis</span> <span class='ocrx_word' id='word_1_204' title='bbox 2334 1534 2572 1592; x_wconf 86' lang='lat' dir='ltr'>macula.</span> <span class='ocrx_word' id='word_1_205' title='bbox 2627 1534 2928 1591; x_wconf 89' lang='lat' dir='ltr'>Formatur</span> <span class='ocrx_word' id='word_1_206' title='bbox 2984 1533 3219 1590; x_wconf 89' lang='lat' dir='ltr'>interim</span> <span class='ocrx_word' id='word_1_207' title='bbox 3273 1533 3508 1592; x_wconf 91' lang='lat' dir='ltr'>animus</span> <span class='ocrx_word' id='word_1_208' title='bbox 3565 1534 3719 1606; x_wconf 86' lang='lat' dir='ltr'>regis</span> <span class='ocrx_word' id='word_1_209' title='bbox 3772 1533 3843 1591; x_wconf 89' lang='lat' dir='ltr'>ad</span> 
     </span>
    </p>
   </div>
   <div class='ocr_carea' id='block_1_32' title="bbox 2132 1621 3848 1697">
    <p class='ocr_par' dir='ltr' id='par_1_32' title="bbox 2132 1621 3848 1697">
     <span class='ocr_line' id='line_1_32' title="bbox 2132 1621 3848 1697; baseline -0.001 -16"><span class='ocrx_word' id='word_1_210' title='bbox 2132 1625 2327 1695; x_wconf 87' lang='lat' dir='ltr'>ﬁdem,</span> <span class='ocrx_word' id='word_1_211' title='bbox 2375 1630 2431 1681; x_wconf 92' lang='lat' dir='ltr'>et</span> <span class='ocrx_word' id='word_1_212' title='bbox 2476 1623 2539 1680; x_wconf 92' lang='lat' dir='ltr'>in</span> <span class='ocrx_word' id='word_1_213' title='bbox 2595 1629 2817 1681; x_wconf 89' lang='lat' dir='ltr'>tantum</span> <span class='ocrx_word' id='word_1_214' title='bbox 2867 1638 3067 1680; x_wconf 91' lang='lat' dir='ltr'>earum</span> <span class='ocrx_word' id='word_1_215' title='bbox 3123 1621 3299 1680; x_wconf 86' lang='lat' dir='ltr'>sacris</span> <span class='ocrx_word' id='word_1_216' title='bbox 3354 1623 3623 1697; x_wconf 86' lang='lat' dir='ltr'>precibus</span> <span class='ocrx_word' id='word_1_217' title='bbox 3669 1623 3848 1680; x_wconf 57' lang='lat' dir='ltr'>conti.</span> 
     </span>
    </p>
   </div>
   <div class='ocr_carea' id='block_1_33' title="bbox 2130 1710 3843 1784">
    <p class='ocr_par' dir='ltr' id='par_1_33' title="bbox 2130 1710 3843 1784">
     <span class='ocr_line' id='line_1_33' title="bbox 2130 1710 3843 1784; baseline -0.001 -15"><span class='ocrx_word' id='word_1_218' title='bbox 2130 1713 2316 1782; x_wconf 86' lang='lat' dir='ltr'>debat,</span> <span class='ocrx_word' id='word_1_219' title='bbox 2365 1718 2431 1771; x_wconf 93' lang='lat' dir='ltr'>ut</span> <span class='ocrx_word' id='word_1_220' title='bbox 2476 1718 2531 1770; x_wconf 93' lang='lat' dir='ltr'>et</span> <span class='ocrx_word' id='word_1_221' title='bbox 2584 1712 2945 1784; x_wconf 87' lang='lat' dir='ltr'>profecturus</span> <span class='ocrx_word' id='word_1_222' title='bbox 2993 1711 3062 1768; x_wconf 88' lang='lat' dir='ltr'>ad</span> <span class='ocrx_word' id='word_1_223' title='bbox 3114 1710 3358 1781; x_wconf 86' lang='lat' dir='ltr'>bellum,</span> <span class='ocrx_word' id='word_1_224' title='bbox 3399 1726 3461 1769; x_wconf 90' lang='lat' dir='ltr'>se</span> <span class='ocrx_word' id='word_1_225' title='bbox 3497 1711 3580 1769; x_wconf 90' lang='lat' dir='ltr'>eis</span> <span class='ocrx_word' id='word_1_226' title='bbox 3616 1712 3843 1769; x_wconf 83' lang='lat' dir='ltr'>instan-</span> 
     </span>
    </p>
   </div>
   <div class='ocr_carea' id='block_1_34' title="bbox 328 1797 3840 1877">
    <p class='ocr_par' dir='ltr' id='par_1_34' title="bbox 328 1797 3840 1877">
     <span class='ocr_line' id='line_1_34' title="bbox 328 1797 3840 1877; baseline -0.001 -16"><span class='ocrx_word' id='word_1_227' title='bbox 328 1802 466 1872; x_wconf 90' lang='lat' dir='ltr'>Deo,</span> <span class='ocrx_word' id='word_1_228' title='bbox 493 1801 556 1859; x_wconf 92' lang='lat' dir='ltr'>in</span> <span class='ocrx_word' id='word_1_229' title='bbox 586 1816 753 1859; x_wconf 90' lang='lat' dir='ltr'>suam</span> <span class='ocrx_word' id='word_1_230' title='bbox 794 1801 1089 1873; x_wconf 86' lang='lat' dir='ltr'>regionem</span> <span class='ocrx_word' id='word_1_231' title='bbox 1125 1801 1377 1860; x_wconf 81' lang='lat' dir='ltr'>adduxit</span> <span class='ocrx_word' id='word_1_232' title='bbox 1410 1821 1424 1858; x_wconf 89' lang='lat'><strong>:</strong></span> <span class='ocrx_word' id='word_1_233' title='bbox 1461 1818 1608 1877; x_wconf 89' lang='lat' dir='ltr'>quas</span> <span class='ocrx_word' id='word_1_234' title='bbox 1634 1818 1769 1861; x_wconf 81' lang='lat' dir='ltr'>cum</span> <span class='ocrx_word' id='word_1_235' title='bbox 1795 1804 2047 1877; x_wconf 87' lang='lat' dir='ltr'>juvenili</span> <span class='ocrx_word' id='word_1_236' title='bbox 2068 1800 2350 1877; x_wconf 84' lang='lat' dir='ltr'>Btissime</span> <span class='ocrx_word' id='word_1_237' title='bbox 2378 1798 2823 1857; x_wconf 87' lang='lat' dir='ltr'>commendaret.</span> <span class='ocrx_word' id='word_1_238' title='bbox 2857 1801 2913 1865; x_wconf 87' lang='grc' dir='ltr'>Α,</span> <span class='ocrx_word' id='word_1_239' title='bbox 2943 1799 3161 1871; x_wconf 89' lang='lat' dir='ltr'>quibus</span> <span class='ocrx_word' id='word_1_240' title='bbox 3191 1813 3323 1856; x_wconf 89' lang='lat' dir='ltr'>cum</span> <span class='ocrx_word' id='word_1_241' title='bbox 3356 1798 3658 1871; x_wconf 87' lang='lat' dir='ltr'>juberetur</span> <span class='ocrx_word' id='word_1_242' title='bbox 3688 1797 3840 1857; x_wconf 88' lang='lat' dir='ltr'>bono</span> 
     </span>
    </p>
   </div>
   <div class='ocr_carea' id='block_1_35' title="bbox 332 1888 2047 1963">
    <p class='ocr_par' dir='ltr' id='par_1_35' title="bbox 332 1888 2047 1963">
     <span class='ocr_line' id='line_1_35' title="bbox 332 1888 2047 1963; baseline 0.001 -15"><span class='ocrx_word' id='word_1_243' title='bbox 332 1895 500 1948; x_wconf 87' lang='lat' dir='ltr'>atate</span> <span class='ocrx_word' id='word_1_244' title='bbox 536 1894 594 1947; x_wconf 90' lang='lat' dir='ltr'>et</span> <span class='ocrx_word' id='word_1_245' title='bbox 628 1888 1064 1962; x_wconf 86' lang='lat' dir='ltr'>pulchritudine</span> <span class='ocrx_word' id='word_1_246' title='bbox 1104 1897 1445 1963; x_wconf 89' lang='lat' dir='ltr'>prastantes</span> <span class='ocrx_word' id='word_1_247' title='bbox 1483 1891 1724 1963; x_wconf 88' lang='lat' dir='ltr'>videret,</span> <span class='ocrx_word' id='word_1_248' title='bbox 1755 1891 1814 1949; x_wconf 90' lang='lat' dir='ltr'>in</span> <span class='ocrx_word' id='word_1_249' title='bbox 1848 1907 2047 1950; x_wconf 88' lang='lat' dir='ltr'>earum</span> 
     </span>
    </p>
   </div>
   <div class='ocr_carea' id='block_1_36' title="bbox 332 1975 2048 2052">
    <p class='ocr_par' dir='ltr' id='par_1_36' title="bbox 332 1975 2048 2052">
     <span class='ocr_line' id='line_1_36' title="bbox 332 1975 2048 2052; baseline 0.001 -16"><span class='ocrx_word' id='word_1_250' title='bbox 332 1976 554 2036; x_wconf 83' lang='lat' dir='ltr'>exarsit</span> <span class='ocrx_word' id='word_1_251' title='bbox 586 1990 862 2033; x_wconf 89' lang='lat' dir='ltr'>amorem.</span> <span class='ocrx_word' id='word_1_252' title='bbox 914 1975 1137 2045; x_wconf 89' lang='lat' dir='ltr'>Quibus</span> <span class='ocrx_word' id='word_1_253' title='bbox 1179 1993 1313 2035; x_wconf 90' lang='lat' dir='ltr'>cum</span> <span class='ocrx_word' id='word_1_254' title='bbox 1358 1978 1521 2037; x_wconf 91' lang='lat' dir='ltr'>cultu</span> <span class='ocrx_word' id='word_1_255' title='bbox 1561 1979 1717 2052; x_wconf 90' lang='lat' dir='ltr'>regio</span> <span class='ocrx_word' id='word_1_256' title='bbox 1762 1979 2048 2038; x_wconf 90' lang='lat' dir='ltr'>mundum</span> 
     </span>
    </p>
   </div>
   <div class='ocr_carea' id='block_1_37' title="bbox 336 2054 2048 2143">
    <p class='ocr_par' dir='ltr' id='par_1_37' title="bbox 336 2054 2048 2143">
     <span class='ocr_line' id='line_1_37' title="bbox 336 2054 2048 2143; baseline 0.003 -21"><span class='ocrx_word' id='word_1_257' title='bbox 336 2064 681 2123; x_wconf 89' lang='lat' dir='ltr'>muliebrem</span> <span class='ocrx_word' id='word_1_258' title='bbox 726 2063 995 2123; x_wconf 81' lang='lat' dir='ltr'>exhiberi</span> <span class='ocrx_word' id='word_1_259' title='bbox 1037 2054 1285 2138; x_wconf 81' lang='lat' dir='ltr'>curaret,</span> <span class='ocrx_word' id='word_1_260' title='bbox 1325 2067 1491 2127; x_wconf 86' lang='lat' dir='ltr'>Flora</span> <span class='ocrx_word' id='word_1_261' title='bbox 1531 2070 1696 2142; x_wconf 90' lang='lat' dir='ltr'>virgo</span> <span class='ocrx_word' id='word_1_262' title='bbox 1734 2069 2048 2143; x_wconf 87' lang='lat' dir='ltr'>prudenter</span> 
     </span>
    </p>
   </div>
   <div class='ocr_carea' id='block_1_38' title="bbox 333 2152 2041 2228">
    <p class='ocr_par' dir='ltr' id='par_1_38' title="bbox 333 2152 2041 2228">
     <span class='ocr_line' id='line_1_38' title="bbox 333 2152 2041 2228; baseline 0.003 -16"><span class='ocrx_word' id='word_1_263' title='bbox 333 2152 637 2212; x_wconf 85' lang='lat' dir='ltr'>advertens</span> <span class='ocrx_word' id='word_1_264' title='bbox 683 2153 823 2227; x_wconf 87' lang='lat' dir='ltr'>quid</span> <span class='ocrx_word' id='word_1_265' title='bbox 875 2153 1197 2214; x_wconf 89' lang='lat' dir='ltr'>intenderet</span> <span class='ocrx_word' id='word_1_266' title='bbox 1242 2156 1547 2228; x_wconf 88' lang='lat' dir='ltr'>barbarus,</span> <span class='ocrx_word' id='word_1_267' title='bbox 1607 2158 1688 2217; x_wconf 85' lang='lat' dir='ltr'>ait</span> <span class='ocrx_word' id='word_1_268' title='bbox 1739 2158 1809 2216; x_wconf 91' lang='lat' dir='ltr'>ad</span> <span class='ocrx_word' id='word_1_269' title='bbox 1864 2174 2041 2217; x_wconf 87' lang='lat' dir='ltr'>eum:</span> 
     </span>
    </p>
   </div>
   <div class='ocr_carea' id='block_1_39' title="bbox 334 2242 2049 2320">
    <p class='ocr_par' dir='ltr' id='par_1_39' title="bbox 334 2242 2049 2320">
     <span class='ocr_line' id='line_1_39' title="bbox 334 2242 2049 2320; baseline 0.002 -18"><span class='ocrx_word' id='word_1_270' title='bbox 334 2242 480 2302; x_wconf 91' lang='lat' dir='ltr'>Vide</span> <span class='ocrx_word' id='word_1_271' title='bbox 522 2243 665 2318; x_wconf 91' lang='lat' dir='ltr'>quid</span> <span class='ocrx_word' id='word_1_272' title='bbox 703 2244 897 2303; x_wconf 87' lang='lat' dir='ltr'>facias.</span> <span class='ocrx_word' id='word_1_273' title='bbox 933 2243 1079 2302; x_wconf 86' lang='lat' dir='ltr'>Nam</span> <span class='ocrx_word' id='word_1_274' title='bbox 1126 2246 1593 2318; x_wconf 88' lang='lat' dir='ltr'>potentissimum</span> <span class='ocrx_word' id='word_1_275' title='bbox 1635 2263 1913 2320; x_wconf 91' lang='lat' dir='ltr'>sponsum</span> <span class='ocrx_word' id='word_1_276' title='bbox 1944 2248 2049 2305; x_wconf 90' lang='lat' dir='ltr'>ha-</span> 
     </span>
    </p>
   </div>
   <div class='ocr_carea' id='block_1_40' title="bbox 339 2331 2051 2410">
    <p class='ocr_par' dir='ltr' id='par_1_40' title="bbox 339 2331 2051 2410">
     <span class='ocr_line' id='line_1_40' title="bbox 339 2331 2051 2410; baseline 0.003 -20"><span class='ocrx_word' id='word_1_277' title='bbox 339 2331 564 2403; x_wconf 88' lang='lat' dir='ltr'>bemus,</span> <span class='ocrx_word' id='word_1_278' title='bbox 603 2333 707 2405; x_wconf 89' lang='lat' dir='ltr'>qui</span> <span class='ocrx_word' id='word_1_279' title='bbox 753 2334 967 2392; x_wconf 87' lang='lat' dir='ltr'>nostris</span> <span class='ocrx_word' id='word_1_280' title='bbox 1005 2334 1242 2408; x_wconf 87' lang='lat' dir='ltr'>suisque</span> <span class='ocrx_word' id='word_1_281' title='bbox 1280 2343 1574 2409; x_wconf 90' lang='lat' dir='ltr'>permotus</span> <span class='ocrx_word' id='word_1_282' title='bbox 1610 2336 1864 2410; x_wconf 88' lang='lat' dir='ltr'>injuriis,</span> <span class='ocrx_word' id='word_1_283' title='bbox 1898 2337 2051 2395; x_wconf 86' lang='lat' dir='ltr'>furo-</span> 
     </span>
    </p>
   </div>
   <div class='ocr_carea' id='block_1_41' title="bbox 339 2422 2050 2497">
    <p class='ocr_par' dir='ltr' id='par_1_41' title="bbox 339 2422 2050 2497">
     <span class='ocr_line' id='line_1_41' title="bbox 339 2422 2050 2497; baseline 0.002 -19"><span class='ocrx_word' id='word_1_284' title='bbox 339 2435 461 2479; x_wconf 87' lang='lat' dir='ltr'>rem</span> <span class='ocrx_word' id='word_1_285' title='bbox 502 2435 677 2480; x_wconf 85' lang='lat' dir='ltr'>suum</span> <span class='ocrx_word' id='word_1_286' title='bbox 723 2422 1039 2497; x_wconf 80' lang='lat' dir='ltr'>exagitabit</span> <span class='ocrx_word' id='word_1_287' title='bbox 1079 2423 1140 2481; x_wconf 92' lang='lat' dir='ltr'>in</span> <span class='ocrx_word' id='word_1_288' title='bbox 1194 2429 1266 2481; x_wconf 88' lang='lat' dir='ltr'>te.</span> <span class='ocrx_word' id='word_1_289' title='bbox 1314 2424 1478 2482; x_wconf 87' lang='lat' dir='ltr'>Furit</span> <span class='ocrx_word' id='word_1_290' title='bbox 1517 2423 1735 2482; x_wconf 84' lang='lat' dir='ltr'>auditis</span> <span class='ocrx_word' id='word_1_291' title='bbox 1780 2425 1871 2482; x_wconf 90' lang='lat' dir='ltr'>his</span> <span class='ocrx_word' id='word_1_292' title='bbox 1914 2425 2050 2483; x_wconf 88' lang='lat' dir='ltr'>bar-</span> 
     </span>
    </p>
   </div>
   <div class='ocr_carea' id='block_1_42' title="bbox 335 2509 2047 2587">
    <p class='ocr_par' dir='ltr' id='par_1_42' title="bbox 335 2509 2047 2587">
     <span class='ocr_line' id='line_1_42' title="bbox 335 2509 2047 2587; baseline 0.002 -18"><span class='ocrx_word' id='word_1_293' title='bbox 335 2509 547 2579; x_wconf 85' lang='lat' dir='ltr'>barus;</span> <span class='ocrx_word' id='word_1_294' title='bbox 600 2515 659 2567; x_wconf 93' lang='lat' dir='ltr'>et</span> <span class='ocrx_word' id='word_1_295' title='bbox 711 2510 996 2584; x_wconf 87' lang='lat' dir='ltr'>superbia</span> <span class='ocrx_word' id='word_1_296' title='bbox 1046 2512 1299 2569; x_wconf 84' lang='lat' dir='ltr'>vanitate</span> <span class='ocrx_word' id='word_1_297' title='bbox 1346 2512 1629 2585; x_wconf 84' lang='lat' dir='ltr'>turgidus,</span> <span class='ocrx_word' id='word_1_298' title='bbox 1662 2529 1798 2571; x_wconf 74' lang='lat' dir='ltr'>&#39;non</span> <span class='ocrx_word' id='word_1_299' title='bbox 1839 2519 2047 2587; x_wconf 89' lang='lat' dir='ltr'>putans</span> 
     </span>
    </p>
   </div>
   <div class='ocr_carea' id='block_1_43' title="bbox 335 2598 2047 2677">
    <p class='ocr_par' dir='ltr' id='par_1_43' title="bbox 335 2598 2047 2677">
     <span class='ocr_line' id='line_1_43' title="bbox 335 2598 2047 2677; baseline 0.002 -19"><span class='ocrx_word' id='word_1_300' title='bbox 335 2598 589 2659; x_wconf 88' lang='lat' dir='ltr'>inveniri</span> <span class='ocrx_word' id='word_1_301' title='bbox 617 2615 784 2675; x_wconf 87' lang='lat' dir='ltr'>posse</span> <span class='ocrx_word' id='word_1_302' title='bbox 817 2617 1168 2676; x_wconf 89' lang='lat' dir='ltr'>quemquam</span> <span class='ocrx_word' id='word_1_303' title='bbox 1199 2601 1303 2676; x_wconf 87' lang='lat' dir='ltr'>qui</span> <span class='ocrx_word' id='word_1_304' title='bbox 1350 2601 1412 2659; x_wconf 92' lang='lat' dir='ltr'>in</span> <span class='ocrx_word' id='word_1_305' title='bbox 1457 2618 1518 2660; x_wconf 90' lang='lat' dir='ltr'>se</span> <span class='ocrx_word' id='word_1_306' title='bbox 1554 2603 1739 2677; x_wconf 88' lang='lat' dir='ltr'>possit</span> <span class='ocrx_word' id='word_1_307' title='bbox 1779 2617 2047 2661; x_wconf 83' lang='lat' dir='ltr'>exercere</span> 
     </span>
    </p>
   </div>
   <div class='ocr_carea' id='block_1_44' title="bbox 337 2687 2047 2767">
    <p class='ocr_par' dir='ltr' id='par_1_44' title="bbox 337 2687 2047 2767">
     <span class='ocr_line' id='line_1_44' title="bbox 337 2687 2047 2767; baseline 0.003 -20"><span class='ocrx_word' id='word_1_308' title='bbox 337 2687 673 2761; x_wconf 82' lang='lat' dir='ltr'>vindictam,</span> <span class='ocrx_word' id='word_1_309' title='bbox 710 2690 937 2749; x_wconf 84' lang='lat' dir='ltr'>turbata</span> <span class='ocrx_word' id='word_1_310' title='bbox 974 2697 1168 2749; x_wconf 87' lang='lat' dir='ltr'>mente</span> <span class='ocrx_word' id='word_1_311' title='bbox 1204 2698 1264 2749; x_wconf 90' lang='lat' dir='ltr'>et</span> <span class='ocrx_word' id='word_1_312' title='bbox 1302 2693 1591 2764; x_wconf 84' lang='lat' dir='ltr'>arroganti</span> <span class='ocrx_word' id='word_1_313' title='bbox 1635 2708 1774 2751; x_wconf 90' lang='lat' dir='ltr'>voce</span> <span class='ocrx_word' id='word_1_314' title='bbox 1819 2707 2047 2767; x_wconf 90' lang='lat' dir='ltr'>respon-</span> 
     </span>
    </p>
   </div>
   <div class='ocr_carea' id='block_1_45' title="bbox 336 2772 2041 2853">
    <p class='ocr_par' dir='ltr' id='par_1_45' title="bbox 336 2772 2041 2853">
     <span class='ocr_line' id='line_1_45' title="bbox 336 2772 2041 2853; baseline 0.003 -20"><span class='ocrx_word' id='word_1_315' title='bbox 336 2775 422 2834; x_wconf 89' lang='lat' dir='ltr'>dit</span> <span class='ocrx_word' id='word_1_316' title='bbox 455 2794 469 2835; x_wconf 87' lang='lat'><strong>:</strong></span> <span class='ocrx_word' id='word_1_317' title='bbox 502 2776 574 2834; x_wconf 88' lang='lat' dir='ltr'>Et</span> <span class='ocrx_word' id='word_1_318' title='bbox 613 2772 747 2849; x_wconf 87' lang='lat' dir='ltr'>quis</span> <span class='ocrx_word' id='word_1_319' title='bbox 784 2784 868 2837; x_wconf 90' lang='lat' dir='ltr'>est</span> <span class='ocrx_word' id='word_1_320' title='bbox 905 2793 1154 2851; x_wconf 90' lang='lat' dir='ltr'>sponsus</span> <span class='ocrx_word' id='word_1_321' title='bbox 1197 2785 1404 2849; x_wconf 89' lang='lat' dir='ltr'>vester,</span> <span class='ocrx_word' id='word_1_322' title='bbox 1457 2780 1697 2853; x_wconf 89' lang='lat' dir='ltr'>cujusve</span> <span class='ocrx_word' id='word_1_323' title='bbox 1729 2779 2041 2853; x_wconf 80' lang='lat' dir='ltr'>potestatis,</span> 
     </span>
    </p>
   </div>
   <div class='ocr_carea' id='block_1_46' title="bbox 336 2862 2048 2941">
    <p class='ocr_par' dir='ltr' id='par_1_46' title="bbox 336 2862 2048 2941">
     <span class='ocr_line' id='line_1_46' title="bbox 336 2862 2048 2941; baseline 0.003 -18"><span class='ocrx_word' id='word_1_324' title='bbox 336 2869 402 2923; x_wconf 89' lang='lat' dir='ltr'>ut</span> <span class='ocrx_word' id='word_1_325' title='bbox 446 2862 693 2937; x_wconf 88' lang='lat' dir='ltr'>injurias</span> <span class='ocrx_word' id='word_1_326' title='bbox 737 2879 874 2923; x_wconf 85' lang='lat' dir='ltr'>suae</span> <span class='ocrx_word' id='word_1_327' title='bbox 920 2866 1012 2924; x_wconf 89' lang='lat' dir='ltr'>vel</span> <span class='ocrx_word' id='word_1_328' title='bbox 1064 2873 1281 2924; x_wconf 88' lang='lat' dir='ltr'>vestras</span> <span class='ocrx_word' id='word_1_329' title='bbox 1334 2867 1394 2924; x_wconf 88' lang='lat' dir='ltr'>in</span> <span class='ocrx_word' id='word_1_330' title='bbox 1444 2883 1538 2926; x_wconf 89' lang='lat' dir='ltr'>me</span> <span class='ocrx_word' id='word_1_331' title='bbox 1574 2868 1750 2941; x_wconf 87' lang='lat' dir='ltr'>possit</span> <span class='ocrx_word' id='word_1_332' title='bbox 1800 2868 2048 2928; x_wconf 86' lang='lat' dir='ltr'>ulcisci?</span> 
     </span>
    </p>
   </div>
   <div class='ocr_carea' id='block_1_47' title="bbox 340 2950 2049 3040">
    <p class='ocr_par' dir='ltr' id='par_1_47' title="bbox 340 2950 2049 3040">
     <span class='ocr_line' id='line_1_47' title="bbox 340 2950 2049 3040; baseline 0.005 -31"><span class='ocrx_word' id='word_1_333' title='bbox 340 2950 515 3025; x_wconf 86' lang='lat' dir='ltr'>Virgo</span> <span class='ocrx_word' id='word_1_334' title='bbox 556 2967 690 3011; x_wconf 90' lang='lat' dir='ltr'>vero</span> <span class='ocrx_word' id='word_1_335' title='bbox 733 2952 965 3012; x_wconf 86' lang='lat' dir='ltr'>Domini</span> <span class='ocrx_word' id='word_1_336' title='bbox 1006 2953 1174 3013; x_wconf 90' lang='lat' dir='ltr'>Flora</span> <span class='ocrx_word' id='word_1_337' title='bbox 1199 2954 1351 3013; x_wconf 85' lang='lat' dir='ltr'>nihil</span> <span class='ocrx_word' id='word_1_338' title='bbox 1380 2957 1670 3029; x_wconf 88' lang='lat' dir='ltr'>trepidans</span> <span class='ocrx_word' id='word_1_339' title='bbox 1696 2963 1752 3016; x_wconf 89' lang='lat' dir='ltr'>et</span> <span class='ocrx_word' id='word_1_340' title='bbox 1784 2958 2049 3040; x_wconf 82' lang='lat' dir='ltr'>feminea</span> 
     </span>
    </p>
   </div>
   <div class='ocr_carea' id='block_1_48' title="bbox 336 3040 2045 3122">
    <p class='ocr_par' dir='ltr' id='par_1_48' title="bbox 336 3040 2045 3122">
     <span class='ocr_line' id='line_1_48' title="bbox 336 3040 2045 3122; baseline 0.005 -25"><span class='ocrx_word' id='word_1_341' title='bbox 336 3040 664 3115; x_wconf 85' lang='lat' dir='ltr'>cogitationi</span> <span class='ocrx_word' id='word_1_342' title='bbox 695 3040 927 3100; x_wconf 86' lang='lat' dir='ltr'>virilem</span> <span class='ocrx_word' id='word_1_343' title='bbox 958 3043 1229 3102; x_wconf 79' lang='lat' dir='ltr'>fiduciam</span> <span class='ocrx_word' id='word_1_344' title='bbox 1257 3045 1557 3104; x_wconf 86' lang='lat' dir='ltr'>inserens:</span> <span class='ocrx_word' id='word_1_345' title='bbox 1588 3046 1798 3117; x_wconf 88' lang='lat' dir='ltr'>Deum,</span> <span class='ocrx_word' id='word_1_346' title='bbox 1830 3048 2045 3122; x_wconf 87' lang='lat' dir='ltr'>inquit,</span> 
     </span>
    </p>
   </div>
   <div class='ocr_carea' id='block_1_49' title="bbox 335 3128 2106 3236">
    <p class='ocr_par' dir='ltr' id='par_1_49' title="bbox 335 3128 2106 3236">
     <span class='ocr_line' id='line_1_49' title="bbox 335 3128 2106 3236; baseline 0.006 -50"><span class='ocrx_word' id='word_1_347' title='bbox 335 3135 395 3187; x_wconf 85' lang='lat' dir='ltr'>et</span> <span class='ocrx_word' id='word_1_348' title='bbox 411 3128 724 3236; x_wconf 76' lang='lat' dir='ltr'>Dominum</span> <span class='ocrx_word' id='word_1_349' title='bbox 744 3130 944 3190; x_wconf 88' lang='lat' dir='ltr'>Jesum</span> <span class='ocrx_word' id='word_1_350' title='bbox 971 3130 1265 3236; x_wconf 70' lang='lat' dir='ltr'>Christum</span> <span class='ocrx_word' id='word_1_351' title='bbox 1294 3149 1573 3236; x_wconf 71' lang='lat' dir='ltr'>sponsum</span> <span class='ocrx_word' id='word_1_352' title='bbox 1610 3134 1917 3206; x_wconf 91' lang='lat' dir='ltr'>habemus,</span> <span class='ocrx_word' id='word_1_353' title='bbox 1943 3139 2045 3211; x_wconf 89' lang='lat' dir='ltr'>qui</span> <span class='ocrx_word' id='word_1_354' title='bbox 2063 3176 2106 3236; x_wconf 64' lang='grc' dir='ltr'>Ο</span> 
     </span>
    </p>
   </div>
   <div class='ocr_carea' id='block_1_50' title="bbox 337 3217 2046 3296">
    <p class='ocr_par' dir='ltr' id='par_1_50' title="bbox 337 3217 2046 3296">
     <span class='ocr_line' id='line_1_50' title="bbox 337 3217 2046 3296; baseline 0.005 -20"><span class='ocrx_word' id='word_1_355' title='bbox 337 3217 553 3277; x_wconf 79' lang='lat' dir='ltr'>calum</span> <span class='ocrx_word' id='word_1_356' title='bbox 608 3224 938 3296; x_wconf 87' lang='lat' dir='ltr'>terramque</span> <span class='ocrx_word' id='word_1_357' title='bbox 995 3223 1065 3280; x_wconf 91' lang='lat' dir='ltr'>de</span> <span class='ocrx_word' id='word_1_358' title='bbox 1116 3223 1305 3282; x_wconf 88' lang='lat' dir='ltr'>nihilo</span> <span class='ocrx_word' id='word_1_359' title='bbox 1347 3222 1622 3294; x_wconf 87' lang='lat' dir='ltr'>condidit,</span> <span class='ocrx_word' id='word_1_360' title='bbox 1670 3231 1725 3282; x_wconf 90' lang='lat' dir='ltr'>et</span> <span class='ocrx_word' id='word_1_361' title='bbox 1773 3226 2046 3285; x_wconf 89' lang='lat' dir='ltr'>universa</span> 
     </span>
    </p>
   </div>
   <div class='ocr_carea' id='block_1_51' title="bbox 336 3306 2047 3381">
    <p class='ocr_par' dir='ltr' id='par_1_51' title="bbox 336 3306 2047 3381">
     <span class='ocr_line' id='line_1_51' title="bbox 336 3306 2047 3381; baseline 0.005 -16"><span class='ocrx_word' id='word_1_362' title='bbox 336 3321 472 3381; x_wconf 85' lang='lat' dir='ltr'>qua</span> <span class='ocrx_word' id='word_1_363' title='bbox 517 3306 648 3366; x_wconf 81' lang='lat' dir='ltr'>cali</span> <span class='ocrx_word' id='word_1_364' title='bbox 697 3309 922 3368; x_wconf 89' lang='lat' dir='ltr'>ambitu</span> <span class='ocrx_word' id='word_1_365' title='bbox 973 3311 1365 3371; x_wconf 90' lang='lat' dir='ltr'>continentur.</span> <span class='ocrx_word' id='word_1_366' title='bbox 1421 3312 1527 3370; x_wconf 77' lang='lat' dir='ltr'>Cui</span> <span class='ocrx_word' id='word_1_367' title='bbox 1588 3319 1794 3371; x_wconf 91' lang='lat' dir='ltr'>cuncta</span> <span class='ocrx_word' id='word_1_368' title='bbox 1849 3315 2047 3373; x_wconf 86' lang='lat' dir='ltr'>deser-</span> 
     </span>
    </p>
   </div>
   <div class='ocr_carea' id='block_1_52' title="bbox 340 3396 2047 3473">
    <p class='ocr_par' dir='ltr' id='par_1_52' title="bbox 340 3396 2047 3473">
     <span class='ocr_line' id='line_1_52' title="bbox 340 3396 2047 3473; baseline 0.005 -20"><span class='ocrx_word' id='word_1_369' title='bbox 340 3396 526 3466; x_wconf 91' lang='lat' dir='ltr'>viunt,</span> <span class='ocrx_word' id='word_1_370' title='bbox 576 3398 670 3456; x_wconf 91' lang='lat' dir='ltr'>cui</span> <span class='ocrx_word' id='word_1_371' title='bbox 715 3399 863 3456; x_wconf 87' lang='lat' dir='ltr'>nihil</span> <span class='ocrx_word' id='word_1_372' title='bbox 910 3406 1091 3473; x_wconf 86' lang='lat' dir='ltr'>potest</span> <span class='ocrx_word' id='word_1_373' title='bbox 1135 3415 1261 3458; x_wconf 88' lang='lat' dir='ltr'>esse</span> <span class='ocrx_word' id='word_1_374' title='bbox 1296 3400 1565 3469; x_wconf 77' lang='lat' dir='ltr'>difﬁcile;</span> <span class='ocrx_word' id='word_1_375' title='bbox 1616 3402 1756 3460; x_wconf 91' lang='lat' dir='ltr'>huic</span> <span class='ocrx_word' id='word_1_376' title='bbox 1800 3402 2047 3461; x_wconf 89' lang='lat' dir='ltr'>Domino</span> 
     </span>
    </p>
   </div>
   <div class='ocr_carea' id='block_1_53' title="bbox 338 3483 2046 3560">
    <p class='ocr_par' dir='ltr' id='par_1_53' title="bbox 338 3483 2046 3560">
     <span class='ocr_line' id='line_1_53' title="bbox 338 3483 2046 3560; baseline 0.005 -18"><span class='ocrx_word' id='word_1_377' title='bbox 338 3483 457 3543; x_wconf 89' lang='lat' dir='ltr'>Deo</span> <span class='ocrx_word' id='word_1_378' title='bbox 499 3499 602 3544; x_wconf 91' lang='lat' dir='ltr'>nos</span> <span class='ocrx_word' id='word_1_379' title='bbox 635 3486 788 3559; x_wconf 86' lang='lat' dir='ltr'>ipsas</span> <span class='ocrx_word' id='word_1_380' title='bbox 821 3487 1262 3560; x_wconf 89' lang='lat' dir='ltr'>sp0pondimus,</span> <span class='ocrx_word' id='word_1_381' title='bbox 1295 3488 1433 3547; x_wconf 77' lang='lat' dir='ltr'>huic</span> <span class='ocrx_word' id='word_1_382' title='bbox 1471 3489 1842 3550; x_wconf 88' lang='lat' dir='ltr'>immaculato</span> <span class='ocrx_word' id='word_1_383' title='bbox 1876 3492 2046 3550; x_wconf 90' lang='lat' dir='ltr'>corde</span> 
     </span>
    </p>
   </div>
   <div class='ocr_carea' id='block_1_54' title="bbox 337 3577 2041 3656">
    <p class='ocr_par' dir='ltr' id='par_1_54' title="bbox 337 3577 2041 3656">
     <span class='ocr_line' id='line_1_54' title="bbox 337 3577 2041 3656; baseline 0.005 -24"><span class='ocrx_word' id='word_1_384' title='bbox 337 3582 394 3632; x_wconf 91' lang='lat' dir='ltr'>et</span> <span class='ocrx_word' id='word_1_385' title='bbox 421 3588 656 3648; x_wconf 87' lang='lat' dir='ltr'>corpore</span> <span class='ocrx_word' id='word_1_386' title='bbox 685 3577 988 3635; x_wconf 88' lang='lat' dir='ltr'>servimus.</span> <span class='ocrx_word' id='word_1_387' title='bbox 1019 3577 1181 3647; x_wconf 86' lang='lat' dir='ltr'>Quod</span> <span class='ocrx_word' id='word_1_388' title='bbox 1220 3578 1444 3647; x_wconf 88' lang='lat' dir='ltr'>violari,</span> <span class='ocrx_word' id='word_1_389' title='bbox 1475 3581 1627 3653; x_wconf 91' lang='lat' dir='ltr'>quod</span> <span class='ocrx_word' id='word_1_390' title='bbox 1658 3581 1859 3654; x_wconf 88' lang='lat' dir='ltr'>pollui,</span> <span class='ocrx_word' id='word_1_391' title='bbox 1892 3582 2041 3656; x_wconf 91' lang='lat' dir='ltr'>quod</span> 
     </span>
    </p>
   </div>
   <div class='ocr_carea' id='block_1_55' title="bbox 339 3664 2047 3745">
    <p class='ocr_par' dir='ltr' id='par_1_55' title="bbox 339 3664 2047 3745">
     <span class='ocr_line' id='line_1_55' title="bbox 339 3664 2047 3745; baseline 0.004 -24"><span class='ocrx_word' id='word_1_392' title='bbox 339 3670 455 3723; x_wconf 87' lang='lat' dir='ltr'>tua</span> <span class='ocrx_word' id='word_1_393' title='bbox 474 3664 703 3723; x_wconf 89' lang='lat' dir='ltr'>libidini</span> <span class='ocrx_word' id='word_1_394' title='bbox 727 3665 1014 3724; x_wconf 88' lang='lat' dir='ltr'>deservire</span> <span class='ocrx_word' id='word_1_395' title='bbox 1034 3665 1199 3738; x_wconf 50' lang='lat'>503’,</span> <span class='ocrx_word' id='word_1_396' title='bbox 1214 3684 1388 3742; x_wconf 88' lang='lat' dir='ltr'>quam</span> <span class='ocrx_word' id='word_1_397' title='bbox 1413 3670 1721 3739; x_wconf 89' lang='lat' dir='ltr'>absonum,</span> <span class='ocrx_word' id='word_1_398' title='bbox 1744 3686 1920 3745; x_wconf 89' lang='lat' dir='ltr'>quam</span> <span class='ocrx_word' id='word_1_399' title='bbox 1940 3671 2047 3728; x_wconf 80' lang='lat' dir='ltr'>im—</span> 
     </span>
    </p>
   </div>
   <div class='ocr_carea' id='block_1_56' title="bbox 335 3751 2043 3835">
    <p class='ocr_par' dir='ltr' id='par_1_56' title="bbox 335 3751 2043 3835">
     <span class='ocr_line' id='line_1_56' title="bbox 335 3751 2043 3835; baseline 0.006 -25"><span class='ocrx_word' id='word_1_400' title='bbox 335 3751 520 3826; x_wconf 79' lang='lat' dir='ltr'>pium,</span> <span class='ocrx_word' id='word_1_401' title='bbox 555 3770 848 3828; x_wconf 88' lang='lat' dir='ltr'>quamque</span> <span class='ocrx_word' id='word_1_402' title='bbox 884 3756 957 3813; x_wconf 90' lang='lat' dir='ltr'>sit</span> <span class='ocrx_word' id='word_1_403' title='bbox 996 3756 1356 3830; x_wconf 88' lang='lat' dir='ltr'>impossibile</span> <span class='ocrx_word' id='word_1_404' title='bbox 1403 3760 1612 3818; x_wconf 86' lang='lat' dir='ltr'>videas.</span> <span class='ocrx_word' id='word_1_405' title='bbox 1648 3759 1850 3835; x_wconf 81' lang='lat' dir='ltr'>Neque</span> <span class='ocrx_word' id='word_1_406' title='bbox 1886 3762 2043 3819; x_wconf 89' lang='lat' dir='ltr'>enim</span> 
     </span>
    </p>
   </div>
   <div class='ocr_carea' id='block_1_57' title="bbox 335 3844 2043 3925">
    <p class='ocr_par' dir='ltr' id='par_1_57' title="bbox 335 3844 2043 3925">
     <span class='ocr_line' id='line_1_57' title="bbox 335 3844 2043 3925; baseline 0.006 -25"><span class='ocrx_word' id='word_1_407' title='bbox 335 3850 497 3916; x_wconf 76' lang='lat' dir='ltr'>potes</span> <span class='ocrx_word' id='word_1_408' title='bbox 531 3844 872 3918; x_wconf 85' lang='lat' dir='ltr'>persuadere</span> <span class='ocrx_word' id='word_1_409' title='bbox 913 3846 1036 3917; x_wconf 89' lang='lat' dir='ltr'>tibi,</span> <span class='ocrx_word' id='word_1_410' title='bbox 1077 3848 1125 3906; x_wconf 92' lang='lat' dir='ltr'>si</span> <span class='ocrx_word' id='word_1_411' title='bbox 1165 3849 1447 3924; x_wconf 85' lang='lat' dir='ltr'>templum</span> <span class='ocrx_word' id='word_1_412' title='bbox 1488 3851 1612 3920; x_wconf 91' lang='lat' dir='ltr'>Dei,</span> <span class='ocrx_word' id='word_1_413' title='bbox 1653 3854 1804 3925; x_wconf 92' lang='lat' dir='ltr'>quod</span> <span class='ocrx_word' id='word_1_414' title='bbox 1837 3867 2043 3911; x_wconf 89' lang='lat' dir='ltr'>sumus</span> 
     </span>
    </p>
   </div>
   <div class='ocr_carea' id='block_1_58' title="bbox 337 3934 2037 4019">
    <p class='ocr_par' dir='ltr' id='par_1_58' title="bbox 337 3934 2037 4019">
     <span class='ocr_line' id='line_1_58' title="bbox 337 3934 2037 4019; baseline 0.005 -25"><span class='ocrx_word' id='word_1_415' title='bbox 337 3948 465 4005; x_wconf 85' lang='lat' dir='ltr'>nos,</span> <span class='ocrx_word' id='word_1_416' title='bbox 508 3934 727 3994; x_wconf 86' lang='lat' dir='ltr'>violare</span> <span class='ocrx_word' id='word_1_417' title='bbox 773 3939 1119 4009; x_wconf 82' lang='lat' dir='ltr'>tractaveris,</span> <span class='ocrx_word' id='word_1_418' title='bbox 1173 3945 1225 3997; x_wconf 91' lang='lat' dir='ltr'>te</span> <span class='ocrx_word' id='word_1_419' title='bbox 1272 3941 1514 4014; x_wconf 90' lang='lat' dir='ltr'>impune</span> <span class='ocrx_word' id='word_1_420' title='bbox 1567 3942 1785 4019; x_wconf 82' lang='lat' dir='ltr'>iturum</span> <span class='ocrx_word' id='word_1_421' title='bbox 1830 3947 1881 4011; x_wconf 90' lang='grc' dir='ltr'>(Ι</span> <span class='ocrx_word' id='word_1_422' title='bbox 1921 3946 2037 4003; x_wconf 76' lang='lat' dir='ltr'>Cor.</span> 
     </span>
    </p>
   </div>
   <div class='ocr_carea' id='block_1_59' title="bbox 332 4026 2043 4105">
    <p class='ocr_par' dir='ltr' id='par_1_59' title="bbox 332 4026 2043 4105">
     <span class='ocr_line' id='line_1_59' title="bbox 332 4026 2043 4105; baseline 0.005 -24"><span class='ocrx_word' id='word_1_423' title='bbox 332 4034 418 4093; x_wconf 82' lang='lat' dir='ltr'>lii,</span> <span class='ocrx_word' id='word_1_424' title='bbox 492 4029 609 4094; x_wconf 88' lang='lat' dir='ltr'>v1);</span> <span class='ocrx_word' id='word_1_425' title='bbox 684 4026 785 4084; x_wconf 87' lang='lat' dir='ltr'>sed</span> <span class='ocrx_word' id='word_1_426' title='bbox 847 4034 1001 4085; x_wconf 78' lang='lat' dir='ltr'>certo</span> <span class='ocrx_word' id='word_1_427' title='bbox 1071 4030 1285 4089; x_wconf 84' lang='lat' dir='ltr'>certius</span> <span class='ocrx_word' id='word_1_428' title='bbox 1357 4030 1458 4089; x_wconf 88' lang='lat' dir='ltr'>tibi</span> <span class='ocrx_word' id='word_1_429' title='bbox 1524 4032 1872 4105; x_wconf 88' lang='lat' dir='ltr'>persuadere</span> <span class='ocrx_word' id='word_1_430' title='bbox 1941 4034 2043 4090; x_wconf 64' lang='grc' dir='ltr'>ἀρα</span> 
     </span>
    </p>
   </div>
   <div class='ocr_carea' id='block_1_60' title="bbox 335 4110 2044 4193">
    <p class='ocr_par' dir='ltr' id='par_1_60' title="bbox 335 4110 2044 4193">
     <span class='ocr_line' id='line_1_60' title="bbox 335 4110 2044 4193; baseline 0.007 -24"><span class='ocrx_word' id='word_1_431' title='bbox 335 4110 437 4170; x_wconf 85' lang='lat' dir='ltr'>bes</span> <span class='ocrx_word' id='word_1_432' title='bbox 474 4116 529 4171; x_wconf 91' lang='lat' dir='ltr'>te</span> <span class='ocrx_word' id='word_1_433' title='bbox 567 4113 831 4185; x_wconf 88' lang='lat' dir='ltr'>protinus</span> <span class='ocrx_word' id='word_1_434' title='bbox 867 4115 1317 4189; x_wconf 81' lang='lat' dir='ltr'>disperdendum</span> <span class='ocrx_word' id='word_1_435' title='bbox 1345 4120 1419 4179; x_wconf 87' lang='lat' dir='ltr'>ab</span> <span class='ocrx_word' id='word_1_436' title='bbox 1445 4136 1511 4178; x_wconf 92' lang='lat' dir='ltr'>eo</span> <span class='ocrx_word' id='word_1_437' title='bbox 1537 4137 1709 4193; x_wconf 87' lang='lat' dir='ltr'>quem</span> <span class='ocrx_word' id='word_1_438' title='bbox 1741 4122 1798 4179; x_wconf 92' lang='lat' dir='ltr'>in</span> <span class='ocrx_word' id='word_1_439' title='bbox 1835 4123 2044 4181; x_wconf 90' lang='lat' dir='ltr'>nostris</span> 
     </span>
    </p>
   </div>
   <div class='ocr_carea' id='block_1_61' title="bbox 336 4199 2043 4285">
    <p class='ocr_par' dir='ltr' id='par_1_61' title="bbox 336 4199 2043 4285">
     <span class='ocr_line' id='line_1_61' title="bbox 336 4199 2043 4285; baseline 0.009 -28"><span class='ocrx_word' id='word_1_440' title='bbox 336 4199 569 4259; x_wconf 89' lang='lat' dir='ltr'>lacessis</span> <span class='ocrx_word' id='word_1_441' title='bbox 620 4202 873 4274; x_wconf 74' lang='lat' dir='ltr'>injuriis.</span> <span class='ocrx_word' id='word_1_442' title='bbox 936 4203 1041 4262; x_wconf 89' lang='lat' dir='ltr'>His</span> <span class='ocrx_word' id='word_1_443' title='bbox 1106 4207 1358 4275; x_wconf 82' lang='lat' dir='ltr'>auditis,</span> <span class='ocrx_word' id='word_1_444' title='bbox 1424 4210 1845 4270; x_wconf 88' lang='lat' dir='ltr'>invictissimus</span> <span class='ocrx_word' id='word_1_445' title='bbox 1907 4228 2043 4285; x_wconf 85' lang='lat' dir='ltr'>rex,</span> 
     </span>
    </p>
   </div>
   <div class='ocr_carea' id='block_1_62' title="bbox 336 4288 2046 4369">
    <p class='ocr_par' dir='ltr' id='par_1_62' title="bbox 336 4288 2046 4369">
     <span class='ocr_line' id='line_1_62' title="bbox 336 4288 2046 4369; baseline 0.011 -27"><span class='ocrx_word' id='word_1_446' title='bbox 336 4292 549 4344; x_wconf 84' lang='lat' dir='ltr'>tantam</span> <span class='ocrx_word' id='word_1_447' title='bbox 606 4288 840 4347; x_wconf 85' lang='lat' dir='ltr'>femina</span> <span class='ocrx_word' id='word_1_448' title='bbox 886 4290 1126 4351; x_wconf 88' lang='lat' dir='ltr'>miratus</span> <span class='ocrx_word' id='word_1_449' title='bbox 1174 4297 1577 4369; x_wconf 87' lang='lat' dir='ltr'>constantiam,</span> <span class='ocrx_word' id='word_1_450' title='bbox 1623 4300 1949 4359; x_wconf 89' lang='lat' dir='ltr'>facundiam</span> <span class='ocrx_word' id='word_1_451' title='bbox 1992 4309 2046 4360; x_wconf 93' lang='lat' dir='ltr'>et</span> 
     </span>
    </p>
   </div>
   <div class='ocr_carea' id='block_1_63' title="bbox 332 4375 2043 4463">
    <p class='ocr_par' dir='ltr' id='par_1_63' title="bbox 332 4375 2043 4463">
     <span class='ocr_line' id='line_1_63' title="bbox 332 4375 2043 4463; baseline 0.009 -31"><span class='ocrx_word' id='word_1_452' title='bbox 332 4375 606 4434; x_wconf 81' lang='lat' dir='ltr'>castitatis</span> <span class='ocrx_word' id='word_1_453' title='bbox 649 4391 924 4450; x_wconf 79' lang='lat' dir='ltr'>amorem,</span> <span class='ocrx_word' id='word_1_454' title='bbox 969 4380 1199 4440; x_wconf 91' lang='lat' dir='ltr'>Domini</span> <span class='ocrx_word' id='word_1_455' title='bbox 1244 4391 1391 4442; x_wconf 90' lang='lat' dir='ltr'>nutu</span> <span class='ocrx_word' id='word_1_456' title='bbox 1441 4392 1700 4457; x_wconf 88' lang='lat' dir='ltr'>terretur,</span> <span class='ocrx_word' id='word_1_457' title='bbox 1743 4396 1799 4445; x_wconf 90' lang='lat' dir='ltr'>et</span> <span class='ocrx_word' id='word_1_458' title='bbox 1848 4389 2043 4463; x_wconf 87' lang='lat' dir='ltr'>impu-</span> 
     </span>
    </p>
   </div>
   <div class='ocr_carea' id='block_1_64' title="bbox 334 4464 2038 4548">
    <p class='ocr_par' dir='ltr' id='par_1_64' title="bbox 334 4464 2038 4548">
     <span class='ocr_line' id='line_1_64' title="bbox 334 4464 2038 4548; baseline 0.008 -26"><span class='ocrx_word' id='word_1_459' title='bbox 334 4476 466 4522; x_wconf 85' lang='lat' dir='ltr'>rum</span> <span class='ocrx_word' id='word_1_460' title='bbox 518 4464 807 4536; x_wconf 71' lang='lat' dir='ltr'>affectum,</span> <span class='ocrx_word' id='word_1_461' title='bbox 860 4482 976 4542; x_wconf 92' lang='lat' dir='ltr'>quo</span> <span class='ocrx_word' id='word_1_462' title='bbox 1027 4469 1355 4543; x_wconf 86' lang='lat' dir='ltr'>virginibus</span> <span class='ocrx_word' id='word_1_463' title='bbox 1403 4479 1671 4546; x_wconf 89' lang='lat' dir='ltr'>stuprum</span> <span class='ocrx_word' id='word_1_464' title='bbox 1724 4485 2038 4548; x_wconf 89' lang='lat' dir='ltr'>paraverat,</span> 
     </span>
    </p>
   </div>
   <div class='ocr_carea' id='block_1_65' title="bbox 2130 1887 3841 1958">
    <p class='ocr_par' dir='ltr' id='par_1_65' title="bbox 2130 1887 3841 1958">
     <span class='ocr_line' id='line_1_65' title="bbox 2130 1887 3841 1958; baseline -0.001 -12"><span class='ocrx_word' id='word_1_465' title='bbox 2130 1888 2325 1947; x_wconf 88' lang='lat' dir='ltr'>animo</span> <span class='ocrx_word' id='word_1_466' title='bbox 2350 1904 2492 1958; x_wconf 91' lang='lat' dir='ltr'>esse,</span> <span class='ocrx_word' id='word_1_467' title='bbox 2526 1888 2615 1945; x_wconf 90' lang='lat' dir='ltr'>vel</span> <span class='ocrx_word' id='word_1_468' title='bbox 2655 1887 2879 1945; x_wconf 89' lang='lat' dir='ltr'>audiret</span> <span class='ocrx_word' id='word_1_469' title='bbox 2911 1903 2971 1945; x_wconf 91' lang='lat' dir='ltr'>se</span> <span class='ocrx_word' id='word_1_470' title='bbox 3000 1887 3238 1945; x_wconf 92' lang='lat' dir='ltr'>domum</span> <span class='ocrx_word' id='word_1_471' title='bbox 3270 1903 3402 1946; x_wconf 90' lang='lat' dir='ltr'>cum</span> <span class='ocrx_word' id='word_1_472' title='bbox 3432 1888 3616 1946; x_wconf 89' lang='lat' dir='ltr'>salute</span> <span class='ocrx_word' id='word_1_473' title='bbox 3646 1895 3841 1945; x_wconf 71' lang='lat' dir='ltr'>rever-</span> 
     </span>
    </p>
   </div>
   <div class='ocr_carea' id='block_1_66' title="bbox 2131 1975 3842 2050">
    <p class='ocr_par' dir='ltr' id='par_1_66' title="bbox 2131 1975 3842 2050">
     <span class='ocr_line' id='line_1_66' title="bbox 2131 1975 3842 2050; baseline 0.001 -17"><span class='ocrx_word' id='word_1_474' title='bbox 2131 1992 2377 2046; x_wconf 91' lang='lat' dir='ltr'>surum,</span> <span class='ocrx_word' id='word_1_475' title='bbox 2435 1976 2600 2050; x_wconf 87' lang='lat' dir='ltr'>quasi</span> <span class='ocrx_word' id='word_1_476' title='bbox 2657 1975 2875 2034; x_wconf 83' lang='lat' dir='ltr'>calesti</span> <span class='ocrx_word' id='word_1_477' title='bbox 2935 1975 3203 2033; x_wconf 89' lang='lat' dir='ltr'>munitus</span> <span class='ocrx_word' id='word_1_478' title='bbox 3253 1975 3523 2045; x_wconf 88' lang='lat' dir='ltr'>oraculo,</span> <span class='ocrx_word' id='word_1_479' title='bbox 3580 1977 3842 2035; x_wconf 73' lang='lat' dir='ltr'>victoria</span> 
     </span>
    </p>
   </div>
   <div class='ocr_carea' id='block_1_67' title="bbox 2130 2063 3843 2138">
    <p class='ocr_par' dir='ltr' id='par_1_67' title="bbox 2130 2063 3843 2138">
     <span class='ocr_line' id='line_1_67' title="bbox 2130 2063 3843 2138; baseline 0 -15"><span class='ocrx_word' id='word_1_480' title='bbox 2130 2080 2290 2138; x_wconf 89' lang='lat' dir='ltr'>spem</span> <span class='ocrx_word' id='word_1_481' title='bbox 2324 2070 2536 2122; x_wconf 89' lang='lat' dir='ltr'>certam</span> <span class='ocrx_word' id='word_1_482' title='bbox 2571 2065 2919 2136; x_wconf 85' lang='lat' dir='ltr'>concipiens,</span> <span class='ocrx_word' id='word_1_483' title='bbox 2960 2063 3337 2123; x_wconf 88' lang='lat' dir='ltr'>descendebat</span> <span class='ocrx_word' id='word_1_484' title='bbox 3374 2065 3435 2122; x_wconf 91' lang='lat' dir='ltr'>in</span> <span class='ocrx_word' id='word_1_485' title='bbox 3471 2064 3740 2137; x_wconf 86' lang='lat' dir='ltr'>pralium</span> <span class='ocrx_word' id='word_1_486' title='bbox 3785 2073 3843 2124; x_wconf 88' lang='lat' dir='ltr'>et</span> 
     </span>
    </p>
   </div>
   <div class='ocr_carea' id='block_1_68' title="bbox 2130 2149 3841 2223">
    <p class='ocr_par' dir='ltr' id='par_1_68' title="bbox 2130 2149 3841 2223">
     <span class='ocr_line' id='line_1_68' title="bbox 2130 2149 3841 2223; baseline 0.002 -15"><span class='ocrx_word' id='word_1_487' title='bbox 2130 2166 2356 2223; x_wconf 91' lang='lat' dir='ltr'>semper</span> <span class='ocrx_word' id='word_1_488' title='bbox 2392 2157 2542 2209; x_wconf 87' lang='lat' dir='ltr'>nutu</span> <span class='ocrx_word' id='word_1_489' title='bbox 2580 2150 2685 2208; x_wconf 92' lang='lat' dir='ltr'>Dei</span> <span class='ocrx_word' id='word_1_490' title='bbox 2724 2149 3023 2208; x_wconf 87' lang='lat' dir='ltr'>victoriam</span> <span class='ocrx_word' id='word_1_491' title='bbox 3062 2150 3400 2223; x_wconf 87' lang='lat' dir='ltr'>reportabat.</span> <span class='ocrx_word' id='word_1_492' title='bbox 3443 2151 3674 2221; x_wconf 88' lang='lat' dir='ltr'>Quibus</span> <span class='ocrx_word' id='word_1_493' title='bbox 3712 2154 3841 2211; x_wconf 82' lang='lat' dir='ltr'>evi-</span> 
     </span>
    </p>
   </div>
   <div class='ocr_carea' id='block_1_69' title="bbox 2130 2237 3842 2313">
    <p class='ocr_par' dir='ltr' id='par_1_69' title="bbox 2130 2237 3842 2313">
     <span class='ocr_line' id='line_1_69' title="bbox 2130 2237 3842 2313; baseline -0.001 -16"><span class='ocrx_word' id='word_1_494' title='bbox 2130 2239 2483 2298; x_wconf 89' lang='lat' dir='ltr'>dentissimis</span> <span class='ocrx_word' id='word_1_495' title='bbox 2520 2254 2719 2297; x_wconf 88' lang='lat' dir='ltr'>earum</span> <span class='ocrx_word' id='word_1_496' title='bbox 2768 2237 2951 2311; x_wconf 87' lang='lat' dir='ltr'>signis</span> <span class='ocrx_word' id='word_1_497' title='bbox 2991 2239 3310 2298; x_wconf 87' lang='lat' dir='ltr'>sanctitatis</span> <span class='ocrx_word' id='word_1_498' title='bbox 3358 2256 3463 2299; x_wconf 81' lang='lat' dir='ltr'>rex</span> <span class='ocrx_word' id='word_1_499' title='bbox 3508 2239 3842 2313; x_wconf 83' lang='lat' dir='ltr'>intelligens</span> 
     </span>
    </p>
   </div>
   <div class='ocr_carea' id='block_1_70' title="bbox 2132 2327 3837 2403">
    <p class='ocr_par' dir='ltr' id='par_1_70' title="bbox 2132 2327 3837 2403">
     <span class='ocr_line' id='line_1_70' title="bbox 2132 2327 3837 2403; baseline 0.001 -17"><span class='ocrx_word' id='word_1_500' title='bbox 2132 2343 2231 2403; x_wconf 91' lang='lat' dir='ltr'>per</span> <span class='ocrx_word' id='word_1_501' title='bbox 2284 2342 2484 2385; x_wconf 90' lang='lat' dir='ltr'>earum</span> <span class='ocrx_word' id='word_1_502' title='bbox 2530 2343 2591 2384; x_wconf 90' lang='lat' dir='ltr'>se</span> <span class='ocrx_word' id='word_1_503' title='bbox 2638 2343 2834 2400; x_wconf 89' lang='lat' dir='ltr'>preces</span> <span class='ocrx_word' id='word_1_504' title='bbox 2880 2342 3003 2386; x_wconf 89' lang='lat' dir='ltr'>esse</span> <span class='ocrx_word' id='word_1_505' title='bbox 3046 2330 3364 2401; x_wconf 80' lang='lat' dir='ltr'>protectum</span> <span class='ocrx_word' id='word_1_506' title='bbox 3406 2345 3443 2386; x_wconf 89' lang='lat' dir='ltr'>a</span> <span class='ocrx_word' id='word_1_507' title='bbox 3485 2327 3625 2399; x_wconf 90' lang='lat' dir='ltr'>Deo,</span> <span class='ocrx_word' id='word_1_508' title='bbox 3668 2334 3725 2384; x_wconf 90' lang='lat' dir='ltr'>et</span> <span class='ocrx_word' id='word_1_509' title='bbox 3773 2328 3837 2387; x_wconf 87' lang='lat' dir='ltr'>in</span> 
     </span>
    </p>
   </div>
   <div class='ocr_carea' id='block_1_71' title="bbox 2130 2416 3832 2492">
    <p class='ocr_par' dir='ltr' id='par_1_71' title="bbox 2130 2416 3832 2492">
     <span class='ocr_line' id='line_1_71' title="bbox 2130 2416 3832 2492; baseline 0.002 -19"><span class='ocrx_word' id='word_1_510' title='bbox 2130 2416 2353 2474; x_wconf 89' lang='lat' dir='ltr'>cunctis</span> <span class='ocrx_word' id='word_1_511' title='bbox 2389 2416 2627 2488; x_wconf 84' lang='lat' dir='ltr'>agendis</span> <span class='ocrx_word' id='word_1_512' title='bbox 2659 2416 2945 2490; x_wconf 85' lang='lat' dir='ltr'>adjutum,</span> <span class='ocrx_word' id='word_1_513' title='bbox 2982 2417 3187 2490; x_wconf 86' lang='lat' dir='ltr'>majori</span> <span class='ocrx_word' id='word_1_514' title='bbox 3226 2416 3481 2491; x_wconf 86' lang='lat' dir='ltr'>virgines</span> <span class='ocrx_word' id='word_1_515' title='bbox 3517 2433 3832 2492; x_wconf 81' lang='lat' dir='ltr'>proseque-</span> 
     </span>
    </p>
   </div>
   <div class='ocr_carea' id='block_1_72' title="bbox 2130 2504 3841 2577">
    <p class='ocr_par' dir='ltr' id='par_1_72' title="bbox 2130 2504 3841 2577">
     <span class='ocr_line' id='line_1_72' title="bbox 2130 2504 3841 2577; baseline 0.001 -12"><span class='ocrx_word' id='word_1_516' title='bbox 2130 2506 2300 2565; x_wconf 87' lang='lat' dir='ltr'>batur</span> <span class='ocrx_word' id='word_1_517' title='bbox 2343 2506 2579 2576; x_wconf 89' lang='lat' dir='ltr'>honore,</span> <span class='ocrx_word' id='word_1_518' title='bbox 2627 2512 2683 2564; x_wconf 91' lang='lat' dir='ltr'>et</span> <span class='ocrx_word' id='word_1_519' title='bbox 2736 2504 2896 2565; x_wconf 89' lang='lat' dir='ltr'>velut</span> <span class='ocrx_word' id='word_1_520' title='bbox 2942 2513 3153 2565; x_wconf 88' lang='lat' dir='ltr'>matres</span> <span class='ocrx_word' id='word_1_521' title='bbox 3193 2505 3459 2577; x_wconf 88' lang='lat' dir='ltr'>habebat,</span> <span class='ocrx_word' id='word_1_522' title='bbox 3496 2506 3732 2565; x_wconf 86' lang='lat' dir='ltr'>beatum</span> <span class='ocrx_word' id='word_1_523' title='bbox 3777 2523 3841 2566; x_wconf 84' lang='lat' dir='ltr'>se</span> 
     </span>
    </p>
   </div>
   <div class='ocr_carea' id='block_1_73' title="bbox 2125 2595 3839 2670">
    <p class='ocr_par' dir='ltr' id='par_1_73' title="bbox 2125 2595 3839 2670">
     <span class='ocr_line' id='line_1_73' title="bbox 2125 2595 3839 2670; baseline 0.001 -15"><span class='ocrx_word' id='word_1_524' title='bbox 2125 2596 2394 2670; x_wconf 89' lang='lat' dir='ltr'>judicans</span> <span class='ocrx_word' id='word_1_525' title='bbox 2448 2602 2500 2653; x_wconf 89' lang='lat' dir='ltr'>et</span> <span class='ocrx_word' id='word_1_526' title='bbox 2551 2610 2797 2669; x_wconf 84' lang='lat' dir='ltr'>regnum</span> <span class='ocrx_word' id='word_1_527' title='bbox 2841 2610 3018 2656; x_wconf 88' lang='lat' dir='ltr'>suum</span> <span class='ocrx_word' id='word_1_528' title='bbox 3074 2595 3234 2669; x_wconf 85' lang='lat'>(357),</span> <span class='ocrx_word' id='word_1_529' title='bbox 3288 2596 3442 2670; x_wconf 91' lang='lat' dir='ltr'>quod</span> <span class='ocrx_word' id='word_1_530' title='bbox 3493 2596 3839 2656; x_wconf 87' lang='lat' dir='ltr'>ancillarum</span> 
     </span>
    </p>
   </div>
   <div class='ocr_carea' id='block_1_74' title="bbox 2131 2684 3834 2760">
    <p class='ocr_par' dir='ltr' id='par_1_74' title="bbox 2131 2684 3834 2760">
     <span class='ocr_line' id='line_1_74' title="bbox 2131 2684 3834 2760; baseline 0.001 -17"><span class='ocrx_word' id='word_1_531' title='bbox 2131 2684 2342 2745; x_wconf 75' lang='lat' dir='ltr'>Christi</span> <span class='ocrx_word' id='word_1_532' title='bbox 2382 2686 2782 2760; x_wconf 83' lang='lat' dir='ltr'>protegebatur</span> <span class='ocrx_word' id='word_1_533' title='bbox 2818 2684 3043 2745; x_wconf 88' lang='lat' dir='ltr'>meritis</span> <span class='ocrx_word' id='word_1_534' title='bbox 3076 2694 3132 2744; x_wconf 91' lang='lat' dir='ltr'>et</span> <span class='ocrx_word' id='word_1_535' title='bbox 3168 2686 3434 2759; x_wconf 86' lang='lat' dir='ltr'>precibus</span> <span class='ocrx_word' id='word_1_536' title='bbox 3470 2686 3834 2746; x_wconf 82' lang='lat' dir='ltr'>ﬁrmabatur.</span> 
     </span>
    </p>
   </div>
   <div class='ocr_carea' id='block_1_75' title="bbox 2808 2829 3159 2889">
    <p class='ocr_par' dir='ltr' id='par_1_75' title="bbox 2808 2829 3159 2889">
     <span class='ocr_line' id='line_1_75' title="bbox 2808 2829 3159 2889; baseline 0 0"><span class='ocrx_word' id='word_1_537' title='bbox 2808 2829 3049 2889; x_wconf 87' lang='lat' dir='ltr'>CAPUT</span> <span class='ocrx_word' id='word_1_538' title='bbox 3084 2829 3159 2889; x_wconf 91' lang='grc' dir='ltr'>ΙΙ.</span> 
     </span>
    </p>
   </div>
   <div class='ocr_carea' id='block_1_76' title="bbox 2135 2931 3838 3004">
    <p class='ocr_par' dir='ltr' id='par_1_76' title="bbox 2135 2931 3838 3004">
     <span class='ocr_line' id='line_1_76' title="bbox 2135 2931 3838 3004; baseline 0 -17"><span class='ocrx_word' id='word_1_539' title='bbox 2135 2931 2428 3000; x_wconf 78' lang='lat' dir='ltr'>Virginum</span> <span class='ocrx_word' id='word_1_540' title='bbox 2471 2948 2498 2987; x_wconf 89' lang='lat' dir='ltr'>e</span> <span class='ocrx_word' id='word_1_541' title='bbox 2534 2936 2857 3004; x_wconf 79' lang='lat' dir='ltr'>captivitate</span> <span class='ocrx_word' id='word_1_542' title='bbox 2909 2934 3180 2997; x_wconf 78' lang='lat' dir='ltr'>liberatio,</span> <span class='ocrx_word' id='word_1_543' title='bbox 3233 2933 3444 2988; x_wconf 79' lang='lat' dir='ltr'>reditus</span> <span class='ocrx_word' id='word_1_544' title='bbox 3487 2932 3562 2986; x_wconf 85' lang='lat' dir='ltr'>ad</span> <span class='ocrx_word' id='word_1_545' title='bbox 3608 2934 3838 2988; x_wconf 70' lang='lat' dir='ltr'>Romam</span> 
     </span>
    </p>
   </div>
   <div class='ocr_carea' id='block_1_77' title="bbox 2438 3025 3529 3093">
    <p class='ocr_par' dir='ltr' id='par_1_77' title="bbox 2438 3025 3529 3093">
     <span class='ocr_line' id='line_1_77' title="bbox 2438 3025 3529 3093; baseline 0.002 -18"><span class='ocrx_word' id='word_1_546' title='bbox 2438 3026 2488 3076; x_wconf 87' lang='lat' dir='ltr'>et</span> <span class='ocrx_word' id='word_1_547' title='bbox 2516 3025 2843 3091; x_wconf 76' lang='lat' dir='ltr'>martyrium</span> <span class='ocrx_word' id='word_1_548' title='bbox 2873 3038 2983 3077; x_wconf 87' lang='lat' dir='ltr'>una</span> <span class='ocrx_word' id='word_1_549' title='bbox 3019 3038 3139 3077; x_wconf 86' lang='lat' dir='ltr'>cum</span> <span class='ocrx_word' id='word_1_550' title='bbox 3167 3037 3262 3076; x_wconf 80' lang='lat' dir='ltr'>suo</span> <span class='ocrx_word' id='word_1_551' title='bbox 3291 3026 3529 3093; x_wconf 78' lang='lat' dir='ltr'>raptore.</span> 
     </span>
    </p>
   </div>
   <div class='ocr_carea' id='block_1_78' title="bbox 2204 3128 3844 3205">
    <p class='ocr_par' dir='ltr' id='par_1_78' title="bbox 2204 3128 3844 3205">
     <span class='ocr_line' id='line_1_78' title="bbox 2204 3128 3844 3205; baseline 0.004 -19"><span class='ocrx_word' id='word_1_552' title='bbox 2204 3128 2546 3203; x_wconf 87' lang='lat' dir='ltr'>Virginibus</span> <span class='ocrx_word' id='word_1_553' title='bbox 2583 3132 2762 3205; x_wconf 89' lang='lat' dir='ltr'>igitur</span> <span class='ocrx_word' id='word_1_554' title='bbox 2799 3134 3009 3191; x_wconf 90' lang='lat' dir='ltr'>sanctis</span> <span class='ocrx_word' id='word_1_555' title='bbox 3047 3133 3109 3191; x_wconf 92' lang='lat' dir='ltr'>in</span> <span class='ocrx_word' id='word_1_556' title='bbox 3152 3133 3422 3193; x_wconf 83' lang='lat' dir='ltr'>Africana</span> <span class='ocrx_word' id='word_1_557' title='bbox 3460 3132 3693 3205; x_wconf 83' lang='lat' dir='ltr'>regione</span> <span class='ocrx_word' id='word_1_558' title='bbox 3726 3133 3844 3192; x_wconf 85' lang='lat' dir='ltr'>sub</span> 
     </span>
    </p>
   </div>
   <div class='ocr_carea' id='block_1_79' title="bbox 2131 3221 3843 3298">
    <p class='ocr_par' dir='ltr' id='par_1_79' title="bbox 2131 3221 3843 3298">
     <span class='ocr_line' id='line_1_79' title="bbox 2131 3221 3843 3298; baseline 0.003 -20"><span class='ocrx_word' id='word_1_559' title='bbox 2131 3221 2387 3295; x_wconf 86' lang='lat' dir='ltr'>Eugegio</span> <span class='ocrx_word' id='word_1_560' title='bbox 2452 3238 2600 3295; x_wconf 87' lang='lat' dir='ltr'>rege,</span> <span class='ocrx_word' id='word_1_561' title='bbox 2663 3223 2927 3297; x_wconf 88' lang='lat' dir='ltr'>religiose</span> <span class='ocrx_word' id='word_1_562' title='bbox 2989 3230 3296 3298; x_wconf 84' lang='lat' dir='ltr'>sancteque</span> <span class='ocrx_word' id='word_1_563' title='bbox 3357 3224 3717 3298; x_wconf 85' lang='lat' dir='ltr'>degentibus,</span> <span class='ocrx_word' id='word_1_564' title='bbox 3782 3231 3843 3283; x_wconf 87' lang='lat' dir='ltr'>et</span> 
     </span>
    </p>
   </div>
   <div class='ocr_carea' id='block_1_80' title="bbox 2129 3310 3837 3385">
    <p class='ocr_par' dir='ltr' id='par_1_80' title="bbox 2129 3310 3837 3385">
     <span class='ocr_line' id='line_1_80' title="bbox 2129 3310 3837 3385; baseline 0.002 -19"><span class='ocrx_word' id='word_1_565' title='bbox 2129 3324 2259 3382; x_wconf 89' lang='lat' dir='ltr'>rege</span> <span class='ocrx_word' id='word_1_566' title='bbox 2280 3310 2517 3384; x_wconf 89' lang='lat' dir='ltr'>jugibus</span> <span class='ocrx_word' id='word_1_567' title='bbox 2547 3310 2679 3369; x_wconf 90' lang='lat' dir='ltr'>illas</span> <span class='ocrx_word' id='word_1_568' title='bbox 2703 3311 2997 3385; x_wconf 89' lang='lat' dir='ltr'>obsequiis</span> <span class='ocrx_word' id='word_1_569' title='bbox 3026 3320 3082 3368; x_wconf 88' lang='lat' dir='ltr'>et</span> <span class='ocrx_word' id='word_1_570' title='bbox 3111 3311 3406 3369; x_wconf 73' lang='lat' dir='ltr'>beneficiis</span> <span class='ocrx_word' id='word_1_571' title='bbox 3434 3319 3837 3384; x_wconf 76' lang='lat' dir='ltr'>prasequente,</span> 
     </span>
    </p>
   </div>
   <div class='ocr_carea' id='block_1_81' title="bbox 2120 3390 3947 3473">
    <p class='ocr_par' dir='ltr' id='par_1_81' title="bbox 2120 3390 3947 3473">
     <span class='ocr_line' id='line_1_81' title="bbox 2120 3390 3947 3473; baseline 0.002 -16"><span class='ocrx_word' id='word_1_572' title='bbox 2120 3399 2244 3473; x_wconf 90' lang='lat' dir='ltr'>jam</span> <span class='ocrx_word' id='word_1_573' title='bbox 2282 3414 2472 3457; x_wconf 89' lang='lat' dir='ltr'>annus</span> <span class='ocrx_word' id='word_1_574' title='bbox 2510 3397 2828 3472; x_wconf 82' lang='lat' dir='ltr'>vigesimus</span> <span class='ocrx_word' id='word_1_575' title='bbox 2865 3400 3158 3473; x_wconf 86' lang='lat' dir='ltr'>agebatur,</span> <span class='ocrx_word' id='word_1_576' title='bbox 3205 3417 3282 3458; x_wconf 81' lang='lat' dir='ltr'>ex</span> <span class='ocrx_word' id='word_1_577' title='bbox 3331 3416 3446 3472; x_wconf 88' lang='lat' dir='ltr'>quo</span> <span class='ocrx_word' id='word_1_578' title='bbox 3496 3390 3722 3459; x_wconf 81' lang='lat' dir='ltr'>fuerant</span> <span class='ocrx_word' id='word_1_579' title='bbox 3764 3399 3843 3456; x_wconf 89' lang='lat' dir='ltr'>de</span> <span class='ocrx_word' id='word_1_580' title='bbox 3943 3457 3947 3460; x_wconf 29' lang='grc' dir='ltr'><em>κ</em></span> 
     </span>
    </p>
   </div>
   <div class='ocr_carea' id='block_1_82' title="bbox 2128 3486 3839 3561">
    <p class='ocr_par' dir='ltr' id='par_1_82' title="bbox 2128 3486 3839 3561">
     <span class='ocr_line' id='line_1_82' title="bbox 2128 3486 3839 3561; baseline 0.001 -16"><span class='ocrx_word' id='word_1_581' title='bbox 2128 3502 2231 3545; x_wconf 88' lang='lat' dir='ltr'>sua</span> <span class='ocrx_word' id='word_1_582' title='bbox 2271 3486 2498 3561; x_wconf 85' lang='lat' dir='ltr'>propria</span> <span class='ocrx_word' id='word_1_583' title='bbox 2533 3489 2762 3546; x_wconf 86' lang='lat' dir='ltr'>civitate</span> <span class='ocrx_word' id='word_1_584' title='bbox 2799 3488 3118 3561; x_wconf 86' lang='lat' dir='ltr'>captivata.</span> <span class='ocrx_word' id='word_1_585' title='bbox 3178 3487 3311 3546; x_wconf 88' lang='lat' dir='ltr'>Post</span> <span class='ocrx_word' id='word_1_586' title='bbox 3356 3490 3509 3561; x_wconf 89' lang='lat' dir='ltr'>quod</span> <span class='ocrx_word' id='word_1_587' title='bbox 3558 3488 3839 3561; x_wconf 82' lang='lat' dir='ltr'>temporis</span> 
     </span>
    </p>
   </div>
   <div class='ocr_carea' id='block_1_83' title="bbox 2127 3576 3841 3651">
    <p class='ocr_par' dir='ltr' id='par_1_83' title="bbox 2127 3576 3841 3651">
     <span class='ocr_line' id='line_1_83' title="bbox 2127 3576 3841 3651; baseline 0.001 -17"><span class='ocrx_word' id='word_1_588' title='bbox 2127 3577 2396 3648; x_wconf 87' lang='lat' dir='ltr'>spatium,</span> <span class='ocrx_word' id='word_1_589' title='bbox 2453 3576 2653 3635; x_wconf 88' lang='lat' dir='ltr'>volens</span> <span class='ocrx_word' id='word_1_590' title='bbox 2705 3578 2989 3636; x_wconf 90' lang='lat' dir='ltr'>Dominus</span> <span class='ocrx_word' id='word_1_591' title='bbox 3032 3580 3201 3639; x_wconf 85' lang='lat' dir='ltr'>Jesus</span> <span class='ocrx_word' id='word_1_592' title='bbox 3251 3578 3613 3636; x_wconf 77' lang='lat' dir='ltr'>fidelissimae</span> <span class='ocrx_word' id='word_1_593' title='bbox 3668 3592 3841 3651; x_wconf 78' lang='lat' dir='ltr'>spon-</span> 
     </span>
    </p>
   </div>
   <div class='ocr_carea' id='block_1_84' title="bbox 2127 3665 3837 3743">
    <p class='ocr_par' dir='ltr' id='par_1_84' title="bbox 2127 3665 3837 3743">
     <span class='ocr_line' id='line_1_84' title="bbox 2127 3665 3837 3743; baseline 0.001 -18"><span class='ocrx_word' id='word_1_594' title='bbox 2127 3683 2217 3725; x_wconf 89' lang='lat' dir='ltr'>sas</span> <span class='ocrx_word' id='word_1_595' title='bbox 2257 3665 2404 3721; x_wconf 85' lang='lat'>504</span> <span class='ocrx_word' id='word_1_596' title='bbox 2438 3683 2572 3725; x_wconf 90' lang='lat' dir='ltr'>suas</span> <span class='ocrx_word' id='word_1_597' title='bbox 2609 3668 2680 3725; x_wconf 90' lang='lat' dir='ltr'>de</span> <span class='ocrx_word' id='word_1_598' title='bbox 2722 3668 2917 3727; x_wconf 88' lang='lat' dir='ltr'>saculi</span> <span class='ocrx_word' id='word_1_599' title='bbox 2964 3667 3261 3743; x_wconf 86' lang='lat' dir='ltr'>prasentis</span> <span class='ocrx_word' id='word_1_600' title='bbox 3298 3683 3499 3726; x_wconf 89' lang='lat' dir='ltr'>eruere</span> <span class='ocrx_word' id='word_1_601' title='bbox 3548 3667 3837 3726; x_wconf 84' lang='lat' dir='ltr'>laborioso</span> 
     </span>
    </p>
   </div>
   <div class='ocr_carea' id='block_1_85' title="bbox 2125 3755 3837 3831">
    <p class='ocr_par' dir='ltr' id='par_1_85' title="bbox 2125 3755 3837 3831">
     <span class='ocr_line' id='line_1_85' title="bbox 2125 3755 3837 3831; baseline -0.001 -17"><span class='ocrx_word' id='word_1_602' title='bbox 2125 3755 2456 3828; x_wconf 82' lang='lat' dir='ltr'>certamine,</span> <span class='ocrx_word' id='word_1_603' title='bbox 2501 3764 2556 3815; x_wconf 92' lang='lat' dir='ltr'>et</span> <span class='ocrx_word' id='word_1_604' title='bbox 2604 3758 2662 3814; x_wconf 93' lang='lat' dir='ltr'>in</span> <span class='ocrx_word' id='word_1_605' title='bbox 2712 3758 2902 3831; x_wconf 89' lang='lat' dir='ltr'>ipsum</span> <span class='ocrx_word' id='word_1_606' title='bbox 2944 3758 3235 3816; x_wconf 78' lang='lat' dir='ltr'>caelestem</span> <span class='ocrx_word' id='word_1_607' title='bbox 3287 3757 3609 3814; x_wconf 87' lang='lat' dir='ltr'>thalamum</span> <span class='ocrx_word' id='word_1_608' title='bbox 3648 3755 3837 3814; x_wconf 85' lang='lat' dir='ltr'>intro-</span> 
     </span>
    </p>
   </div>
   <div class='ocr_carea' id='block_1_86' title="bbox 2125 3846 3841 3923">
    <p class='ocr_par' dir='ltr' id='par_1_86' title="bbox 2125 3846 3841 3923">
     <span class='ocr_line' id='line_1_86' title="bbox 2125 3846 3841 3923; baseline 0 -19"><span class='ocrx_word' id='word_1_609' title='bbox 2125 3847 2355 3918; x_wconf 87' lang='lat' dir='ltr'>ducere,</span> <span class='ocrx_word' id='word_1_610' title='bbox 2383 3856 2439 3905; x_wconf 88' lang='lat' dir='ltr'>et</span> <span class='ocrx_word' id='word_1_611' title='bbox 2467 3847 2652 3906; x_wconf 88' lang='lat' dir='ltr'>sciens</span> <span class='ocrx_word' id='word_1_612' title='bbox 2679 3849 2812 3905; x_wconf 86' lang='lat' dir='ltr'>illas</span> <span class='ocrx_word' id='word_1_613' title='bbox 2832 3848 2901 3906; x_wconf 92' lang='lat' dir='ltr'>ad</span> <span class='ocrx_word' id='word_1_614' title='bbox 2937 3850 3276 3923; x_wconf 81' lang='lat' dir='ltr'>martyrium</span> <span class='ocrx_word' id='word_1_615' title='bbox 3307 3846 3682 3906; x_wconf 89' lang='lat' dir='ltr'>subeundum</span> <span class='ocrx_word' id='word_1_616' title='bbox 3710 3861 3841 3905; x_wconf 83' lang='lat' dir='ltr'>esse</span> 
     </span>
    </p>
   </div>
   <div class='ocr_carea' id='block_1_87' title="bbox 2125 3934 3836 4010">
    <p class='ocr_par' dir='ltr' id='par_1_87' title="bbox 2125 3934 3836 4010">
     <span class='ocr_line' id='line_1_87' title="bbox 2125 3934 3836 4010; baseline -0.001 -18"><span class='ocrx_word' id='word_1_617' title='bbox 2125 3935 2603 4010; x_wconf 80' lang='lat' dir='ltr'>promptissimus,</span> <span class='ocrx_word' id='word_1_618' title='bbox 2638 3936 2830 3994; x_wconf 88' lang='lat' dir='ltr'>noluit</span> <span class='ocrx_word' id='word_1_619' title='bbox 2866 3952 2963 3995; x_wconf 87' lang='lat' dir='ltr'>eas</span> <span class='ocrx_word' id='word_1_620' title='bbox 2999 3936 3326 3995; x_wconf 87' lang='lat' dir='ltr'>domesticis</span> <span class='ocrx_word' id='word_1_621' title='bbox 3356 3942 3580 3993; x_wconf 87' lang='lat' dir='ltr'>tantum</span> <span class='ocrx_word' id='word_1_622' title='bbox 3618 3934 3836 3992; x_wconf 87' lang='lat' dir='ltr'>trium-</span> 
     </span>
    </p>
   </div>
   <div class='ocr_carea' id='block_1_88' title="bbox 2126 4025 3840 4101">
    <p class='ocr_par' dir='ltr' id='par_1_88' title="bbox 2126 4025 3840 4101">
     <span class='ocr_line' id='line_1_88' title="bbox 2126 4025 3840 4101; baseline -0.001 -18"><span class='ocrx_word' id='word_1_623' title='bbox 2126 4026 2257 4099; x_wconf 89' lang='lat' dir='ltr'>phis</span> <span class='ocrx_word' id='word_1_624' title='bbox 2299 4026 2526 4094; x_wconf 89' lang='lat' dir='ltr'>ornari;</span> <span class='ocrx_word' id='word_1_625' title='bbox 2587 4041 2787 4084; x_wconf 85' lang='lat' dir='ltr'>verum</span> <span class='ocrx_word' id='word_1_626' title='bbox 2831 4026 2894 4084; x_wconf 90' lang='lat' dir='ltr'>iu</span> <span class='ocrx_word' id='word_1_627' title='bbox 2936 4042 3205 4101; x_wconf 85' lang='lat' dir='ltr'>campum</span> <span class='ocrx_word' id='word_1_628' title='bbox 3251 4025 3501 4099; x_wconf 88' lang='lat' dir='ltr'>prodire,</span> <span class='ocrx_word' id='word_1_629' title='bbox 3553 4032 3610 4082; x_wconf 88' lang='lat' dir='ltr'>et</span> <span class='ocrx_word' id='word_1_630' title='bbox 3661 4030 3840 4082; x_wconf 88' lang='lat' dir='ltr'>aucto</span> 
     </span>
    </p>
   </div>
   <div class='ocr_carea' id='block_1_89' title="bbox 2127 4115 3839 4189">
    <p class='ocr_par' dir='ltr' id='par_1_89' title="bbox 2127 4115 3839 4189">
     <span class='ocr_line' id='line_1_89' title="bbox 2127 4115 3839 4189; baseline -0.001 -16"><span class='ocrx_word' id='word_1_631' title='bbox 2127 4116 2439 4174; x_wconf 86' lang='lat' dir='ltr'>certamine</span> <span class='ocrx_word' id='word_1_632' title='bbox 2478 4116 2784 4188; x_wconf 87' lang='lat' dir='ltr'>gloriosam</span> <span class='ocrx_word' id='word_1_633' title='bbox 2822 4117 3001 4174; x_wconf 91' lang='lat' dir='ltr'>vitam</span> <span class='ocrx_word' id='word_1_634' title='bbox 3042 4116 3277 4189; x_wconf 80' lang='lat' dir='ltr'>gloriosi</span> <span class='ocrx_word' id='word_1_635' title='bbox 3317 4115 3579 4189; x_wconf 77' lang='lat' dir='ltr'>martyrii</span> <span class='ocrx_word' id='word_1_636' title='bbox 3625 4115 3839 4172; x_wconf 79' lang='lat' dir='ltr'>trium-</span> 
     </span>
    </p>
   </div>
   <div class='ocr_carea' id='block_1_90' title="bbox 2130 4206 3841 4278">
    <p class='ocr_par' dir='ltr' id='par_1_90' title="bbox 2130 4206 3841 4278">
     <span class='ocr_line' id='line_1_90' title="bbox 2130 4206 3841 4278; baseline 0 -15"><span class='ocrx_word' id='word_1_637' title='bbox 2130 4206 2244 4278; x_wconf 90' lang='lat' dir='ltr'>pho</span> <span class='ocrx_word' id='word_1_638' title='bbox 2276 4207 2461 4265; x_wconf 84' lang='lat' dir='ltr'>linire.</span> <span class='ocrx_word' id='word_1_639' title='bbox 2496 4206 2621 4265; x_wconf 88' lang='lat' dir='ltr'>Non</span> <span class='ocrx_word' id='word_1_640' title='bbox 2659 4208 2817 4264; x_wconf 91' lang='lat' dir='ltr'>enim</span> <span class='ocrx_word' id='word_1_641' title='bbox 2856 4210 3062 4266; x_wconf 81' lang='lat' dir='ltr'>frustra</span> <span class='ocrx_word' id='word_1_642' title='bbox 3102 4223 3203 4266; x_wconf 81' lang='lat' dir='ltr'>rex</span> <span class='ocrx_word' id='word_1_643' title='bbox 3235 4214 3427 4265; x_wconf 86' lang='lat' dir='ltr'>noster</span> <span class='ocrx_word' id='word_1_644' title='bbox 3458 4206 3669 4264; x_wconf 89' lang='lat' dir='ltr'>milites</span> <span class='ocrx_word' id='word_1_645' title='bbox 3699 4218 3841 4264; x_wconf 83' lang='lat' dir='ltr'>suos</span> 
     </span>
    </p>
   </div>
   <div class='ocr_carea' id='block_1_91' title="bbox 2128 4296 3840 4372">
    <p class='ocr_par' dir='ltr' id='par_1_91' title="bbox 2128 4296 3840 4372">
     <span class='ocr_line' id='line_1_91' title="bbox 2128 4296 3840 4372; baseline 0 -19"><span class='ocrx_word' id='word_1_646' title='bbox 2128 4296 2461 4354; x_wconf 81' lang='lat' dir='ltr'>fortissimis</span> <span class='ocrx_word' id='word_1_647' title='bbox 2507 4298 2685 4354; x_wconf 90' lang='lat' dir='ltr'>armis</span> <span class='ocrx_word' id='word_1_648' title='bbox 2730 4298 2995 4371; x_wconf 87' lang='lat' dir='ltr'>accingit,</span> <span class='ocrx_word' id='word_1_649' title='bbox 3045 4298 3197 4372; x_wconf 92' lang='lat' dir='ltr'>quod</span> <span class='ocrx_word' id='word_1_650' title='bbox 3253 4298 3507 4371; x_wconf 83' lang='lat' dir='ltr'>profecto</span> <span class='ocrx_word' id='word_1_651' title='bbox 3561 4304 3698 4354; x_wconf 90' lang='lat' dir='ltr'>tunc</span> <span class='ocrx_word' id='word_1_652' title='bbox 3749 4296 3840 4353; x_wconf 76' lang='lat' dir='ltr'>fa-</span> 
     </span>
    </p>
   </div>
   <div class='ocr_carea' id='block_1_92' title="bbox 2128 4386 3839 4463">
    <p class='ocr_par' dir='ltr' id='par_1_92' title="bbox 2128 4386 3839 4463">
     <span class='ocr_line' id='line_1_92' title="bbox 2128 4386 3839 4463; baseline 0 -19"><span class='ocrx_word' id='word_1_653' title='bbox 2128 4393 2298 4457; x_wconf 85' lang='lat' dir='ltr'>ceret,</span> <span class='ocrx_word' id='word_1_654' title='bbox 2339 4388 2389 4444; x_wconf 88' lang='lat' dir='ltr'>si</span> <span class='ocrx_word' id='word_1_655' title='bbox 2427 4402 2573 4462; x_wconf 90' lang='lat' dir='ltr'>quos</span> <span class='ocrx_word' id='word_1_656' title='bbox 2606 4386 2675 4444; x_wconf 88' lang='lat' dir='ltr'>ad</span> <span class='ocrx_word' id='word_1_657' title='bbox 2718 4389 3065 4463; x_wconf 81' lang='lat' dir='ltr'>martyrium</span> <span class='ocrx_word' id='word_1_658' title='bbox 3103 4387 3412 4459; x_wconf 88' lang='lat' dir='ltr'>roboraret,</span> <span class='ocrx_word' id='word_1_659' title='bbox 3455 4394 3511 4446; x_wconf 92' lang='lat' dir='ltr'>et</span> <span class='ocrx_word' id='word_1_660' title='bbox 3545 4394 3839 4445; x_wconf 83' lang='lat' dir='ltr'>certamen</span> 
     </span>
    </p>
   </div>
   <div class='ocr_carea' id='block_1_93' title="bbox 2126 4476 3839 4551">
    <p class='ocr_par' dir='ltr' id='par_1_93' title="bbox 2126 4476 3839 4551">
     <span class='ocr_line' id='line_1_93' title="bbox 2126 4476 3839 4551; baseline 0 -18"><span class='ocrx_word' id='word_1_661' title='bbox 2126 4490 2242 4533; x_wconf 89' lang='lat' dir='ltr'>non</span> <span class='ocrx_word' id='word_1_662' title='bbox 2281 4484 2612 4550; x_wconf 88' lang='lat' dir='ltr'>opponeret,</span> <span class='ocrx_word' id='word_1_663' title='bbox 2656 4483 2710 4535; x_wconf 91' lang='lat' dir='ltr'>et</span> <span class='ocrx_word' id='word_1_664' title='bbox 2750 4485 2968 4537; x_wconf 87' lang='lat' dir='ltr'>natura</span> <span class='ocrx_word' id='word_1_665' title='bbox 3004 4478 3217 4536; x_wconf 89' lang='lat' dir='ltr'>sineret</span> <span class='ocrx_word' id='word_1_666' title='bbox 3244 4479 3304 4536; x_wconf 89' lang='lat' dir='ltr'>in</span> <span class='ocrx_word' id='word_1_667' title='bbox 3342 4492 3473 4551; x_wconf 87' lang='lat' dir='ltr'>pace</span> <span class='ocrx_word' id='word_1_668' title='bbox 3502 4476 3839 4537; x_wconf 85' lang='lat' dir='ltr'>concedere.</span> 
     </span>
    </p>
   </div>
   <div class='ocr_carea' id='block_1_94' title="bbox 333 4539 3844 4642">
    <p class='ocr_par' dir='ltr' id='par_1_94' title="bbox 333 4539 3844 4642">
     <span class='ocr_line' id='line_1_94' title="bbox 333 4539 3844 4642; baseline 0.003 -29"><span class='ocrx_word' id='word_1_669' title='bbox 333 4554 395 4613; x_wconf 90' lang='lat' dir='ltr'>in</span> <span class='ocrx_word' id='word_1_670' title='bbox 437 4554 775 4629; x_wconf 86' lang='lat' dir='ltr'>religionem</span> <span class='ocrx_word' id='word_1_671' title='bbox 812 4539 1193 4629; x_wconf 82' lang='lat' dir='ltr'>commutans,</span> <span class='ocrx_word' id='word_1_672' title='bbox 1245 4561 1430 4619; x_wconf 90' lang='lat' dir='ltr'>Deum</span> <span class='ocrx_word' id='word_1_673' title='bbox 1484 4539 1782 4622; x_wconf 77' lang='lat' dir='ltr'>summum</span> <span class='ocrx_word' id='word_1_674' title='bbox 1831 4572 1884 4623; x_wconf 89' lang='lat' dir='ltr'>et</span> <span class='ocrx_word' id='word_1_675' title='bbox 1941 4539 2109 4623; x_wconf 36' lang='lat' dir='ltr'>veQD</span> <span class='ocrx_word' id='word_1_676' title='bbox 2200 4539 2455 4639; x_wconf 74' lang='lat' dir='ltr'>Sponsus</span> <span class='ocrx_word' id='word_1_677' title='bbox 2493 4539 2669 4642; x_wconf 84' lang='lat' dir='ltr'>igitur</span> <span class='ocrx_word' id='word_1_678' title='bbox 2706 4583 2847 4627; x_wconf 90' lang='lat' dir='ltr'>suus</span> <span class='ocrx_word' id='word_1_679' title='bbox 2885 4568 2991 4626; x_wconf 72' lang='lat' dir='ltr'>sub</span> <span class='ocrx_word' id='word_1_680' title='bbox 3030 4539 3391 4641; x_wconf 76' lang='lat' dir='ltr'>intempesta</span> <span class='ocrx_word' id='word_1_681' title='bbox 3427 4568 3611 4626; x_wconf 91' lang='lat' dir='ltr'>noctis</span> <span class='ocrx_word' id='word_1_682' title='bbox 3654 4568 3844 4625; x_wconf 87' lang='lat' dir='ltr'>silen-</span> 
     </span>
    </p>
   </div>
   <div class='ocr_carea' id='block_1_95' title="bbox 334 4644 2044 4729">
    <p class='ocr_par' dir='ltr' id='par_1_95' title="bbox 334 4644 2044 4729">
     <span class='ocr_line' id='line_1_95' title="bbox 334 4644 2044 4729; baseline 0.007 -27"><span class='ocrx_word' id='word_1_683' title='bbox 334 4661 468 4704; x_wconf 83' lang='lat' dir='ltr'>rum</span> <span class='ocrx_word' id='word_1_684' title='bbox 539 4644 601 4703; x_wconf 90' lang='lat' dir='ltr'>in</span> <span class='ocrx_word' id='word_1_685' title='bbox 667 4662 865 4705; x_wconf 88' lang='lat' dir='ltr'>earum</span> <span class='ocrx_word' id='word_1_686' title='bbox 934 4651 1258 4722; x_wconf 86' lang='lat' dir='ltr'>pectoribus</span> <span class='ocrx_word' id='word_1_687' title='bbox 1329 4662 1674 4725; x_wconf 88' lang='lat' dir='ltr'>veneratur;</span> <span class='ocrx_word' id='word_1_688' title='bbox 1737 4655 2044 4729; x_wconf 87' lang='lat' dir='ltr'>statimque</span> 
     </span>
    </p>
   </div>
   <div class='ocr_carea' id='block_1_96' title="bbox 327 4733 2043 4818">
    <p class='ocr_par' dir='ltr' id='par_1_96' title="bbox 327 4733 2043 4818">
     <span class='ocr_line' id='line_1_96' title="bbox 327 4733 2043 4818; baseline 0.006 -25"><span class='ocrx_word' id='word_1_689' title='bbox 327 4733 503 4807; x_wconf 82' lang='lat' dir='ltr'>jussit</span> <span class='ocrx_word' id='word_1_690' title='bbox 544 4735 630 4792; x_wconf 89' lang='lat' dir='ltr'>eis</span> <span class='ocrx_word' id='word_1_691' title='bbox 673 4742 954 4795; x_wconf 87' lang='lat' dir='ltr'>secretum</span> <span class='ocrx_word' id='word_1_692' title='bbox 1005 4745 1059 4795; x_wconf 90' lang='lat' dir='ltr'>et</span> <span class='ocrx_word' id='word_1_693' title='bbox 1111 4748 1378 4799; x_wconf 89' lang='lat' dir='ltr'>ornatum</span> <span class='ocrx_word' id='word_1_694' title='bbox 1438 4743 1769 4802; x_wconf 89' lang='lat' dir='ltr'>cubiculum</span> <span class='ocrx_word' id='word_1_695' title='bbox 1824 4760 2043 4818; x_wconf 87' lang='lat' dir='ltr'>prapa-</span> 
     </span>
    </p>
   </div>
   <div class='ocr_carea' id='block_1_97' title="bbox 335 4823 2043 4907">
    <p class='ocr_par' dir='ltr' id='par_1_97' title="bbox 335 4823 2043 4907">
     <span class='ocr_line' id='line_1_97' title="bbox 335 4823 2043 4907; baseline 0.009 -27"><span class='ocrx_word' id='word_1_696' title='bbox 335 4823 472 4897; x_wconf 86' lang='lat' dir='ltr'>rari,</span> <span class='ocrx_word' id='word_1_697' title='bbox 521 4825 593 4882; x_wconf 88' lang='lat' dir='ltr'>ad</span> <span class='ocrx_word' id='word_1_698' title='bbox 633 4827 786 4900; x_wconf 91' lang='lat' dir='ltr'>quod</span> <span class='ocrx_word' id='word_1_699' title='bbox 831 4828 978 4886; x_wconf 90' lang='lat' dir='ltr'>nulli</span> <span class='ocrx_word' id='word_1_700' title='bbox 1023 4828 1279 4888; x_wconf 89' lang='lat' dir='ltr'>virorum</span> <span class='ocrx_word' id='word_1_701' title='bbox 1335 4841 1548 4905; x_wconf 86' lang='lat' dir='ltr'>pateret</span> <span class='ocrx_word' id='word_1_702' title='bbox 1589 4835 1904 4907; x_wconf 86' lang='lat' dir='ltr'>ingressus,</span> <span class='ocrx_word' id='word_1_703' title='bbox 1947 4838 2043 4896; x_wconf 89' lang='lat' dir='ltr'>sed</span> 
     </span>
    </p>
   </div>
   <div class='ocr_carea' id='block_1_98' title="bbox 334 4911 2045 4999">
    <p class='ocr_par' dir='ltr' id='par_1_98' title="bbox 334 4911 2045 4999">
     <span class='ocr_line' id='line_1_98' title="bbox 334 4911 2045 4999; baseline 0.008 -29"><span class='ocrx_word' id='word_1_704' title='bbox 334 4911 473 4971; x_wconf 84' lang='lat' dir='ltr'>solis</span> <span class='ocrx_word' id='word_1_705' title='bbox 512 4913 858 4987; x_wconf 89' lang='lat' dir='ltr'>virginibus,</span> <span class='ocrx_word' id='word_1_706' title='bbox 899 4932 1045 4991; x_wconf 89' lang='lat' dir='ltr'>quas</span> <span class='ocrx_word' id='word_1_707' title='bbox 1088 4927 1356 4992; x_wconf 88' lang='lat' dir='ltr'>perpetuo</span> <span class='ocrx_word' id='word_1_708' title='bbox 1405 4930 1729 4981; x_wconf 84' lang='lat' dir='ltr'>sanctarum</span> <span class='ocrx_word' id='word_1_709' title='bbox 1770 4925 2045 4999; x_wconf 86' lang='lat' dir='ltr'>obsequio</span> 
     </span>
    </p>
   </div>
   <div class='ocr_carea' id='block_1_99' title="bbox 334 4999 2041 5073">
    <p class='ocr_par' dir='ltr' id='par_1_99' title="bbox 334 4999 2041 5073">
     <span class='ocr_line' id='line_1_99' title="bbox 334 4999 2041 5073; baseline 0.008 -16"><span class='ocrx_word' id='word_1_710' title='bbox 334 4999 711 5060; x_wconf 87' lang='lat' dir='ltr'>dedicaverat.</span> <span class='ocrx_word' id='word_1_711' title='bbox 766 5003 987 5073; x_wconf 86' lang='lat' dir='ltr'>Quibus</span> <span class='ocrx_word' id='word_1_712' title='bbox 1038 5007 1208 5064; x_wconf 89' lang='lat' dir='ltr'>etiam</span> <span class='ocrx_word' id='word_1_713' title='bbox 1264 5010 1558 5067; x_wconf 87' lang='lat' dir='ltr'>mandavit</span> <span class='ocrx_word' id='word_1_714' title='bbox 1607 5018 1670 5068; x_wconf 88' lang='lat' dir='ltr'>ut</span> <span class='ocrx_word' id='word_1_715' title='bbox 1721 5013 1795 5070; x_wconf 90' lang='lat' dir='ltr'>ab</span> <span class='ocrx_word' id='word_1_716' title='bbox 1842 5008 2041 5073; x_wconf 75' lang='lat' dir='ltr'>earum</span> 
     </span>
    </p>
   </div>
   <div class='ocr_carea' id='block_1_100' title="bbox 333 5088 2041 5167">
    <p class='ocr_par' dir='ltr' id='par_1_100' title="bbox 333 5088 2041 5167">
     <span class='ocr_line' id='line_1_100' title="bbox 333 5088 2041 5167; baseline 0.008 -21"><span class='ocrx_word' id='word_1_717' title='bbox 333 5088 651 5149; x_wconf 86' lang='lat' dir='ltr'>ministerio</span> <span class='ocrx_word' id='word_1_718' title='bbox 681 5107 796 5151; x_wconf 87' lang='lat' dir='ltr'>non</span> <span class='ocrx_word' id='word_1_719' title='bbox 827 5094 1173 5167; x_wconf 86' lang='lat' dir='ltr'>recederent,</span> <span class='ocrx_word' id='word_1_720' title='bbox 1205 5096 1303 5154; x_wconf 91' lang='lat' dir='ltr'>sed</span> <span class='ocrx_word' id='word_1_721' title='bbox 1341 5096 1425 5155; x_wconf 91' lang='lat' dir='ltr'>eis</span> <span class='ocrx_word' id='word_1_722' title='bbox 1461 5114 1687 5158; x_wconf 89' lang='lat' dir='ltr'>summa</span> <span class='ocrx_word' id='word_1_723' title='bbox 1721 5104 2041 5161; x_wconf 86' lang='lat' dir='ltr'>reverentia</span> 
     </span>
    </p>
   </div>
   <div class='ocr_carea' id='block_1_101' title="bbox 2128 4656 3837 4731">
    <p class='ocr_par' dir='ltr' id='par_1_101' title="bbox 2128 4656 3837 4731">
     <span class='ocr_line' id='line_1_101' title="bbox 2128 4656 3837 4731; baseline 0.001 -18"><span class='ocrx_word' id='word_1_724' title='bbox 2128 4657 2206 4713; x_wconf 92' lang='lat' dir='ltr'>tio</span> <span class='ocrx_word' id='word_1_725' title='bbox 2231 4672 2332 4728; x_wconf 92' lang='lat' dir='ltr'>per</span> <span class='ocrx_word' id='word_1_726' title='bbox 2357 4657 2640 4716; x_wconf 90' lang='lat' dir='ltr'>visionem</span> <span class='ocrx_word' id='word_1_727' title='bbox 2671 4664 2923 4731; x_wconf 90' lang='lat' dir='ltr'>apparet,</span> <span class='ocrx_word' id='word_1_728' title='bbox 2949 4666 3005 4717; x_wconf 88' lang='lat' dir='ltr'>et</span> <span class='ocrx_word' id='word_1_729' title='bbox 3030 4674 3126 4717; x_wconf 91' lang='lat' dir='ltr'>eas</span> <span class='ocrx_word' id='word_1_730' title='bbox 3152 4660 3241 4717; x_wconf 89' lang='lat' dir='ltr'>his</span> <span class='ocrx_word' id='word_1_731' title='bbox 3264 4658 3454 4716; x_wconf 87' lang='lat' dir='ltr'>verbis</span> <span class='ocrx_word' id='word_1_732' title='bbox 3478 4656 3837 4731; x_wconf 88' lang='lat' dir='ltr'>alloquitur:</span> 
     </span>
    </p>
   </div>
   <div class='ocr_carea' id='block_1_102' title="bbox 2127 4745 3851 4820">
    <p class='ocr_par' dir='ltr' id='par_1_102' title="bbox 2127 4745 3851 4820">
     <span class='ocr_line' id='line_1_102' title="bbox 2127 4745 3851 4820; baseline 0.001 -18"><span class='ocrx_word' id='word_1_733' title='bbox 2127 4745 2360 4802; x_wconf 87' lang='lat' dir='ltr'>Dilecta</span> <span class='ocrx_word' id='word_1_734' title='bbox 2406 4761 2649 4818; x_wconf 85' lang='lat' dir='ltr'>sponsa,</span> <span class='ocrx_word' id='word_1_735' title='bbox 2692 4746 2912 4805; x_wconf 87' lang='lat' dir='ltr'>nullam</span> <span class='ocrx_word' id='word_1_736' title='bbox 2954 4748 3108 4806; x_wconf 89' lang='lat' dir='ltr'>ultra</span> <span class='ocrx_word' id='word_1_737' title='bbox 3147 4763 3367 4807; x_wconf 90' lang='lat' dir='ltr'>moram</span> <span class='ocrx_word' id='word_1_738' title='bbox 3407 4748 3468 4806; x_wconf 90' lang='lat' dir='ltr'>in</span> <span class='ocrx_word' id='word_1_739' title='bbox 3512 4747 3605 4805; x_wconf 87' lang='lat' dir='ltr'>his</span> <span class='ocrx_word' id='word_1_740' title='bbox 3646 4746 3851 4820; x_wconf 85' lang='lat' dir='ltr'>regio-</span> 
     </span>
    </p>
   </div>
   <div class='ocr_carea' id='block_1_103' title="bbox 2126 4834 3841 4912">
    <p class='ocr_par' dir='ltr' id='par_1_103' title="bbox 2126 4834 3841 4912">
     <span class='ocr_line' id='line_1_103' title="bbox 2126 4834 3841 4912; baseline 0.002 -20"><span class='ocrx_word' id='word_1_741' title='bbox 2126 4834 2306 4893; x_wconf 90' lang='lat' dir='ltr'>nibus</span> <span class='ocrx_word' id='word_1_742' title='bbox 2335 4834 2651 4905; x_wconf 84' lang='lat' dir='ltr'>facite,sed</span> <span class='ocrx_word' id='word_1_743' title='bbox 2691 4844 2989 4909; x_wconf 87' lang='lat' dir='ltr'>surgentes</span> <span class='ocrx_word' id='word_1_744' title='bbox 3023 4839 3093 4895; x_wconf 89' lang='lat' dir='ltr'>ad</span> <span class='ocrx_word' id='word_1_745' title='bbox 3129 4839 3372 4912; x_wconf 86' lang='lat' dir='ltr'>patriam</span> <span class='ocrx_word' id='word_1_746' title='bbox 3412 4844 3663 4896; x_wconf 83' lang='lat' dir='ltr'>vestram</span> <span class='ocrx_word' id='word_1_747' title='bbox 3707 4837 3841 4895; x_wconf 87' lang='lat' dir='ltr'>red-</span> 
     </span>
    </p>
   </div>
   <div class='ocr_carea' id='block_1_104' title="bbox 2126 4925 3839 5003">
    <p class='ocr_par' dir='ltr' id='par_1_104' title="bbox 2126 4925 3839 5003">
     <span class='ocr_line' id='line_1_104' title="bbox 2126 4925 3839 5003; baseline 0.003 -22"><span class='ocrx_word' id='word_1_748' title='bbox 2126 4925 2221 4991; x_wconf 90' lang='lat' dir='ltr'>ite,</span> <span class='ocrx_word' id='word_1_749' title='bbox 2286 4925 2393 4983; x_wconf 80' lang='lat' dir='ltr'>ubi</span> <span class='ocrx_word' id='word_1_750' title='bbox 2444 4940 2546 4983; x_wconf 87' lang='lat' dir='ltr'>vos</span> <span class='ocrx_word' id='word_1_751' title='bbox 2596 4932 2814 4998; x_wconf 87' lang='lat' dir='ltr'>oportet</span> <span class='ocrx_word' id='word_1_752' title='bbox 2865 4943 2965 5000; x_wconf 88' lang='lat' dir='ltr'>per</span> <span class='ocrx_word' id='word_1_753' title='bbox 3020 4930 3361 5003; x_wconf 76' lang='lat' dir='ltr'>martyrium</span> <span class='ocrx_word' id='word_1_754' title='bbox 3418 4929 3839 4987; x_wconf 87' lang='lat' dir='ltr'>consummari.</span> 
     </span>
    </p>
   </div>
   <div class='ocr_carea' id='block_1_105' title="bbox 2124 5012 3840 5091">
    <p class='ocr_par' dir='ltr' id='par_1_105' title="bbox 2124 5012 3840 5091">
     <span class='ocr_line' id='line_1_105' title="bbox 2124 5012 3840 5091; baseline 0.002 -21"><span class='ocrx_word' id='word_1_755' title='bbox 2124 5012 2352 5082; x_wconf 89' lang='lat' dir='ltr'>Quibus</span> <span class='ocrx_word' id='word_1_756' title='bbox 2391 5014 2627 5087; x_wconf 86' lang='lat' dir='ltr'>auditis,</span> <span class='ocrx_word' id='word_1_757' title='bbox 2680 5016 2935 5089; x_wconf 89' lang='lat' dir='ltr'>virgines</span> <span class='ocrx_word' id='word_1_758' title='bbox 2970 5019 3184 5091; x_wconf 86' lang='lat' dir='ltr'>gavisa</span> <span class='ocrx_word' id='word_1_759' title='bbox 3218 5017 3428 5090; x_wconf 87' lang='lat' dir='ltr'>gaudio</span> <span class='ocrx_word' id='word_1_760' title='bbox 3469 5032 3679 5091; x_wconf 87' lang='lat' dir='ltr'>magno</span> <span class='ocrx_word' id='word_1_761' title='bbox 3735 5032 3840 5089; x_wconf 89' lang='lat' dir='ltr'>pro</span> 
     </span>
    </p>
   </div>
   <div class='ocr_carea' id='block_1_106' title="bbox 2125 5104 3839 5181">
    <p class='ocr_par' dir='ltr' id='par_1_106' title="bbox 2125 5104 3839 5181">
     <span class='ocr_line' id='line_1_106' title="bbox 2125 5104 3839 5181; baseline 0.003 -22"><span class='ocrx_word' id='word_1_762' title='bbox 2125 5109 2281 5160; x_wconf 89' lang='lat' dir='ltr'>tanto</span> <span class='ocrx_word' id='word_1_763' title='bbox 2331 5104 2540 5163; x_wconf 88' lang='lat' dir='ltr'>nuntio</span> <span class='ocrx_word' id='word_1_764' title='bbox 2592 5111 2646 5163; x_wconf 91' lang='lat' dir='ltr'>et</span> <span class='ocrx_word' id='word_1_765' title='bbox 2690 5105 2971 5165; x_wconf 86' lang='lat' dir='ltr'>beneﬁcio</span> <span class='ocrx_word' id='word_1_766' title='bbox 3025 5123 3233 5181; x_wconf 89' lang='lat' dir='ltr'>sponso</span> <span class='ocrx_word' id='word_1_767' title='bbox 3286 5109 3513 5167; x_wconf 79' lang='lat' dir='ltr'>Christo</span> <span class='ocrx_word' id='word_1_768' title='bbox 3570 5119 3839 5168; x_wconf 86' lang='lat' dir='ltr'>summas</span> 
     </span>
    </p>
   </div>
   <div class='ocr_carea' id='block_1_107' title="bbox 1751 5323 2398 5393">
    <p class='ocr_par' dir='ltr' id='par_1_107' title="bbox 1751 5323 2398 5393">
     <span class='ocr_line' id='line_1_107' title="bbox 1751 5323 2398 5393; baseline 0.002 -1"><span class='ocrx_word' id='word_1_769' title='bbox 1751 5323 1805 5392; x_wconf 70' lang='grc' dir='ltr'>εἶ.</span> <span class='ocrx_word' id='word_1_770' title='bbox 1846 5332 2119 5393; x_wconf 80' lang='lat' dir='ltr'>CUPEBI</span> <span class='ocrx_word' id='word_1_771' title='bbox 2158 5324 2398 5393; x_wconf 55' lang='lat' dir='ltr'>NOTAE.</span> 
     </span>
    </p>
   </div>
   <div class='ocr_carea' id='block_1_108' title="bbox 397 5490 2037 5578">
    <p class='ocr_par' dir='ltr' id='par_1_108' title="bbox 397 5490 2037 5578">
     <span class='ocr_line' id='line_1_108' title="bbox 397 5490 2037 5578; baseline 0.007 -27"><span class='ocrx_word' id='word_1_772' title='bbox 397 5490 655 5578; x_wconf 74' lang='lat'>(355-356)</span> <span class='ocrx_word' id='word_1_773' title='bbox 707 5505 875 5578; x_wconf 76' lang='lat' dir='ltr'>Patria</span> <span class='ocrx_word' id='word_1_774' title='bbox 921 5505 1088 5571; x_wconf 84' lang='lat' dir='ltr'>hujus</span> <span class='ocrx_word' id='word_1_775' title='bbox 1130 5506 1308 5571; x_wconf 68' lang='lat' dir='ltr'>reguli</span> <span class='ocrx_word' id='word_1_776' title='bbox 1345 5508 1405 5560; x_wconf 83' lang='lat' dir='ltr'>in</span> <span class='ocrx_word' id='word_1_777' title='bbox 1439 5508 1617 5562; x_wconf 71' lang='lat' dir='ltr'>tribus</span> <span class='ocrx_word' id='word_1_778' title='bbox 1645 5512 2037 5578; x_wconf 75' lang='lat' dir='ltr'>manuscriptls</span> 
     </span>
    </p>
   </div>
   <div class='ocr_carea' id='block_1_109' title="bbox 332 5574 1176 5640">
    <p class='ocr_par' dir='ltr' id='par_1_109' title="bbox 332 5574 1176 5640">
     <span class='ocr_line' id='line_1_109' title="bbox 332 5574 1176 5640; baseline 0.006 -16"><span class='ocrx_word' id='word_1_779' title='bbox 332 5574 575 5634; x_wconf 76' lang='lat' dir='ltr'>actorum</span> <span class='ocrx_word' id='word_1_780' title='bbox 604 5576 933 5640; x_wconf 80' lang='lat' dir='ltr'>apograpbls</span> <span class='ocrx_word' id='word_1_781' title='bbox 969 5577 1176 5631; x_wconf 79' lang='lat' dir='ltr'>siletur.</span> 
     </span>
    </p>
   </div>
   <div class='ocr_carea' id='block_1_110' title="bbox 393 5643 2041 5718">
    <p class='ocr_par' dir='ltr' id='par_1_110' title="bbox 393 5643 2041 5718">
     <span class='ocr_line' id='line_1_110' title="bbox 393 5643 2041 5718; baseline 0.006 -23"><span class='ocrx_word' id='word_1_782' title='bbox 393 5643 530 5709; x_wconf 86' lang='lat'>(357)</span> <span class='ocrx_word' id='word_1_783' title='bbox 588 5647 678 5699; x_wconf 81' lang='lat' dir='ltr'>Hic</span> <span class='ocrx_word' id='word_1_784' title='bbox 724 5645 856 5699; x_wconf 86' lang='lat' dir='ltr'>ditio</span> <span class='ocrx_word' id='word_1_785' title='bbox 899 5649 1060 5701; x_wconf 82' lang='lat' dir='ltr'>istius</span> <span class='ocrx_word' id='word_1_786' title='bbox 1108 5652 1348 5714; x_wconf 82' lang='lat' dir='ltr'>dynasta</span> <span class='ocrx_word' id='word_1_787' title='bbox 1390 5655 1609 5707; x_wconf 84' lang='lat' dir='ltr'>vocatur</span> <span class='ocrx_word' id='word_1_788' title='bbox 1648 5665 1893 5718; x_wconf 72' lang='lat' dir='ltr'>regnum,</span> <span class='ocrx_word' id='word_1_789' title='bbox 1936 5655 2041 5707; x_wconf 82' lang='lat' dir='ltr'>etsi</span> 
     </span>
    </p>
   </div>
   <div class='ocr_carea' id='block_1_111' title="bbox 2124 5513 3830 5580">
    <p class='ocr_par' dir='ltr' id='par_1_111' title="bbox 2124 5513 3830 5580">
     <span class='ocr_line' id='line_1_111' title="bbox 2124 5513 3830 5580; baseline 0.005 -16"><span class='ocrx_word' id='word_1_790' title='bbox 2124 5513 2285 5565; x_wconf 81' lang='lat' dir='ltr'>Diuus</span> <span class='ocrx_word' id='word_1_791' title='bbox 2307 5523 2376 5566; x_wconf 83' lang='lat' dir='ltr'>ex</span> <span class='ocrx_word' id='word_1_792' title='bbox 2400 5514 2538 5567; x_wconf 85' lang='lat' dir='ltr'>actis</span> <span class='ocrx_word' id='word_1_793' title='bbox 2557 5514 2784 5568; x_wconf 73' lang='lat' dir='ltr'>Aretiuis</span> <span class='ocrx_word' id='word_1_794' title='bbox 2805 5515 2874 5569; x_wconf 91' lang='lat' dir='ltr'>ob</span> <span class='ocrx_word' id='word_1_795' title='bbox 2897 5524 3017 5569; x_wconf 81' lang='lat' dir='ltr'>eam</span> <span class='ocrx_word' id='word_1_796' title='bbox 3038 5518 3229 5571; x_wconf 64' lang='lat' dir='ltr'>Vocem</span> <span class='ocrx_word' id='word_1_797' title='bbox 3249 5518 3512 5571; x_wconf 60' lang='lat' dir='ltr'>ominum</span> <span class='ocrx_word' id='word_1_798' title='bbox 3542 5516 3830 5580; x_wconf 64' lang='lat' dir='ltr'>argumen-</span> 
     </span>
    </p>
   </div>
   <div class='ocr_carea' id='block_1_112' title="bbox 2119 5586 3024 5654">
    <p class='ocr_par' dir='ltr' id='par_1_112' title="bbox 2119 5586 3024 5654">
     <span class='ocr_line' id='line_1_112' title="bbox 2119 5586 3024 5654; baseline 0.006 -18"><span class='ocrx_word' id='word_1_799' title='bbox 2119 5586 2281 5648; x_wconf 89' lang='lat' dir='ltr'>tetur,</span> <span class='ocrx_word' id='word_1_800' title='bbox 2313 5588 2366 5637; x_wconf 90' lang='lat' dir='ltr'>et</span> <span class='ocrx_word' id='word_1_801' title='bbox 2393 5597 2591 5638; x_wconf 88' lang='lat' dir='ltr'>nomen</span> <span class='ocrx_word' id='word_1_802' title='bbox 2622 5586 2772 5651; x_wconf 83' lang='lat' dir='ltr'>regis</span> <span class='ocrx_word' id='word_1_803' title='bbox 2796 5589 3024 5654; x_wconf 82' lang='lat' dir='ltr'>mitiget.</span> 
     </span>
    </p>
   </div>
  </div>
