4088 6210
273 327 414 393 i029

1392 331 1655 394 PASSIO
1695 331 1799 393 SS.
1839 329 2109 391 FLORJE
2147 330 2244 389 ET
2284 330 2655 390 LUCILLE.

3644 335 3781 396 1030

269 462 482 535 gratias
522 466 786 535 egerunt,
813 467 871 522 et
907 479 1078 522 mane
1125 478 1230 522 suo
1277 465 1520 538 principi
1569 463 2260 531 narraverunt,Aearum
2311 460 2684 517 constantiam
2735 459 3097 529 admirante,
3151 475 3183 516 a
3241 459 3540 520 lictoribus
3594 465 3780 537 capite

270 557 538 623 rogantes
583 554 646 608 ut
691 549 802 607 sibi
848 550 1042 610 liceret
1075 552 1147 610 ad
1198 552 1461 626 patriam,
1490 554 1809 611 secundum
1855 569 1986 611 ora-

269 639 468 698 culum
528 638 601 696 ad
654 654 714 696 se
766 639 982 697 factum
1043 640 1115 698 ad
1165 641 1416 714 palmam
1473 641 1730 714 martyrii
1781 657 1986 699 conse-

268 727 585 803 quendam,
635 728 838 785 redire.
892 729 1057 787 Tunc
1110 745 1247 787 vero
1308 730 1434 787 hmo
1487 731 1731 788 audiens
1780 745 1880 787 rex
1932 738 1987 788 et

266 818 630 890 perpendens
659 817 906 890 impium
947 817 1124 876 simul
1165 824 1220 876 et
1254 818 1607 891 impossibile
1645 819 1864 877 divinis
1893 834 1985 876 re-

268 905 482 975 fragari
521 906 835 980 praeceptis,
869 911 922 962 et
961 906 1075 964 alta
1112 908 1573 966 consideratione
1613 917 1981 982 pertractans,

265 1001 508 1052 eatenus
535 1010 596 1052 se
644 1010 743 1068 per
772 995 1138 1067 praesentiam
1178 996 1474 1068 virginum
1506 997 1562 1054 in
1604 996 1774 1054 rebus
1816 997 1986 1054 belli-

263 1083 350 1140 cis
379 1099 495 1142 non
535 1084 704 1142 modo
742 1091 1034 1142 servatum
1064 1100 1206 1154 esse,
1238 1087 1335 1144 sed
1375 1092 1635 1156 auctum,
1665 1091 1721 1143 et
1747 1101 1849 1159 per
1889 1101 1986 1144 eas

266 1169 331 1228 in
371 1171 646 1230 omnibus
684 1171 998 1245 gloriosum
1053 1173 1342 1242 effectum,
1383 1189 1485 1246 per
1527 1189 1727 1233 earum
1773 1175 1985 1234 absen-

269 1260 410 1319 tiam
430 1261 542 1319 sibi
570 1262 820 1335 vitzeque
833 1277 956 1320 sua:
982 1262 1191 1320 timens
1207 1264 1477 1334 exitium,
1503 1265 1758 1323 decrevit
1781 1281 1982 1324 earum

269 1349 576 1409 itineribus
632 1351 898 1409 comitem
958 1368 1018 1410 se
1081 1352 1352 1423 tribuere,
1383 1360 1437 1411 et
1489 1354 1637 1413 dixit
1685 1354 1757 1412 ad
1811 1371 1906 1414 eas
1966 1380 1979 1414 :

271 1437 750 1512 Quandoquidem
791 1439 956 1498 vobis
1010 1440 1395 1499 recedendum
1453 1448 1537 1500 est
1588 1450 1643 1499 et
1692 1442 1984 1516 integrum

274 1527 421 1585 mihi
463 1543 580 1586 non
617 1527 692 1586 sit
735 1536 862 1602 post
897 1535 1156 1588 vestrum
1197 1530 1513 1589 discessum
1549 1531 1611 1589 in
1658 1533 1749 1589 his
1797 1533 1987 1604 regio-

276 1615 451 1674 nibus
507 1618 804 1688 remorari,
851 1619 900 1675 si
945 1621 1295 1693 permittitis,
1340 1615 1584 1678 veniam'
1623 1627 1676 1678 et
1721 1623 1843 1693 ipse
1893 1636 1996 1679 vos

275 1706 519 1764 hiscum.
549 1705 939 1766 Innuentibus
972 1715 1165 1766 autem
1201 1709 1284 1766 eis
1330 1717 1385 1767 et
1423 1711 1482 1767 id
1533 1710 1660 1767 fieri
1704 1710 1989 1783 cupienti-

2071 549 2278 624 plexaa,
2310 550 2568 622 martyrii
2605 565 2876 607 coronam
2907 549 3126 622 adeptae
3157 557 3311 608 sunt.

2143 639 2273 696 Post
2305 654 2554 709 quarum
2593 653 2918 706 excessum,
2951 637 3152 696 videns
3182 637 3476 713 Eugegius
3515 657 3618 699 rex
3649 641 3780 700 Flo-

2069 745 2190 786 ram
2226 735 2282 784 et
2321 727 2606 786 Lucillam
2636 734 2844 784 matres
2883 743 3015 785 suas
3043 734 3098 786 et
3123 728 3391 785 dominas
3421 744 3524 800 per
3563 736 3778 788 tantam

2069 816 2445 875 constantiam
2485 823 2781 875 coronatas
2824 832 2884 873 se
2922 816 3290 888 superstitem
3333 817 3652 889 reliquisse,
3687 835 3784 876 ar-

2068 906 2212 963 dens
2258 921 2454 963 amore
2507 904 2787 979 martyrii,
2833 905 3001 977 cujus
3057 905 3114 960 in
3167 921 3314 963 sexu
3367 907 3618 964 femineo
3659 908 3781 981 jam

2068 995 2333 1068 exempla
2379 1000 2788 1067 processerant,
2832 994 3098 1066 praefecto
3131 994 3285 1052 ultro
3326 1010 3386 1051 se
3431 994 3662 1065 obtulit,
3692 994 3781 1053 di-

2068 1099 2203 1143 cens
2241 1108 2253 1140 :
2298 1083 2368 1140 Et
2399 1098 2489 1140 me
2516 1083 2707 1155 ipsum
2734 1098 2866 1140 cum
2898 1081 2980 1138 eis
3009 1082 3250 1154 depone,
3283 1083 3558 1156 quoniam
3594 1085 3783 1142 ambae

2067 1173 2322 1232 dominae
2352 1186 2496 1229 mem
2541 1178 2697 1241 sunt,
2729 1178 2783 1227 et
2828 1177 2950 1242 post
2993 1185 3193 1227 earum
3232 1186 3535 1228 excessum
3583 1172 3781 1229 vivere

2069 1277 2269 1320 renuo.
2308 1259 2698 1332 Interrogatus
2743 1267 2936 1318 autem
2973 1258 3106 1333 quis
3151 1264 3319 1329 esset,
3355 1274 3562 1316 nomen
3613 1259 3788 1317 edicit

2067 1356 2122 1409 et
2147 1349 2412 1423 patriam,
2447 1347 2738 1420 virginum
2775 1363 3008 1420 quoque
3035 1355 3092 1404 et
3129 1362 3291 1405 suam
3329 1362 3562 1405 omnem
3601 1348 3784 1406 histo-

2069 1440 2215 1498 riam
2258 1436 2607 1506 manifestat,
2633 1438 2908 1510 adjiciens
2945 1453 3005 1494 se
3039 1452 3139 1509 pro
3181 1437 3415 1494 nomine
3447 1437 3585 1495 Jesu
3614 1435 3784 1494 Chri-

2069 1526 2140 1584 sti
2201 1532 2444 1584 mortem
2488 1531 2772 1600 appetere.
2837 1524 3200 1583 Retractabat
3257 1523 3464 1582 Helius
3510 1529 3566 1580 et
3616 1538 3783 1581 revo-

2071 1616 2233 1675 cabat
2258 1617 2316 1672 in
2343 1616 2594 1675 dubium
2623 1617 2775 1691 quod
2811 1617 2924 1684 hic,
2953 1616 3056 1688 qui
3089 1613 3457 1671 Christianus
3488 1629 3606 1671 non
3639 1619 3782 1684 erat,

2071 1707 2244 1765 vellet
2288 1722 2390 1779 pro
2421 1707 2645 1765 Christo
2681 1707 2940 1780 defungi.
2975 1706 3080 1763 Cui
3117 1721 3218 1762 rex
3251 1704 3547 1776 Eugegius
3578 1704 3733 1761 dixit
3766 1723 3778 1760 :

277 1794 406 1866 bus,
437 1799 488 1854 et
523 1794 910 1854 asserentibus
947 1796 1186 1870 insuper
1235 1797 1428 1870 ipsum
1465 1797 1989 1872 Christiano.gregi
2017 1793 2294 1877 BEtfusio
2325 1793 2440 1851 mei
2473 1794 2778 1865 sanguinis
2828 1807 2920 1850 me
2966 1791 3177 1850 Christi
3233 1791 3514 1851 cultorem
3555 1793 3784 1863 efﬁciet,

277 1892 431 1942 certo
480 1883 690 1943 certius
745 1886 1194 1958 aggregandum,
1243 1886 1410 1959 quasi
1465 1887 1663 1945 divino
1717 1903 1991 1960 responso

275 1978 588 2047 permotus,
621 1986 816 2044 regno,
851 1972 1009 2043 filiis,
1041 1978 1095 2029 et
1135 1988 1319 2031 uxore
1356 1973 1613 2034 dimissa.
1650 1974 1992 2032 ancillarum

277 2060 490 2120 Christi
545 2075 736 2118 comes
787 2060 1055 2130 efﬁcitur,
1096 2067 1152 2118 et
1195 2061 1295 2134 qui
1337 2062 1459 2133 jam
1505 2061 1754 2133 virgines
1799 2061 1994 2119 barba~

279 2151 397 2208 rico
445 2149 641 2208 furore
692 2150 762 2208 de
803 2150 1136 2224 regionibus
1185 2165 1388 2208 earum
1437 2150 1777 2220 abduxerat,
1826 2151 1994 2223 quasi

276 2245 439 2313 pater
485 2238 922 2296 amantissimus
983 2239 1311 2297 reducebat.
1367 2238 1525 2298 Inter
1577 2248 1891 2314 utrumque
1943 2240 1992 2298 si

276 2328 555 2393 conferas.
613 2328 992 2386 mutationem
1065 2329 1282 2387 divinae
1351 2328 1608 2388 dexterae
1677 2330 1989 2389 contueris.

279 2414 366 2475 Ibi
389 2415 550 2473 enim
577 2415 904 2489 Eugegium
926 2416 1130 2490 lupum
1161 2417 1582 2476 ferocissimum
1614 2419 1864 2487 invenis,
1899 2419 1994 2477 hic

283 2503 820 2561 mansuetissimum
875 2520 1113 2577 agnum.
1162 2505 1369 2564 Aliena
1418 2512 1557 2564 tunc
1608 2523 1822 2581 rapere,
1869 2507 1991 2565 vir-

280 2591 580 2665 ginitatem
646 2608 1035 2668 corrumpere,
1099 2595 1432 2654 innocentes
1493 2596 1749 2654 occidere
1820 2610 1992 2654 cona-

281 2682 482 2752 batur;
537 2691 594 2741 at
649 2699 805 2741 nunc
851 2700 955 2742 sua
1007 2700 1109 2757 pro
1161 2684 1348 2742 nihilo
1401 2684 1599 2756 ducit,
1655 2685 1992 2759 pudicitiam

279 2773 500 2842 asserit,
546 2787 649 2847 pro
696 2772 922 2832 Christo
974 2773 1122 2832 mori
1168 2774 1450 2833 desiderat
1493 2782 1664 2848 atque
1701 2776 1770 2834 ad
1813 2777 1990 2835 vitam

280 2859 604 2934 ponendam
669 2876 772 2934 pro
840 2861 1065 2920 Christo
1120 2878 1222 2920 sua
1281 2868 1480 2936 sponte
1533 2862 1602 2920 de
1657 2863 1992 2938 longinquis

282 2947 618 3021 regionibus
653 2950 918 3008 occurrit.
956 2949 1240 3009 Mirentur
1279 2951 1400 3010 [nec
1437 2952 1682 3024 gentiles
1719 2961 1774 3009 et
1805 2953 1994 3011 incre-

279 3036 444 3108 duli;
479 3039 764 3098 mirentur
799 3040 1117 3099 nescientes
1156 3041 1340 3099 Deum
1370 3042 1426 3099 in
1472 3043 1683 3101 sanctis
1711 3043 1833 3101 suis
1871 3059 1993 3102 esse

281 3125 604 3185 mirabilem
655 3130 821 3198 (Psal.
865 3129 1066 3199 LXVIl),
1103 3128 1251 3187 sicut
1292 3128 1516 3202 praefati
1570 3145 1776 3188 sumus
1827 3130 1988 3197 (358).

281 3213 396 3273 Nos
426 3215 585 3273 enim
608 3216 941 3288 hujusmodi
963 3233 1079 3274 non
1101 3217 1318 3286 mirari,
1349 3217 1445 3275 sed
1471 3233 1667 3276 amare
1688 3219 1988 3292 debemus,

280 3300 550 3362 ﬁdelibus
579 3304 776 3362 omnia
806 3305 1050 3362 scientes
1076 3303 1391 3376 possibilia.

353 3392 778 3467 Imperantihus
822 3393 1000 3467 igitur
1051 3393 1252 3452 Romae
1303 3393 1381 3451 Μ.
1432 3396 1688 3455 Antonio
1736 3397 1884 3456 Vero
1941 3407 1996 3457 et

279 3480 596 3542 Commodo
625 3483 862 3542 Aurelio
893 3484 1062 3554 (359),
1093 3499 1249 3541 anno
1279 3483 1497 3542 scilicet
1527 3484 1762 3544 Domini
1800 3495 1990 3546 cente-

283 3571 430 3631 Simo
468 3573 816 3646 octogesimo
855 3572 945 3630 vel
997 3573 1164 3637 circa,
1200 3577 1412 3630 sanctae
1447 3573 1701 3647 virgines
1743 3575 1910 3635 Flora
1939 3585 1994 3636 et

284 3659 508 3720 Lucilla
540 3678 780 3729 sorores,
813 3677 946 3719 cum
980 3660 1233 3734 Eugegio
1269 3676 1398 3733 rege
1430 3663 1502 3720 ad
1523 3665 1870 3739 martyrium
1904 3682 1995 3725 su-

283 3750 648 3823 scipiendum
681 3767 779 3823 pro
809 3750 1034 3809 Christo
1069 3751 1268 3809 urbem
1301 3749 1544 3810 Romam
1579 3755 1876 3820 intrantes,
1912 3756 1994 3812 in-

283 3839 548 3911 veniunt,
580 3837 725 3894 505
762 3848 966 3912 agente
1002 3843 1270 3913 praefecto
1311 3844 1493 3914 urbis,
1538 3844 1705 3902 Helio
1735 3843 1991 3914 nomine,

285 3930 538 3989 furorem
558 3931 863 4004 gentilium
886 3942 1082 3992 contra
1097 3935 1469 3995 Christicolas
1490 3936 1792 3994 desaevire.
1811 3935 1994 4004 Quem

282 4019 404 4079 illa;
431 4021 673 4080 minime
703 4024 902 4082 veritas
930 4023 1114 4097 palam
1146 4041 1206 4083 se
1227 4027 1620 4092 ostenderunt,
1651 4031 1703 4083 et
1732 4043 1765 4082 a
1789 4025 1998 4084 satelli-

281 4109 437 4171 tibus
455 4112 906 4186 comprohensae,
925 4114 1190 4186 praefecto
1212 4114 1372 4172 urbis
1384 4113 1553 4172 Helio
1581 4113 1730 4183 (360)
1744 4130 1996 4186 praesen-

2075 1882 2176 1955 qui
2217 1897 2308 1938 me
2345 1897 2379 1937 a
2417 1894 2520 1939 sua
2549 1881 2732 1952 gratia
2772 1881 3027 1938 alienum
3063 1895 3177 1936 non
3215 1879 3406 1937 ducet.
3451 1879 3583 1937 Post
3607 1896 3784 1952 quam

2077 1970 2211 2028 fidei
2250 1971 2667 2028 confessionem
2704 1971 2792 2028 vir
2830 1969 3180 2030 venerabilis
3199 1970 3370 2042 jussu
3404 1971 3654 2042 praefecti
3685 1987 3784 2029 ca-

2075 2060 2192 2132 pite
2243 2066 2559 2118 truncatur.
2601 2060 2695 2118 Sic
2725 2060 2981 2132 virgines
3027 2058 3317 2131 gloriosae,
3347 2059 3516 2117 Flora
3559 2065 3612 2117 et
3661 2060 3783 2118 Lu-

2076 2147 2230 2218 cilla,
2281 2163 2417 2207 cum
2465 2149 2721 2221 Eugegio
2781 2164 2913 2221 rege
2964 2148 3166 2221 capitis
3239 2149 3676 2208 obtruncatione
3730 2157 3784 2209 et

2077 2245 2258 2295 morte
2287 2237 2778 2296 immortalitatem
2815 2236 3210 2311 acquisierunt
3247 2249 3307 2295 1v
3338 2237 3466 2295 Kal.
3506 2239 3784 2312 Augusti,

2073 2343 2220 2402 quas
2256 2327 2328 2385 ad
2374 2327 2696 2386 thalamum
2745 2326 2960 2384 summi
3011 2327 3216 2400 Sponsi
3263 2329 3499 2402 spiritus
3539 2330 3784 2402 angelici

2073 2415 2475 2486 deduxerunt;
2524 2431 2695 2488 quem
2733 2415 2875 2474 dum
2907 2417 3193 2488 viverent,
3227 2423 3284 2475 et
3327 2418 3388 2475 in
3432 2423 3634 2489 morte,
3668 2424 3782 2477 toto

2075 2505 2287 2563 mentis
2352 2505 2558 2564 affectu
2626 2510 2800 2579 atque
2854 2520 3048 2563 amore
3102 2512 3418 2578 prosecutm
3467 2513 3622 2578 sunt,
3681 2522 3786 2581 pro

2074 2610 2190 2669 quo
2234 2593 2486 2663 divitias,
2537 2594 2880 2667 voluptates,
2927 2594 3172 2652 honores
3227 2602 3282 2652 et
3343 2595 3518 2654 vitam
3574 2597 3780 2670 ipsam,

2073 2699 2187 2759 qua
2235 2683 2383 2742 nihil
2434 2684 2658 2742 homini
2711 2685 2961 2755 charius,
3007 2685 3391 2744 libentissime
3434 2694 3785 2761 contempse-

2077 2777 2229 2830 runt.
2280 2772 2346 2830 In
2388 2788 2504 2846 quo
2555 2773 2919 2845 quiescentes
2961 2780 3016 2831 et
3077 2773 3259 2832 beatae
3299 2791 3400 2848 pro
3445 2775 3782 2833 voluntaria

2075 2870 2406 2938 paupertate
2457 2864 2891 2922 inaestimabiles
2940 2871 2994 2922 et
3029 2879 3194 2923 veras
3231 2865 3466 2922 divitias
3497 2865 3786 2938 acquisie-

2077 2961 2250 3024 runt;
2303 2971 2405 3029 pro
2448 2954 2863 3028 temporalibus
2905 2956 3164 3028 jejuniis.
3221 2961 3435 3013 aeterna
3477 2955 3778 3028 convivia;

2077 3059 2179 3116 pro
2197 3049 2529 3116 contemptu
2561 3043 2822 3116 pruritus
2851 3044 3178 3114 fcedissimi,
3201 3043 3554 3101 honestatem
3578 3051 3633 3102 et
3655 3061 3786 3117 per-

2079 3135 2279 3204 petuas
2327 3131 2675 3203 voluptates;
2709 3147 2813 3204 pro
2842 3130 3105 3189 ridiculis
3149 3136 3204 3190 et
3241 3132 3565 3204 puerilibus
3601 3134 3776 3208 hujus

2077 3222 2234 3288 vitm,
2267 3236 2448 3287 veros,
2488 3220 2702 3278 solidos
2737 3229 2793 3279 et
2838 3222 3216 3295 sempiternos
3269 3224 3554 3294 honores;
3601 3232 3655 3282 et
3678 3240 3782 3298 pro

2079 3318 2481 3369 momentanea
2519 3309 2846 3384 fragilique,
2887 3313 3065 3369 vitam
3110 3327 3373 3370 meruere
3422 3319 3774 3386 perpetuam.

2745 3399 2988 3458 CAPUT
3019 3399 3122 3457 III.

2254 3496 2574 3549 Sancto-rum
2601 3511 2881 3565 corporum
2905 3496 3188 3565 sepultura
3213 3498 3261 3548 et
3291 3495 3602 3548 translatio.

2146 3583 2392 3657 Corpora
2435 3599 2572 3641 vero
2621 3597 2819 3642 eorum
2873 3599 2905 3640 a
2953 3581 3220 3639 fidelibus
3270 3581 3504 3638 collecta
3553 3587 3686 3639 sunt
3733 3588 3789 3639 et

2077 3669 2400 3728 Christiana
2475 3671 2683 3744 pietate
2763 3671 2984 3744 sepulta
3035 3670 3095 3726 in
3151 3669 3485 3727 suburbano
3541 3670 3790 3728 civitatis

2079 3758 2355 3818 Ostiensis
2385 3805 2398 3830 ,
2464 3761 2566 3819 ubi
2607 3762 2956 3835 quieverunt
3003 3775 3188 3818 annos
3238 3757 3382 3814 506
3429 3776 3530 3833 per
3571 3761 3788 3833 septin-

2077 3854 2279 3922 gentos
2314 3856 2369 3906 et
2422 3850 2590 3919 ultra,
2628 3851 2892 3908 videlicet
2943 3866 3127 3922 usque
3178 3850 3244 3908 ad
3283 3866 3506 3909 annum
3556 3851 3786 3911 Domini

2081 3938 2586 4010 nongentesimum
2643 3939 2918 4011 primum.
2975 3940 3098 4008 Quo
3168 3945 3417 4013 tempore
3481 3939 3790 4014 religiosus

2079 4033 2240 4100 pater
2275 4027 2528 4085 Joannes
2564 4029 2864 4102 episcopus
2893 4029 3188 4096 Aretinus,
3220 4027 3603 4086 cancellarius
3628 4026 3788 4100 pala-

2081 4115 2257 4186 tinus,
2299 4130 2458 4173 sacra
2486 4121 2814 4174 sanctarum
2847 4115 3034 4174 Florae
3071 4122 3127 4172 et
3165 4115 3410 4174 Lucillm
3449 4121 3506 4173 et
3545 4113 3790 4188 Eugegii

281 4203 494 4259 tantur.
527 4202 578 4259 A
605 4215 720 4275 quo
752 4199 824 4257 de
853 4201 1181 4259 Christiano
1212 4202 1373 4260 cultu
1409 4209 1794 4275 percunctatze
1825 4203 1995 4261 Chri—
2080 4205 2229 4278 regis
2281 4219 2516 4277 corpora
2569 4220 2603 4263 a
2652 4204 2960 4263 Benedicto
3017 4203 3144 4276 ejus
3219 4202 3474 4262 nominis
3522 4203 3786 4262 Romano

281 4287 497 4346 stianas
530 4289 932 4348 incunctanter
970 4307 1030 4349 se
1068 4296 1358 4361 astruunt,
1399 4292 1736 4366 adjicientes
1774 4310 1836 4352 se
1871 4301 1999 4366 post
2078 4293 2349 4366 pontifice
2401 4293 2483 4352 III
2541 4294 2703 4368 petiit
2757 4301 2810 4353 et
2868 4294 3102 4362 accepit.
3173 4292 3313 4362 Quae
3364 4309 3464 4367 per
3512 4293 3792 4352 familiam

281 4392 575 4436 annorum
614 4378 819 4451 viginti
858 4380 1244 4453 captivitatem
1285 4382 1454 4453 jussu
1493 4381 1702 4440 Christi
1752 4383 1994 4442 Romam
2079 4399 2246 4442 suam
2279 4383 2488 4442 deferri
2526 4385 2793 4458 religiose
2832 4401 3042 4444 curans
3079 4385 3343 4442 Aretium
3391 4400 3615 4456 versus,
3651 4385 3791 4457 ipse,

282 4465 353 4524 ad
403 4466 746 4541 martyrium
787 4469 1044 4527 rediisse.
1088 4469 1312 4538 Quibus
1339 4469 1542 4527 Helius
1577 4491 1588 4527 :
1631 4471 2044 4545 Praeceptum_
2080 4487 2154 4528 ne
2200 4487 2300 4545 per
2339 4472 2629 4530 Romanos
2679 4473 3159 4544 impedimentum
3197 4471 3439 4544 aliquod
3481 4476 3792 4544 pateretur,

284 4540 696 4628 imperatorum
727 4557 930 4613 asserit
956 4565 1011 4614 et
1051 4557 1301 4615 inculcat
1337 4557 1395 4615 id
1436 4573 1558 4617 esse
1588 4565 1650 4615 ut
1682 4540 2056 4617 ChristianiD
2081 4540 2417 4633 pervaliam
2481 4561 2630 4616 viam
2686 4540 2950 4618 reversus
2988 4566 3090 4616 est.
3137 4540 3378 4614 Volente
3427 4540 3619 4615 autem
3674 4556 3791 4615 Deo

285 4643 398 4700 diis
449 4643 633 4714 litent,
683 4645 772 4702 vel
823 4647 1097 4718 gravibus
1146 4648 1444 4722 suppliciis
1495 4649 1851 4707 occidantur.
1907 4649 1997 4706 Ad
2081 4647 2317 4705 nomina
2388 4648 2706 4722 meritaque
2779 4649 3071 4721 virginum
3133 4647 3203 4704 ad
3269 4660 3432 4702 suam
3485 4651 3538 4702 et
3589 4660 3791 4704 earum

285 4733 413 4792 haec
449 4734 706 4808 virgines
748 4736 1167 4808 responderunt
1210 4744 1432 4809 paratas
1479 4753 1538 4796 se
1585 4752 1688 4810 pro
1731 4738 1865 4794 vivo
1897 4753 1995 4794 ve-
2080 4735 2322 4810 gloriam
2371 4734 2693 4807 divulgare,
2743 4735 2980 4807 contigit
3032 4735 3278 4807 quadam
3332 4733 3425 4791 die
3477 4732 3792 4791 familiares

285 4838 464 4897 reque
491 4825 606 4884 Deo
635 4826 813 4884 vitam
854 4827 1144 4899 propriam
1182 4842 1413 4900 ponere,
1446 4828 1518 4884 ad
1545 4826 1702 4902 quod
1730 4826 1871 4899 ipsa;
1907 4842 1998 4883 re-
2082 4825 2331 4899 episcopi
2387 4840 2519 4882 cum
2562 4825 2770 4883 sanctis
2823 4823 3160 4896 corporibus
3207 4821 3486 4894 hospitari
3534 4823 3684 4879 inter
3724 4821 3798 4878 la-

285 4912 571 4973 velatione
599 4913 799 4972 divina
828 4914 898 4973 de
937 4914 1273 4986 longinquis
1305 4916 1509 4974 mundi
1541 4916 1876 4990 regionibus
1901 4916 1996 4973 ad-
2081 4931 2232 4986 cum,
2274 4916 2589 4974 Disortium
2629 4915 2882 4985 nomine,
2923 4921 2978 4971 et
3011 4914 3309 4971 Aretinam
3345 4912 3635 4986 paludem.
3679 4914 3795 4970 Ac-

287 5003 598 5063 venissent.
632 5004 798 5064 Tunc
826 5005 1043 5078 impius
1075 5003 1300 5074 Helius,
1334 5005 1537 5063 videns
1564 5022 1659 5064 eas
1686 5022 1799 5064 non
1833 5021 1996 5080 posse
2079 5006 2214 5063 colae
2250 5019 2386 5062 vero
2416 5004 2543 5072 loci,
2583 5003 2806 5060 domini
2845 5009 3034 5058 autem
3072 5001 3383 5073 imprimis,
3416 5016 3488 5058 ex
3521 5015 3786 5058 reveren-

283 5090 356 5149 de
387 5098 581 5150 sancto
614 5095 901 5167 proposito
938 5093 1214 5162 amoveri,
1246 5093 1419 5164 jussit
1458 5110 1554 5152 eas
1595 5095 1746 5154 felici
1788 5111 1990 5154 cruore
2081 5093 2156 5151 tia
2233 5093 2340 5150 loci
2407 5100 2460 5151 et
2517 5091 2794 5165 religione
2847 5090 3089 5148 familias
3144 5096 3550 5163 cognoscentes
3603 5103 3791 5147 sacras

284 5178 572 5239 damnari.
613 5180 790 5240 Juxta
822 5181 989 5254 cujus
1026 5181 1364 5254 imperium,
1395 5189 1615 5241 astante
1646 5184 1906 5257 Eugegio
1942 5191 1998 5242 et
2080 5182 2372 5256 reliquias,
2427 5187 2577 5240 nutu
2617 5181 2721 5239 Dei
2775 5180 3084 5254 quamdam
3149 5195 3225 5237 ex
3277 5182 3360 5238 eis
3407 5179 3790 5254 impetravere

1722 5318 1772 5379 J.
1816 5320 2082 5381 CUPERI
2127 5319 2367 5381 NOTZE.

353 5427 487 5495 (358)
524 5427 724 5484 Similia
758 5429 952 5484 divinae
1001 5431 1187 5496 gratiae
1234 5426 1493 5483 miracula
1545 5430 1601 5482 in
1650 5441 1809 5483 sacra
1849 5430 1998 5484 Scri-
2081 5433 2207 5484 tom.
2236 5430 2275 5483 ll
2310 5427 2452 5484 Hist.
2475 5428 2753 5497 imperat,
2779 5441 2904 5494 pag.
2940 5425 3029 5479 56‘2
3061 5431 3113 5482 et
3136 5425 3520 5497 sequentibus.

288 5507 447 5568 ptum
475 5507 528 5556 et
556 5502 779 5555 historia
807 5503 1177 5556 ecclesiastica
1209 5501 1385 5554 adhuc
1409 5505 1733 5555 occurrunt.
2146 5503 2278 5565 (360)
2338 5496 2830 5567 Ubique’occurrit
2878 5500 2971 5552 ille
3028 5500 3180 5553 urbis
3225 5496 3528 5566 praefatus
3585 5496 3798 5565 Bellus,

355 5573 496 5637 (369)
552 5573 625 5626 De
685 5573 772 5626 his
827 5573 1261 5639 imperatoribus,
1333 5585 1564 5639 quorum
1634 5575 1852 5628 nomina
1909 5575 1999 5628 hic
2079 5575 2329 5636 quamvis
2363 5576 2677 5638 martyrium
2710 5573 2901 5624 harum
2949 5572 3219 5636 virginum
3263 5579 3506 5639 tempore
3556 5571 3785 5626 multum

292 5644 483 5700 lucta.
554 5647 648 5700 aut
719 5647 1079 5709 transportata
1155 5648 1298 5707 sunt,
1377 5645 1502 5699 vide
1579 5645 1998 5708 Tlltemontium,
2083 5647 2303 5699 diverso
2333 5657 2366 5698 ιι
2390 5646 2711 5708 quibusdam
2744 5642 3062 5696 collocetur.
