4108 6206
374 272 505 369 i031

834 308 893 371 s.
935 300 1162 372 PETRI
1198 297 1524 371 DAMIANI
1561 310 1719 372 OPP.
1763 286 1956 371 PARS
1996 307 2137 372 san
2176 298 2427 372 TOMUS
2463 312 2543 372 11.
2583 343 2652 357 -
2691 308 3147 373 SANCTORUM
3186 272 3410 373 vim.

3742 306 3875 374 103‘).

367 434 732 510 particulam.
790 434 865 494 Ut
905 406 1101 494 autem
1152 436 1468 495 secundum
1516 435 1826 510 apostolica
1867 436 2367 511 monitaAsponte
2432 437 2760 497 veterinum
2830 435 3049 497 animal
3122 436 3465 496 advolasset.
3528 434 3657 507 Quo
3710 437 3874 509 facto,

370 524 545 583 tantis
591 524 695 583 Dei
738 523 1036 583 beneﬁciis
1085 531 1279 583 essent
1312 524 1481 599 grati,
1520 525 1580 582 in
1626 525 1905 583 honorem
1952 525 2076 596 Dei,

368 613 520 672 etB.
551 613 771 687 Mariae,
801 630 867 673 ac
896 613 999 674 SS.
1030 614 1220 674 Florae
1249 621 1306 674 et
1336 614 1579 673 Lucillze
1606 613 1905 673 basilicam
1939 629 2078 672 con-

369 704 661 776 diderunt,
697 710 754 762 et
806 721 908 779 per
950 714 1174 765 sanctas
1209 722 1412 764 earum
1464 705 1739 776 reliquias
1779 703 1960 762 dicari
2006 704 2083 761 fe-

367 801 589 853 cerunt.
630 793 850 852 Nomen
901 794 1076 853 etiam
1127 794 1323 869 oppidi
1374 793 1850 868 principatusque
1907 792 2000 851 sui
2047 809 2081 850 a

367 890 579 942 sanctas
638 881 828 941 Floras
880 883 1117 941 nomine
1175 881 1542 943 denominari
1583 882 1909 956 jusserunt,
1945 897 2079 941 cum

363 972 627 1048 primum
649 973 930 1047 oppidum
944 973 1142 1046 Amia,
1169 981 1224 1031 et
1245 973 1357 1047 ipsi
1390 973 1637 1031 Amiatae
1666 972 1904 1031 comites
1929 971 2077 1029 dice-

367 1067 591 1120 rentur.

437 1149 531 1208 Ab
556 1149 766 1224 oppido
803 1150 980 1225 igitur
1018 1157 1229 1210 sanctae
1263 1150 1452 1209 Florae
1482 1158 1537 1208 et
1575 1148 1859 1222 religiosis
1893 1147 2075 1208 comi-

369 1237 525 1299 tibus
554 1239 833 1299 abeuntes
853 1241 963 1299 iter
996 1240 1494 1315 prosequebantur
1523 1240 1817 1313 inceptum
1838 1240 2076 1312 jamque

366 1327 441 1385 ad
495 1328 799 1388 Aretinam
852 1329 1151 1403 planitiem
1214 1328 1701 1402 propinquabant,
1754 1340 1890 1385 cum
1950 1340 2079 1383 ecce

364 1415 608 1475 consilio
655 1416 779 1488 Dei,
802 1418 1136 1491 jumentum
1183 1416 1336 1491 quod
1382 1430 1541 1474 sacra
1585 1429 1820 1487 corpora
1855 1412 2079 1471 defere-

364 1505 484 1575 bat,
530 1504 777 1564 ulterius
833 1522 895 1565 se
954 1506 1162 1565 deduci
1213 1503 1395 1565 nullis
1451 1502 1951 1563 adhortationibus
1987 1501 2079 1560 vel

363 1594 705 1653 verberibus
759 1593 1113 1653 admittebat.
1167 1594 1414 1653 Attoniti
1475 1593 1749 1665 ministri,
1789 1598 1844 1650 et
1900 1592 2080 1651 semel

363 1680 618 1740 invicem
663 1688 1059 1755 exspectantes
1101 1688 1157 1740 et
1196 1681 1336 1753 quid
1388 1681 1499 1739 sibi
1546 1682 1759 1740 vellent
1785 1687 2080 1755 martyres

2160 526 2400 584 brutum
2434 525 2655 585 animal
2686 526 2759 584 ab
2803 526 3026 600 angelis
3074 525 3201 597 Dei,
3243 526 3571 600 sanctisque
3609 527 3873 602 martyri.

2160 614 2272 673 bus
2314 616 2575 687 ductum,
2615 614 2783 690 quasi
2826 615 2898 673 de
2932 614 3258 675 carceribus
3311 624 3655 688 erumperet,
3698 632 3875 677 cursu

2162 703 2525 762 velocissimo
2581 696 2856 774 montem,
2908 705 3013 778 qui
3064 710 3206 763 tunc
3252 703 3498 764 Titanus
3553 705 3868 778 dicebatur,

2161 794 2437 864 ascendit,
2474 800 2529 851 et
2573 794 2633 851 in
2680 793 2803 852 loco
2838 800 2992 852 certo
3028 793 3241 852 sanctis
3286 793 3513 852 coalitus
3555 794 3864 855 constituto

2160 884 2433 955 constitit,
2464 884 2567 957 qui
2617 883 2690 942 ab
2741 882 2883 942 urbe
2928 884 3166 942 Aretina
3210 900 3311 957 per
3358 884 3478 944 duo
3526 885 3711 943 millia
3756 886 3873 945 fere

2162 988 2436 1044 passuum
2467 972 2658 1031 distat.
2692 970 2802 1030 Ubi
2827 971 2990 1031 brevi
3016 971 3323 1032 devotione
3348 971 3611 1032 ﬁdelium
3638 973 3871 1034 basilica

2160 1066 2307 1123 facta
2330 1070 2434 1134 est,
2466 1071 2524 1122 et
2562 1063 2979 1123 monachorum
3002 1063 3354 1135 ccenobium,
3388 1064 3541 1138 quod
3572 1065 3868 1124 sanctitate

2158 1153 2641 1213 commorantium
2680 1152 2744 1209 in
2784 1167 2851 1210 eo
2887 1160 2943 1211 et
2974 1151 3277 1211 inteventu
3318 1152 3614 1225 virginum
3657 1151 3870 1212 crebris

2159 1243 2504 1318 magnisque
2522 1241 2821 1300 miraculis
2838 1242 2901 1299 in
2931 1240 3145 1300 multos
3167 1257 3356 1301 annos
3369 1241 3713 1301 mirabiliter
3732 1242 3868 1302 ado-

2164 1330 2321 1389 levit.
2380 1330 2488 1389 Pro
2541 1331 2707 1402 cujus
2754 1326 3083 1387 celebritate
3136 1328 3411 1399 coenobii,
3458 1336 3515 1387 et
3569 1330 3871 1391 devotione

2161 1426 2510 1491 sanctarum,
2541 1425 2797 1477 castrum
2852 1416 2934 1476 ibi
2985 1418 3286 1477 conditum
3335 1425 3441 1490 est,
3482 1424 3539 1477 et
3583 1434 3618 1477 a
3674 1427 3868 1479 sancta

2162 1509 2350 1580 Flora,
2380 1508 2530 1566 sicut
2558 1513 2614 1566 et
2640 1520 2809 1565 mons
2848 1507 2971 1580 ipse
3006 1513 3179 1578 totus,
3208 1507 3428 1582 accepit
3467 1522 3678 1568 nomen
3716 1509 3869 1584 quod

2159 1597 2334 1655 annis
2361 1596 2634 1670 plurimis
2660 1594 2876 1654 ﬂoruit.

2233 1688 2380 1759 (361)
2460 1691 2855 1747 Monasterium
2932 1704 3056 1744 vero
3110 1704 3252 1744 anno
3301 1691 3521 1745 Domini
3576 1691 3866 1748 millesimo

365 1769 720 1863 ignorantes,
758 1774 1046 1847 episc0po,
1083 1773 1185 1846 qui
1230 1772 1353 1846 jam
1406 1772 1681 1863 Aretiumg
1715 1779 2072 1863 pervenerat,
2096 1781 2444 1863 Bcentesimo
2487 1779 2832 1846 nonagesimo
2864 1780 3022 1834 tertio
3065 1793 3167 1848 per
3211 1780 3479 1846 factiones
3518 1780 3869 1836 Aretinorum

363 1860 504 1931 quid
556 1860 666 1919 sibi
698 1863 1029 1936 contigisset
1056 1863 1328 1920 intimare
1370 1876 1486 1919 non
1533 1861 1855 1934 negligunt.
1915 1861 2079 1921 Tunc

363 1947 608 2008 devotus
635 1951 909 2023 tantistes,
959 1957 1186 2025 accepto
1236 1950 1463 2021 nuntio,
1503 1958 1560 2008 et
1598 1951 1858 2009 maxima
1896 1951 2080 2010 dedu-

364 2042 495 2096 ctus
524 2039 903 2101 multitudine
939 2040 1285 2100 clericorum
1334 2047 1391 2100 et
1434 2040 1634 2114 populi
1675 2042 1930 2115 perrexit
1974 2043 2079 2100 ob-

365 2124 525 2185 viam
568 2130 802 2200 sanctis,
834 2136 891 2189 et
925 2130 1239 2203 praemissis
1279 2130 1547 2205 precibus
1582 2130 1758 2189 sacris
1802 2136 1858 2188 et
1891 2129 2075 2205 lacry-

363 2214 476 2273 mis
518 2232 785 2291 aspersus
824 2234 924 2293 per
980 2220 1235 2293 seipsum
1269 2222 1602 2294 jumentum
1653 2219 1803 2279 illud
1846 2231 2078 2279 movere

363 2311 603 2366 conatus
658 2314 764 2366 est.
826 2309 990 2378 Quod
1039 2324 1173 2367 cum
1205 2316 1208 2319 ‘
1237 2313 1294 2366 'et
1340 2307 1462 2380 ipse
1507 2321 1626 2365 non
1677 2313 1888 2380 posset,
1934 2307 2079 2368 inito

365 2409 501 2453 cum
529 2397 655 2455 suis
679 2397 943 2469 consilio,
977 2399 1311 2474 jumentum
1348 2396 1512 2455 abire
1547 2395 1771 2467 sinunt,
1796 2412 1903 2470 pro
1928 2406 2081 2457 certo

368 2481 560 2542 sciens
591 2499 729 2545 eum
776 2484 967 2546 locum
1013 2504 1049 2546 a
1095 2488 1308 2547 sanctis
1347 2486 1614 2560 electum,
1640 2487 1715 2546 ad
1757 2502 1935 2563 quem
1975 2505 2083 2549 sua

2162 1870 2388 1936 Ghelfas
2416 1874 2465 1922 et
2512 1868 2851 1924 Ghibellinas
2888 1867 3135 1923 dirutum
3175 1873 3272 1925 est.
3307 1869 3426 1935 Qua
3468 1864 3613 1923 507
3654 1869 3869 1925 desola-

2163 1958 2307 2013 tione
2332 1962 2578 2028 peracta,
2623 1973 2742 2012 cum
2777 1958 2984 2011 sanctis
3022 1957 3277 2027 reliquiis
3324 1959 3653 2014 translatum
3693 1962 3776 2013 est
3810 1961 3871 2014 in

2158 2047 2345 2101 urbem
2379 2047 2583 2109 Aretii,
2614 2047 2711 2101 ubi
2734 2061 2907 2116 usque
2944 2046 3101 2101 hodie
3143 2048 3386 2115 virgines
3430 2053 3630 2102 sanctae
3670 2063 3872 2115 magna

2153 2137 2352 2206 populi
2381 2139 2723 2191 veneratione
2749 2137 3018 2192 coluntur.
3053 2136 3305 2193 Castrum
3331 2151 3456 2191 vero
3483 2140 3693 2207 postea,
3726 2152 3868 2193 anno

2158 2226 2379 2279 Domini
2412 2225 2701 2279 millesimo
2732 2226 3016 2279 centesimo
3045 2226 3392 2292 nonagesimo
3438 2227 3611 2287 sexto,
3644 2229 3875 2295 propter

2160 2313 2374 2369 easdem
2398 2315 2685 2381 factiones,
2714 2313 2961 2369 dirutum
3005 2318 3086 2369 est
3119 2317 3380 2381 regnante
3416 2315 3642 2368 Domino
3689 2318 3874 2370 nostra

2160 2405 2288 2460 Iesu
2316 2405 2549 2469 Christo,
2582 2406 2681 2475 qui
2722 2406 2860 2460 vivit
2887 2408 2939 2460 et
2965 2409 3161 2473 regnat
3188 2406 3248 2460 in
3283 2404 3483 2461 saecula
3526 2404 3873 2463 secutam.

2162 2495 2363 2553 Amen.
3462 2536 3469 2541 .

1797 2613 1849 2673 J.
1891 2612 2163 2675 CUPERI
2201 2614 2443 2676 NOTAE.

427 2708 562 2776 (361)
585 2710 764 2765 Addita
790 2710 905 2765 haec
927 2723 1155 2779 prorsus
1179 2717 1305 2768 sunt
1338 2713 1408 2769 de
1440 2715 1599 2769 ruina
1628 2715 1937 2767 monasterii
1974 2717 2027 2768 et
2059 2716 2221 2768 castri
2246 2721 2447 2771 sancte
2472 2715 2657 2771 Florae.

488 3078 1053 3191 EXPOSITIO
1120 3084 1650 3192 VISIONUM
1717 3089 1858 3192 SS.
1929 3081 2554 3193 MARTYRUM
2624 3081 3090 3190 MARIANI
3165 3084 3297 3188 ET
3358 3083 3759 3191 JACOBI.

1915 3293 2017 3373 (30
2053 3287 2329 3370 Aprilis.)

362 3455 611 3521 Horwm
633 3464 1014 3543 sanctorum
1051 3457 1265 3543 Vitam
1305 3459 1385 3522 ab
1428 3470 1690 3525 auctore
1737 3462 1992 3543 oculata
2041 3468 2193 3525 teste
2246 3463 2688 3543 conscriptam
2728 3457 3178 3543 Hense/lenius
3208 3459 3381 3522 inter
3416 3459 3575 3543 Acta
3602 3464 3884 3543 sqncto-

438 3555 594 3620 ωιτη
624 3539 713 3602 ad
740 3534 919 3602 diem
954 3539 1030 3603 30
1057 3540 1305 3620 Aprilis
1330 3542 1627 3620 vulgavit
1664 3551 1725 3605 et
1756 3541 2124 3606 illustravit
2153 3534 2712 3606 adnotationibus.
2743 3539 2951 3605 Sacra
2988 3556 3215 3602 eorum
3239 3557 3511 3620 corpora
3548 3541 3617 3601 in
3642 3537 3882 3620 Euga-

441 3618 599 3680 bina
632 3618 1547 3704 asservanturecclesia,quee
1585 3626 1879 3704 ipsorum
1915 3623 2108 3685 titulo
2138 3632 2235 3686 est
2261 3622 2584 3704 insignita
2612 3640 2636 3702 ;
2671 3625 2962 3704 ipsorum
2991 3626 3221 3683 autem
3248 3618 3657 3700 mdrtyrium
3688 3619 3878 3680 circa

438 3715 703 3761 annum
740 3698 977 3762 Christi
1014 3700 1132 3764 259
1176 3698 1488 3764 accidisse
1539 3698 1860 3765 traditur.

430 4025 561 4090 Iam
586 4030 763 4104 :vero,
801 4035 864 4089 ut
903 4028 976 4090 de
1018 4030 1143 4090 istis
1194 4028 1521 4090 visionibus
1563 4031 1807 4090 istorum
1857 4036 2134 4096 sancto-0
2229 4031 2389 4103 Quod
2446 4036 2639 4092 autem
2694 4029 2758 4088 B.
2817 4029 3148 4089 Marianum
3194 4028 3257 4086 in
3309 4025 3574 4084 altiorem
3633 4024 3883 4083 Catastae

359 4130 493 4178 rum
536 4118 735 4191 aliqua
777 4119 1066 4177 succincte
1108 4125 1542 4192 pertractemus,
1582 4120 1715 4193 quis
1762 4126 1868 4189 est,
1901 4135 2073 4196 quem

349 4207 551 4265 beatus
604 4205 899 4264 Marianus
939 4204 1197 4280 judicem
1239 4207 1301 4264 in
1352 4206 1627 4268 tribunali
1674 4207 1916 4280 viderat,
1965 4209 2077 4268 nisi

358 4293 480 4366 ille,
511 4293 613 4367 qui
651 4294 716 4352 in
752 4294 897 4352 caelo
934 4295 1268 4368 praesidens,
1300 4304 1529 4369 accepto
1566 4314 1600 4353 a
1642 4297 1805 4356 Patre
1838 4298 2078 4373 judicio,

361 4384 434 4444 de
481 4384 633 4443 vivis
681 4391 737 4442 ct
786 4384 1030 4443 mortuis
1079 4385 1354 4460 judicat?
1409 4385 1569 4445 Sicut
1617 4388 1891 4461 scriptum
1946 4395 2075 4448 est:

357 4477 523 4531 Pater
572 4492 681 4532 non
744 4475 967 4544 judicat
1028 4491 1353 4545 quemquam
1376 4519 1393 4541 ,
1451 4478 1548 4532 sed
1595 4494 1746 4534 omne
1799 4480 2077 4548 judicium

363 4564 515 4619 dedit
559 4566 703 4620 Filio
756 4566 927 4635 (Joan.
990 4565 1062 4636 v).
1119 4562 1230 4632 Qui
1288 4564 1527 4623 honesta
1578 4573 1630 4623 et
1683 4566 1888 4624 decora
1938 4567 2080 4624 facie

359 4650 707 4723 videbatur;
751 4652 888 4724 quia
940 4652 1036 4709 hic
1068 4659 1152 4709 est
1198 4653 1269 4709 de
1316 4668 1431 4726 quo
1479 4653 1692 4712 dicitur
1729 4673 1742 4712 :
1794 4659 2079 4727 Speciosus

356 4742 540 4810 forma
575 4758 693 4813 pre
739 4744 874 4812 ﬁliis
928 4743 1205 4797 hominum
1266 4744 1442 4808 (Psal.
1488 4750 1676 4811 XLIV).
1720 4743 1829 4802 Hic
1884 4745 2080 4818 itaque

356 4827 431 4885 ad
498 4835 780 4887 tormenta
860 4829 1217 4886 confessores
1300 4830 1673 4903 praecipiebat
1752 4833 2083 4902 ascendere,

358 4919 502 4994 quia
550 4919 978 4995 quantumlibet
1024 4919 1339 4978 furibunda
1377 4929 1809 4994 persecutorum
1855 4923 2088 4981 demen-

362 5010 442 5067 tia
480 5010 702 5079 steviat,
745 5008 1173 5081 quantumlibet
1219 5009 1290 5066 ad
1324 5009 1663 5083 patiendum
1706 5026 1810 5083 pro
1856 5012 2086 5070 Christo

357 5098 600 5159 devotus
674 5097 938 5156 ﬁdelium
1008 5097 1243 5156 animus
1300 5097 1642 5171 inardescat,
1696 5099 1767 5157 ad
1819 5100 2084 5174 martyrii

359 5189 803 5263 celsitudinem,
858 5189 974 5248 nisi
1027 5180 1205 5264 quem
1259 5188 1360 5247 ille
1425 5190 1647 5249 occulto
1700 5206 1807 5249 suo
1862 5190 2086 5263 judicio

359 5281 712 5355 provexerit,
766 5295 883 5339 non
923 5277 1154 5354 aspirat.
1197 5276 1395 5337 Multis
1440 5286 1636 5337 autem
1683 5278 1964 5352 gradibus
2014 5278 2085 5337 ad

2162 4121 2357 4180 locum
2396 4129 2617 4195 martyr
2653 4119 2977 4194 Cyprianus
3006 4115 3240 4186 extulit,
3272 4116 3381 4173 hoc
3417 4112 3744 4186 intelligere
3775 4111 3888 4170 de-

2164 4211 2389 4281 bemus,
2429 4209 2566 4284 quia
2603 4207 2835 4283 speciali
2877 4207 3156 4279 dignitate
3194 4203 3460 4277 martyrii
3500 4214 3635 4261 eum
3671 4199 3888 4258 Domi-

2166 4313 2282 4357 nus
2319 4297 2472 4356 inter
2514 4305 2798 4371 martyres
2829 4294 3185 4353 sublimavit.
3221 4290 3332 4351 Sed
3376 4290 3522 4366 quid
3564 4296 3649 4346 est
3692 4288 3888 4361 quod,

2166 4384 2538 4461 praecipiente
2586 4384 2855 4457 Domino,
2880 4383 2944 4441 B.
2981 4390 3199 4455 martyr
3249 4382 3310 4439 in
3355 4380 3548 4439 locum
3588 4376 3892 4452 passionis

2162 4472 2437 4542 ascendit,
2469 4472 2568 4531 sed
2598 4480 2737 4531 tunc
2773 4470 3056 4546 passionis
3093 4468 3437 4542 martyrium
3484 4481 3597 4524 non
3635 4464 3888 4537 accepit,

2161 4562 2278 4620 nisi
2319 4561 2473 4635 quod
2512 4560 2603 4619 vir
2638 4560 2883 4634 quisque
2922 4558 3225 4632 perfectus,
3254 4556 3356 4631 qui
3384 4556 3505 4629 jam
3554 4569 3616 4612 se
3649 4554 3711 4611 in
3756 4550 3891 4609 vir-

2163 4657 2351 4709 tutum
2387 4664 2516 4708 arce
2561 4649 2766 4720 erexit,
2805 4648 2943 4723 quia
2987 4648 3106 4721 jam
3163 4648 3293 4705 totis
3345 4643 3577 4702 nisibus
3627 4642 3700 4700 ad
3748 4656 3891 4699 mo-

2168 4744 2438 4802 riendum
2488 4758 2587 4815 pro
2638 4742 2865 4799 Christo
2912 4740 3121 4798 mentis
3156 4736 3535 4795 intentionem
3574 4731 3837 4791 ﬁrmavit
3872 4749 3887 4788 ε

2170 4833 2287 4891 huc
2316 4840 2505 4890 tamen
2538 4831 2821 4902 differtur,
2855 4836 3148 4916 quatenus
3186 4828 3311 4898 ejus
3358 4824 3714 4883 desiderium
3752 4835 3897 4879 am-

2168 4922 2323 4995 plius
2350 4922 2609 4994 quotidie.
2639 4914 2968 4995 augeatur?
3000 4918 3167 4977 Unde
3207 4918 3270 4975 in
3316 4917 3422 4974 hac
3471 4914 3692 4973 visione
3727 4919 3897 4971 recte

2170 5012 2416 5070 dicitur:
2450 5012 2782 5085 Exsurgens
2814 5009 2998 5083 judex
3041 5009 3111 5066 ad
3146 5005 3482 5081 praetorium
3527 5016 3701 5062 suum
3737 5000 3896 5072 ibat,

2168 5117 2341 5175 quem
2395 5116 2499 5160 nos
2541 5101 2753 5175 pariter
2791 5100 3195 5173 sequebamur.
3225 5101 3270 5155 A
3327 5095 3450 5154 loco
3490 5094 3708 5169 quippe
3763 5097 3896 5150 tor-

2170 5188 2352 5247 menti
2416 5189 2487 5247 ad
2557 5188 2893 5263 praetorium
2951 5201 3127 5246 suum
3176 5183 3436 5258 judicem
3491 5179 3899 5257 sequentibus

2168 5279 2522 5353 martyribus
2575 5279 2660 5337 ire
2703 5283 2809 5351 est,
2857 5276 2929 5336 ab
2980 5277 3186 5337 effectu
3235 5275 3502 5349 martyrii
3556 5272 3901 5332 Dominum

366 5371 762 5432 summitatem
784 5373 1026 5432 Catastte
1051 5376 1171 5431 erat
1191 5385 1485 5443 ascensus,
1510 5370 1878 5446 quiamultis
1898 5372 2150 5458 virtu-D
2168 5366 2377 5428 electos
2409 5383 2543 5428 suos
2562 5366 2875 5458 aliquanto
2908 5366 3283 5458 suspendere,
3324 5371 3380 5424 et
3415 5378 3620 5458 eorum
3643 5368 3900 5458 mentes

370 5467 498 5522 tum
513 5461 794 5536 gradibus
821 5461 894 5520 ad
912 5459 1281 5536 perfectionis
1311 5475 1603 5519 summam
1633 5457 2077 5519 conscenditur:

370 5557 429 5612 et
450 5552 536 5611 sic
566 5550 807 5611 demum
832 5567 909 5611 ex
935 5551 1135 5611 divina
1168 5550 1353 5623 gratia
1379 5550 1451 5609 ad
1486 5549 1750 5623 martyrii
1786 5547 2084 5609 celsitudi-

371 5653 508 5700 nem
534 5637 890 5714 pervenitur.

2166 5475 2266 5533 per
2292 5457 2831 5532 contemplationem
2857 5456 2930 5516 ad
2956 5472 3279 5532 supernum
3309 5452 3599 5531 gaudium
3637 5450 3899 5512 interim

2164 5546 2489 5607 sublevare.
2528 5546 2598 5604 Et
2627 5547 2947 5606 notandum
2973 5545 3131 5619 quod
3163 5561 3223 5605 se
3252 5541 3494 5618 quidem
3533 5556 3671 5603 cum
3697 5540 3900 5601 altero

2168 5641 2419 5709 martyre
2458 5634 2628 5710 sequi
2667 5634 2879 5709 pariter
2919 5633 3108 5706 dixit;
3159 5633 3419 5708 judicem
3464 5645 3601 5692 vero
3640 5644 3760 5690 non
3798 5629 3903 5687 si-
