4108 6206
423 285 556 343 1055

1290 283 1531 343 EXPOS.
1583 281 1904 344 VISIONUM
1943 287 2041 342 SS.
2087 279 2370 344 MARIANI
2409 289 2497 344 ET
2533 286 2790 348 JACOBl.

3520 290 3662 355 1035

414 404 522 458 mul
552 416 675 459 cum
700 401 779 458 eis
814 401 910 465 ire,
928 402 1040 458 'sed
1066 403 1370 472 prmccdere
1413 405 1640 468 asserit;
1672 403 1797 472 quia
1832 401 1982 456 vidc-
2015 403 2059 460 Λ
2087 399 2210 455 dem
2237 410 2454 458 mtatem
2490 405 2768 474 pervenit,
2797 416 2853 460 et
2883 404 2934 460 in
2964 407 3172 462 senium
3195 416 3308 462 non
3347 411 3658 467 declinavit.

412 496 536 550 licet
558 493 866 563 quicunque
889 494 956 548 ad
983 508 1232 562 supernae
1273 495 1572 548 mansionis
1600 495 1843 562 requiem
1875 501 1984 547 ten-

408 587 627 651 dimus,
675 586 983 655 quicunque
1027 585 1114 654 pia
1165 583 1652 640 eonversationead
1699 585 1981 639 beatorum

409 677 744 730 consortium
797 676 1130 740 festinamus,
1183 684 1493 730 sanctorum
1539 677 1679 740 vias,
1724 675 1835 731 Deo
1884 689 1984 729 nos

405 768 765 836 praecedente,
799 775 984 820 tenere
1012 781 1325 835 possumus;
1369 765 1570 820 Christi
1598 780 1727 819 vero
1756 765 1981 835 vestigia

407 859 602 912 imitari
629 859 868 927 quidem,
894 859 986 910 sed
1015 857 1081 909 ad
1112 857 1331 925 plenum
1360 856 1617 926 consequi
1669 856 1982 909 omnimodo

401 967 512 1004 non
539 950 799 1003 valemus.
829 947 905 1003 llli
935 963 1168 1018 namque
1197 948 1383 1002 dicunt
1412 948 1678 1003 veraciter
1725 947 1984 1002 conﬁten-

401 1052 487 1098 tcs
513 1059 526 1094 :
557 1041 614 1096 Si
635 1043 858 1095 dicimus
886 1041 1010 1110 quia
1035 1051 1304 1111 peccatum
1337 1058 1437 1095 non
1461 1043 1733 1106 habemus,
1758 1051 1983 1096 nosmet-

398 1133 540 1202 ipsos
563 1133 878 1197 seducimus,
904 1141 950 1184 et
974 1131 1163 1184 veritas
1186 1131 1241 1184 in
1265 1132 1411 1184 nobis
1437 1140 1634 1184 nonest
1661 1131 1712 1201 (Ι
1727 1130 1891 1185 Joan.
1917 1129 1978 1195 ι).

397 1224 652 1277 Christus
681 1236 807 1276 vero
843 1221 970 1276 dicit
999 1239 1012 1273 :
1047 1219 1197 1274 Venit
1235 1221 1472 1289 princeps
1506 1221 1690 1273 mundi
1722 1220 1900 1288 hujus,
1931 1229 1980 1274 et

393 1314 455 1366 in
490 1330 570 1367 me
604 1329 707 1367 non
742 1313 891 1366 habet
923 1311 1206 1382 quidquam
1248 1310 1431 1382 (Joan.
1465 1311 1597 1382 xtv).
1638 1309 1784 1365 Bene
1812 1311 1977 1365 etiam

395 1405 491 1473 qui
536 1413 830 1474 martyrem
872 1404 1124 1459 comitem
1168 1403 1333 1457 habet
1382 1403 1434 1456 in
1480 1403 1693 1467 itinere,
1737 1402 1976 1471 judicem

393 1497 563 1553 habet
599 1497 813 1562 ducem,
846 1497 1103 1566 quoniam
1141 1495 1228 1550 ille
1257 1495 1525 1564 Propheta
1561 1493 1724 1566 508
1765 1505 1849 1550 cst
1890 1495 1976 1550 cui

390 1586 668 1658 Propheta
705 1589 873 1643 dicit:
908 1585 1134 1657 PrOpter
1171 1603 1360 1641 nomen
1399 1595 1546 1640 tuum
1579 1587 1689 1641 duo:
1717 1587 1844 1640 mihi
1872 1587 1975 1640 eris

389 1693 444 1736 et
470 1682 698 1736 enutries
724 1697 804 1735 me
835 1677 1008 1751 (Psal.
1035 1680 1187 1751 xxx).

2088 490 2330 548 Procerus
2379 504 2560 551 autem
2610 506 2834 553 statura:
2881 508 3030 564 erat,
3081 501 3206 570 quia
3260 502 3550 557 exsultavit
3602 515 3662 559 ut

2085 582 2234 652 gigas
2268 583 2333 637 ad
2367 587 2690 639 currendam
2720 588 2863 641 viam
2895 587 3067 659 (Psal.
3103 589 3280 660 xvm).
3330 591 3501 660 Caput
3531 608 3663 649 vero

2083 685 2248 741 super
2279 675 2460 740 (nubes
2496 677 2797 740 extulerat,
2837 679 2962 746 quia
3003 694 3098 747 per
3138 681 3508 749 majestatem,
3537 693 3592 738 et
3627 701 3660 739 a

2083 777 2295 817 summo
2321 764 2460 819 caelo
2482 766 2722 835 egressio
2751 767 2885 834 ejus,
2905 777 3232 823 etoceursus
3259 771 3374 838 ejus
3399 788 3567 842 usque
3584 777 3656 829 ad

2083 870 2354 910 summum
2399 858 2518 925 ejus
2566 859 2778 931 (Ibid.).
2826 862 2895 916 Et
2938 865 3086 932 quia,
3138 865 3280 919 sicut
3309 865 3507 923 Paulus
3550 871 3654 925 ait:

2083 943 2249 1012 Caput
2273 945 2467 1000 Christi
2489 959 2561 1001 est
2580 949 2716 1004 Deus
2741 950 2790 1019 (1
2807 950 2927 1005 Cor.
2955 955 3053 1023 x1),
3079 952 3328 1010 Christus
3348 971 3476 1012 vero
3495 971 3660 1030 caput

2081 1041 2164 1086 est
2191 1036 2436 1102 corporis
2464 1038 2546 1091 sui
2632 1040 2774 1107 quod
2802 1049 2886 1095 est
2910 1042 3170 1098 Ecclesia.
3213 1045 3282 1098 Et
3309 1057 3472 1115 caput
3509 1061 3661 1105 extu-

2081 1119 2219 1175 lerat
2255 1137 2418 1192 super
2453 1127 2644 1192 nubes,
2679 1129 2804 1196 quia
2835 1144 2931 1198 per
2959 1131 3294 1199 majestatem
3334 1137 3654 1205 divinitatis,

2078 1224 2185 1300 qua
2208 1227 2370 1265 unum
2396 1228 2608 1284 semper
2630 1231 2750 1271 cum
2773 1217 2935 1273 Patre
2956 1229 3058 1287 est,
3083 1237 3204 1277 cum
3230 1226 3341 1294 ipsa
3363 1239 3659 1300 assumpta:

2079 1299 2436 1380 humanitatis
2487 1307 2787 1362 substantia
2829 1311 2882 1364 in
2910 1313 3047 1368 caelo
3099 1330 3220 1370 cum
3269 1333 3335 1372 eo
3375 1299 3658 1390 aqualiter

2079 1401 2285 1462 regnat.
2321 1393 2427 1451 Sed
2465 1396 2592 1453 licet
2627 1413 2788 1470 caput
2830 1417 2994 1473 super
3025 1407 3194 1463 nubes
3214 1407 3484 1478 elevetu-r,
3539 1429 3657 1468 cor-

2077 1501 2178 1554 pus
2209 1493 2387 1541 tamen
2415 1488 2468 1542 in
2501 1491 2662 1546 terris
2686 1495 3049 1564 conspicitur;
3083 1500 3209 1567 quia
3240 1503 3412 1556 sancti
3441 1519 3649 1571 omnes,

2076 1575 2169 1644 qui
2201 1590 2400 1646 corpus
2437 1590 2565 1634 sunt
2594 1579 2992 1653 Redemptoris,
3033 1588 3204 1644 donec
3246 1592 3388 1647 hanc
3431 1609 3653 1650 carnem

2077 1677 2316 1736 portant,
2349 1685 2447 1739 per
2471 1673 2834 1728 conditionem
2865 1678 3208 1736 mortalitatis
3243 1681 3295 1741 in
3329 1693 3477 1739 terra
3505 1700 3651 1740 como

466 1773 618 1841 Quod
648 1781 826 1827 autem
852 1773 929 1826 ait
952 1788 965 1824 :
991 1771 1101 1825 Iter
1129 1772 1277 1826 nobis
1311 1779 1424 1826 erat
1452 1788 1546 1840 per
1569 1781 1810 1841 pratum;
1847 1772 1964 1842 quid

2081 1767 2381 1823 morantur,
2429 1763 2678 1828 quamvis
2703 1779 2801 1832 per
2832 1765 3138 1823 libertatem
3187 1773 3408 1840 spiritus
3433 1775 3487 1831 in
3514 1788 3654 1834 cceto

384 1878 491 1924 per
519 1871 755 1934 pratum,
786 1863 930 1930 quod
970 1877 1096 1930 ager
1124 1861 1342 1926 dicitur,
1376 1861 1479 1914 nisi
1513 1861 1744 1914 mundus
1771 1860 1860 1914 hic
1887 1861 1982 1914 de-

386 1953 685 2023 signatur?
715 1951 883 2006 Recte
925 1965 1054 2020 ergo
1101 1966 1208 2004 non
1249 1950 1524 2004 mansisse
1575 1949 1630 2003 in
1656 1960 1844 2018 prato,
1885 1951 1980 2004 sed

390 2041 504 2097 iter
536 2041 792 2096 habuisse
816 2056 915 2112 per
937 2049 1153 2110 pratum
1203 2039 1420 2103 dicitur,
1453 2040 1544 2111 qui
1577 2040 1861 2094 Dominum
1892 2054 1979 2095 se-

390 2133 686 2202 quebatur,
711 2133 838 2202 quia
870 2132 1124 2186 nimirum
1163 2133 1473 2202 quicunque
1499 2131 1566 2186 ad
1595 2131 1739 2187 illam
1768 2131 1978 2188 deside-

393 2223 623 2278 rabilem
653 2222 928 2278 civitatem
959 2219 1296 2277 Hierusalem
1326 2221 1602 2277 caalestem
1632 2221 1888 2293 pertinet,
1921 2223 1974 2275 in

392 2315 500 2371 hoc
526 2315 726 2370 mundo
755 2330 861 2370 non
891 2314 1309 2379 habitationem,
1359 2303 1470 2371 sed.
1501 2315 1607 2369 iter
1641 2315 1823 2369 habet.
1867 2311 1974 2368 Sed

392 2406 523 2476 quid
553 2406 807 2476 estquod
855 2420 953 2475 per
977 2414 1191 2476 pratum
1228 2405 1333 2460 iter
1375 2405 1628 2461 habuisse
1670 2405 1888 2470 dicitur,
1919 2413 1973 2458 et

390 2514 499 2554 non
527 2499 732 2564 fenum,
765 2499 859 2555 sed
884 2497 1130 2554 excelsas
1155 2499 1401 2564 arbores,
1431 2506 1487 2553 et
1517 2498 1770 2553 ordinate
1799 2497 1971 2565 dispo-

388 2589 524 2644 sitas
561 2589 759 2645 ibidem
809 2589 1008 2645 vidisse
1040 2589 1404 2658 perhibetur?
1445 2589 1584 2656 Quid
1613 2588 1844 2657 denique
1871 2601 1970 2656 per

389 2680 490 2736 has
518 2681 764 2746 arbores,
808 2681 910 2735 nisi
955 2681 1127 2736 sancti
1171 2688 1226 2735 et
1260 2680 1392 2749 justi
1439 2679 1543 2733 viri
1591 2679 1965 2747 designantur,

388 2772 483 2842 qui
509 2771 765 2828 videlicet
794 2771 991 2826 mentis
1028 2770 1364 2827 sublimitate
1413 2770 1596 2825 inﬁma
1627 2782 1852 2840 quaeque
1881 2767 1970 2822 de-

397 2861 656 2932 spiciunt,
687 2869 743 2917 et
779 2861 834 2915 in
878 2861 1162 2916 charitatis
1204 2860 1455 2916 fraternae
1499 2858 1684 2914 radice
1728 2858 1962 2927 solidati,

387 2967 546 3007 suum
576 2951 820 3007 ordinem
851 2966 959 3006 non
991 2949 1370 3006 confundunt?

456 3045 738 3100 Postremo
767 3059 897 3100 vero
941 3044 1070 3114 quid
1113 3053 1194 3099 est
1235 3043 1423 3099 bibere
1458 3043 1695 3114 phialam
1723 3045 1789 3100 dc
1825 3059 1963 3114 aqua

385 3136 571 3201 fontis,
599 3137 702 3192 nisi
729 3147 946 3208 gustare
995 3136 1221 3191 calicem
1267 3134 1580 3205 passionis?
1615 3133 1766 3191 Unde
1795 3135 1962 3190 David

381 3227 459 3280 ait
483 3243 495 3278 :
522 3219 749 3280 Calicem
775 3226 1024 3281 salutaris
1049 3227 1327 3295 accipiam,
1357 3233 1405 3280 et
1434 3241 1621 3280 nomen
1644 3225 1854 3280 Domini
1880 3227 1962 3280 in-

384 3316 576 3370 vocabo
598 3315 770 3388 (Psal.
801 3317 946 3387 cxv).
993 3316 1060 3371 Et
1104 3315 1396 3370 notandum
1434 3331 1597 3385 quam
1625 3316 1848 3386 pulchra
1884 3318 1959 3372 si-

384 3409 688 3464 militudine
718 3409 854 3465 visio
889 3407 1308 3478 cum_Propheta
1356 3408 1671 3462 concordat.
1725 3407 1816 3464 llle
1844 3409 1963 3478 qui-

384 3502 506 3556 dem
546 3499 772 3555 calicem
813 3498 1043 3568 accepit,
1079 3506 1134 3554 et
1164 3513 1358 3552 nomen
1391 3497 1604 3552 Domini
1655 3497 1956 3563 invocavit;

384 3592 487 3646 iste
518 3599 725 3660 martyr
760 3589 997 3660 phialam
1041 3588 1175 3644 bibit
1203 3598 1257 3642 et
1285 3587 1394 3642 Deo
1420 3587 1626 3658 gratias
1655 3587 1784 3658 egit.
1816 3587 1960 3642 Fons

380 3690 562 3736 autem
593 3679 682 3735 ille
709 3679 850 3735 unde
883 3677 1119 3749 phialam
1153 3677 1414 3748 implevit,
1445 3690 1615 3746 aquas
1644 3677 1960 3745 perspicuas

380 3773 690 3838 emanabat,
725 3779 782 3827 et
821 3787 917 3841 per
942 3769 1284 3825 Psalmistatn
1331 3767 1532 3823 dicitur
1563 3785 1577 3821 :
1625 3767 1865 3822 Pretiosa
1904 3769 1960 3822 in

380 3873 657 3931 conspectu
684 3861 897 3916 Domini
926 3877 1066 3914 mors
1100 3869 1400 3914 sanctorum
1425 3859 1540 3929 ejus
1567 3857 1778 3930 (Ibid.).

450 3951 551 4007 Hic
590 3966 719 4007 vero
756 3951 958 4021 inquiri
997 3958 1175 4020 potest
1212 3950 1340 4018 quid
1376 3950 1447 4004 sit
1481 3949 1624 4018 quod
1649 3947 1821 4004 Judex
1859 3949 1960 4004 iste

379 4044 568 4099 beatos
607 4051 875 4113 martyres
915 4054 1015 4110 per
1057 4047 1230 4094 totum
1275 4041 1378 4096 iter
1418 4041 1486 4095 ad
1535 4040 1740 4096 fontem
1790 4056 1960 4110 usque

375 4133 671 4203 przecessit,
698 4143 753 4187 et
778 4147 901 4186 mox
928 4131 996 4186 ab
1019 4146 1207 4185 eorum
1237 4131 1444 4187 visione
1477 4132 1786 4202 disparuit:
1819 4149 1955 4187 nun-

377 4223 506 4292 quid
539 4223 743 4278 electos
763 4236 891 4277 suos
919 4221 1198 4286 Dominus,
1229 4236 1364 4292 quos
1393 4237 1489 4291 per
1518 4221 1786 4277 occultam
1835 4239 1957 4295 gra-

376 4317 506 4372 tiam
546 4317 611 4371 ad
647 4317 890 4387 martyrii
929 4331 1181 4371 coronam
1212 4317 1480 4386 perducit,
1510 4317 1835 4373 credendum
1872 4325 1956 4372 est

376 4405 518 4476 quod
567 4421 690 4461 mox
722 4406 982 4462 recedens
1033 4405 1174 4460 inter
1219 4405 1363 4474 ipsas
1410 4419 1506 4460 eos
1546 4405 1950 4461 tribulationum

374 4495 653 4567 angustias
679 4495 935 4551 deserat?
967 4494 1074 4551 Sed
1103 4495 1396 4550 notandum
1427 4495 1552 4563 quia
1583 4505 1710 4549 tunc
1735 4505 1951 4551 sanctos

373 4586 634 4644 Dominus
679 4588 835 4658 quasi
883 4587 1284 4658 quodammodo
1332 4586 1556 4649 deserit,
1604 4601 1728 4641 cum
1761 4602 1852 4640 eos
1882 4587 1950 4641 ab

375 4677 575 4747 iniquis
610 4676 869 4748 ﬂagellari
901 4677 1190 4746 permittit.
1239 4675 1392 4730 Unde
1418 4675 1748 4744 Redemptor
1769 4685 1952 4728 noster

373 4765 429 4822 in
473 4781 635 4822 cruce
676 4766 743 4821 ad
765 4765 980 4820 Patrem
1005 4765 1271 4819 clamabat
1295 4783 1309 4819 :
1336 4765 1499 4830 Deus,
1527 4763 1666 4818 Deus
1692 4779 1856 4827 meus,
1894 4773 1951 4814 ut

372 4857 497 4924 quid
541 4854 861 4925 dereliquisti
902 4869 984 4906 me
1013 4853 1038 4905 ?
1099 4851 1314 4922 (Matth.
1368 4855 1558 4919 xxvn;
1614 4852 1781 4906 Marc.
1831 4854 1946 4920 xv.)

371 4945 578 5001 Cuncta
630 4944 795 5014 igitur
838 4945 953 4997 htec
986 4956 1185 4996 arcana
1236 4945 1513 5012 mysteria,
1551 4959 1670 5014 qua:
1699 4941 1945 5010 omnipo-

374 5042 494 5092 tens
520 5036 661 5090 Deus
690 5032 932 5104 quotidie
956 5047 1054 5101 per
1083 5031 1284 5086 electos
1334 5045 1461 5086 suos
1489 5032 1700 5086 occulta
1729 5031 1945 5100 dispen-

372 5126 583 5182 satione
619 5124 826 5188 tribuit,
878 5123 1004 5177 huic
1052 5121 1143 5176 ttni
1191 5120 1462 5190 prwcipue
1509 5131 1692 5188 aperta
1739 5121 1944 5175 visione

373 5215 717 5280 monstravit,
747 5221 807 5267 ut
832 5212 975 5282 quod
1023 5213 1079 5265 in
1115 5211 1327 5266 caneris
1368 5209 1581 5265 occulte
1625 5211 1820 5280 agitur,
1852 5210 1941 5266 hic

325 5333 334 5340 -
370 5307 534 5361 etiam
560 5306 740 5359 videre
769 5310 1085 5357 mereretur.

439 5395 557 5451 Jam
600 5409 729 5450 vero
771 5408 930 5462 quem
955 5390 1188 5446 Jacobus
1229 5392 1480 5461 juvenem
1530 5392 1768 5460 aspexit,
1817 5395 1940 5463 quis

368 5488 472 5543 nisi
505 5488 619 5556 ipse
646 5495 730 5540 est
752 5497 912 5551 quem
941 5481 1212 5536 Marianus
1247 5481 1484 5552 judicem
1512 5483 1689 5537 vidit?
1727 5483 1826 5550 Qui
1849 5483 1938 5552 ju~

373 5577 521 5633 venis
564 5575 764 5630 ideirco
785 5571 1054 5641 apparuit,
1079 5574 1206 5642 quia
1233 5570 1404 5626 Media
1417 5581 1502 5627 tor
1524 5573 1619 5627 Dei
1666 5583 1721 5628 et
1760 5574 1937 5629 hornis

371 5680 496 5721 num
537 5666 674 5722 inter
705 5665 953 5718 homines
986 5671 1337 5719 conversatus
1389 5664 1455 5720 ad
1488 5663 1779 5733 juvenilem
1815 5665 1933 5736 qui-

652 5764 900 5822 PATRUL
936 5758 1191 5826 CXLIV.

2081 1843 2243 1915 509
2260 1847 2374 1915 jam
2399 1849 2648 1904 habitare
2673 1856 2991 1922 probentur,
3020 1860 3262 1916 dicentes
3289 1880 3411 1920 cum
3441 1867 3646 1924 Paulo:

2081 1935 2280 2032 plostra
2320 1949 2494 1991 autem
2545 1946 2867 1996 conversatio
2911 1948 2966 2000 in
2996 1949 3138 2002 cretis
3167 1962 3242 2005 est
3273 1953 3493 2027 (Philip.
3542 1965 3648 2032 ιιι).

2081 2022 2232 2078 Unde
2262 2035 2409 2080 recte
2438 2042 2560 2082 cum
2584 2045 2779 2101 corpus
2805 2033 2947 2091 illius
2975 2037 3030 2091 in
3065 2048 3208 2096 terra
3232 2044 3398 2100 videri
3431 2022 3648 2116 dicitur,

2077 2129 2184 2216 non
2225 2123 2401 2170 tamen
2448 2128 2651 2174 terram
2701 2133 2920 2194 tangere
2967 2131 3305 2200 perhibetur,
3328 2137 3452 2206 quia
3474 2143 3650 2196 sancti

2074 2205 2178 2258 viri
2226 2207 2280 2260 in
2318 2216 2464 2264 terra
2501 2213 2720 2280 quidem
2775 2223 3086 2278 conversari
3117 2205 3384 2295 videntur,
3417 2234 3510 2286 sed
3543 2242 3652 2289 ter-

2074 2299 2222 2354 renis
2246 2303 2458 2359 actibus
2487 2321 2553 2360 ex
2583 2308 2852 2367 desiderio
2885 2329 2991 2370 non
3043 2317 3406 2389 implicantur,
3433 2335 3489 2381 et
3521 2329 3647 2385 dum

2076 2391 2202 2446 totis
2256 2393 2465 2450 nisibus
2499 2401 2566 2452 ad
2605 2398 2712 2454 alta
2765 2418 2824 2458 se
2851 2405 3085 2477 erigunt,
3134 2411 3299 2480 pedes
3328 2417 3585 2472 mentium
3617 2436 3647 2474 ιι

2071 2487 2221 2533 terra
2255 2486 2618 2552 suspendunt.

2140 2566 2287 2663 Deae
2309 2579 2488 2666 autem
2525 2575 2714 2632 nitidis
2752 2579 2993 2638 vestibus
3022 2577 3242 2644 indutus
3273 2589 3441 2649 fuisse
3466 2597 3648 2666 perbi-

2071 2657 2247 2723 betur,
2280 2662 2404 2730 quia
2436 2663 2502 2716 de
2555 2679 2620 2721 eo
2649 2682 2748 2736 per
2772 2669 3095 2741 Prophetam
3125 2679 3327 2737 dicitur
3355 2701 3371 2738 ε
3410 2657 3644 2746 Aimctus

2068 2750 2267 2851 lumine
2291 2756 2426 2809 sicut
2448 2759 2750 2815 vestimento
2800 2763 2972 2834 (Psal.
3000 2771 3138 2837 cm).
3164 2771 3267 2828 Per
3289 2778 3490 2835 nitidas
3526 2787 3646 2851 qui-

2069 2840 2192 2936 dem
2240 2854 2437 2936 vestes,
2489 2849 2686 2918 quibus
2733 2853 2996 2922 induitur,
3042 2875 3228 2920 sancta
3269 2872 3454 2936 procul
3482 2840 3643 2932 dubio

2068 2931 2308 3034 Ecclesia
2350 2934 2698 3008 designatur;
2753 2959 2872 3012 qua:
2917 2947 3171 3006 videlicet
3219 2931 3384 3013 vestis
3435 2971 3488 3016 et
3545 2981 3644 3034 per

2071 3023 2390 3122 munditiam
2437 3038 2640 3083 sanctae
2681 3035 3016 3101 operationis
3076 3041 3376 3110 splendida,
3433 3059 3486 3104 et
3542 3023 3640 3122 per

2068 3127 2214 3181 spem
2231 3114 2421 3170 futurae
2449 3117 2798 3175 beatitudinis
2812 3123 3038 3181 Domino
3054 3131 3292 3187 adlueret
3307 3147 3524 3194 extensa
3576 3144 3640 3198 de

2061 3218 2166 3272 qua
2195 3205 2323 3260 dicit
2345 3207 2672 3276 Apostolus:
2707 3210 2776 3264 Ut
2803 3215 3065 3272 exhiheret
3090 3222 3190 3274 sibi
3209 3223 3494 3293 gloriosam
3541 3205 3644 3286 Ec.

2060 3293 2293 3359 clesiam,
2318 3301 2420 3350 non
2441 3298 2711 3353 habentem
2761 3305 3150 3372 maculam,aut
3190 3329 3371 3384 rugam
3424 3319 3639 3389 (Ep/tes.

2059 3387 2145 3478 v).
2172 3387 2237 3442 Et
2259 3404 2497 3460 congrue
2519 3391 2738 3463 fulgidis
2767 3399 3246 3458 vestibusiudutus
3273 3387 3637 3478 memoratur;

2059 3477 2187 3546 quia
2217 3479 2284 3533 de
2317 3480 2502 3536 electis
2545 3485 2657 3539 suis
2699 3501 2729 3539 a
2783 3487 3010 3543 Domino
3059 3492 3299 3548 dicitur:
3338 3494 3388 3548 F
3393 3477 3639 3568 algebunt

2049 3569 2185 3638 justi
2205 3571 2339 3624 sicut
2365 3572 2442 3626 sol
2474 3575 2527 3628 in
2550 3592 2706 3645 regno
2727 3575 2908 3633 Patris
2939 3582 3040 3634 mei
3068 3583 3284 3652 (Matth.
3318 3591 3459 3659 xm).

2129 3659 2240 3716 Nec
2264 3661 2391 3716 illud
2414 3673 2610 3724 vacata
2625 3669 2881 3736 mysterio
2902 3672 3043 3738 quod
3068 3672 3183 3727 ista:
3206 3686 3384 3733 vestes
3407 3681 3638 3738 diversis

2058 3751 2330 3808 coloribus
2344 3754 2614 3810 distincta:
2640 3757 2969 3813 referuntur.
2991 3760 3176 3817 Sancti
3203 3767 3347 3820 enim
3378 3769 3475 3823 viri
3501 3773 3630 3827 dum

2059 3843 2246 3898 multis
2297 3845 2500 3914 pollent
2550 3849 2864 3914 virtutibus,
2909 3854 3061 3921 quasi
3118 3855 3334 3912 diversa
3390 3862 3633 3918 colorum

2059 3938 2237 4004 specie
2264 3938 2688 4009 distinguuntur.
2715 3941 2854 3997 llinc
2896 3953 2975 3998 est
3006 3947 3147 4014 quod
3166 3963 3265 4017 per
3295 3950 3634 4010 Psalmistatn

2059 4027 2257 4082 dicitur
2281 4046 2294 4080 :
2327 4030 2504 4082 Astitit
2534 4031 2713 4100 regina
2739 4049 2770 4085 a
2793 4033 2986 4087 dextris
3016 4037 3118 4090 tuis
3178 4039 3234 4092 in
3262 4043 3448 4096 vestitu
3472 4046 3637 4100 deau-

2059 4129 2195 4184 rato,
2229 4121 2618 4174 circumamicta
2642 4123 2890 4178 varietate
2913 4124 3086 4194 (Psal.
3111 4128 3280 4199 λων).
3307 4130 3407 4186 Hic
3449 4134 3634 4205 itaque

2052 4209 2268 4279 juvenis
2299 4225 2405 4266 non
2434 4213 2669 4278 stetisse,
2703 4218 2795 4270 sed
2831 4221 3192 4286 pertransisse
3217 4234 3344 4280 ante
3369 4243 3465 4282 ora
3491 4245 3635 4284 mar-

2057 4309 2238 4374 tyrum
2266 4303 2413 4357 visus
2436 4313 2537 4370 est,
2578 4306 2703 4375 quia
2721 4305 2832 4374 jam
2854 4324 2948 4365 eos
2970 4311 3229 4369 Dominus
3250 4317 3316 4371 de
3347 4318 3447 4374 hoc
3473 4337 3632 4376 mun-

2058 4395 2125 4448 do
2158 4394 2347 4449 tollere
2369 4404 2531 4464 atque
2556 4399 2622 4451 ad
2650 4401 3159 4469 contemplationem
3191 4407 3493 4474 majestatis
3521 4427 3634 4467 suae

2055 4486 2354 4555 perducere
2385 4486 2735 4554 disponebat;
2783 4489 2924 4544 sicut
2977 4493 3092 4561 ipse
3138 4495 3191 4548 in
3240 4499 3528 4569 Evangelio
3558 4505 3633 4557 di-

2054 4579 2130 4632 cit
2163 4595 2176 4629 :
2204 4577 2271 4630 Et
2311 4577 2574 4632 transiens
2627 4579 2946 4635 ministrabit
3002 4584 3109 4638 illis
3146 4585 3295 4654 (Luc.
3341 4593 3458 4662 xtt).
3491 4596 3630 4661 Quid

2053 4676 2139 4722 est
2181 4676 2358 4743 autem
2389 4668 2534 4737 quod
2579 4669 2816 4739 singulas
2842 4686 3007 4728 zonas
3047 4690 3346 4746 purpureas
3372 4681 3424 4735 in
3449 4685 3628 4739 sinum

2052 4765 2352 4826 martyrum
2385 4756 2622 4826 projicit,
2655 4758 2757 4812 nisi
2787 4760 2929 4828 quod
2951 4777 3045 4817 eos
3070 4765 3304 4836 undique
3331 4770 3627 4840 eingcndos

2053 4847 2318 4916 angustiis
2358 4847 2670 4914 passionum
2706 4848 3031 4906 innotescit?
3061 4852 3186 4909 Haec
3213 4857 3463 4914 videlicet
3487 4878 3625 4919 zona

2051 4935 2319 5004 passionis
2346 4944 2474 4990 tunc
2522 4947 2871 5006 purpuratur,
2895 4955 3018 4995 eum
3052 4946 3274 5014 sanguis
3309 4949 3620 5006 eﬂ‘unditur.

2050 5023 2155 5079 Per
2181 5024 2285 5078 hoc
2314 5039 2444 5080 vero
2485 5027 2628 5095 quod
2675 5042 2770 5083 eas
2813 5029 2867 5085 in
2911 5031 3085 5086 sinum
3138 5033 3380 5104 proiecit,
3422 5053 3623 5112 quanta

2049 5117 2376 5172 ecrtitudine
2411 5117 2532 5172 illos
2559 5119 2626 5173 de
2653 5134 2750 5173 sua
2781 5122 3036 5191 passione
3069 5125 3330 5196 firmaret,
3363 5131 3620 5190 innotuit.

2048 5205 2191 5262 Nihil
2211 5207 2355 5264 enim
2389 5207 2592 5264 certius
2623 5207 2786 5280 510
2808 5226 2905 5266 nos
2937 5213 3140 5270 habere
3162 5219 3437 5276 credimus
3459 5240 3618 5293 quam

2047 5301 2189 5384 quod
2223 5299 2277 5354 in
2319 5300 2440 5355 sinu
2471 5309 2735 5357 tenemus.
2766 5302 2918 5359 Unde
2946 5304 3008 5359 Β.
3045 5305 3146 5362 Job
3167 5310 3233 5365 de
3257 5327 3354 5382 spe
3375 5329 3620 5373 resurre.

2045 5393 2242 5448 ctionis
2270 5391 2382 5446 ait:
2414 5389 2662 5462 Reposita
2706 5404 2781 5448 est
2815 5396 2925 5449 ha’c
2955 5413 3070 5465 spes
3113 5416 3224 5454 mea
3265 5400 3320 5456 in
3359 5405 3478 5459 sinu
3503 5424 3618 5462 meo

2043 5483 2099 5554 (Ι
2106 5483 2167 5536 ob
2214 5485 2350 5552 xtx).

2110 5574 2298 5644 Neque
2330 5573 2432 5628 hoc
2457 5587 2489 5627 a
2521 5574 2779 5644 mysterio
2820 5583 2978 5630 vacat
3023 5577 3165 5646 quod
3215 5596 3348 5650 puer
3387 5585 3439 5639 in
3474 5589 3615 5642 callo

2041 5665 2159 5735 ejus
2187 5663 2388 5720 monile
2438 5677 2677 5730 roseum,
2701 5663 2756 5720 in
2791 5679 2953 5720 manu
2986 5681 3114 5721 vero
3138 5668 3372 5736 palmam
3402 5673 3614 5730 viridis-

3094 5767 3173 5827 33
