1921 3071
394 286 407 302 .
485 213 852 292 PETRUS
909 212 1246 290 POSSIN
1254 210 1368 288 US

766 358 1092 415 LECTORI.

138 548 168 579 ι.
184 548 370 587 Dispungo
389 555 460 577 ecce
478 555 539 577 non
557 550 646 576 \elus
659 554 775 576 nomen
789 552 835 583 ιρι
851 554 945 585 quam
962 547 1077 576 debere
1092 549 1163 576 ante
1179 545 1236 574 hoc
1253 544 1420 575 biennium
1440 551 1593 582 cmperain
1617 547 1733 580 partem

101 601 244 630 alterum
266 597 532 637 Pachymerianm
554 597 703 634 historia),
732 597 814 627 haud
839 597 940 626 nimis
961 606 1044 633 sera,
1070 597 1095 626 si
1114 596 1214 627 moles
1239 595 1413 626 aestimetur
1431 594 1548 632 operis,
1574 594 1736 624 solutione

104 653 335 689 repraesento.
359 648 518 678 Describit
540 656 575 678 ea
592 657 645 677 sex
663 652 693 678 et
716 647 828 685 viginti
848 648 972 685 priores
1001 655 1101 678 annos
1128 647 1255 685 imperii
1287 645 1461 676 Andronici
1489 645 1668 683 Palmologi,
1699 645 1738 674 ab

104 701 167 738 ipsi
186 698 394 738 cognomine
425 702 538 736 nepote
567 706 625 728 nec
656 698 746 728 valde
772 699 929 727 concorde
959 698 1078 736 collega
1114 699 1209 735 vulgo
1236 695 1393 734 distingui
1421 695 1563 725 Senioris
1588 695 1737 734 adjuncto

109 749 217 779 soliti.
239 751 298 779 Est
328 749 396 779 haec
414 747 629 778 infelicissimi
649 747 845 786 principatus
863 748 965 786 imago
993 756 1009 777 a
1039 752 1147 777 nostro
1165 747 1318 777 historico
1346 747 1492 781 formata,
1510 747 1610 785 magis
1623 745 1736 776 condi-

109 800 205 829 tione
243 803 433 837 argumcnti
467 798 728 837 quam'ingenio
772 799 945 837 pingentis,
978 798 1192 829 Parrhasianaa
1219 797 1307 828 illius
1344 798 1481 835 similis,
1517 806 1580 837 qua
1614 797 1737 827 Plinius

100 853 254 880 .testatur
284 849 421 885 demon,
450 849 716 887 sivespopulum,
743 849 972 880 Atheniensem
999 849 1037 879 ab
1060 849 1120 879 isto
1148 856 1275 877 summo
1295 848 1411 878 artifice
1430 848 1478 878 sic’
1499 849 1736 884 adumbratum,

115 903 152 930 ut
177 906 289 929 mores
317 899 387 937 ejus
418 902 602 937 motusque,
622 898 693 928 licet
721 899 804 929 inter
823 907 893 929 sese
921 898 1082 934 contrarii,
1114 898 1210 928 simul
1239 901 1342 928 tamen
1363 898 1395 928 in
1416 899 1522 930 tabula
1537 899 1587 930 sui
1604 908 1734 930 sensum

117 951 264 985 tierent;
289 953 542 988 agnosceretque
558 957 622 980 uno
640 949 761 979 intuitu
790 954 950 988 spectator
981 950 1129 980 eumdem
1161 949 1283 979 varium
1310 954 1339 978 et
1360 952 1570 985 constantem,
1602 950 1733 980 iracun-

121 1000 199 1031 dum
243 1005 274 1031 et
306 1001 527 1038 exorabilem,
560 1001 717 1039 iniustum
752 1004 783 1031 et
815 1001 1022 1039 clementem,
1056 1001 1233 1040 gloriosum
1268 1004 1298 1030 et
1328 999 1504 1036 humilem,
1533 1000 1669 1031 ferocem
1707 1004 1739 1030 et

126 1050 288 1089 (ugacem.
306 1051 373 1082 Pari
403 1050 562 1091 siquidem
581 1051 738 1090 exemplo,
765 1051 840 1082 dum
869 1052 993 1083 sincera
1013 1051 1194 1082 narratione
1218 1055 1326 1080 noster
1345 1049 1516 1081 Andronici
1545 1055 1611 1080 acta
1629 1050 1738 1087 expri-

136 1102 202 1137 mit,
232 1110 326 1133 unum
347 1102 456 1140 ipsum
486 1101 625 1138 exhibet,
657 1100 732 1131 hinc
757 1101 1007 1132 audacissimum
1041 1102 1208 1140 religionis
1235 1106 1499 1140 contemptorem,
1516 1101 1605 1132 illinc
1620 1109 1738 1140 super-

129 1153 347 1183 stitiOSissime
375 1152 646 1188 formidolosum;
674 1151 865 1191 plerumque
894 1152 1070 1184 sollicitum
1109 1152 1341 1183 discerdiarum
1367 1149 1516 1183 Ecclesia)
1542 1159 1738 1189 componen-

129 1203 253 1238 darum,
287 1211 360 1234 mox
385 1201 718 1233 Ivehementissimum
746 1202 991 1234 disturbatorem
1021 1203 1197 1233 conciliatus
1223 1205 1269 1233 tot
1298 1202 1463 1233 laboribus
1490 1210 1508 1232 a
1541 1206 1628 1240 patro
1655 1202 1740 1240 pacis

129 1252 365 1289 Ecclesiarum;
409 1252 581 1292 aliquando
612 1253 698 1291 frugi
731 1261 767 1283 ac
802 1261 950 1292 parcum,
995 1254 1101 1284 statim
1151 1252 1347 1283 effusissime
1387 1252 1579 1291 prodigum;
1617 1260 1742 1291 semper

130 1303 391 1334 versutissimum
422 1303 454 1333 in
483 1298 723 1342 'excogitatione
756 1305 916 1335 rationum
940 1304 1024 1343 quod
1049 1303 1144 1335 vellet
1166 1303 1335 1337 efﬁciendi.
1351 1311 1516 1342 nunquam
1537 1311 1601 1333 non
1621 1302 1744 1340 impru-

128 1353 360 1383 dentissimum
391 1351 425 1382 in
451 1352 609 1383 electione
643 1354 874 1389 consiliorum;
900 1353 1087 1392 frequenter
1119 1362 1215 1392 supra
1245 1354 1373 1384 modum
1399 1353 1597 1384 ali‘ectantem
1627 1353 1742 1383 famam

131 1404 260 1434 oliiciosi
295 1411 371 1442 erga
404 1403 608 1440 domesticos,
639 1412 697 1434 nec
731 1412 802 1435 raro
837 1404 938 1435 ferina
978 1403 1143 1443 impietate
1179 1404 1436 1439 debacchantem,
1478 1403 1636 1434 violandis
1672 1403 1743 1433 sine

131 1459 280 1494 reSpectu
307 1454 599 1485 necessitudinibus
628 1455 851 1491 sanctissimis,
879 1456 991 1494 utique
1023 1456 1078 1495 qui
1110 1463 1173 1486 non
1199 1457 1293 1486 modo
1320 1463 1380 1486 non
1399 1455 1440 1485 sit
1483 1455 1602 1486 veritus
1631 1464 1744 1486 aman-

133 1506 250 1536 tissimi
285 1509 315 1537 et
344 1505 440 1536 nimis
475 1506 508 1536 in
537 1506 642 1544 ipsum
669 1506 801 1536 beneﬁci
834 1506 973 1545 parentis
1010 1506 1196 1537 memoriam
1221 1506 1317 1545 justis
1352 1505 1543 1536 funebribus
1576 1507 1742 1541 fraudare;

131 1561 264 1588 matrem
302 1556 431 1586 viduam
461 1556 635 1594 tyrannicis
665 1557 761 1586 minis
783 1557 821 1587 ad
850 1557 907 1587 viri
941 1557 1056 1596 ipsius,
1085 1558 1182 1596 patris
1210 1557 1274 1594 sui,
1301 1557 1459 1595 judicium
1493 1557 1611 1595 scripto
1651 1557 1742 1587 dan.-

136 1608 272 1638 nandum
312 1607 466 1645 adigere;
499 1606 668 1645 conjugem
705 1607 789 1646 regis
818 1608 963 1645 Ungariae
990 1608 1100 1644 ﬁliam,
1135 1608 1226 1647 cujus
1255 1606 1425 1637 tenerrima
1453 1607 1575 1637 dilectaa
1610 1610 1743 1637 mortem

133 1657 324 1688 mollissime
349 1657 503 1692 ﬁevissat,
536 1665 574 1687 ex
604 1657 665 1687 levi
691 1657 889 1696 suspicione,
906 1660 1082 1697 sepultura:
1112 1659 1233 1689 honore
1270 1657 1572 1695 multare;l‘ratrem
1606 1658 1746 1696 Pori-by—

130 1707 314 1745 rogcnitum
350 1706 557 1737 circumferre
585 1705 737 1737 clathrata
766 1715 860 1737 cavea
890 1711 920 1737 et
951 1708 1022 1738 diro
1047 1717 1173 1739 carcere
1201 1708 1240 1739 ad
1270 1711 1404 1738 mortem
1431 1715 1605 1737 macerare:
1634 1715 1743 1736 verum

128 1761 163 1786 ct
194 1757 307 1787 horum
340 1761 463 1796 partem
494 1765 557 1787 non
587 1757 752 1793 dubitarit,
782 1757 829 1788 uti
854 1757 993 1788 facinora
1022 1757 1399 1798 prteclara,jactabundis
1427 1757 1566 1796 gloriose
1583 1761 1743 1788 ostentare

128 1806 358 1836 concionibus.

172 1857 213 1886 ll.
230 1856 374 1887 Moribus
402 1859 464 1887 tam
493 1857 696 1889 instabilibus
731 1858 888 1897 principis
920 1868 1005 1890 unus
1034 1860 1292 1891 constantissime
1333 1860 1498 1900 respondit
1535 1860 1747 1899 perturbatis-

131 1906 237 1936 simus
265 1910 295 1937 et
323 1906 620 1938 calamitosissimus
653 1908 812 1939 universas
835 1909 1019 1948 reipubiicm
1045 1913 1157 1941 status.
1178 1911 1337 1942 .(Erarium
1372 1911 1587 1948 exinanitum,
1617 1920 1745 1950 semper

133 1957 280 1986 exhausti
315 1957 446 1988 tributis
478 1958 672 1990 immanibus
701 1960 823 1998 populi,
849 1961 1026 1992 interversa
1053 1962 1276 1993 ministrorum
1295 1972 1425 2002 quoque
1450 1963 1661 2002 palatinorum
1688 1973 1748 1993 au-

140 2009 337 2043 ctoramenta,
354 2007 394 2038 ad
415 2007 647 2038 mendicitatem
674 2010 791 2040 redacti
825 2011 1004 2049 pudendam
1028 2011 1091 2050 ipsi
1110 2013 1260 2043 Ecclesiae
1286 2022 1453 2052 proceres;
1473 2014 1584 2044 classis
1601 2014 1748 2044 funditus

136 2056 290 2094 neglecta,
322 2057 448 2088 arcium
483 2058 719 2090 limitanearum
748 2060 894 2099 praesidia
924 2061 1098 2099 subtracta,
1143 2067 1311 2094 terrestres
1338 2065 1498 2095 exercitus
1532 2064 1625 2103 plane
1653 2064 1749 2095 dissi—

134 2107 214 2144 pati,
246 2107 369 2138 inerme
393 2107 566 2146 imperium
594 2107 725 2138 irritatis
755 2113 872 2140 temere
895 2110 1043 2142 Barbaris
1079 2111 1254 2151 objectum,
1286 2121 1411 2144 summa
1440 2113 1547 2144 tutelas
1572 2122 1607 2144 ac
1637 2114 1750 2144 salutis

135 2158 271 2196 publica
294 2159 402 2189 inlidis
427 2159 513 2195 feris,
531 2159 712 2202 ‘rapacibus
733 2160 852 2191 exteris
873 2161 1152 2193 inconsultissime
1188 2164 1367 2198 commissa,
1401 2164 1475 2195 hinc
1502 2163 1608 2194 statim
1639 2173 1752 2195 consc-

133 2209 217 2240 cutis
246 2209 439 2241 necessariis
464 2209 629 2240 edectibus
659 2210 767 2241 talium
787 2219 970 2248 causarum,
991 2213 1225 2245 vastationibus
1242 2215 1490 2253 provinciarum,
1515 2214 1753 2253 direptionibus

135 2259 278 2296 urbium,
306 2259 556 2298 depraedatione,
584 2259 777 2298 captivitate,
801 2263 896 2297 caede,
928 2262 1007 2302 fuga
1025 2263 1232 2302 pepulorum,
1266 2265 1463 2296 desolatione
1483 2265 1628 2295 omnium
1659 2265 1756 2296 fando

136 2318 276 2349 unquam
310 2310 494 2340 auditarum
544 2309 736 2347 tristissima,
777 2316 965 2343 cunctarum
1001 2314 1159 2346 latissime
1193 2315 1228 2346 in
1270 2320 1405 2355 utraque
1435 2317 1518 2346 Asiae
1554 2317 1755 2356 Europa'que

135 2362 318 2393 continente
358 2362 499 2391 Romano
525 2362 739 2400 subjectarum
769 2363 906 2402 imperio
922 2366 1121 2404 regionum;
1151 2368 1220 2406 ipsa
1250 2368 1301 2397 vix
1331 2368 1410 2397 urbe
1436 2367 1533 2405 regia,
1563 2367 1653 2406 cujus
1681 2376 1753 2405 por-

134 2413 244 2447 tubus,
275 2413 370 2450 cujus
399 2411 496 2449 portis
525 2412 601 2442 mari
637 2413 753 2443 classes
787 2414 940 2453 piraticae,
967 2420 1050 2447 terra
1075 2417 1340 2450 latrocinantium
1367 2417 1494 2448 infestae
1529 2417 1614 2448 acies
1643 2417 1757 2447 Barba-

135 2471 241 2493 rorum
275 2464 411 2501 impune
437 2471 563 2501 semper
593 2464 803 2501 insultabant,
829 2466 910 2504 ipsa,
932 2467 1080 2507 inquam,
1111 2468 1245 2508 imperii
1276 2471 1354 2502 sede
1394 2468 1670 2507 Constantinopoli
1707 2469 1755 2497 vix

136 2514 272 2544 liberum
311 2513 464 2552 spiritum
497 2522 587 2543 muro
623 2518 652 2544 ct
683 2517 934 2556 propugnaculis
962 2522 1097 2555 tutante,
1138 2519 1228 2552 inter
1262 2526 1463 2560 grassantem
1503 2520 1590 2550 intus
1630 2520 1760 2553 famem.

132 2564 318 2594 smvientem
352 2562 437 2593 luem
469 2584 478 2599 ,
501 2563 696 2614 seditionum
726 2566 812 2597 ferro
837 2566 905 2597 face
943 2568 1206 2607 depraaliantium
1237 2574 1467 2614 sanguinarios
1494 2572 1633 2606 furores,
1651 2575 1760 2600 terras-

133 2619 248 2651 motus,
291 2613 362 2643 dira
402 2611 560 2648 incendia,
592 2616 622 2643 et
656 2613 687 2645 id
717 2624 822 2652 genus
851 2616 1014 2662 immissas
1039 2620 1202 2651 divinitus
1236 2611 1366 2658 clades;
1397 2630 1471 2661 quae
1497 2620 1646 2651 dubitare
1675 2619 1779 2649 cives,

130 2663 335 2713 miserrimos
357 2663 619 2713 _c03erent_utra
643 2668 730 2694 esset
759 2665 866 2695 minus
891 2666 1076 2698 calamitosa
1103 2670 1250 2709 fortuna,
1281 2673 1528 2713 gementiumne
1568 2671 1628 2701 sub
1661 2668 1759 2699 servi-

128 2718 192 2745 tute
229 2710 402 2744 barbarica
437 2709 533 2739 semel
562 2712 789 2750 abductorum,
821 2723 860 2746 an
891 2717 995 2746 adhuc
1032 2719 1093 2749 sub
1123 2724 1208 2752 tecto
1246 2709 1353 2761 patrio
1387 2722 1541 2753 extremis
1582 2718 1760 2751 terroribus

124 2761 354 2796 minantium,
387 2763 417 2788 et
443 2767 507 2797 quo
543 2766 616 2789 casu
647 2762 783 2798 perituri
818 2772 890 2794 mox
921 2764 1041 2801 forent.
1076 2770 1244 2801 cruciabili
1286 2773 1449 2803 anxietate
1477 2772 1687 2801 incertorum.

292 2811 426 2839 ΡΛτηυιΓ
453 2811 507 2839 GR.
533 2809 658 2840 CXLIV.
841 2850 844 2852 _

841 2850 844 2852 _
1202 2857 1207 2860 _
1270 2852 1274 2861 λ
1544 2821 1557 2849 1

840 2975 1091 3045 48666
1357 2979 1364 2982 ’
1445 3020 1465 3027 ρ
