1921 3071
162 123 191 155 11
829 124 920 155 PETF

1032 124 1117 156 lSlNI
1753 125 1790 159 1Q

198 179 252 210 lli.
297 178 371 210 Tam
407 182 496 209 atrox
526 179 597 210 irati
636 181 785 212 Numinis
825 181 960 212 vindicta
1005 182 1124 220 quibus
1151 186 1224 213 tunc
1253 181 1430 215 sceleribus
1453 187 1691 221 provocaretur,
1714 183 1784 214 uis-

159 229 315 269 quisitum
343 238 360 260 a
389 229 537 268 plurimis
571 230 678 267 anxie,
717 231 824 270 ipsum
870 230 1001 271 quoque
1035 241 1069 262 se
1097 239 1160 262 non
1189 231 1397 262 dissimulans
1435 231 1507 270 ejus
1540 234 1696 265 abstrusm
1735 235 1784 265 rei

159 283 386 313 sciscitatorem
417 280 596 315 curiosum,
633 289 696 312 non
725 282 824 312 semel
867 283 1078 321 Pachymeres
1112 284 1255 316 afﬁrmat.
1288 287 1479 325 Aperiamus
1519 286 1578 317 hoc
1619 295 1679 317 nos
1711 286 1784 317 illis

160 340 322 367 arcanum,
345 334 376 362 et
404 330 613 369 indigitemus
653 332 787 369 trabem,
823 341 920 371 quam
955 334 1030 372 quia
1073 334 1200 365 inﬁxam
1227 341 1343 374 gerunt
1380 337 1495 372 oculis,
1538 337 1646 368 videre
1688 337 1783 368 illusi

160 386 340 422 nequeunt.
375 381 524 421 Relapsio
561 382 594 412 in
625 382 789 419 haeresim,
812 385 912 414 sancti
956 385 1092 423 Spiritus
1131 386 1369 424 processionem
1395 396 1413 418 e
1445 389 1533 418 Patre
1569 387 1664 417 simul
1705 396 1783 416 cum

160 433 246 463 Filio
287 434 466 471 negantem,
497 431 666 469 repetitum
697 432 848 470 schisma,
883 434 1017 464 rebellio
1052 434 1163 465 iterata
1188 435 1221 466 in
1250 436 1367 467 Christi
1398 437 1551 467 vicarium
1598 436 1783 466 Romanum

162 483 356 523 pontificem,
385 485 501 517 vestra,
518 481 701 520 Byzantini,
734 482 922 522 hoc.opere
962 484 1136 522 publicata,
1160 485 1292 517 crimina
1326 490 1412 517 sunt.
1451 488 1498 518 Ne
1534 486 1668 526 quaerite
1704 486 1784 516 alias

161 533 294 564 istarum
325 533 386 563 sub
417 532 537 571 quibus
567 533 695 571 gemitis
727 533 919 570 exitialium,
939 539 1047 566 tenore
1075 536 1323 568 continuissimo
1350 546 1518 575 nexarum,
1547 544 1636 569 ουσία
1654 546 1783 576 semper

161 583 313 622 gradibus
352 583 516 613 atrocitate
551 583 762 614 crescentium
798 592 909 614 causas
947 585 1174 616 calamitatum.
1209 587 1378 627 Utcunque
1410 587 1517 626 probi,
1550 587 1658 624 mites,
1697 586 1781 626 justi

162 633 325 672 principes
356 633 450 664 vestri
468 633 647 669 videantur,
665 633 804 672 populus
823 634 901 664 satis
927 635 1137 673 compositus,
1170 636 1275 667 clerus
1305 637 1410 676 gravis
1440 642 1471 669 et
1491 638 1658 675 honestus,
1676 645 1780 669 unum

163 686 209 713 est
241 683 316 713 odio
356 684 390 714 in
424 690 478 713 vos
522 683 577 714 Dei
618 684 806 715 concitando
833 684 887 722 .vel
925 683 1181 716 efﬁcacissimum
1218 686 1386 726 ﬂagitium,
1428 690 1572 727 pertinax
1611 689 1779 727 amplexus

163 733 290 772 reprobi
321 735 491 772 dogmatis,
522 733 672 772 pervicax
712 737 913 773 contemptus
939 743 1100 773 supremae
1128 735 1352 767 ecclesiasticae
1387 738 1585 769 auctoritatis
1620 739 1654 768 in
1693 737 1780 768 Petri

161 793 347 815 successore
374 785 514 815 Romano
541 783 691 822 episcopo
720 783 837 815 Christi
868 784 970 823 ipsius
1002 784 1207 817 institutione
1231 787 1423 820 constituite.
1447 789 1520 819 Haec
1550 789 1642 819 vobis
1676 789 1779 818 Lerna

163 836 333 871 maturum,
355 834 446 872 origo
476 834 624 871 cladium,
644 833 716 864 fons
745 833 997 865 infortuniorum
1017 836 1122 866 omnis
1146 837 1274 875 generis
1302 845 1389 868 unus
1415 842 1463 868 est
1477 839 1639 870 omnium.
1655 837 1780 868 Doletis

162 891 286 918 vostros
302 885 462 916 exercitus
478 883 774 919 numerosissimos,
791 884 939 914 ductante
959 893 1018 924 per
1041 893 1076 915 se
1096 885 1168 924 ipso
1182 889 1284 917 vestro
1298 888 1443 927 Augusto
1459 889 1615 920 Michaele
1634 889 1781 924 Juniore,

163 946 249 969 nunc
278 936 503 974 incompOsitis
517 943 576 966 nec
596 935 705 966 multis
726 935 890 973 oppositos
921 936 956 966 in
970 936 1046 967 Asia
1065 937 1223 974 Barbaris,
1250 946 1336 969 nunc
1358 939 1391 969 in
1425 940 1569 971 occidua
1594 940 1782 970 continente

163 988 273 1028 paucis
305 987 469 1026 imparatis
498 986 681 1017 extorribus
713 986 853 1024 objectos
882 986 951 1018 acie
976 987 1107 1024 Latinis,
1129 991 1252 1019 terrore
1285 989 1387 1021 fuisse
1411 995 1632 1021 consternatos
1650 990 1777 1029 panico,

161 1042 264 1077 fusos,
283 1037 421 1077 fugatos,
439 1036 646 1075 proﬂigatos?
665 1036 899 1073 Consternavit,
919 1036 1056 1076 disjecit,
1084 1038 1222 1076 perdidit
1241 1038 1351 1069 divina
1381 1040 1541 1077 Nemesis,
1570 1041 1716 1070 haeresim
1745 1041 1781 1071 in

164 1091 254 1122 vobis
282 1094 313 1120 et
342 1087 481 1119 schisma
506 1087 684 1118 vindicans.
713 1089 761 1117 An
800 1095 875 1117 vero
906 1096 946 1117 ex
981 1096 1046 1126 quo
1081 1087 1260 1127 legitimum
1295 1090 1489 1131 antistitem,
1518 1090 1688 1121 orthodoxi
1717 1090 1780 1120 do-

162 1141 278 1182 gmatis
307 1140 347 1170 de
379 1137 585 1177 processioue
601 1137 701 1167 sancti
718 1137 855 1175 Spiritus
882 1145 920 1167 ex
952 1138 1042 1168 Patre
1060 1137 1211 1177 Filioque
1237 1140 1505 1176 eruditissimum,
1525 1140 1777 1170 disertissimum

164 1192 527 1228 constantissimamque
567 1189 782 1226 defensorem,
816 1189 931 1220 throno
959 1188 1161 1227 patriarchali
1191 1189 1346 1220 Joannem
1388 1191 1526 1222 Vescum
1570 1190 1781 1228 deturbastis,

165 1249 268 1276 vestra
294 1250 437 1282 unquam
466 1241 498 1270 in
530 1239 595 1270 ulla
620 1239 669 1270 vel
696 1240 809 1270 umbra
827 1238 1067 1278 tranquillitatis
1096 1240 1282 1280 conquievit
1309 1241 1474 1272 Ecclesia?
1505 1243 1573 1273 Non
1600 1241 1655 1273 ille
1681 1250 1777 1280 quem

165 1305 221 1337 pro
257 1297 358 1326 Yecco
386 1291 564 1324 intrusistis
595 1291 769 1329 Gregorius
801 1291 952 1331 Cyprius,
971 1290 1201 1330 jactationibus
1236 1300 1414 1323 concussus
1452 1292 1604 1329 assiduis,
1640 1301 1780 1331 princeps

164 1349 289 1380 tandem
306 1346 383 1377 sede
397 1343 538 1376 corruit?
548 1351 610 1373 non
625 1342 712 1382 paria
728 1351 840 1382 passus
857 1341 903 1373 illi
916 1341 1070 1372 suffectus
1083 1341 1300 1372 Athanasius?
1314 1342 1399 1380 paria
1415 1343 1554 1374 Joannes
1567 1341 1719 1374 Cosmas'!
1732 1342 1778 1373 si-

164 1398 265 1434 milia,
303 1396 370 1427 imo
407 1395 526 1434 pejora,
550 1393 667 1424 iterum
699 1397 808 1424 contra
832 1392 886 1432 jus
919 1392 1031 1431 fasque
1063 1391 1223 1430 repositus
1251 1392 1285 1423 in
1316 1397 1400 1423 recte
1430 1392 1533 1423 ablato
1564 1391 1778 1431 palriarchatu

163 1447 356 1481 Athanasius
386 1446 487 1482 idem,
523 1444 616 1475 vobis
646 1443 783 1482 insuper
807 1443 886 1482 ipsis
920 1441 1152 1474 infestissimus
1186 1445 1216 1473 et
1243 1442 1571 1473 abominatissimus?
1598 1442 1680 1479 Quid
1707 1450 1776 1472 me-

166 1508 285 1531 morem
311 1505 423 1532 stevas,
456 1495 625 1530 immanes,
655 1493 790 1525 rabiosis
824 1493 1011 1525 commissas
1043 1496 1074 1524 et
1103 1492 1266 1523 vobiscum
1300 1496 1331 1523 at
1361 1493 1498 1524 invicem
1529 1493 1647 1532 jurgiis
1676 1497 1778 1524 sectas

164 1550 430 1583 Arsenianorum,
461 1543 711 1583 Josephitarum,
728 1541 1035 1581 Hyacinthinorum,
1058 1541 1208 1578 aliorum,
1238 1541 1333 1571 modo
1349 1541 1480 1581 Georgii
1512 1541 1777 1580 Moschamparis,

166 1602 264 1633 modo
294 1597 394 1630 Marci
432 1594 583 1634 discipuli
611 1595 731 1634 Cyprii,
765 1594 859 1624 modo
891 1593 1064 1624 Andronici
1102 1592 1278 1628 Sardensis,
1313 1593 1407 1624 modo
1433 1593 1566 1623 Joannis
1604 1592 1775 1631 Ephesini,

164 1654 261 1686 modo
289 1651 407 1682 Nicetm
445 1645 724 1686 Dyrrhacbiensis,
762 1645 855 1675 modo
892 1643 1060 1682 'l‘heolepti
1101 1643 1392 1682 Philadelphiensis
1447 1647 1551 1682 partes
1590 1643 1780 1674 tuentium?

164 1712 240 1745 quis
259 1705 356 1732 aestus
385 1695 630 1736 implacabiliter
654 1694 851 1725 rixantium?
879 1701 976 1734 quam
1001 1691 1248 1724 immedicabilis
1263 1692 1354 1724 furor
1377 1693 1506 1724 obnixis
1520 1693 1777 1724 irrevocabiliter

164 1753 282 1787 studiis
309 1759 380 1782 sese
411 1751 524 1779 mutuo
555 1745 801 1779 infestantium'l
823 1745 902 1777 cmlo
930 1745 1014 1790 ipso,
1042 1745 1134 1785 cujus
1167 1745 1207 1776 de
1233 1745 1345 1776 vestris
1363 1744 1594 1776 controversiis
1614 1744 1774 1783 judicium

163 1807 220 1838 illo
253 1800 498 1842 Atramyttiensi
527 1801 687 1830 conventu
714 1806 770 1837 per
797 1798 968 1837 quamdam
988 1795 1215 1836 superstitiose
1232 1796 1392 1828 curiosam
1409 1795 1644 1836 pyromantiam
1663 1795 1777 1835 explo-

165 1863 269 1889 ratum
299 1852 442 1886 iveratis,
462 1849 560 1889 partis
590 1849 760 1888 utriusque
787 1847 916 1887 scriptis
930 1855 1020 1878 sacra
1044 1846 1173 1877 ﬂamma
1201 1846 1454 1883 concremandis,
1472 1846 1653 1878 luculenter
1672 1846 1777 1877 decla-

164 1912 257 1940 rante
285 1912 378 1945 reque
409 1901 520 1933 omnia
551 1903 655 1931 vestra
684 1898 908 1931 conventicula
939 1899 1006 1929 Deo
1036 1905 1107 1928 esse
1130 1905 1166 1927 ac
1193 1898 1322 1936 superis
1339 1905 1447 1928 exosa.

205 1960 258 1990 ιγ.
302 1956 363 1987 Sed
390 1954 510 1985 frustra
539 1950 723 1982 laboramus
761 1948 971 1980 admonendi:
1003 1948 1044 1979 iis
1083 1954 1165 1987 quos
1202 1947 1384 1979 voluntaria
1423 1948 1547 1980 caecitas
1581 1956 1600 1980 a
1628 1947 1776 1982 videndo,

165 2010 252 2052 quod
279 2008 381 2048 palam
412 2008 471 2041 est,
501 2001 660 2042 prohibet.
683 2002 747 2032 Nos
778 2000 885 2039 potius
915 1999 1001 2052 hunc
1024 1999 1166 2052 fructum
1194 2007 1233 2030 ex
1247 1998 1348 2052 hujus
1378 1999 1520 2031 historia)
1535 2000 1673 2052 lectione
1694 1998 1780 2052 refe-

167 2050 286 2094 ramus,
303 2062 339 2090 ut
372 2064 437 2088 non
453 2053 665 2086 dubitandum
683 2055 831 2091 putemus
859 2050 998 2090 amplius
1014 2051 1094 2090 quin
1122 2050 1159 2081 ad
1177 2051 1374 2091 puniendum
1391 2052 1572 2083 Graecorum
1589 2051 1621 2081 in
1644 2051 1778 2082 Oriente

167 2109 396 2152 imperantium
428 2106 566 2137 schisma
594 2107 778 2139 contumax,
808 2103 921 2141 dogma
952 2102 1135 2140 reprobum,
1152 2102 1233 2133 Deus
1249 2103 1493 2133 Ottomanorum
1524 2103 1699 2141 potentiam
1725 2111 1780 2133 ex-

166 2163 322 2196 citaVerit.
360 2159 470 2190 Statim
498 2156 563 2187 fere
596 2159 691 2194 atque
711 2154 913 2185 Andronicus
928 2152 1125 2191 Palmologus
1150 2153 1258 2183 senior
1276 2161 1405 2192 compos
1433 2152 1534 2184 factus
1550 2152 1781 2199 imperiivires

166 2216 236 2255 ejus
253 2209 412 2244 convertit
431 2207 600 2238 universas
616 2205 653 2235 ad
672 2203 921 2255 labefactandam
939 2202 1290 2255 exstirpandamqueab
1307 2202 1380 2255 ejus
1391 2206 1479 2255 patre
1496 2203 1653 2234 .‘llichaele
1669 2203 1779 2255 initam

167 2253 240 2298 cum
277 2259 450 2301 apostolica
480 2256 555 2287 sede
585 2254 800 2291 concordiam,
826 2257 1003 2292 eruperunt
1034 2262 1050 2282 ο
1078 2253 1209 2284 Perside
1240 2253 1272 2283 in
1307 2253 1502 2284 Christianas
1534 2258 1632 2285 terras
1660 2254 1779 2285 tumul-

168 2313 282 2346 tuarite
312 2312 472 2341 latronum
497 2312 624 2336 manus.
652 2305 774 2335 Harum
800 2303 866 2333 dux
899 2310 1008 2338 unus,
1032 2310 1128 2342 quem
1154 2306 1263 2333 noster
1289 2304 1457 2334 Atmanem
1478 2307 1577 2340 vocat,
1604 2304 1675 2335 aliis
1693 2305 1782 2335 Otto-

167 2371 276 2395 manes
306 2359 503 2393 nominatus,
517 2363 556 2386 ex
571 2354 709 2386 obscuro
726 2377 736 2391 ,
751 2356 880 2393 egente,
895 2352 1024 2383 inﬁrmo
1041 2351 1265 2389 inclarescere,
1279 2353 1387 2391 ditari,
1409 2356 1609 2386 corroborari
1629 2354 1780 2394 paulatim

166 2423 232 2447 non
257 2411 366 2447 desiit,
397 2407 501 2447 quoad
534 2405 657 2442 multis,
694 2408 788 2444 prout
808 2403 1021 2441 Pachymeres
1056 2403 1193 2442 sparsim
1227 2403 1278 2433 hic
1313 2410 1478 2440 memorat,
1504 2411 1618 2437 auctus
1653 2413 1778 2436 succes-

167 2467 271 2500 sibus,
288 2460 406 2501 praedis
419 2457 642 2496 locupletatus,
655 2455 795 2492 arcibus,
806 2453 1139 2491 urbibus,provinciis
1151 2453 1342 2484 sumditioni
1361 2455 1510 2493 subditis,
1523 2457 1629 2487 Prusae
1642 2456 1779 2491 tandem,

168 2523 264 2546 imam
281 2513 313 2543 in
332 2509 482 2549 Bithynia
510 2512 744 2546 occupaverat,
776 2513 910 2546 regnum
937 2505 1099 2542 instituit,
1115 2507 1200 2537 circa
1218 2505 1338 2536 Christi
1355 2515 1477 2538 annum
1502 2507 1698 2538 millesimun
1716 2511 1776 2536 tre-

169 2549 397 2598 centesimum,
413 2557 591 2591 Andronici
616 2556 718 2588 nostri
741 2556 839 2595 hujus
856 2555 888 2586 in
913 2555 1051 2593 imperio
1070 2555 1385 2586 duodevicesimum.
1400 2557 1562 2587 Ottomani
1578 2556 1632 2595 qui
1651 2556 1778 2595 triginta

168 2617 296 2650 circiter
313 2617 385 2654 post
403 2611 497 2643 annis
514 2609 671 2641 successit
688 2607 722 2639 iu
743 2615 842 2646 regno
861 2605 1012 2637 morienti
1029 2606 1116 2637 ﬁlius
1130 2606 1314 2643 Orchanes,
1339 2611 1429 2646 capta
1452 2607 1554 2638 Nicaea
1572 2606 1670 2637 altera
1695 2607 1780 2645 regia

167 2665 419 2708 Byzantinorum
438 2662 659 2699 Augustorum
674 2681 682 2695 ,
699 2657 918 2689 Nicomediam
937 2660 1088 2695 praeterea
1107 2657 1318 2696 reliquasque
1335 2661 1453 2708 tractus
1478 2658 1549 2695 ejus
1567 2657 1713 2688 civitates
1731 2657 1780 2708 in-

166 2706 280 2752 clivtas,
298 2718 365 2744 tum
383 2713 535 2752 Mysiam,
550 2707 952 2749 Lycaoniam,Phrygiam,
967 2707 1091 2738 Cariam
1106 2710 1302 2747 cunctasque
1321 2709 1358 2738 ad
1376 2706 1620 2746 Hellespontum
1636 2711 1667 2738 et
1687 2706 1782 2736 Euxi-

169 2749 246 2799 num
262 2749 425 2804 regiones,
439 2763 584 2794 Romano
600 2763 726 2798 ereptas
742 2765 802 2789 suo
820 2757 938 2796 adjecit
958 2757 1107 2796 imperio.
1125 2758 1223 2796 Cujus
1244 2757 1337 2788 etiam
1360 2756 1464 2787 adhuc
1491 2757 1654 2796 regnantis
1677 2756 1782 2792 auspi-

168 2819 226 2849 ciis
245 2818 422 2848 splimancs
441 2814 617 2851 ﬁlius,antc
636 2815 757 2850 patrem
773 2809 889 2841 deinde
909 2813 1068 2846 mortuus,
1090 2808 1121 2838 in
1138 2808 1303 2840 Thraciam
1323 2807 1484 2847 trajiciens
1500 2805 1708 2838 Ottomanicis
1724 2806 1783 2844 pri-
