1921 3071
129 150 171 184 13
856 152 1064 183 ΡΠΕΡΑΤΙΟ.
1746 151 1779 184 ﬂ

135 217 219 241 mus
243 210 412 250 Europam
431 212 528 243 armis
547 211 713 243 delibavit.
728 211 780 242 Sic
792 215 917 250 gestum
936 210 1103 242 Orchanes
1122 210 1215 240 annis
1233 209 1360 241 duobus
1382 212 1410 240 et
1431 209 1543 249 viginti
1562 208 1776 248 principatum

136 261 329 293 transmisit
343 264 494 294 Amurati
514 272 552 295 ex
571 272 605 295 se
620 264 741 303 genito,
757 263 925 303 superstiti
939 262 1132 301 relicto,qui
1150 261 1555 301 Callipoli,Hadrianopoli
1576 265 1607 291 et
1622 260 1778 299 subjectis

137 312 221 342 urbi
242 311 379 351 utrique
394 314 588 353 regionibus
605 316 781 346 Romanam
797 314 950 344 minuens
965 313 1096 349 artavit,
1114 313 1350 343 Ottoman’icam
1373 313 1539 351 adaugens'
1557 308 1702 342 dilatavit
1725 311 1779 341 di-

139 361 345 394 tionem.Ex
361 364 424 396 hoc
439 364 624 404 Bajazethes
639 369 733 396 natus
750 364 964 399 Thessaliam,
977 363 1208 400 Macedoniam,
1228 363 1414 400 Phocidem,
1434 361 1727 400 Atticam,Mysiam
1748 364 1780 390 et

145 412 338 451 Bulgariam
356 413 478 443 Graecis
498 413 630 452 eripuit.
645 413 732 444 Vicit
749 417 779 444 et
796 413 934 444 abduxit
952 413 1159 443 Tamerlanes
1178 412 1378 452 Bajazetbem
1390 434 1398 448 ,
1416 413 1476 442 sub
1494 413 1587 451 cujus
1601 411 1679 441 tiliis
1691 432 1698 445 ,
1720 412 1779 442 So-

143 461 284 499 iimane,
304 464 411 500 MuSa,
428 464 608 495 Mahomete
625 466 653 500 1,
668 464 782 494 breves
800 464 888 494 Velut
903 463 1043 494 inducias
1061 456 1217 494 malorum
1232 463 1426 503 Byiaut’inos
1453 466 1780 500 recrearunt,exspe-

146 516 258 542 clante
268 515 335 544 Deo
344 522 383 544 an
395 515 634 554 resipiscerent.
644 515 704 546 Sed
717 514 889 545 schismate
901 513 968 544 illic
981 518 1011 544 et
1023 513 1136 544 haeresi
1149 513 1429 544 perseverantibus
1444 521 1549 544 novus
1566 512 1650 543 ultor
1662 520 1780 543 exsur-

144 563 234 593 rexit
259 564 431 595 Amurates
458 565 507 601 ΙΙ,
532 565 724 595 Mahornetis
750 565 846 603 primi
876 563 982 599 ﬁlius,
1008 564 1143 594 secundi
1176 568 1273 601 pater.
1299 564 1359 594 Hic
1382 563 1641 594 Thessalonicam
1665 563 1782 593 urbem

148 613 330 643 maximam
345 616 561 652 expugnavit,
576 615 776 654 'Hungaricis
794 615 929 645 Joannis
952 614 1123 650 Huniadis,
1150 614 1362 653 Epirensibus
1382 614 1600 654 Scanderbegi
1622 614 1783 644 successi-

148 662 210 692 bus
234 654 417 693 retardatus
435 672 452 694 a
472 661 830 702 Constantinopolitano
858 663 1005 694 funditus
1028 657 1166 702 imperio
1196 663 1347 694 delendo.
1364 655 1498 694 Interim
1524 664 1610 694 enim
1639 663 1780 694 clemen-

147 712 300 744 tissimus
325 708 481 745 Dominus
505 713 659 746 ultimum
684 715 773 746 velut
800 715 940 754 experiri
965 720 1115 746 conatum
1134 712 1235 746 voluit
1257 715 1385 746 Grmcos‘
1401 715 1592 746 restituendi
1612 714 1781 746 catholica)

146 765 381 795 communioni
399 773 436 796 ac
456 766 541 802 fidei,
558 771 751 806 congregata
767 767 850 797 circa
866 766 982 797 Christi
1002 775 1123 797 annum
1149 767 1228 797 11ιῖιο
1249 776 1337 798 sacra
1364 768 1562 799 mcumenica
1592 767 1780 798 Florentina

147 817 292 854 synodo,
308 816 347 847 in
367 825 432 856 qua
448 824 530 848 nova
554 818 710 849 Ecclesiae
725 819 845 849 Graeca;
859 825 933 849 cum
952 818 1062 848 Latina
1080 820 1205 849 tandem
1228 824 1276 850 est
1300 821 1485 851 conciliatio
1509 821 1641 851 sancite.
1658 820 1780 850 Verum

150 870 186 896 et
199 867 241 896 ab
260 866 319 897 hac
336 876 450 897 rursus
468 867 634 908 plerisque
648 869 798 908 ’ἱρείη-(ιω
822 864 1062 904 resilientibus,
1081 868 1279 900 MahOmeles
1296 870 1322 900 ll
1336 893 1344 907 ,
1363 871 1526 901 Amuratis
1543 870 1683 901 secundi
1704 877 1781 899 suc-

148 925 264 946 cessor
290 920 320 946 et
346 917 432 948 [ilius
448 940 456 953 ,
474 918 789 957 Constantinopolim
814 918 842 948 vi
871 918 957 957 cepit
980 927 1066 949 anno
1089 918 1162 948 Chr.
1189 919 1278 955 11:53,
1294 924 1323 951 et
1346 921 1435 951 urbis
1459 925 1649 960 expugnata}
1678 920 1784 950 ruinis

147 967 274 997 obruto
292 967 506 999 Constantino
529 969 724 1008 imperatore
741 969 811 1007 ejus
826 968 976 999 nominis
1002 973 1113 998 octavo
1127 992 1135 1006 ,
1157 969 1409 1008 Palmologorum
1435 972 1611 1002 Andronici
1635 975 1783 1010 postero-

151 1024 230 1046 rum
247 1018 360 1048 ordine
377 1021 484 1055 sexto,
507 1018 593 1049 sorte
615 1018 742 1053 uilimo,
760 1018 933 1057 imperium
951 1017 1117 1048 Orientale
1134 1018 1286 1054 abolevit,
1308 1019 1476 1050 manifeste
1503 1021 1590 1051 ultus
1615 1021 1781 1051 rescissem

162 1076 181 1097 δ
207 1067 317 1097 Grazcis
341 1068 516 1098 secundam
541 1077 614 1099 cum
635 1068 757 1099 Latinis
774 1067 1020 1099 conventionem
1038 1069 1166 1106 publice
1180 1069 1291 1100 initam
1309 1069 1491 1105 Florentiae,
1505 1070 1588 1100 sicut
1603 1071 1639 1100 ad
1665 1070 1783 1108 prioris

161 1117 369 1147 violationem
391 1117 424 1147 in
443 1117 655 1156 Lugdunensi
670 1118 794 1148 coalita:
809 1116 946 1148 concilio
964 1117 1357 1158 vindicandamexcitatus
1369 1119 1526 1150 divinitus
1542 1119 1647 1151 fuerat
1662 1120 1695 1150 in
1714 1129 1783 1151 ma-

156 1171 266 1209 jorum
283 1170 354 1208 ejus
370 1169 458 1200 serie
473 1170 624 1200 continua
643 1174 727 1201 retro
744 1174 854 1200 sextus
870 1170 1071 1201 Otlomancs.

198 1221 236 1251 V.
252 1220 356 1259 Hujus
373 1220 445 1250 orbi
462 1220 613 1251 universo
631 1221 880 1252 luctUOsissimte
894 1221 1055 1259 tragtedite
1068 1221 1190 1260 primus
1202 1225 1289 1252 actus
1303 1222 1494 1262 Pachymere
1507 1223 1641 1255 docente
1659 1223 1689 1254 in
1706 1224 1777 1261 hac,

154 1269 251 1309 cujus
268 1271 364 1300 modo
380 1269 537 1308 siparium
556 1270 753 1306 reducimus,
771 1278 865 1300 scena
887 1269 974 1299 velut
993 1270 1129 1308 quadam
1155 1270 1289 1302 luditur.
1308 1273 1472 1311 Nusquam
1490 1272 1565 1303 alibi
1584 1272 1785 1312 principatus

158 1323 256 1354 istius
271 1327 371 1361 xupta;
390 1327 483 1359 δόξας,
499 1326 580 1358 vota,
602 1331 684 1358 orsa,
703 1321 859 1352 drstinala
872 1344 879 1358 ,
899 1321 1232 1352 machinamentorum
1252 1322 1404 1362 obliquos
1421 1323 1525 1354 ﬂexus
1537 1345 1546 1360 ,
1563 1323 1690 1354 fucosas
1712 1332 1786 1362 spc-

158 1374 225 1406 cies
237 1374 444 1410 obtentuum,
460 1377 635 1404 astutarum
653 1381 766 1404 arcana
783 1372 1009 1410 molitionum,
1029 1372 1117 1404 vafra
1137 1373 1313 1413 eademque
1321 1383 1411 1405 cassa
1425 1375 1616 1414 plerumque
1630 1384 1785 1407 successu

153 1427 278 1455 artium
299 1424 525 1455 illaudatarum
551 1427 744 1454 tentameata
764 1424 908 1463 reperias
918 1423 1232 1462 descriptacandide.
1245 1425 1396 1464 patefacta
1407 1425 1600 1465 simpliciter
1620 1434 1637 1456 a
1657 1426 1786 1456 conscio

157 1477 190 1502 et
216 1476 365 1512 autopta.
383 1473 533 1503 Summos
555 1473 650 1503 modo
676 1472 789 1502 barum
810 1472 917 1510 apices
940 1479 1047 1502 rerum
1073 1473 1241 1510 pervolans
1264 1474 1390 1511 stringit
1410 1474 1579 1513 Gregoras,
1594 1477 1786 1513 unus,quod

154 1523 262 1553 sciam
290 1523 373 1553 alius
385 1523 567 1553 Graecorum
588 1527 714 1562 tempus
735 1523 821 1553 istud
843 1525 992 1558 tractans,
1012 1521 1165 1562 idemque
1194 1531 1258 1553 non
1280 1524 1426 1554 omnium
1448 1524 1610 1564 inspector
1635 1533 1786 1564 praesens.

160 1575 284 1614 quippe
309 1575 425 1614 junior
442 1574 649 1614 Pachymere,
666 1583 725 1605 nec
756 1574 992 1613 comparandus
1022 1573 1099 1604 huic
1127 1573 1284 1612 dignitate
1308 1578 1338 1604 et
1370 1575 1474 1614 impar
1495 1575 1638 1614 judicio;
1655 1576 1790 1614 insuper

155 1625 269 1657 favore
287 1625 391 1656 nimio
405 1626 436 1655 in
452 1625 636 1664 partes-sibi
651 1624 746 1656 amici
762 1625 907 1656 Senioris
918 1625 1075 1655 adversus
1091 1624 1256 1654 Iuniorem
1272 1624 1431 1655 declarato
1443 1625 1789 1663 Andronicum,studio

160 1684 235 1714 erga
252 1676 453 1706 Barlaamuui
477 1674 723 1706 haeresiarcham
739 1697 746 1712 ,
765 1674 885 1706 invidia
909 1674 1060 1705 factionis
1097 1674 1350 1713 Acindynianze,
1372 1676 1465 1715 cujus
1488 1679 1556 1706 erat
1580 1676 1734 1714 signifer,
1754 1677 1791 1706 li-

153 1727 261 1758 centia
283 1727 478 1758 obtrectandi
499 1726 706 1766 principibus
721 1730 752 1758 et
768 1725 934 1757 monachis
946 1747 955 1762 ,
971 1725 1204 1757 indelebilibus
1233 1726 1380 1757 maledici
1397 1735 1432 1757 ac
1448 1727 1609 1758 mendacis
1631 1729 1669 1758 ab
1686 1728 1789 1766 ipsius

154 1777 275 1817 mquali
301 1777 518 1808 Cantaruzeno
541 1776 751 1815 stigmatibus
782 1775 869 1806 inuri
898 1774 1049 1812 meritus;
1068 1775 1209 1815 denique
1224 1783 1335 1814 parum
1355 1774 1449 1806 etiam
1465 1776 1683 1808 Cantacuzeno
1698 1777 1789 1807 defe-

155 1832 303 1862 rentium
325 1834 364 1862 et
396 1829 568 1861 liberorum
603 1829 694 1860 omni
724 1827 910 1868 praejudicio
936 1828 1090 1859 lectorum
1115 1835 1207 1867 inqua
1229 1828 1387 1858 sententia
1422 1827 1592 1866 notabilis,
1613 1829 1700 1868 quod
1727 1829 1790 1859 sibi

159 1882 275 1913 tamam
298 1883 384 1918 ﬁdei,
397 1889 470 1922 quas
488 1885 536 1912 est
552 1879 665 1912 anima
682 1879 835 1914 historim,
852 1887 917 1909 non
933 1879 1012 1909 satis
1027 1878 1166 1909 sollicite
1174 1878 1335 1910 sittuitus
1346 1880 1502 1911 adversus
1508 1880 1618 1919 justas
1627 1879 1792 1919 suspicio-

160 1943 221 1966 nes
237 1935 313 1974 styli
332 1935 501 1965 nﬁ'ectibus
516 1933 655 1964 obnoxii
672 1936 703 1964 et
717 1931 842 1972 ingenii
858 1931 994 1964 venalis.

207 1988 258 2018 Vl.
280 1986 418 2017 Unicum
437 1994 513 2025 ergo
529 1984 709 2016 Andronici
729 1987 1003 2015 actorum/testem
1019 1983 1124 2018 hunc,
1145 1983 1291 2023 prudens
1305 1984 1430 2018 Lector.
1449 1983 1531 2013 habe
1550 1983 1708 2014 idoneum
1732 1983 1792 2012 Pa-

162 2040 347 2078 chymerem
361 2050 370 2076 ;
384 2047 444 2070 nec
460 2043 563 2069 metue
576 2037 755 2076 perniciem
767 2046 840 2077 quae
854 2036 1220 2068 anarrationefelioium
1231 2037 1389 2067 scelerum
1402 2035 1537 2066 mvenda
1550 2036 1664 2067 merito
1679 2036 1789 2074 legen-

168 2094 253 2123 tibus
270 2092 506 2132 pcaeseribitur,
519 2100 563 2122 ne
577 2091 620 2121 ad
635 2090 855 2121 imitationem
880 2089 1029 2120 incautos
1045 2089 1212 2120 allectent.
1232 2088 1345 2128 Magna
1362 2087 1414 2118 hic
1431 2087 1609 2119 Andronici
1631 2087 1791 2123 senioris.

167 2143 220 2174 sed
235 2142 388 2173 vindictae
403 2141 486 2173 acris
502 2150 565 2172 nec
580 2141 688 2172 dilatae
705 2139 855 2180 praesenti
874 2138 963 2169 velut
983 2139 1147 2175 antidoto,
1165 2138 1256 2169 nullo
1268 2139 1331 2177 jam
1342 2137 1493 2177 .periculo
1508 2139 1790 2179 cognoscentium,

162 2193 302 2224 crimina
321 2192 518 2231 produntur.
533 2191 712 2222 Exhibetur
727 2191 754 2221 is
773 2189 974 2228 fmdifragus,
991 2189 1168 2229 perduellis
1182 2188 1299 2221 Christi
1315 2189 1451 2225 vicario,
1467 2194 1658 2225 contumax,
1675 2193 1793 2221 contu-

167 2244 339 2279 meliosus,
356 2241 599 2281 ingratissimus
615 2241 767 2272 Ecclesiaa
783 2241 969 2280 apostolicae
984 2242 1136 2271 Romana
1155 2250 1162 2270 :
1179 2240 1235 2270 sed
1260 2245 1292 2270 et
1310 2241 1472 2272 continuo
1499 2241 1587 2272 idem
1607 2240 1794 2271 ostenditur

170 2294 496 2334 imprudentissimus
510 2294 541 2324 in
554 2293 644 2324 omni
654 2293 804 2330 consilio,
818 2292 1064 2323 infelicissimus
1080 2291 1114 2322 in
1131 2291 1219 2322 omni
1237 2295 1357 2329 coepto;
1375 2292 1456 2322 nulli
1470 2293 1617 2331 quamvis
1629 2292 1794 2325 imbecilto

167 2356 235 2379 non
248 2348 466 2379 succumbens
485 2346 580 2384 hosti,
594 2346 674 2377 nulli
687 2354 754 2377 non
772 2345 948 2376 ludibrium
974 2344 1134 2376 adversari
1150 2351 1228 2374 auso
1241 2343 1387 2383 prmbcns
1400 2365 1408 2379 ,
1426 2344 1562 2384 impune
1576 2353 1705 2384 semper
1720 2353 1797 2376 oon-

166 2402 322 2436 .temptus,
337 2405 413 2428 cum
425 2395 515 2427 lucro
528 2396 668 2432 irrisus;
689 2395 782 2434 cujus
798 2395 894 2425 mium
909 2393 1036 2425 nullum
1054 2394 1192 2433 pondus,
1205 2393 1326 2423 nullam
1340 2394 1551 2425 constantiam
1564 2395 1702 2431 decreta,
1720 2397 1795 2427 nut-

168 2450 231 2480 iam
247 2450 339 2480 ﬁdem
365 2449 480 2484 verba,
501 2447 626 2478 nullum
643 2445 803 2477 desideria
827 2453 1011 2476 successum
1033 2445 1223 2480 habuerint;
1243 2444 1355 2475 umbra
1371 2444 1586 2484 imperatoris,
1605 2447 1691 2478 larva
1706 2447 1797 2487 prin-

166 2501 261 2540 cipis,
277 2508 400 2539 scopus
421 2499 516 2530 sortis
533 2499 694 2536 adversas,
713 2498 875 2529 fecundus
888 2497 923 2528 in
942 2505 1037 2528 suum
1055 2497 1194 2528 dedecus
1210 2503 1246 2526 ac
1272 2495 1443 2534 damnum,
1462 2497 1627 2537 longaevus
1653 2500 1690 2531 ad
1721 2509 1795 2540 per-

171 2552 359 2591 petuitatem
379 2550 538 2587 miseriae;
554 2550 715 2589 denique,
732 2559 749 2581 a
769 2558 833 2589 quo
852 2548 1095 2580 inclinationem
1117 2548 1261 2580 ultimam
1282 2549 1320 2580 ad
1338 2550 1474 2581 exitium
1506 2549 1715 2590 irreparabile
1743 2550 1798 2580 in-

169 2606 254 2642 clyto
265 2606 380 2635 decem
397 2603 524 2633 saeculis
542 2611 631 2634 novae
649 2603 758 2634 Romae
774 2601 914 2641 imperio
931 2601 1035 2631 datam
1051 2599 1158 2631 omnis
1172 2602 1245 2640 jure
1265 2602 1438 2642 deplorans
1454 2604 1485 2632 et
1501 2602 1662 2633 detestans
1690 2606 1795 2640 poste-

169 2655 242 2686 ritas
259 2656 432 2694 queretur.
447 2652 670 2689 Haac,candide
689 2654 812 2689 Lector,
825 2656 1036 2682 occurrerunt
1052 2660 1125 2690 quae
1143 2651 1175 2682 in
1195 2652 1256 2683 hoc
1274 2652 1329 2684 tibi
1343 2652 1458 2683 limine
1477 2652 1638 2692 praefarer.
1657 2653 1733 2683 Nam
1756 2652 1796 2682 de

171 2714 237 2737 mea
261 2703 500 2742 interpretandi
518 2703 660 2739 ratione,
676 2704 715 2735 de
732 2702 846 2734 ordine
869 2710 906 2733 ac
927 2701 1078 2732 methodo
1096 2702 1228 2734 notandi
1247 2704 1357 2736 eadem
1382 2712 1454 2743 quae
1484 2704 1518 2735 in
1545 2695 1649 2735 fron'te
1676 2702 1796 2742 prioris

169 2756 267 2796 partis
282 2754 455 2789 admonui,
473 2753 558 2784 dicta
578 2753 629 2785 hic
643 2762 775 2794 quoque
794 2753 891 2784 velim
915 2751 1070 2792 intelligi.
1085 2754 1175 2785 Vale.

206 2806 397 2840 Scribebam
412 2805 521 2836 Remis
536 2804 638 2845 pridie
655 2805 729 2836 ldus
748 2803 1000 2842 Januarii_anno
1015 2803 1133 2834 Christi
1155 2805 1244 2836 1668.
