1921 3071
94 98 127 131 ιο
577 144 581 149 ὓ
692 107 855 139 GEORGII
876 110 1115 144 PACHYMER/E
1684 119 1720 151 ‘20

94 157 184 211 αὑτοῦ*
201 157 269 211 θεία.
322 158 439 211 Εὑλογία
457 159 568 211 βουλὰς.
580 162 729 211 εἰσαγουσα
755 165 881 199 πιθανὰς,
895 165 918 200 Α
934 167 1025 202 iam;
1040 169 1145 197 καὶτοῦ
1155 171 1224 198 κατὰ
1237 172 1285 208 τὴν
1295 173 1406 209 Μαρίαν
1416 175 1570 209 συμϐάντος
1584 175 1614 202 τὸ
1630 176 1718 211 ἔχθος,

94 204 142 236 καὶ
157 203 190 230 τὰ
209 204 294 231 πολλὰ
310 206 511 240 κατεπείγουσα
525 207 573 234 καὶ
586 208 674 240 ἄλλως
695 217 883 246 παρακεκινη-

95 249 177 284 μένον
193 249 222 282 ὲξ
239 250 337 276 ἑαυτοῦ
358 251 403 277 τὺν
417 252 569 287 κρατοῦντα
583 253 616 279 τὰ
634 254 698 289 χθὲς
709 255 753 281 καὶ
765 255 818 290 πρὸ
826 256 884 291 τρί-

93 304 144 329 της
157 295 359 330 ἀναλαμϐάνειν
370 297 417 323 καὶ
429 299 485 329 τοῖς
496 299 668 338 σχιζομένοις
676 300 882 334 ἀπολογεῖσθαι,

94 341 132 372 ὡς
146 341 222 376 παρὰ
234 341 347 376 γνώμην
359 342 397 376 τῷ
411 344 494 378 πατρὶ
512 344 667 378 συμπράξοι
688 344 735 370 καὶ
749 345 786 376 ὡς
797 354 881 372 κειτα-

94 386 172 421 γνοίη
181 387 230 422 τῆς
244 388 380 422 πράξεως,
396 387 432 420 ὼ,
446 388 491 415 ὑπ’
503 390 595 421 αὐτοῖς
608 391 667 417 ὅλον
683 391 820 425 γενέσθαι,
833 393 884 418 κᾶν

95 439 122 457 τι
137 432 265 458 δικαιιιῖεν
281 433 381 463 ἐκεῖ-,οι
409 433 507 460 παθεῖν
521 434 613 467 αὑτὸν,
641 435 758 471 ἑτοίμως
772 436 883 471 ὑπέχειν

95 477 145 508 τὰς
160 477 237 509 δίκας
251 477 289 509 ὡς
307 479 519 514 ἁμαρτήσαντα.
537 480 592 507 Καὶ
605 480 643 515 τῷ
661 481 710 519 μὲν
723 481 810 514 οὕτως
828 482 884 508 ὲδό-

96 533 150 556 κει,
186 525 393 561 ὑποποιουμένῳ
415 527 464 563 τὰς
487 527 599 562 γνώμας
623 528 677 555 τῶν
706 529 883 564 σχιζομένων,

96 571 191 605 ὥσπερ
208 571 240 597 ἃν
254 572 278 598 εί
292 572 478 606 ἀνερῤωγότος
492 573 604 608 βοθύνου
615 573 780 608 ἐξαπιναίως
792 575 884 602 πεσὼν

97 616 190 651 ἐζήτει
207 616 273 651 παρ’
297 616 408 643 ἐκείνων
432 617 680 652 ἀναλαμϐάνεσθαι.
707 620 740 646 ΛΞ
765 620 819 656 γὰρ
840 621 885 648 διὰ

97 663 119 689 Χ
124 663 337 698 ρυσοϐουλλείων
352 663 440 697 λόγων
461 663 566 695 πίστεις
582 664 629 691 καὶ
638 665 665 690 ot
677 665 705 690 ἐν
727 666 818 697 αὐτοῖς
837 666 884 701 ὄρ-

96 718 151 741 κοι,
161 709 206 735 καὶ
222 709 262 736 ὄπ’
273 709 340 736 ἅττα
356 709 522 744 ξυμὸεῦήκει
532 711 587 742 τοῖς
601 711 799 745 βασιλεύουσιν,
810 712 885 748 αὺτῷ

96 755 218 790 δηλονότι
243 757 290 782 καὶ
317 756 356 791 τῷ
385 757 479 791 πατρὶ,
506 757 547 788 εις
574 757 625 792 τὴν
648 757 698 791 τῆς
711 757 884 793 τελεσθείσης

98 802 209 836 ιῑρρὴνης
222 801 380 836 βεϐαίωσιν,
390 802 441 828 οὐκ
448 802 577 834 ἀπεοικὸς
591 802 660 836 πρὸς
672 802 800 837 βοθύνους
811 793 884 838 ἔχειν

100 835 305 882 κάὶνφᾶράγγας
317 847 381 883 παρ’
395 847 479 882 αὐτῷ,
495 845 536 878 οἷς
552 847 651 882 ὀλισθῳ
668 835 781 883 ﬁt“;
797 835 884 882 ἔφη,
900 835 922 864 Β

100 893 156 918 σεῖν
171 891 250 928 ᾤετο.
280 894 311 919 Οἱ
326 893 354 919 δέ
369 901 400 926 γε
419 894 489 927 πρδς
515 892 596 920 τοῦτο
619 894 836 928 παρακινοῦντες
851 894 883 928 (ἡ

99 936 218 970 Εὑλογία
243 934 316 965 οὗτοι
331 938 378 964 καὶ
391 939 405 964 ὁ
427 937 580 970 Μουξάλων
595 937 749 974 Θεόδωρος)
765 938 886 973 ἐῴκεσαν

101 984 152 1019 μὲν
166 984 212 1010 καὶ
227 985 397 1018 κινουμένοις
411 984 450 1015 είς
461 984 542 1018 ζῆλον
553 984 596 1011 διὰ
610 984 643 1012 τὰ
656 984 825 1020 πραχθέντα,
839 983 885 1014 καί

100 1037 132 1063 γε
149 1028 292 1064 ζητοῦντες
306 1029 354 1065 τὴν
368 1029 418 1064 τῆς
433 1029 597 1062 Ἐκκλησίας
624 1030 792 1057 κατάστασιν
807 1038 886 1057 κατε-

101 1075 238 1112 φαίνοντο,
259 1075 368 1102 ὲδόιοουν
381 1075 409 1101 δὲ
425 1077 482 1107 τοῖς
494 1076 602 1114 πολλοῖς
621 1076 886 1111 προκατειλημμένοι

101 1119 151 1152 τὰς
165 1118 279 1154 γνώμας
290 1120 416 1146 καὶκατὰ
429 1120 477 1146 τοῦ
491 1121 672 1156 ἀποιχομένου
691 1121 833 1156 μηνίοντες
845 1119 886 1158 οἷς

102 1163 144 1189 ὅτι
163 1164 178 1199 ἡ
197 1164 246 1197 μὲν
260 1164 300 1195 είς
315 1164 346 1190 τὸ
362 1164 409 1190 τοῦ
424 1164 504 1198 ἁγίου
520 1165 671 1200 Γρηγορὶου
685 1165 814 1202 φρούριον
825 1167 888 1193 σύν-

103 1216 164 1242 αμα
177 1209 252 1234 παιδὶ.
269 1210 301 1244 τῇ
313 1208 360 1235 τοῦ
386 1209 481 1236 Ῥαοὺλ
494 1211 606 1244 γυναικὶ
629 1211 786 1250 ὲξωρίζετο,
803 1212 887 1238 ὲπαὺ-

104 1305 158 1332 que
174 1306 282 1335 urgens.
295 1307 350 1334 quo
360 1300 441 1328 etiam
454 1308 502 1336 per
519 1309 547 1329 se
558 1301 630 1329 ultro
647 1300 704 1338 ipse
717 1302 888 1332 Andronicus

105 1344 303 1378 propendebat,
330 1351 359 1372 ut
385 1354 553 1381 quacunque
581 1355 668 1382 nuper
693 1355 764 1375 elrca
793 1356 888 1383 pacem

105 1388 288 1418 Ecclesiarum
327 1394 520 1421 convenissent
554 1395 722 1422 rescinderet
758 1395 890 1431 irritaque

104 1436 242 1468 redderet,
262 1439 392 1472 promens
406 1447 435 1466 se
450 1440 564 1467 invitum
579 1440 664 1476 patris
677 1443 840 1469 auctoritate
854 1442 889 1469 ad

933 213 967 248 ἢν
983 214 1120 250 θυγατέρα
1146 218 1247 252 ταύτης
1275 219 1323 246 καὶ
1358 219 1522 253 Βουλγάρων
1545 221 1691 249 δέσποιναν
1707 223 1721 250 ὁ

933 258 1011 293 λόγος
1041 262 1215 298 προύδείκνυ,
1244 265 1258 290 ὁ
1277 264 1305 290 δὲ
1325 264 1422 300 ζηλοῦν
1447 265 1526 303 δόξας
1542 267 1589 296 καὶ
1617 267 1668 302 τὴν
1681 268 1722 299 είς

939 305 1057 337 Ἰταλοὺς
1077 308 1225 342 πρεσϐείαν
1241 309 1460 344 ἀποποιούμενος
1482 311 1522 339 ἑνί
1532 319 1564 345 γε
1584 312 1632 339 καὶ
1647 312 1722 347 μόνῳ

933 352 973 382 εἰς
999 352 1135 389 τιμωρίαν
1163 353 1283 389 ἀλλακτῇ
1309 355 1348 389 τῷ
1382 356 1545 392 αὑταδέλφῳ
1584 358 1722 393 ἐχρήσατο

933 397 1027 423 Λέοντι
1043 398 1091 428 τὰς
1104 398 1237 433 ἐπιφορὰς
1249 399 1304 426 τῶν
1316 400 1421 434 ῥάϐδων
1437 401 1592 436 δεχόμενος.
1607 402 1721 438 Σύναμα

933 441 955 467 δ’
967 442 1051 476 ἄμφω
1067 442 1115 474 τὰς
1128 443 1218 475 αἰτίας
1230 444 1297 479 πρὸς
1310 444 1355 471 τὸν
1369 447 1590 482 πατριαρχοΰντα
1602 448 1718 482 ἀνάγον.

934 496 991 522 τες,
1002 487 1087 515 δεινὴν
1102 488 1162 515 κατ’
1176 489 1278 516 ἐκείνου
1292 491 1330 522 ὡς
1342 491 1468 525 δόξαντος
1481 493 1531 528 τὴν
1543 494 1635 521 αἰτίαν
1646 495 1720 529 είλη-

934 533 1015 566 φέναι
1030 532 1079 568 τῆς
1092 533 1135 560 έπ“
1147 534 1270 566 ἐκείνους
1283 535 1506 572 ἀγανακτήσεως.

935 612 970 646 γ’.
988 613 1088 646 ’Ὅπως
1106 614 1123 640 ὁ
1134 613 1289 652 ,βιζᾳιλεὺς
1305 615 1358 642 τὸν
1379 616 1493 646 Βέκπον
1515 617 1595 652 ἀφίει
1613 618 1662 645 καὶ
1680 617 1722 652 τῷ

1169 648 1278 684 Ἰωσὴφ
1297 653 1500 684 προσετίθετο.

971 715 1016 751 [Ρ.
1031 715 1059 751 7]
1079 716 1122 747 Ὠς
1137 716 1202 751 γοῦν
1225 718 1242 753 ἡ
1263 718 1318 747 τῶν
1341 718 1459 752 Χριστοῦ
1473 719 1619 747 Γενεθλίων
1633 728 1722 756 προσ-

935 761 1049 796 ¹ίιλαυνεν
1066 762 1161 797 ἑορτὴ,
1177 763 1224 789 καὶ
1249 763 1303 790 ἔδει
1318 763 1378 798 μὲν,
1394 764 1433 796 ὡς
1452 764 1564 797 εἷθιστο,
1580 765 1722 801 προελθεῖν

937 807 1060 843 βασιλέα,
1088 808 1142 835 ἔδει
1158 808 1188 836 δὲ
1217 809 1264 836 καὶ
1293 809 1343 845 τὴν
1361 810 1496 846 μυστικὴν
1513 810 1544 837 ὲν
1561 811 1721 846 ἀνακτόροις

937 854 1092 888 ἱερουργίαν
1116 853 1264 886 τελεῖσθαι,
1281 856 1335 887 καὶ
1359 856 1376 890 ἠ
1392 855 1441 890 μὲν
1464 856 1626 892 προέλευσις
1647 857 1722 884 κατὰ

936 898 1033 933 δεῖγμα
1056 899 1155 934 λύπης,
1173 901 1248 929 κάτω
1264 909 1318 927 που
1333 900 1381 928 τοῦ
1400 901 1533 936 βασιλέως
1563 903 1722 937 ἱσταμένου,

935 944 986 972 οὐκ
1003 944 1135 978 ἐγεγόνει,
1151 945 1186 972 τὰ
1199 945 1228 971 δὲ
1239 946 1288 979 τῆς
1303 947 1438 982 μυστικῆς
1456 947 1609 983 ἱερουργίας
1627 947 1721 982 ἡπρά-

936 997 1007 1022 κτει,
1025 991 1061 1024 μή
1078 999 1137 1021 πως
1152 991 1200 1017 καὶ
1218 991 1233 1018 ὁ
1248 993 1286 1022 είς
1303 992 1479 1027 πατριάρχην
1496 993 1536 1020 ἔτι
1549 994 1632 1020 τελῶν
1654 1002 1726 1029 μνη-

938 1034 1088 1071 μονεύοιτο.
1104 1036 1137 1061 '0
1157 1035 1189 1069 δὴ
1213 1036 1334 1062 κάκεῖνοι
1348 1037 1397 1071 μὲν
1410 1037 1538 1065 ὲπείλυον
1550 1039 1620 1069 τέως
1633 1038 1722 1069 αίτίας

937 1081 1131 1115 πλαττόμενοι,
1148 1081 1222 1115 δῆλοι
1246 1083 1269 1108 δ’
1285 1079 1356 1117 ἦσαν
1370 1083 1460 1119 ἄλλοις
1475 1084 1511 1110 τὰ
1524 1084 1561 1118 μὴ
1574 1084 1639 1110 ὄντα
1655 1093 1723 1119 τρυ-

938 1128 1126 1163 φασιζόμενοι.
1150 1127 1182 1155 Ἦ
1197 1128 1250 1163 γὰρ
1269 1129 1386 1163 Εὐλογία
1398 1129 1473 1165 νόμῳ
1485 1130 1534 1166 μὲν
1551 1130 1723 1165 συμπαθείας

938 1173 1046 1209 ἐθρήνει
1064 1173 1108 1203 τὸν
1124 1175 1316 1209 ἀποιχόμενον,
1331 1175 1362 1201 τὺ
1372 1175 1401 1201 δὲ
1413 1174 1493 1201 πλέον
1507 1175 1615 1210 θρηνεῖν
1635 1184 1722 1210 προσ-

937 1220 1057 1246 εποιεῖτο
1070 1219 1121 1256 τὴν
1134 1219 1181 1246 τοῦ
1193 1219 1308 1254 ἀδελ.φοῦ
1319 1220 1363 1248 διὰ
1375 1220 1404 1247 τὸ
1416 1219 1480 1255 χθὲς
1494 1220 1604 1255 γεγονὸς
1620 1220 1723 1253 ἐξαπώ-

938 1314 1013 1334 mum
1028 1307 1202 1342 perturbata,
1217 1310 1247 1333 ut
1261 1306 1379 1339 aiebant,
1394 1306 1438 1334 bis
1451 1307 1617 1335 novitatibus
1632 1307 1724 1335 Eccle-

939 1353 997 1386 siae,
1015 1361 1071 1381 non
1083 1353 1193 1383 fallebat
1206 1359 1295 1382 tamen
1309 1353 1452 1388 plerosque
1469 1361 1558 1380 rerum
1572 1358 1723 1381 transacta-

939 1407 1000 1427 rum
1017 1407 1153 1428 memores
1169 1405 1196 1427 et
1212 1399 1360 1434 prudentes
1378 1400 1559 1428 aestimatores
1582 1401 1721 1428 actionum

940 1447 1131 1479 humanarum,
1147 1445 1288 1482 indulgere
1304 1446 1332 1475 in
1347 1446 1398 1474 hoc
1410 1451 1554 1479 utrumque
1566 1446 1662 1474 horum
1675 1446 1722 1474 ira:

105 1491 136 1510 03
157 1484 297 1519 DI'Obandﬂ
323 1489 436 1513 ιτπῑυω
454 1494 528 1515 nunc
550 1487 679 1519 damnare
701 1488 888 1524 infectumque
902 1501 923 1529 ο
940 1493 1057 1528 odioque
1072 1493 1100 1520 in
1114 1498 1251 1521 mortuum
1264 1492 1413 1528 Augustum
1428 1493 1554 1528 propriis,
1566 1493 1642 1528 cujus
1654 1493 1722 1520 actis

104 1531 174 1559 velle
191 1532 262 1565 quod
284 1539 426 1567 perperam
442 1533 552 1568 egisset,
569 1538 652 1569 atque
675 1534 745 1562 adeo
761 1534 890 1562 Ecclesiae

106 1577 268 1612 proceribus
281 1578 326 1613 qui
347 1579 484 1609 contraria
511 1579 646 1611 sentirent
662 1580 840 1614 pmnitenlem
860 1588 890 1608 se

105 1623 252 1658 subjicere,
276 1624 459 1659 exhibereque
482 1630 606 1659 paratum
629 1626 662 1653 ad
684 1634 779 1660 pteuas
794 1634 890 1654 omnes

106 1669 263 1698 subeundas
275 1678 452 1706 quascunque
465 1671 491 1698 in
503 1671 683 1706 expiationem
694 1673 759 1699 tanti
769 1672 892 1700 criminis

106 1718 283 1752 pra-scribere
313 1718 364 1753 ipsi
390 1718 550 1746 voluissent.
566 1718 596 1745 ln
618 1719 689 1746 hanc
714 1718 760 1745 ille
783 1723 891 1745 senten-

107 1764 172 1795 tiam
201 1764 345 1796 concessit,
357 1765 502 1799 statimque
526 1772 668 1800 aggressus
689 1764 891 1793 adversantium

108 1809 169 1846 paci
180 1809 296 1836 delinire
312 1809 433 1837 infensas
447 1809 473 1836 in
488 1817 518 1837 se
534 1810 698 1844 voluntates,
713 1811 836 1846 allegavit
851 1812 892 1839 eis

108 1856 329 1884 asscntabundus
343 1860 369 1883 et
382 1857 496 1891 supplex
508 1865 568 1885 esse
579 1866 628 1885 cur
640 1858 813 1886 miseratione
825 1858 891 1894 ipsis

107 1907 136 1930 et
152 1902 231 1929 venia
251 1902 405 1937 dignaudus
424 1902 510 1930 videri
535 1909 627 1938 posset
646 1911 712 1932 suus
728 1904 830 1939 lapsus,
846 1905 892 1938 qui

108 1956 164 1975 non
181 1953 234 1976 tam
256 1949 351 1976 volens
367 1953 412 1976 aut
429 1950 566 1976 sustinere
580 1957 640 1978 sese
658 1950 751 1977 valens
775 1951 892 1978 cecidis-

109 2000 163 2028 set,
181 2002 262 2029 quam
280 1995 440 2023 subsidente
459 1996 587 2023 deorsum
603 1997 749 2030 absorptus
771 1996 796 2023 in
822 2004 893 2030 prae-

109 2050 174 2076 Ceps
199 2047 269 2069 terra
287 2043 414 2078 voragine
436 2043 554 2078 quadam
581 2043 694 2071 haustus
718 2048 801 2071 esset.
825 2043 891 2070 Nam

111 2088 192 2116 ﬁdem
211 2095 288 2122 papa:
301 2089 391 2115 datam
408 2088 600 2122 diplomatibus
612 2090 701 2116 Aurea
716 2088 791 2116 Bulla
804 2088 894 2116 muni-

111 2135 156 2167 tis,
178 2135 278 2168 quibus
307 2135 480 2162 subscribere
504 2140 565 2169 post
591 2138 695 2169 patrem
725 2135 894 2170 nequivisset

110 2183 169 2216 ipse
185 2189 322 2212 recusare,
338 2185 394 2207 tum
406 2181 558 2215 iuramenta
571 2181 631 2208 istis
645 2181 749 2212 addita,
770 2181 821 2216 15
839 2189 893 2208 ete-

111 2233 222 2262 teraque
237 2231 295 2254 acta
312 2228 383 2254 circa
400 2227 451 2254 hoc
467 2226 605 2262 negotium
622 2227 697 2261 pacis
712 2227 892 2259 Ecclesiarum

111 2276 183 2301 utrin
196 2282 240 2309 lue
261 2274 435 2301 solemnitate
451 2277 524 2300 tanta
542 2272 696 2307 stipulam,
715 2281 779 2300 num
803 2274 893 2300 minus

112 2321 313 2348 ineluctabilem
337 2325 464 2355 putarent
487 2320 614 2348 habuisse
633 2320 666 2347 ad
684 2327 714 2347 se
734 2320 894 2354 pertrahen-

110 2368 175 2394 dum
195 2367 249 2394 vim
272 2374 354 2401 quam
380 2366 471 2394 subito
492 2374 556 2393 casu
585 2366 727 2393 dehiscens
750 2366 837 2392 solum
861 2365 895 2392 ad

112 2414 236 2448 quamvis
259 2413 369 2444 molem,
385 2420 445 2446 quin
463 2420 543 2446 supra
558 2412 684 2444 steterit,
702 2412 780 2438 ruina
797 2411 894 2438 tristis.

114 2462 183 2488 sima
199 2459 392 2488 sternendam?
407 2459 581 2494 Ignoscerem
596 2458 677 2494 igitur
690 2465 741 2494 pro
755 2458 893 2485 communi

114 2507 294 2537 humanitate,
311 2513 342 2533 ae
366 2504 565 2533 sublevandum
582 2504 662 2531 venia
687 2507 832 2532 censerent
854 2511 894 2534 se,

114 2562 168 2582 non
185 2559 238 2581 tam
254 2552 411 2580 inﬁrmitate
424 2551 581 2587 prolapsum
591 2551 702 2586 propria
713 2559 793 2585 quam
806 2550 896 2578 aliena

114 2599 302 2636 propulsione.
319 2599 362 2626 cui
373 2599 507 2626 resistere
521 2598 592 2625 haud
613 2597 742 2632 potuerit,
760 2597 894 2632 deiectum

113 2649 142 2674 in
155 2645 320 2674 I‘oveam.Ad
337 2645 408 2672 hanc
423 2644 596 2671 Andronicus
612 2642 772 2678 proﬁtendae
784 2647 896 2677 prater-

113 2694 213 2721 itorum
230 2692 397 2728 pmnitentia:
422 2691 602 2718 humilitatem
624 2690 777 2722 descendit,
803 2694 897 2717 aucto-

113 2741 190 2768 ribus
211 2740 327 2767 maxime
345 2738 456 2773 Eulogia
476 2741 504 2764 et
519 2737 663 2764 Theodoro
676 2735 834 2767 Muzalone;
850 2735 897 2770 qui

113 2785 238 2820 quamvis
253 2792 308 2819 pne
319 2791 349 2811 se
361 2783 487 2811 ferebant
500 2782 608 2809 incitari
624 2789 654 2808 se
670 2782 703 2808 ad
715 2789 746 2808 ea
760 2781 898 2809 suadenda

116 2833 172 2859 zelo
183 2831 321 2867 religionis
333 2835 360 2859 et
379 2829 470 2859 studio
493 2827 657 2864 reponendze
671 2827 698 2854 in
712 2831 813 2855 statum
829 2826 898 2862 opti-

941 1539 1130 1566 reseindendis
1141 1543 1168 1566 et
1183 1539 1312 1566 memoria
1323 1537 1448 1567 fuadanda
1461 1538 1555 1566 ulcisci
1567 1538 1721 1571 studebant,

940 1585 1053 1620 Eulogia
1068 1585 1179 1619 quidem
1200 1585 1322 1612 exsilium
1337 1584 1409 1620 quod
1430 1585 1489 1619 ejus
1503 1584 1580 1618 jussu
1604 1584 1724 1618 pertule-

940 1636 994 1663 rat,
1004 1631 1031 1658 in
1041 1638 1130 1658 arcem
1143 1629 1234 1658 Sancti
1246 1630 1366 1665 Gregorii
1382 1629 1416 1657 ab
1430 1630 1474 1657 illo
1488 1637 1548 1656 eum
1563 1629 1616 1656 tilia
1631 1629 1724 1656 Baulis

942 1685 1026 1705 uxore
1043 1677 1161 1711 relegata
1172 1697 1178 1708 .
1193 1682 1378 1712 praetereaque
1396 1675 1560 1711 eiectionem
1581 1675 1671 1702 Mariae
1686 1676 1726 1702 al-

944 1724 1027 1752 terius
1040 1723 1100 1751 lilia:
1112 1731 1127 1750 e
1140 1730 1221 1758 regno
1234 1722 1374 1758 Bulgaria,
1389 1722 1548 1750 Theodorus
1559 1729 1624 1749 vero
1635 1720 1727 1748 Muta—

943 1769 987 1796 lou
1003 1773 1077 1795 atrox
1094 1768 1307 1804 probrosumque
1322 1767 1483 1802 supplicium
1498 1765 1632 1800 fustuarii,
1652 1765 1725 1800 quod

943 1813 993 1841 sub
1008 1813 1095 1841 oculis
1113 1813 1270 1848 imperantis
1283 1813 1422 1840 Michaelis
1433 1813 1524 1841 fratri
1536 1812 1633 1840 Leonis
1642 1819 1724 1838 manu

943 1861 1094 1895 pertulerat
1107 1861 1134 1887 in
1154 1867 1261 1894 poenam
1275 1864 1405 1887 recusatae
1420 1859 1453 1886 ad
1468 1859 1549 1887 Italos
1571 1857 1725 1893 legationis.

942 1909 1077 1934 Larterum
1092 1905 1172 1932 atnbo
1191 1905 1217 1931 in
1234 1905 1416 1940 patriareham
1435 1904 1506 1932 haud
1527 1904 1609 1931 dubie
1630 1903 1725 1932 freme-

944 1951 1023 1982 bant,
1043 1951 1122 1986 eique
1135 1952 1191 1985 jam
1213 1959 1267 1978 non
1282 1950 1489 1978 dissimulanter
1503 1950 1619 1977 exitium
1634 1950 1725 1975 mina-

943 1998 1051 2030 bantur,
1065 2001 1204 2024 auctorem
1227 2004 1289 2023 cum
1305 1996 1355 2023 sibi
1373 1996 1492 2023 ferentes
1515 1996 1647 2022 malorum
1668 2002 1727 2021 om-

945 2045 1020 2071 nium
1038 2051 1097 2079 qua:
1108 2051 1140 2071 ex
1151 2042 1215 2071 odio
1227 2042 1255 2070 in
1270 2042 1344 2077 ipsos
1356 2041 1470 2078 Augusti
1487 2040 1608 2068 defuncti
1626 2040 1727 2068 redun-

944 2091 1064 2119 (lassent.

907 2168 933 2197 ι)
946 2159 973 2186 3.
996 2158 1028 2185 Ut
1041 2158 1184 2193 imperator
1195 2157 1274 2184 Vecco
1283 2156 1391 2190 dimisso
1403 2154 1550 2190 seinseplio
1561 2155 1726 2190 adjuuxeril.

978 2226 1062 2262 Igitur
1071 2226 1245 2253 illucescente
1254 2224 1442 2252 anniversaria
1451 2224 1495 2251 die
1507 2223 1608 2251 Christi
1622 2223 1727 2250 Domini

944 2273 1044 2304 Natali.
1062 2280 1123 2300 cum
1146 2272 1193 2299 illo
1217 2271 1286 2299 festo
1311 2271 1345 2298 de
1368 2278 1443 2297 more
1458 2273 1597 2304 oporteret
1620 2269 1728 2304 prodire

945 2319 1095 2354 Augustum
1109 2322 1136 2345 et
1151 2317 1293 2352 mysticum
1306 2316 1468 2343 sacriﬁcium
1482 2315 1508 2342 in
1522 2316 1575 2351 ιθ
1584 2323 1659 2343 sacra
1670 2316 1728 2342 aede

945 2363 1063 2398 palatina
1080 2363 1132 2390 ritu
1149 2361 1262 2389 solemni
1279 2361 1421 2392 celebrari,
1435 2365 1564 2388 neutrum
1579 2360 1675 2387 horum
1689 2365 1730 2386 est

945 2409 1058 2437 factum.
1075 2409 1114 2436 Ae
1136 2408 1223 2435 exitus
1242 2407 1350 2441 quidem
1367 2406 1448 2433 domo
1468 2410 1496 2433 et
1519 2413 1679 2440 progressus
1703 2405 1729 2430 in

947 2454 1084 2490 publicum
1103 2454 1149 2480 tali
1165 2453 1210 2480 die
1225 2452 1318 2480 omissi
1340 2451 1374 2478 ab
1392 2451 1514 2486 Augusto
1538 2457 1619 2477 causa
1636 2453 1730 2475 utcun-

946 2510 999 2538 que
1015 2501 1166 2536 plausibilis
1179 2500 1318 2528 ferebatur
1334 2499 1423 2527 luctus
1436 2499 1496 2533 ejus
1511 2505 1544 2524 ex
1561 2497 1664 2523 recenti
1681 2490 1730 2531 pa-

947 2548 996 2576 tris
1009 2552 1107 2580 mortc,
1130 2547 1165 2574 ob
1190 2554 1271 2581 quam
1293 2545 1383 2572 adhue
1408 2548 1599 2572 consternatus
1625 2542 1731 2570 sederet

948 2602 1067 2623 mterens
1080 2598 1107 2621 et
1121 2594 1189 2621 lueis
1205 2593 1322 2629 fugitans
1332 2593 1393 2619 imis
1406 2593 1431 2619 in
1447 2590 1623 2619 conclavibus
1635 2590 1733 2616 domus
1751 2611 1754 2615 .

947 2641 1084 2675 Augustae.
1101 2639 1213 2667 Omissa:
1228 2639 1347 2674 mystica:
1360 2636 1505 2665 oblationis
1517 2644 1579 2663 vera
1589 2640 1648 2663 erat
1665 2635 1735 2663 ratio

949 2686 1099 2722 (utcunque
1116 2685 1187 2712 illam
1206 2686 1223 2712 ii
1237 2692 1305 2720 quos
1314 2683 1424 2719 petebat
1437 2682 1570 2717 suspicio,
1583 2681 1733 2716 negabant,

949 2739 1035 2759 vanos
1058 2731 1126 2758 alios
1147 2730 1386 2758 comminiscentes
1405 2727 1576 2763 praetextas),
1595 2733 1670 2755 vera.
1692 2725 1735 2752 iu-

950 2785 1043 2810 quam,
1063 2782 1122 2805 erat
1144 2777 1224 2809 ratio,
1238 2783 1271 2803 ne
1293 2775 1464 2810 patriarchae,
1480 2781 1562 2809 quem
1577 2779 1665 2799 novus
1681 2771 1736 2797 Au-

950 2830 1045 2861 gustus
1056 2823 1227 2852 exauctorari
1238 2822 1355 2856 volebat,
1367 2828 1480 2850 necesse
1489 2825 1562 2848 esset
1576 2818 1602 2846 in
1617 2816 1738 2853 palatium
