1921 3071
104 150 135 182 21

599 147 648 177 DE
668 145 890 176 ANDRONICO
912 140 1139 173 [‘ALlEOLOGO
1159 140 1222 170 LIB
1254 139 1280 169 Ι.

1724 137 1760 168 22

105 210 201 239 λειαν,
218 207 270 233 καὶ
285 206 336 241 τὴν
350 205 515 238 Αὖγοῦσταν
528 205 680 240 θρηνοῦσαν
695 205 739 230 τὸν
762 203 879 236 σύζυγον
892 203 920 228 ὲν
935 201 960 232 Δ
975 200 1020 227 καὶ
1032 199 1115 234 ἱερῶν
1131 197 1230 228 ἄλλων,
1258 191 1431 230 ἐπιτιμήσεις
1447 193 1474 220 δι
1502 193 1547 220 καὶ
1566 193 1762 241 κολάσεις-τῶν

107 255 140 281 οὗ
154 252 260 284 καλαῖς
276 253 342 286 περὶ
359 252 468 278 ἐκεῖνον
488 250 594 277 ἐλπίσιν
614 250 712 282 ἐποίει,
737 249 773 280 ti);
786 248 863 275 οὐδὲν
878 248 921 274 ὲν-

108 297 214 323 τεῦθεν
230 295 279 322 τοῦ
300 296 373 330 ὑπὲρ
402 295 508 322 ἐκείνου
535 294 776 330 πραχθησομὲνον,
793 293 852 327 ζκᾶν
866 293 880 319 ὃ
895 301 921 320 τι

110 343 162 369 καὶ
174 341 206 378 ᾖ,
241 341 442 376 βοηθήσοντος.
468 340 551 367 ὀθεν
579 341 628 367 καὶ
655 342 712 371 τοῖς
735 340 921 376 πατριάρχαις

114 386 286 413 συνελθοῦσι
302 385 376 412 κατὰ
388 386 567 421 παραμυθίαν
575 386 667 421 ἐκείνη
681 385 839 417 κατώδυνος
854 383 922 412 οὖσα.

112 432 147 458 τὸ
174 432 313 466 ποιητέον
330 431 404 465 ὑπὲρ
422 432 471 466 τῆς
497 431 604 457 ἐκείνου
622 431 712 465 ψυχῆς
742 431 920 461 ἐπυνθάνετο.

116 479 176 505 Καὶ
190 479 314 510 πρώτως
326 477 431 510 ἔδειξεν
442 477 535 511 ἐκείνη
546 478 648 504 τοιαῦτ’
660 477 792 514 ἐρωτῶσα
807 478 837 504 τὸ
847 478 924 512 παρὰ

117 523 167 550 τοῦ
188 523 332 558 βασιλέως
358 523 639 558 βυσσοδομευόμενον.
673 523 793 555 Ἐκεῖνος
807 524 862 559 γὰρ
876 523 923 550 καὶ

119 570 229 601 νύκτας
251 569 318 600 ὅλας
348 570 428 604 καρὰ
447 569 547 604 Ἰωσὴφ
562 569 633 601 faue,
650 570 697 596 καὶ
717 569 830 603 ἀνάγειν
848 571 924 596 ἐπει-

122 618 192 652 ρᾶτο
207 616 314 643 οὕνεκα
331 617 456 651 σμικρᾶς
472 616 557 650 πνοῆς
574 617 655 646 νέκυν
670 617 699 642 ἰδ
716 615 828 642 σύνολον
847 616 924 642 ὅντα.

128 662 174 693 '0;
187 662 213 688 δ’
227 663 252 688 ol
265 663 332 696 περὶ
351 663 456 688 ἐκεῖνον
469 663 501 689 ὲκ
513 661 560 688 τοῦ
577 662 750 697 παραχρῆμα
768 661 927 692 πεισθέντες

125 708 211 742 μονον
223 709 255 733 οὐ
274 708 452 742 κατήπειγον
466 706 516 742 τὴν
532 707 678 740 ἀνάϐασιν,
697 707 722 734 οἱ
736 707 786 742 μὲν
797 708 836 739 ὼς
850 706 883 734 ἄν
895 715 927 741 γε

125 752 161 778 τὰ
186 753 237 785 τῆς
254 751 427 787 Ἐκκλησίας
445 752 526 787 δῆθεν
551 744 746 786 καταστήσῖυσι
775 752 928 787 πράγματα

127 799 177 825 τοῦ
190 799 264 825 κατᾶ
274 798 324 824 τὸν
339 798 458 824 πάππαν
472 798 600 829 λυθέντος
622 798 786 828 σκανδάλου,
804 798 827 823 oi
848 798 875 823 δὲ
891 797 928 828 ὡς

130 844 165 870 ἂν
179 844 227 870 καὶ
240 844 338 870 πλεῖον
353 843 403 870 τοῦ
420 843 524 875 εἰκότος
544 844 745 879 κατεπαρθεῖεν
763 843 810 869 καί
821 843 847 876 γ’
863 843 928 869 ἀνα-

132 889 286 924 καθάρσεις
317 889 370 924 μὲν
397 889 561 925 ἐκκλησίας,
586 890 756 925 ἀπομόρξεις
779 889 803 916 δ’
816 889 929 916 ἐκείνων

137 980 239 1015 templo
254 980 367 1008 recitari
392 987 493 1007 nomen
518 979 590 1007 inter
606 987 694 1011 sacra,
712 983 741 1006 et
764 979 803 1006 sic
826 987 887 1006 eum
904 978 931 1006 in

142 1033 215 1053 novo
229 1033 335 1060 quoque
350 1025 506 1060 principatu
521 1029 614 1052 tenere
626 1025 830 1060 possessionem
851 1025 932 1059 primi

148 1070 259 1096 honoris
286 1070 353 1097 Erat
368 1074 398 1096 et
413 1070 486 1097 aliud
509 1070 581 1105 quod
595 1070 794 1098 contrariarum
810 1070 933 1105 Augusto

145 1116 271 1143 defuncto
286 1116 430 1151 principes
451 1117 568 1151 partium
586 1116 637 1143 ista
650 1116 821 1151 liturgiarum
840 1116 865 1142 in
876 1116 934 1143 aede

143 1168 220 1187 sacra
236 1160 357 1195 palatina
376 1160 581 1188 intermissione
598 1160 797 1194 sequebantur,
814 1160 841 1187 id
860 1160 935 1187 vitle-

143 1206 207 1232 licet
227 1211 341 1241 agentes
364 1211 394 1233 ut
419 1205 592 1233 fraudaretur
617 1206 725 1232 interim
749 1205 935 1240 piacularibus

143 1252 240 1279 oﬂiciis
264 1259 297 1279 ac
321 1252 412 1278 sacris
434 1252 524 1278 anima
551 1251 695 1286 principis,
717 1256 743 1278 et
761 1251 800 1277 sic
818 1251 842 1278 ei
858 1251 934 1285 quasi

144 1304 255 1324 mortuo
275 1298 302 1324 in
322 1298 422 1325 haeresi
440 1302 521 1331 atque
545 1298 719 1325 anathemate
741 1297 870 1332 suffragia
889 1297 937 1325 Ee-

143 1343 245 1374 clesian
259 1349 288 1370 ut
303 1343 409 1369 inutilia
427 1342 638 1370 irrevocabiliter
653 1342 794 1375 damnato,
809 1343 935 1377 denegari

144 1394 319 1423 putarentur.
347 1389 423 1415 Hanc
444 1389 515 1415 enim
537 1389 625 1423 palam
654 1389 763 1415 inurere
787 1388 937 1415 conabatur

144 1435 323 1468 ignominiam
342 1434 453 1468 Eulogia
467 1435 604 1462 memoria
622 1434 713 1462 fratris
735 1435 823 1467 exosi,
839 1434 937 1461 artifici

144 1482 250 1516 pittate
275 1481 393 1515 speciem
419 1480 549 1508 aﬂ‘cctans
576 1480 702 1508 mmroris
730 1481 800 1509 ultra
825 1481 938 1508 sororia:

944 865 967 895 B

972 245 1022 280 τῆς
1033 244 1181 279 ἐκκλησίας
1194 242 1333 273 πείθοντες
1345 240 1520 276 πατριάρχην
1529 239 1668 266 τελέσειαν
1679 238 1760 275 (ἦσαν

973 291 995 317 δ’
1012 288 1086 318 οὗτοι
1103 291 1150 317 καὶ
1167 289 1268 324 μᾶλλον
1278 289 1291 315 ὁ
1308 287 1484 322 Γαλησιὼτης
1499 295 1529 312 τε
1542 286 1701 313 Γαλακτίων
1713 287 1761 313 καὶ

973 339 987 364 ὁ
1006 338 1158 374 Μελέτιοςη
1173 336 1202 367 ὃς
1225 335 1271 362 καὶ
1297 334 1384 370 ἅγιος.
1399 334 1413 360 ὁ
1427 334 1455 360 ὲν
1473 335 1506 368 τῇ
1532 333 1597 367 μονῇ
1615 332 1662 359 τοῦ
1679 333 1760 366 ἁγίου

974 383 1023 411 καὶ
1036 383 1141 410 δικαίου
1160 382 1288 416 Λαζάρου
1313 381 1451 415 κείμενος,
1471 377 1507 406 ὧν
1530 381 1543 406 ὁ
1565 381 1615 412 μὲν
1632 380 1761 413 στέρησιν

974 428 1120 463 ὀμμάτων,
1136 428 1150 453 ὀ
1172 427 1194 453 δ’
1211 427 1330 461 ἐκτομὴν
1346 426 1470 461 γλώττης
1493 425 1640 456 πέπονθεν,
1655 425 1699 451 ἐπ’
1721 425 1764 450 al-

974 475 1046 505 τίαις
1063 475 1077 500 ὁ
1098 474 1146 508 μὲν
1158 473 1284 507 ψεύδους,
1297 472 1333 503 ὡς
1348 472 1397 499 ἔδοι
1418 472 1530 506 βασιλέα
1545 472 1633 505 λέγων
1647 471 1763 505 ἀζύμοις

976 519 1016 550 εἰς
1032 518 1167 554 ἁγιασμδν
1179 517 1332 553 λρώμενον,
1348 518 1399 552 τὴν
1416 517 1560 551 ἀνατολὴν·
1574 517 1764 551 διερχόμενος,

975 565 1024 590 ὁδ’
1041 564 1157 599 ὒΰρεως,
1183 563 1328 592 Ἰουλιανὺν
1355 563 1434 590 ἄλλον
1464 563 1509 589 τὸν
1538 562 1652 598 βασιλέα
1679 561 1765 588 εἰπὼν

977 611 1049 638 κατὰ
1069 609 1245 644 πρόσωπον),
1259 609 1272 635 ὁ
1289 608 1413 644 βασιλεὺς
1429 609 1506 635 ἐνθεν
1526 608 1577 643 μὲν
1590 607 1765 635 ἀποστέλλων

978 655 1023 682 τὸν
1035 653 1258 688 πατριαρχοῦντα
1276 653 1405 687 Ἰωάννην
1420 652 1469 688 τὴν
1487 653 1594 680 ἐκείνου
1605 653 1767 685 ἀπελογεῖτο

979 701 1146 735 παρόρασιν,
1169 699 1206 730 ὡς
1223 699 1268 734 βίᾳ
1293 699 1339 725 καὶ
1355 700 1384 732 ἐξ
1411 699 1536 735 ἀνάγκης
1553 699 1765 734 γεννησομένην.

980 747 1011 783 [Ρ
1032 746 1060 782 8]
1081 746 1117 773 Τὸ
1131 746 1185 781 γὰρ
1208 747 1240 772 ὲκ
1256 739 1360 772 πῦλλῶν
1377 746 1525 772 σκάνδαλον
1547 745 1658 778 ἁναζείν
1673 745 1768 771 πεῖθον

980 793 1028 819 καὶ
1043 795 1087 819 τὸν
1102 791 1197 819 εὔνουν
1209 792 1385 823 ἀποστατεῖν,
1406 791 1488 818 αὐτὸν
1503 791 1532 817 δὲ
1548 791 1608 819 νέον
1621 791 1660 822 εἰς
1680 791 1769 826 ἀρχὴν

981 838 1180 873 καθιστάμενον
1193 838 1318 873 ἀνάγκην
1335 837 1407 872 ἔχειν
1426 837 1457 864 τὸ
1469 837 1605 872 ἁνορμοῦν
1617 837 1767 864 καταστέλ-

982 885 1038 911 λειν
1051 884 1097 911 καί
1109 893 1141 918 γε
1154 885 1203 916 τὰς
1217 883 1340 919 γνώμας,
1356 884 1472 910 καθόσον
1487 883 1558 915 ἔστι,
1577 883 1628 910 τῶν
1641 882 1770 914 ὐιποδεξιρ

982 973 1095 1008 Iosephi
1124 972 1300 1001 familiarium
1328 972 1469 1008 ﬂagrantia
1497 973 1557 1006 ejus
1586 973 1770 1000 restitutionis

983 1020 1117 1048 desideria
1131 1025 1202 1054 aegre
1217 1026 1249 1045 ac
1263 1017 1371 1045 laudent
1385 1018 1472 1052 ipsius
1484 1026 1593 1054 quoque
1607 1018 1770 1046 debilissimi

983 1066 1057 1093 senis
1076 1071 1205 1092 assensus
1226 1063 1387 1091 accessisset
1400 1082 1407 1095 ,
1426 1063 1520 1095 statim
1541 1071 1639 1091 omnes
1655 1064 1772 1091 arrectis

984 1110 1082 1138 animis
1111 1109 1236 1137 factionis
1273 1115 1368 1144 pacem
1399 1109 1521 1136 Latinam
1547 1118 1603 1137 non
1631 1110 1771 1144 probantis

984 1155 1156 1191 antesignani
1174 1155 1245 1182 ultro
1265 1155 1369 1182 instare
1391 1155 1460 1189 apud
1478 1155 1664 1182 Andronicum
1687 1155 1772 1182 velte-

986 1201 1164 1233 mentissime,
1180 1208 1214 1228 ne
1229 1208 1309 1236 quam
1324 1208 1427 1228 moram
1448 1205 1501 1228 tam
1519 1201 1621 1228 salubri
1637 1209 1668 1229 ac
1678 1209 1774 1228 ncces-

986 1247 1069 1279 sario,
1097 1252 1127 1274 ut
1152 1247 1271 1279 aiebant,
1296 1247 1409 1273 consilio
1436 1247 1632 1281 interponeret.
1662 1247 1689 1273 In
1720 1255 1774 1281 qua

987 1294 1125 1321 communi
1142 1301 1224 1328 opera
1245 1293 1345 1328 negotii
1359 1293 1472 1329 urgendi
1492 1301 1556 1320 suas
1570 1294 1671 1328 quique
1685 1293 1774 1320 diver-

988 1347 1032 1367 sas
1062 1347 1125 1374 spes
1154 1344 1181 1366 et
1210 1345 1273 1367 vota
1298 1339 1381 1367 variis
1416 1339 1558 1368 alfectibus
1590 1345 1775 1366 censi-manca

988 1385 1180 1418 sequebantur.
1203 1384 1390 1416 Quorumdam
1410 1384 1454 1411 hic
1478 1391 1547 1411 unus
1564 1391 1664 1419 scopus
1698 1390 1774 1413 crat.

989 1431 1133 1458 restituere
1149 1430 1176 1458 iu
1193 1430 1340 1465 pristinum
1358 1434 1457 1457 statum
1479 1438 1522 1457 res
1537 1429 1665 1456 Ecclesia:
1684 1435 1776 1456 amoto

991 1483 1066 1510 papa:
1087 1475 1170 1511 agniti
1194 1475 1333 1503 seandalo.
1355 1475 1408 1502 Alii
1437 1475 1489 1502 hoc
1513 1475 1625 1503 minime
1654 1474 1775 1502 contenti

144 1527 360 1554 necessitudinis
378 1527 490 1554 modum
510 1527 663 1562 cxaggerati
676 1545 683 1557 ,
708 1527 785 1560 quasi
805 1535 865 1562 qua:
882 1534 936 1554 non
953 1532 973 1560 ο
991 1529 1053 1556 spes
1067 1521 1274 1548 immoderatius
1289 1521 1430 1552 tollebant,
1446 1521 1599 1555 ellerreque
1621 1528 1681 1548 sese
1702 1521 1775 1555 justo

147 1573 346 1607 temporarium
354 1573 478 1607 corporis
487 1574 586 1605 solum,
597 1573 643 1599 sed
655 1578 788 1600 mteruum
805 1577 936 1607 prteterca

148 1619 292 1645 interitum
328 1618 414 1644 animi
445 1617 559 1646 Tartaro
590 1617 804 1653 irreparabiliter
838 1617 938 1644 addicti

147 1664 211 1691 ﬂere
239 1665 267 1690 in
299 1671 431 1699 germano
454 1663 537 1691 videri
569 1664 659 1692 vellet.
693 1663 781 1696 Quem
807 1663 888 1690 etiam
911 1663 938 1689 in

148 1718 258 1736 sensum
280 1710 442 1744 pertrahere
458 1709 566 1737 viduam
594 1710 744 1744 Augustam
759 1728 767 1741 ,
791 1713 818 1737 et
850 1709 887 1736 nil
913 1709 939 1735 ei

149 1755 316 1789 sperandum
341 1755 375 1783 de
400 1755 566 1790 sempiterna
589 1755 676 1782 salute
700 1755 749 1782 viri
773 1755 815 1782 sui
839 1754 940 1781 mortui

150 1801 316 1835 persuadere
332 1805 428 1828 conata
445 1805 496 1832 est,
514 1801 656 1835 praefracte
672 1800 847 1833 denuntians,
861 1800 940 1834 quid-

149 1847 214 1880 quid
230 1854 343 1882 precum
362 1850 408 1873 aut
424 1845 592 1880 piaculorum
610 1845 651 1872 vel
663 1844 806 1872 adhiberet
822 1844 879 1879 ipsa
899 1844 940 1871 vel

150 1892 271 1927 impendi
302 1892 336 1918 ab
360 1891 421 1918 aliis
444 1895 551 1918 curaret
576 1891 609 1918 ad
630 1889 796 1926 purgandum
822 1890 942 1916 animum

151 1937 324 1971 imperatoris
344 1936 477 1966 defuncti.
496 1935 594 1963 frustra
608 1935 699 1962 omnia
721 1936 790 1962 fore.
807 1935 861 1962 Nec
877 1943 942 1969 par-

155 1992 216 2009 vam
230 1991 262 2010 ea
277 1991 325 2011 vox
339 1991 412 2010 cura:
424 1991 456 2010 ac
466 1982 567 2010 doloris
577 1983 762 2009 accessionem
776 1981 941 2016 imperatrici

154 2030 257 2056 scilicet
271 2029 378 2056 obtulit.
398 2028 477 2056 Unde
493 2028 536 2055 illa
554 2028 642 2060 anxia,
658 2035 720 2055 cum
733 2027 862 2054 decessor
881 2030 943 2054 sue-

152 2083 299 2110 cessorque
315 2074 516 2110 patriarcliatus
529 2075 561 2101 ad
576 2082 636 2101 eam
652 2073 733 2101 simul
749 2073 942 2101 consolandam

153 2121 365 2152 convenissent,
392 2125 539 2154 utrumque
562 2119 739 2147 mwstissima
765 2119 945 2155 interrogavit

153 2165 217 2200 quid
233 2165 285 2192 sibi
296 2165 450 2193 faciendum
461 2165 668 2199 prmscribereitt
682 2164 834 2199 quojuvari
851 2165 941 2195 anima

990 1568 1070 1594 altius
1087 1567 1297 1600 meditabantur,
1317 1567 1486 1594 dcstiuautcs
1498 1567 1553 1602 jam
1571 1571 1627 1593 tum
1642 1566 1777 1601 expiatiov

990 1621 1040 1641 nes
1066 1613 1194 1640 Ecclesiae
1219 1618 1346 1648 tanquam
1375 1613 1531 1640 recentibus
1553 1613 1622 1640 actis
1649 1613 1777 1647 pollutze,

991 1658 1193 1693 purificationes
1209 1658 1358 1693 imaginum
1383 1662 1410 1685 ct
1429 1666 1520 1686 rerum
1544 1667 1685 1686 sat-rarum
1710 1659 1778 1686 alia-

992 1713 1063 1737 rum,
1086 1705 1202 1739 deniquc
1226 1712 1321 1740 pinnas
1346 1713 1441 1740 graves
1468 1705 1494 1732 in
1515 1705 1714 1733 ecclesiasticos
1731 1705 1779 1740 qui

992 1759 1085 1787 pacem
1105 1756 1299 1787 procurassent
1316 1757 1363 1779 aut
1380 1752 1406 1779 in
1430 1760 1489 1779 cam
1513 1752 1729 1784 consensissent,
1746 1760 1779 1779 ea

992 1806 1021 1825 se
1037 1799 1126 1825 omnia
1142 1806 1319 1832 persuasuros
1332 1797 1459 1833 Joseplio.
1474 1798 1494 1825 si
1512 1806 1574 1825 eum
1595 1798 1778 1833 patriai-chain

993 1844 1093 1871 iterum
1115 1844 1264 1876 baberent,
1285 1844 1464 1871 conﬁdentes.
1490 1843 1565 1871 Talia
1592 1852 1648 1878 prze
1674 1844 1781 1871 caneris

993 1894 1085 1917 mente
1101 1890 1244 1917 Versabant
1258 1889 1401 1921 Galesiota,
1412 1890 1534 1917 Galactio
1546 1895 1573 1916 ct
1589 1890 1723 1921 Mcletius.
1734 1890 1781 1924 qui

993 1940 1020 1962 et
1040 1940 1149 1962 sanctus
1163 1936 1317 1964 vocabatur.
1337 1935 1363 1962 in
1381 1936 1545 1963 monasterio
1561 1935 1646 1962 sancti
1667 1940 1694 1962 et
1711 1935 1781 1969 justi

994 1982 1088 2009 Lazari
1102 1982 1365 2014 residens.Quorum
1380 1981 1424 2008 ille
1439 1982 1548 2015 quidem
1559 1982 1781 2013 exracatiouem,

995 2027 1040 2054 hic
1060 2035 1125 2054 vero
1141 2026 1239 2061 linguae
1257 2026 1455 2054 abscissiouem
1470 2034 1565 2062 passus
1584 2031 1660 2060 erat,
1673 2035 1700 2054 iu
1721 2034 1782 2062 pa:-

994 2080 1057 2099 nam
1075 2072 1209 2106 posterior
1229 2072 1340 2107 quidem
1364 2073 1498 2100 mendacii
1517 2081 1571 2108 quo
1592 2077 1695 2100 temere
1710 2072 1784 2100 aliiv-

997 2122 1117 2144 niaverat
1141 2124 1155 2143 a
1185 2125 1214 2144 se
1241 2125 1288 2152 per
1315 2117 1454 2145 Orientem
1482 2117 1672 2153 peregrinante
1693 2118 1781 2145 visum

997 2162 1095 2190 alicubi
1122 2161 1279 2190 Michaclem
1300 2161 1450 2197 Augustum
1478 2164 1580 2198 azymis
1608 2169 1730 2190 utentem
1755 2163 1782 2190 iu

153 2210 277 2244 conjugis
297 2214 398 2244 posset.
420 2209 509 2244 Atque
536 2210 592 2236 huic
615 2209 787 2244 percontatio
811 2211 941 2246 Augustae
956 2213 980 2242 D
994 2208 1169 2243 perceptione
1185 2208 1374 2240 Eucharistiae,
1400 2208 1475 2244 prior
1499 2214 1591 2236 autem
1612 2210 1784 2237 contumelia:

153 2263 208 2283 non
221 2257 255 2282 ad
269 2255 404 2282 Joannem
417 2255 551 2283 duntaxat
567 2261 632 2283 tunc
648 2263 733 2282 unum
747 2256 942 2290 patriarcham,

156 2310 250 2329 verum
272 2303 305 2329 ad
322 2302 474 2337 Josephum
499 2303 579 2329 etiam
605 2302 708 2330 dudum
735 2303 786 2330 ista
811 2303 945 2338 dignitate

155 2347 314 2375 defunctum
330 2349 433 2375 directa
448 2348 563 2384 primum
576 2347 707 2375 iudicium
721 2349 825 2375 exstitit
843 2348 946 2376 machi-

153 2393 294 2420 nationum
309 2394 459 2421 Andronici
477 2401 650 2425 arcanarum,
669 2393 814 2422 restituere
827 2394 944 2429 patriar-

153 2441 223 2467 chali
260 2441 361 2468 throno
385 2439 535 2475 Josephum
569 2440 717 2473 molientis,
741 2441 873 2475 siquidem
893 2442 944 2476 17

155 2487 199 2514 ille
214 2488 297 2522 (quod
313 2495 368 2514 non
389 2493 449 2514 erat
472 2487 593 2521 ignotum
616 2487 755 2521 Augustae)
779 2495 945 2522 magnopere

154 2533 294 2561 nitebatur
311 2533 450 2560 adducere
468 2533 618 2568 Josephum
634 2533 775 2568 decrepita
800 2538 880 2559 natale
899 2533 943 2560 vix

153 2579 303 2614 spirantem
314 2579 349 2606 ad
358 2579 449 2606 denuo
460 2580 656 2612 capessendum
670 2578 798 2606 Ecclesia:
811 2579 942 2614 regimen,

152 2629 230 2658 atque
247 2624 302 2652 hoc
319 2628 349 2650 ut
364 2624 422 2651 seni
437 2623 600 2652 moribundo
612 2623 788 2658 persuaderet
807 2624 946 2658 replicatis

153 2671 210 2699 sine
227 2671 281 2698 ﬁne
296 2670 447 2704 instantiis,
460 2674 531 2699 totas
541 2671 612 2705 apud
628 2678 689 2698 eum
701 2671 829 2706 exigebat
841 2676 946 2704 nectes,

152 2718 178 2745 in
199 2726 256 2753 quo
277 2717 356 2745 illum
375 2717 497 2751 partiarii
521 2717 646 2752 Joseplii.
671 2717 827 2745 scbismatis
850 2718 946 2751 duces,

150 2772 203 2793 non
218 2763 410 2799 perfunctorie
422 2763 564 2796 iuvabant,
577 2764 678 2798 quippe
688 2763 722 2792 ad
732 2771 847 2798 querum
864 2765 947 2795 ratio-

150 2819 199 2840 nes
212 2817 241 2839 et
256 2817 336 2846 spem
359 2809 531 2837 rescindendi
554 2810 657 2844 negotii
677 2810 831 2838 concordiae
853 2818 948 2845 perac-

150 2857 361 2886 comiuodatum
379 2856 407 2882 id
420 2854 484 2891 ipsis
499 2855 560 2891 jure
577 2856 724 2884 videretur.
745 2857 816 2892 Ergo
832 2864 893 2885 cum
912 2857 946 2884 ad

997 2253 1080 2280 verbo
1095 2254 1185 2285 illatae,
1202 2254 1361 2289 imperatori
1384 2262 1467 2282 ausus
1491 2254 1517 2282 in
1544 2263 1574 2282 os
1600 2256 1784 2290 improperare

995 2307 1056 2326 esse
1071 2299 1147 2326 illum
1170 2299 1287 2327 alterum
1303 2300 1442 2328 Julianum
1461 2306 1623 2335 apostatatu.
1648 2302 1783 2329 Ca‘tcrum

996 2346 1170 2373 Andronicus
1188 2347 1347 2381 imperator,
1362 2355 1444 2382 quam
1463 2347 1506 2375 bis
1527 2347 1560 2375 de
1577 2348 1668 2376 causis
1691 2349 1785 2376 molic«

996 2395 1076 2422 batur
1095 2393 1173 2421 Vecci
1197 2394 1398 2428 depositionem
1414 2403 1496 2430 quam
1515 2395 1629 2422 minima
1649 2395 1674 2422 vi
1693 2402 1786 2431 posset

996 2448 1028 2468 ac
1056 2441 1171 2475 strepitu
1197 2441 1390 2469 administrare
1414 2442 1518 2476 volens,
1544 2442 1690 2478 diligenter
1713 2443 1785 2478 apud

997 2488 1085 2522 ipsum
1104 2487 1242 2514 excusavit
1261 2495 1310 2523 per
1329 2494 1419 2516 certos
1431 2489 1465 2516 ad
1484 2489 1535 2516 hoc
1554 2489 1685 2524 allegatos
1701 2489 1787 2516 homi-

997 2541 1056 2564 nes,
1073 2533 1148 2560 nullo
1164 2540 1194 2560 se
1208 2533 1240 2560 ad
1256 2533 1309 2565 hoc
1326 2535 1471 2563 consilium
1483 2535 1544 2571 ejus
1560 2540 1720 2570 contemptu
1739 2539 1786 2562 aut

997 2579 1058 2607 odio
1075 2580 1175 2614 impelli
1190 2601 1197 2612 ,
1214 2581 1260 2609 sed
1275 2581 1398 2615 periculo
1422 2582 1576 2616 reipublicze
1600 2586 1629 2609 et
1646 2589 1719 2609 mera
1736 2589 1786 2611 no-

997 2627 1122 2655 ccssitate
1141 2628 1193 2665 ιε
1203 2628 1326 2656 [irritandi
1342 2628 1404 2656 novi
1421 2627 1603 2663 principatus.
1619 2627 1687 2654 Nam
1703 2626 1785 2654 effer-

999 2680 1108 2700 vescere
1128 2681 1201 2700 nunc
1219 2681 1300 2708 quam
1316 2680 1435 2708 unquam
1449 2673 1594 2700 ωδιυοεὶιιδ
1608 2672 1694 2707 sopita
1708 2674 1785 2704 patre

998 2719 1105 2747 vivente
1120 2720 1208 2748 studia
1221 2721 1339 2755 partium
1349 2720 1408 2755 paci
1420 2719 1576 2747 constitutae
1586 2718 1762 2745 adversarum
1776 2736 1784 2749 ,

997 2763 1120 2799 adeoque
1137 2765 1303 2792 invalescere
1318 2764 1477 2792 scandalum
1489 2785 1497 2797 ,
1514 2769 1543 2791 ut
1558 2763 1644 2790 bonos
1659 2761 1741 2788 etiam
1757 2766 1785 2791 et

998 2814 1094 2837 natura
1111 2811 1240 2846 placidos.
1263 2812 1364 2840 nedum
1388 2811 1554 2846 impotentes
1568 2817 1598 2837 ac
1612 2807 1782 2844 praafractos,

1001 2856 1104 2884 resilire
1124 2865 1154 2884 ac
1171 2857 1303 2885 rebellare
1328 2857 1416 2892 palam
1438 2860 1525 2892 cogat.
1542 2854 1657 2882 Abunde
1679 2854 1785 2890 magnis
