1921 3071
160 184 195 213 2)
765 191 927 221 GEORGII
947 193 1192 224 l’ACHYileR/E
1748 197 1788 227 21

161 240 250 273 μένων
263 239 426 275 ἐξημεροῦν.
441 241 560 273 Πολλοὺς
578 242 600 268 δ’
615 242 727 270 ἀκούειν
740 245 881 280 σχίζεσθαι
898 246 944 273 καὶ
957 248 981 275 Δ
996 247 1051 281 σὴφ
1066 249 1227 281 ἀναϐάσεως
1245 250 1298 283 (τὰ
1328 250 1382 285 γὰρ
1399 249 1539 285 ξνμὸάντα
1555 251 1604 278 οὐκ
1622 251 1654 277 ἂν
1677 255 1790 285 πάντως

160 284 294 318 μεγάλους
320 287 573 320 προφασιζομένους
588 288 638 321 τὴν
655 290 700 316 τοῦ
716 290 814 325 Ἰωσὴφ
830 292 944 327 ἀναχώ-

158 339 238 364 ρησιν
261 332 309 358 καὶ
331 333 362 358 τὸ
385 333 533 360 σκάνδαλον
548 334 562 360 ὃ
578 335 611 370 δὴ
635 337 744 370 πρώῖζα
772 337 883 372 ξυνέϐη,
898 338 944 370 οὓς

156 378 283 412 παρορᾷν
303 379 364 413 μηδ’
376 379 444 410 ὅλως
461 379 614 414 ξυμφέρειν
631 382 729 408 νεωστὶ
751 384 942 418 μοναρχοῦντι.

156 424 212 450 Καὶ
229 425 261 458 δὴ
273 425 319 451 καὶ
335 425 379 451 ἐπ’
393 427 467 460 αὐτῷ
481 435 513 460 γε
527 428 660 463 μεγίστην
675 430 861 465 πληροφορίαν
873 431 943 466 ἔχειν

155 470 266 505 ἀγάπης
285 469 319 507 ἧς
339 471 396 506 ᾔδει
424 473 474 506 τῆς
498 473 663 501 ἀπ’ὲκείνου
687 476 756 510 πρὸς
775 476 880 509 ἑαυτὸν,
906 478 943 512 μὴ

157 517 238 550 μόνον
250 518 421 552 πατριάρχου
432 519 525 554 τιμὴν,
539 519 607 546 ἀλλά
622 529 653 554 γε
668 522 699 556 δὴ
715 523 762 548 καὶ
775 522 847 558 ζωὴν
859 523 944 557 αὐτὴν

157 561 228 597 ὑπὲρ
243 562 290 588 τοῦ
304 562 435 596 British);
449 565 592 598 προεῖσθαι
607 565 653 592 καὶ
667 566 717 600 τῆς
729 567 834 593 ἐκείνου
846 567 945 594 συστά-

158 615 236 638 σεως.
255 607 359 637 ’Ἄλλως
376 608 469 642 μέντοι
485 610 551 644 μηδὲ
568 611 650 646 χολᾷν
672 612 765 644 ἀξιῶν,
776 613 859 648 αὐτὴν
872 614 945 639 ὲκεί-

156 661 207 687 νην
224 653 273 686 τὴν
289 654 400 688 ἀγάπην
411 654 443 689 ἣν
463 655 521 691 ᾔδει
539 656 587 682 καὶ
604 657 653 692 τὴν
668 659 753 692 τιμὴν
766 658 861 690 ἕξοντα
879 660 944 693 παρ’

154 697 250 728 αὐτοῦ,
267 699 290 725 εξ
307 699 355 725 καὶ
381 700 461 731 ἄλλος
476 701 525 736 τῆς
559 702 720 738 Ἐκκλησίας
748 705 942 740 προστήσεται.

156 744 211 770 Καὶ
222 745 308 771 ταῦτα
323 746 376 785 μὲν
391 746 510 781 πέμπων
523 748 568 774 τὸν
583 749 791 784 Μελιτηνιὼτην
808 751 946 786 χαρτοφὺ-

155 789 227 815 λακα
245 791 291 817 καὶ
305 791 494 826 ἀρχιδιάκονον
515 793 624 827 θερμῶς
641 794 691 827 τὴν
706 795 831 829 ἀνάγκην
845 797 944 822 ἀπελο-

155 835 240 866 γεῖτο,
263 835 367 862 ἐκεῖθεν
387 837 415 862 δὲ
434 838 705 873 συνδιανυκτερεύων
718 839 757 873 τῷ
781 840 880 875 Ἰωσὴφ
898 841 945 867 καὶ

156 880 213 910 τοῖς
228 881 293 915 περὶ
309 882 412 909 ἐκεῖνον
427 882 477 917 τὴν
493 884 532 914 είς
548 883 577 910 τὸ
596 887 791 920 πατριαρχεῖον
811 886 945 920 προκαθί-

158 933 208 951 ora
222 927 308 953 ἁνάόα
315 936 366 954 σιν.

157 1003 189 1031 δ’.
212 1006 484 1046 Ἃναχώρηςις-τοῦ
500 1008 682 1046 πατριάρχου
705 1009 818 1046 Βέκκου
832 1011 874 1042 εὶς
888 1009 945 1043 τὴν

343 1043 398 1075 τῆς
412 1043 630 1076 Παναχμὶντου
649 1045 756 1078 μονήν.

193 1107 236 1143 μ).
256 1108 284 1144 9]
305 1109 335 1134 ⁸0
348 1109 397 1143 μὲν
415 1108 461 1135 οὖν
486 1110 612 1144 Ἰωάννης
630 1111 676 1136 καὶ
693 1111 780 1142 ἄλλως
798 1112 879 1144 εὐθὺς
894 1113 942 1145 ὢν.

157 1153 236 1180 ἔτιδὲ
248 1154 295 1179 καὶ
308 1155 355 1189 τῆς
372 1154 421 1181 τοῦ
434 1157 605 1190 πατριάρχου
618 1157 701 1190 τιμῆς
712 1158 848 1192 ὲπικόρως
864 1159 942 1193 ἔχων,

157 1199 195 1230 ὡς
211 1200 342 1238 πολλάκις
360 1201 408 1227 καὶ
424 1201 575 1235 λέγωνκαὶ
589 1204 718 1236 πράττων
735 1203 845 1236 ἔδειξεν,
866 1205 942 1232 ἐλπί-

157 1245 211 1276 ζων
226 1245 253 1271 δὲ
267 1246 314 1272 καί
330 1247 493 1280 τιγενέσθαι
507 1248 562 1274 τῶν
579 1248 689 1282 ἀγαθῶν
710 1250 740 1276 ἐκ
754 1250 802 1284 τῆς
817 1250 864 1277 τοῦ
888 1252 943 1278 Ἰω-

156 1337 287 1371 agitatum
305 1339 424 1366 motibtts
450 1339 593 1374 imperium
612 1342 770 1375 pervenisse.
796 1343 828 1369 ad
850 1351 890 1375 se,
915 1348 944 1371 ιιι

157 1384 193 1409 sit
206 1384 256 1418 ipsi
272 1392 363 1411 tenera
380 1389 459 1412 (elate
474 1393 587 1420 regnum
603 1387 754 1421 auspicanti
770 1388 843 1415 omni
862 1389 941 1416 scdu-

158 1429 233 1456 Iitate
253 1431 462 1465 praecavendum
492 1439 526 1458 ne
555 1432 632 1459 nevis
658 1438 787 1467 prmtcrca
816 1435 942 1468 procellis

158 1475 266 1503 miseeri
293 1477 487 1511 rempublicam
504 1478 652 1513 conlingat.
669 1478 697 1505 Id
716 1480 785 1506 haud
803 1481 882 1513 dpbie
899 1483 941 1508 fu—

157 1527 248 1547 turum
261 1522 322 1553 nisi,
340 1527 475 1556 quatenus
489 1523 528 1549 fas
542 1528 592 1555 est,
608 1531 622 1550 a
639 1532 667 1551 se
678 1525 843 1553 deliniantnr
858 1528 939 1554 animi

997 292 1095 329 ξυνέϐη
1106 294 1206 326 ζῶντος
1219 295 1335 327 ἐκείνου,
1345 296 1381 324 ὡς
1396 297 1427 322 ἑκ
1440 296 1544 322 πολλῶν
1554 297 1627 322 ἔστιν
1637 297 1788 332 ὑπονοεῖν),

995 339 1039 365 διὰ
1054 339 1139 366 ταῦτα
1151 340 1261 375 ἕτοιμος
1279 341 1328 376 μὲν
1341 341 1378 368 ὢν
1393 343 1498 373 ἐκεῖνος
1511 343 1581 369 κατὰ
1598 343 1648 376 τὴν
1663 343 1786 377 Χριστοῦ

996 384 1093 419 ἑορτὴν
1123 385 1303 421 λειτουργεῖν,
1331 388 1439 421 ἕτοιμος
1464 388 1492 414 δὲ
1508 388 1554 414 καὶ
1580 389 1645 422 περὶ
1661 389 1711 422 τῆς
1736 389 1787 415 τοῦ

995 430 1180 465 ἀποιχομένου
1192 432 1263 458 κατὰ
1277 432 1307 458 τὸ
1317 432 1390 462 είκὸς
1406 433 1518 467 μνήμης
1530 433 1694 468 φροντίζειν,
1704 434 1786 468 ἀφεὶς

995 475 1030 501 τὰ
1045 476 1133 502 πάντα
1159 478 1191 511 τῇ
1218 477 1352 512 ὑστεραίᾳ
1369 478 1418 512 τῆς
1439 479 1536 512 ἑορτῆς
1552 478 1670 510 κάτεισι,
1687 479 1733 505 καὶ
1748 479 1783 513 τῇ

995 520 1046 554 τῆς
1061 521 1259 556 Παναχράντου
1278 525 1345 558 μονῇ
1360 524 1451 558 φέρων
1472 523 1568 550 ἑαυτὸν
1583 522 1683 556 δίδωσι,
1701 524 1787 558 ζητή-

997 574 1046 596 σσς
1062 567 1139 600 παρὰ
1155 567 1290 601 βασιλέως
1314 568 1362 594 καὶ
1376 568 1439 600 τοὺς
1461 569 1628 601 ἀπάξοντας,
1644 569 1785 604 πρόφασιν

997 611 1046 645 μὲν
1073 611 1111 643 ὡς
1136 613 1386 647 ὖπερασπιιῦντιις,
1404 613 1436 649 ἣν
1463 621 1505 645 τις
1523 613 1578 640 τῶν
1601 614 1650 639 τοῦ
1679 613 1784 648 κλήρου

995 657 1164 688 ἀπαιδεύτως
1178 658 1222 684 ἐπ’
1235 658 1340 684 ἐκεῖνον
1357 658 1465 693 ὀρμῷη,
1477 658 1515 693 τῷ
1525 658 1553 684 δὲ
1565 657 1706 693 βαθυτέρῳ
1719 667 1786 684 σκο-

996 702 1039 736 πῷ
1054 702 1103 737 τὴν
1127 703 1172 730 τοῦ
1190 703 1360 735 λειποταξίου
1383 703 1526 738 ἑκφεύγων
1551 704 1729 739 κατηγορὶαν,
1744 704 1784 735 ὠς

995 748 1097 779 ἐκεῖνος
1125 748 1204 783 ᾤετο,
1228 750 1306 783 παρὰ
1324 749 1384 785 Θεῷ
1408 749 1527 785 κρίνοντι
1558 749 1611 775 Καὶ
1625 749 1710 775 ταῦτα.
1733 749 1784 783 μὲν

996 794 1146 828 ἐπράττετο
1157 796 1265 831 εἰκοστῇ
1282 796 1349 832 ἕκτῃ
1364 796 1447 831 μηνὸς
1464 795 1696 831 Σκιροφοριῶνος.

997 860 1026 887 ε’.
1047 861 1201 895 Ἆνάϐασις
1226 863 1279 890 τοῦ
1304 863 1415 898 Ἰωσὴφ
1438 864 1481 897 εἰς
1500 864 1532 891 τὸ
1558 863 1782 898 πατριαρχεῖον.

961 911 982 939 Β
1033 929 1086 957 Τοῦ
1100 930 1122 956 δ’
1134 931 1217 957 αὑτοῦ
1237 931 1322 966 μηνὸς
1337 931 1406 966 μετὰ
1418 932 1467 967 τὴν
1484 932 1650 968 τριακοστὴν
1664 932 1694 958 τὸ
1714 934 1782 967 πρὸς

997 975 1117 1010 ἑσπέραν
1132 976 1251 1007 ἐντεθεὶς
1262 977 1348 1012 λίκνῳ
1360 979 1372 1004 ὁ
1384 978 1495 1012 diua-ipp,
1515 979 1595 1012 μόνον
1607 978 1656 1004 οὐκ
1668 978 1782 1010 ἄπνους,

996 1021 1102 1047 πολλῶν
1120 1022 1186 1055 παρ’
1206 1022 1327 1057 ἑκάτερα
1355 1023 1558 1058 παρεπομένων
1589 1024 1634 1049 καὶ
1661 1024 1782 1058 ἐπευφη-

998 1067 1119 1101 μοὺντων
1134 1067 1168 1093 τὰ
1193 1069 1420 1104 προπεμπτήρια,
1438 1069 1481 1103 ἐφ’
1494 1069 1589 1104 ὕμνοις
1604 1070 1650 1096 καὶ
1673 1072 1781 1104 κρότοις

995 1114 1160 1149 ἀιθρὼπων,
1180 1114 1220 1141 ἔτι
1237 1115 1265 1141 δὲ
1281 1116 1328 1142 καὶ
1343 1116 1396 1142 τῶν
1415 1117 1464 1151 τῆς
1478 1117 1627 1151 ἐκκλησίας
1644 1125 1779 1151 novant-q-

997 1160 1063 1194 ρξων
1077 1160 1220 1190 κωδώνων,
1235 1161 1276 1192 εἰς
1288 1161 1317 1187 τὸ
1332 1163 1528 1196 πατριαρχεῖον
1543 1162 1685 1194 ἀνάγεται.
1704 1161 1737 1189 Οἱ
1753 1162 1782 1188 δὲ

995 1204 1041 1233 τοῦ
1058 1205 1157 1240 κλήρου
1177 1206 1254 1240 μόλις
1267 1206 1315 1241 τὴν
1328 1208 1476 1241 ὲσπερινὴν
1492 1207 1630 1242 ὑμνῳδίαν
1643 1208 1704 1234 καθ’
1718 1209 1782 1233 ἐαυ-

995 1253 1058 1282 τοὺς
1088 1252 1291 1286 ἐκτελέσαντες,
1325 1252 1386 1278 ἐπεὶ
1412 1252 1510 1288 ὄρθρος
1523 1251 1556 1288 ἦν
1582 1254 1630 1280 καὶ
1647 1253 1714 1288 πρὸς
1729 1253 1782 1288 τὴν

995 1341 1022 1368 4.
1044 1340 1163 1368 Seressus
1178 1342 1337 1376 patriarcha:
1356 1343 1428 1383 Vacci
1447 1342 1473 1368 in
1490 1341 1780 1369 Panacltrantwmona-

1331 1382 1450 1404 uertunt.

1029 1435 1147 1462 Joannes
1176 1442 1276 1469 porro,
1308 1435 1352 1469 qui
1380 1439 1406 1461 et
1438 1434 1546 1462 aliunde
1571 1439 1662 1462 rectus
1687 1440 1778 1466 esset.

995 1489 1129 1516 quemque
1145 1487 1273 1515 przeterea
1290 1481 1400 1508 satietas
1416 1481 1468 1515 jam
1483 1482 1596 1515 cepisset
1613 1481 1778 1515 patriarcha-

996 1527 1028 1553 lis
1049 1526 1174 1557 honoris,
1186 1531 1215 1553 ut
1230 1527 1391 1561 saepe'dictis
1409 1527 1540 1561 factisque
1550 1527 1714 1556 ostenderat.
1730 1525 1781 1560 19

157 1566 303 1592 multorum
322 1567 442 1600 inquieto
460 1567 624 1595 inbiantium
645 1569 787 1597 mutationi
800 1578 832 1597 ac
847 1572 942 1599 llit‘bis.
957 1579 978 1607 ο
995 1579 1108 1605 sperans
1119 1572 1231 1605 insuper
1247 1571 1411 1601 exstiturum
1432 1579 1464 1598 ex
1480 1570 1590 1606 Josephi
1608 1570 1780 1597 restitutione

157 1611 309 1646 Intelligere
324 1620 354 1640 se
379 1613 490 1640 vocibus
504 1614 651 1641 multorum
676 1615 780 1642 efferari
800 1616 943 1651 plerosptc

158 1658 314 1685 redactieue
331 1659 357 1685 in
373 1660 496 1687 ordinem
508 1660 631 1695 Josepbi,
646 1669 727 1695 quem
742 1669 836 1689 verum
853 1663 943 1691 adhuc

157 1713 216 1731 esse
251 1705 435 1740 patriarcbam
464 1711 616 1736 atttutnattt,
643 1712 669 1733 et
684 1706 711 1733 vi
737 1707 814 1734 aiunt
840 1708 942 1743 iniusta

157 1751 296 1785 prohiberi
318 1752 352 1779 ab
375 1753 527 1779 exercendo
548 1753 677 1780 Ecclesiae
703 1754 852 1788 regimine;
872 1755 944 1784 unde

158 1802 247 1823 ortum
261 1799 432 1825 contendunt
448 1799 519 1833 quod
539 1807 625 1833 mtper
641 1800 746 1826 exstitit
764 1801 920 1827 scandalum
934 1821 942 1833 ,

159 1843 366 1878 tranquillitate,
395 1844 416 1870 si
450 1845 549 1871 throno
580 1845 625 1872 ille
654 1846 825 1878 restituatur,
851 1847 942 1874 statim

157 1890 230 1916 ultro
248 1891 377 1918 reditura.
399 1890 473 1917 Hand
502 1891 554 1919 sibi
581 1899 640 1918 esse
668 1897 757 1919 Iulum
784 1893 812 1920 in
840 1894 943 1920 teneris

159 1934 244 1962 initiis
262 1935 368 1969 itnperii
384 1936 519 1970 negligere
537 1939 576 1962 tot
592 1936 705 1963 istorum
721 1944 753 1964 ac
776 1942 829 1964 tam
849 1941 944 1971 poteti-

161 1985 217 2007 tum
239 1981 327 2008 minas
343 1987 541 2016 apparatusque
562 1982 725 2009 uovitatum.
744 1983 941 2010 Exarmandam

158 2027 210 2054 sibi
225 2034 286 2054 esse
299 2027 445 2055 factionem
468 2027 604 2056 demendo
625 2033 759 2063 praetextu
776 2029 918 2055 schismati
933 2049 940 2060 ,

158 2074 180 2100 si
195 2074 346 2107 periculum
364 2074 604 2109 przrsentissimum
617 2074 756 2101 amittendi
773 2074 942 2110 principatus

158 2120 226 2146 velit
254 2120 382 2154 elTugere.
419 2120 501 2146 Plane
532 2121 669 2147 confidere
684 2128 713 2148 se
738 2128 770 2147 ex
801 2124 943 2154 perspecta

157 2163 272 2190 Joannis
289 2164 314 2190 in
340 2172 399 2191 sese
424 2165 577 2196 charitate,
603 2169 726 2199 paratum
749 2173 812 2192 eum
830 2173 878 2199 pro
895 2172 942 2192 sua

158 2211 332 2245 imperatoris
348 2211 476 2236 incolumi
495 2210 642 2238 securitate
657 2219 712 2238 non
730 2211 811 2238 tnodo
827 2211 942 2245 patriar-

159 2256 264 2284 chalem
283 2257 379 2291 paciSri
393 2257 563 2291 dignitatem,
576 2259 622 2284 sed
641 2256 721 2283 vitam
735 2264 843 2291 quoque
858 2258 943 2291 ipsam

158 2294 334 2338 profundere.
345 2303 401 2330 Nec
414 2311 475 2330 vero
487 2311 557 2338 aegre
569 2303 640 2330 ferre
647 2307 694 2330 aut
704 2303 837 2336 indignari
847 2303 945 2339 debere

159 2350 247 2382 ipsum
263 2351 334 2385 quod
350 2355 402 2377 tam
417 2349 579 2377 necessariis
589 2350 622 2376 de
634 2350 722 2376 causis
737 2350 835 2376 throno
848 2349 946 2376 tantis-

159 2405 208 2432 per
221 2398 319 2424 cedere
330 2402 460 2432 cogatur;
482 2396 525 2424 cui
546 2397 640 2431 utique
656 2397 802 2431 imperator
814 2398 945 2432 spondeat

161 2443 218 2479 pari
235 2444 306 2477 apud
322 2451 350 2470 se
367 2443 459 2478 gratize
476 2443 535 2470 loco
550 2451 583 2470 ac
606 2436 698 2478 prius,
727 2443 787 2477 pari
808 2442 947 2469 existima-

159 2491 234 2518 tione
250 2497 281 2517 ac
296 2490 453 2524 dignatione
469 2490 592 2521 honoris,
608 2489 652 2516 ubi
668 2489 701 2515 ad
719 2489 798 2516 vitam
813 2487 943 2522 privatam

160 2537 275 2564 redierit
290 2536 428 2569 futurttm,
451 2541 587 2570 utcunque
600 2535 668 2562 alius
688 2542 737 2569 pro
761 2542 794 2561 eo
816 2534 944 2561 Ecclesia:

160 2584 350 2618 praefecturam
375 2587 461 2618 gerat.
479 2582 540 2610 Hth
557 2589 606 2616 per
623 2580 858 2616 chartophylacem
874 2579 948 2606 Meli-

162 2630 292 2657 teniotem
310 2634 337 2656 et
351 2628 572 2656 archidiaconum
588 2627 670 2662 jussit
692 2626 866 2653 Andronicus
884 2633 898 2652 a
917 2632 946 2652 se

161 2675 313 2703 renuntiari
337 2675 435 2707 Vecco,
463 2674 579 2701 sollicite
598 2672 789 2700 necessitatem
811 2679 945 2699 excusans

162 2730 222 2757 quze
241 2721 289 2753 ipsi
307 2721 358 2747 tale
371 2720 527 2752 consilium,
543 2724 572 2746 ut
585 2718 692 2750 aiebat.
709 2721 883 2752 extorqueret
905 2717 947 2743 in-

162 2767 306 2794 v'tissimo.
335 2765 444 2792 lnteritn
469 2764 526 2799 ipse
544 2771 669 2799 magnam
695 2763 813 2790 noctium
841 2767 944 2797 partem

163 2820 224 2839 cum
249 2812 368 2846 Josepbo
390 2816 417 2838 et
440 2811 499 2843 eius
523 2809 655 2838 studiosis
671 2809 834 2844 transigens,
851 2808 945 2835 sedulo

165 2857 334 2884 consultabat
348 2865 400 2891 qua
412 2857 512 2891 optime
529 2856 633 2883 ratione
647 2855 691 2882 ille
705 2854 798 2888 reponi
816 2853 943 2880 thronum

167 2903 192 2931 in
213 2903 348 2940 patriarch
361 2903 419 2930 dem
435 2910 451 2939 p
464 2908 525 2929 »δορί

997 1617 1060 1645 boni
1078 1618 1217 1652 quidpiam
1244 1617 1317 1651 (nam
1340 1625 1400 1652 qua:
1431 1617 1605 1652 contigerunt
1644 1616 1776 1650 haudqua-

996 1672 1075 1698 quam
1096 1669 1226 1691 eventura
1239 1665 1347 1691 vivenle
1360 1663 1489 1698 Josepllo.
1508 1663 1599 1690 multis
1623 1672 1655 1690 ex
1673 1663 1781 1690 indiciis

996 1711 1058 1737 licet
1072 1710 1231 1745 conjicere),
1248 1718 1309 1738 cum
1326 1714 1354 1737 et
1377 1711 1497 1738 inltante
1521 1710 1621 1737 Christi
1646 1710 1715 1737 festo
1739 1718 1780 1736 so-

997 1755 1083 1783 lemne
1103 1764 1210 1783 sacrum
1236 1755 1337 1787 facere,
1356 1760 1383 1783 ct
1408 1756 1480 1790 quod
1506 1755 1587 1782 funus
1606 1755 1721 1790 Augusti
1747 1754 1781 1781 de

995 1810 1069 1829 more
1085 1802 1231 1837 flagitabat,
1245 1807 1387 1837 parentare
1400 1803 1453 1829 ritu
1468 1810 1545 1829 sacro
1559 1801 1682 1829 Michaeli
1694 1808 1781 1835 nuper

995 1849 1124 1876 defuncto
1141 1853 1195 1875 tum
1212 1849 1331 1875 maxime
1349 1854 1468 1882 pararet,
1486 1848 1594 1875 cunctis
1611 1847 1653 1874 his
1669 1851 1780 1881 repente

993 1893 1113 1924 omissis,
1124 1893 1251 1928 postridie
1263 1893 1322 1920 festi
1332 1893 1499 1920 descendens
1512 1892 1674 1927 patriarchio
1685 1891 1711 1917 in
1731 1890 1779 1916 Pa-

994 1940 1152 1980 na_chrautae
1167 1940 1362 1966 monasterium
1382 1947 1410 1967 se
1424 1939 1555 1970 contulit,
1574 1938 1725 1972 impetratis
1743 1937 1778 1964 ab

994 1987 1156 2021 imperatore
1179 1985 1384 2016 abductoribus.
1399 1993 1435 2012 tte
1455 1985 1482 2012 in
1497 1985 1541 2012 Dei
1564 1985 1667 2019 judicio
1687 1983 1776 2010 loettm

995 2036 1092 2066 spente
1110 2032 1265 2059 deseruisse
1291 2036 1382 2064 posset
1407 2031 1495 2066 argui.
1515 2031 1673 2064 Quanquam
1696 2028 1780 2063 impc-

994 2083 1068 2105 rator
1087 2077 1163 2105 Vecci
1184 2077 1305 2112 petitioni
1320 2077 1453 2112 ejusmodi
1470 2083 1605 2107 annuens,
1621 2075 1706 2102 videri
1724 2080 1780 2101 stu-

994 2125 1052 2152 duit
1067 2132 1120 2151 non
1136 2125 1175 2151 vis
1190 2124 1347 2154 infereudee,
1364 2124 1410 2150 sed
1427 2121 1543 2157 prmsidii
1559 2129 1639 2148 causa
1652 2121 1676 2147 ei
1691 2129 1780 2147 artua-

996 2177 1036 2198 tos
1057 2171 1176 2197 mittere.
1207 2170 1275 2202 Quia
1306 2169 1380 2196 enim
1411 2169 1497 2203 palam
1517 2173 1575 2195 erat
1592 2168 1693 2195 multos
1710 2168 1746 2194 illi
1766 2175 1780 2194 e

996 2218 1069 2244 clero
1093 2217 1271 2243 vehementer
1293 2213 1412 2242 infensos
1438 2214 1508 2240 haud
1533 2214 1613 2241 facile
1631 2213 1780 2240 omissuros

997 2263 1167 2291 occasionem
1195 2266 1320 2296 proterve
1342 2260 1474 2288 illudeudi
1499 2260 1643 2287 decedenti
1667 2259 1780 2294 patriar-

998 2309 1067 2335 chali
1089 2309 1230 2343 dignitate,
1247 2307 1386 2341 professus
1404 2307 1551 2340 imperator
1569 2311 1610 2332 est
1627 2313 1659 2332 eo
1673 2313 1701 2331 se
1714 2305 1781 2331 dun—

998 2359 1080 2385 taxat,
1099 2359 1128 2380 ut
1147 2353 1260 2380 haberet
1275 2352 1379 2379 Vecces
1396 2352 1441 2386 qui
1455 2359 1484 2379 se
1497 2352 1532 2379 ab
1549 2352 1721 2378 inim'corutn
1741 2351 1780 2377 in-

997 2399 1114 2425 sultibus
1138 2402 1268 2433 tegerent.
1287 2398 1412 2424 militaris
1428 2397 1481 2432 ipsi
1507 2405 1604 2424 manus
1622 2397 1777 2424 comitatum

996 2445 1144 2472 addidisse.
1167 2444 1199 2472 Et
1221 2445 1278 2471 haec
1299 2444 1408 2479 quidem
1425 2445 1465 2472 sic
1483 2449 1556 2479 gesta
1571 2450 1636 2471 sunt
1655 2449 1727 2471 sexta
1753 2447 1778 2469 et

999 2491 1126 2518 vicesima
1142 2490 1297 2517 Decembris
1313 2490 1368 2516 die.
1446 2487 1448 2490 ’

1103 2556 1129 2584 5.
1147 2555 1287 2582 Restitutio
1300 2555 1408 2590 Iosephi
1419 2557 1445 2582 in
1456 2555 1674 2590 patriarclmtum.

1033 2622 1161 2657 Ejusdem
1178 2622 1279 2648 mensis
1301 2627 1363 2656 post
1378 2621 1448 2649 dietn
1473 2621 1646 2651 tricesimam,
1670 2620 1721 2648 sub
1738 2628 1776 2648 ve-

998 2677 1115 2704 speram,
1132 2667 1276 2703 impositus
1291 2667 1437 2702 gestatorio
1449 2666 1584 2700 JOSephus
1599 2671 1705 2693 tantum
1727 2675 1779 2694 non

1000 2714 1136 2742 exanimis
1151 2733 1158 2746 ,
1179 2713 1273 2740 multis
1293 2713 1428 2748 utrimque
1448 2713 1641 2740 comitantibus
1657 2717 1683 2740 et
1698 2718 1782 2739 certa-

998 2761 1047 2788 tim
1065 2758 1278 2786 acclamantibus
1297 2758 1418 2786 faustum
1435 2759 1553 2786 reditum
1566 2778 1574 2791 ,
1590 2766 1652 2786 cum
1678 2758 1781 2793 hymnis

998 2811 1026 2834 et
1045 2805 1185 2840 plausibus
1201 2805 1352 2837 hominum,
1368 2805 1441 2832 inter
1457 2802 1694 2832 increbreScetttes
1711 2811 1780 2838 pra:-

1002 2858 1075 2880 terea
1092 2851 1208 2879 tinnitus
1220 2851 1344 2886 campani
1361 2852 1433 2884 atris,
1448 2859 1503 2886 qtto
1519 2852 1546 2878 in
1563 2850 1704 2878 ecclesiam
1719 2858 1781 2878 con-

1000 2898 1091 2926 vocari
1108 2897 1223 2933 populus-
1241 2898 1318 2930 suit'l,
1335 2899 1361 2925 in
1385 2897 1463 2925 aedes:
1473 2897 1669 2933 patriarchales
1687 2904 1778 2931 repor-
