1921 3071
163 131 192 163 11
831 132 945 162 PETRI
967 131 1118 163 POSSlNI
1754 131 1786 165 32

200 187 254 218 lli.
298 186 372 217 Tam
409 190 498 217 atrox
528 187 598 218 irati
637 189 786 219 Numinis
826 188 961 220 vindicta
1006 189 1125 228 quibus
1152 192 1225 220 tuuc
1254 187 1431 221 sceleribus
1455 192 1692 227 provocaretur,
1715 189 1781 220 uis-

160 237 316 277 quisitum
345 245 362 268 a
390 237 538 276 plurimis
573 237 680 275 anxie,
718 239 826 278 ipsum
871 237 1003 278 quoque
1036 248 1070 269 se
1099 246 1162 269 non
1191 238 1398 269 dissimulans
1437 237 1508 277 ejus
1541 241 1697 271 abstrusas
1736 241 1781 271 rei

160 290 388 321 sciscitatorem
419 288 598 324 curiosum,
634 297 697 319 non
727 289 825 320 semel
869 290 1079 328 Pachymeres
1113 290 1257 322 afﬁrmat.
1289 293 1481 332 Aperiamus
1520 292 1579 323 hoc
1620 301 1680 324 nos
1713 292 1780 323 illis

161 348 324 375 arcanum,
347 341 378 370 et
406 338 614 377 indigitemus
655 340 788 376 trabem,
825 348 921 378 quam
957 341 1032 379 quia
1075 341 1202 372 inﬁxam
1228 347 1345 381 gerunt
1382 343 1496 378 oculis,
1540 344 1647 374 videre
1689 343 1780 374 illusi

162 394 341 430 nequeunt.
377 389 526 428 Relapsio
562 389 595 420 in
626 390 790 427 haeresim,
814 393 913 421 sancti
958 391 1094 430 Spiritus
1132 393 1370 431 processionem
1397 402 1415 424 θ
1446 395 1534 425 Patre
1571 393 1666 423 simul
1706 402 1780 423 cum

162 441 248 471 Filio
289 441 468 478 negantem,
498 439 667 477 repetitum
699 439 850 477 schisma,
885 440 1019 471 rebellio
1053 441 1164 472 iterata
1190 442 1222 473 in
1251 443 1369 473 Christi
1399 444 1552 474 vicarium
1599 442 1781 473 Romanum

164 490 358 530 pontiﬁcem,
387 492 503 526 vestra,
520 489 703 528 Byzantini,
736 489 924 529 hoc.opere
964 491 1124 529 publicata
1161 491 1294 523 crimina
1328 496 1414 524 sunt.
1453 494 1499 524 Ne
1535 492 1669 532 quwrite
1705 492 1782 522 alias

163 541 296 571 istarum
327 540 389 571 sub
419 540 539 580 quibus
569 541 697 579 gemitis
729 541 921 577 exitialium,
940 546 1049 573 tenore
1077 543 1325 574 continuissimo
1351 553 1520 582 nexarum,
1548 550 1638 575 austa
1655 552 1782 582 semper

163 591 315 630 gradibus
355 591 518 621 atrocitate
554 591 764 621 crescentium
799 599 911 622 causas
949 592 1176 623 calamitatum.
1211 594 1380 633 Utcunque
1411 594 1518 633 probi,
1552 593 1659 630 mites,
1698 592 1780 632 justi

164 641 328 680 principes
358 641 452 672 vestri
471 641 650 676 videantur,
667 641 806 680 populus
825 641 903 672 satis
929 643 1139 680 compositus,
1172 643 1277 673 clerus
1307 644 1412 683 gravis
1442 649 1472 675 et
1493 645 1659 681 honestus,
1678 652 1780 676 unum

165 694 211 721 est
244 691 318 721 odio
358 692 392 721 in
426 698 481 721 vos
524 691 579 722 Dei
620 691 808 723 concitando
835 691 889 729 .vel
927 690 1183 723 efﬁcacissimum
1219 693 1388 733 ﬂagitium,
1430 696 1574 734 pertinax
1613 695 1779 733 amplexus

164 740 292 780 reprobi
323 742 493 780 dogmatis,
524 740 674 780 pervicax
714 745 915 780 contemptus
942 750 1102 780 supremae
1130 742 1354 774 ecclesiasticae
1389 744 1587 775 auctoritatis
1622 745 1655 774 in
1694 743 1779 774 Petri

164 800 350 822 successore
376 793 516 823 Romano
543 791 693 830 episcopo
722 791 840 822 Christi
870 791 972 830 ipsius
1005 792 1209 823 institutione
1233 794 1425 826 constitutas.
1449 795 1522 825 Hinc
1551 795 1643 825 vobis
1677 795 1779 824 Lerna

165 843 336 878 maturum,
357 841 448 880 origo
478 841 627 878 cladium,
646 841 718 872 fons
747 840 999 872 infortuniorum
1019 843 1125 872 omnis
1148 843 1276 882 generis
1304 852 1391 874 unus
1417 849 1464 875 est
1480 845 1641 876 omnium.
1657 843 1779 874 Doletis

164 898 287 926 vostros
304 893 465 924 exercitus
481 891 776 926 numerosissimos,
793 891 941 921 ductante
962 900 1021 931 per
1044 900 1078 922 se
1098 891 1170 930 ipso
1183 896 1286 923 vestro
1300 895 1445 933 Augusto
1461 895 1617 926 Michaele
1636 895 1781 929 Juniore,

165 953 251 976 nunc
281 943 505 982 incompOsitis
520 951 578 973 nec
598 942 708 973 multis
729 942 893 980 oppositos
923 942 958 973 in
972 943 1049 974 Asia
1067 944 1225 980 Barbari‘s,
1252 953 1338 976 nunc
1360 945 1393 975 in
1427 946 1571 977 Occidua
1596 947 1782 976 continente

165 996 275 1035 paucis
307 994 471 1033 imparatis
500 993 683 1024 extorribus
716 993 855 1031 objectos
884 993 953 1024 acie
978 993 1109 1031 Latinis,
1132 997 1255 1026 terrore
1287 995 1389 1027 fuisse
1413 1001 1634 1027 consternatos
1652 996 1778 1035 panico.

164 1049 267 1084 fusos,
285 1045 423 1084 fugatos,
442 1043 648 1082 proﬂigatos?
667 1043 901 1080 Consternavit,
922 1043 1058 1082 disjecit,
1087 1045 1224 1083 perdidit
1243 1044 1353 1076 divina
1383 1046 1543 1083 Nemesis,
1571 1046 1717 1076 haeresim
1747 1047 1782 1077 in

166 1099 256 1130 vobis
285 1102 316 1128 et
345 1095 483 1126 schisma
509 1094 686 1125 vindicans.
716 1096 764 1123 An
803 1102 877 1124 vero
909 1102 949 1124 ex
984 1103 1048 1133 quo
1084 1094 1262 1134 legitimum
1297 1097 1492 1137 antistitem,
1521 1096 1690 1127 orthodoxi
1719 1097 1780 1126 dc-

165 1149 280 1190 gmatis
310 1147 349 1178 de
382 1145 587 1184 processione
603 1143 704 1174 sancti
720 1144 857 1182 Spiritus
884 1152 922 1173 ex
955 1144 1044 1174 Patre
1063 1144 1213 1184 Filioque
1239 1146 1508 1182 eruditissimum,
1528 1146 1779 1176 disertissimum

166 1199 529 1235 constantissimumque
569 1195 784 1233 defensorem,
819 1195 933 1227 throno
961 1194 1164 1234 patriarchali
1193 1195 1348 1226 Joannem
1391 1197 1529 1228 Veecum
1573 1197 1782 1234 deturbaslis,

167 1256 271 1284 vestra
297 1257 439 1289 unquam
469 1248 500 1277 in
532 1246 597 1277 ulla
622 1246 671 1277 vel
699 1247 812 1278 umbra
830 1245 1069 1285 tranquillitatis
1098 1246 1284 1286 conquievit
1311 1247 1477 1279 Ecclesia?
1506 1249 1575 1279 Non
1602 1248 1656 1279 ille
1683 1257 1779 1286 quem

167 1311 224 1344 pro
259 1303 360 1333 \‘ecco
389 1299 566 1331 intrusistis
597 1298 772 1336 Gregorius
804 1297 1203 1337 Cyprius,jactationibus
1239 1306 1416 1330 concussus
1454 1298 1605 1335 assiduis,
1642 1307 1782 1338 praeceps

167 1356 292 1386 tandem
309 1353 386 1384 sedc
400 1350 540 1382 corruit?
551 1358 613 1380 non
628 1349 714 1389 paria
730 1357 843 1388 passus
860 1348 906 1379 illi
919 1348 1073 1379 suti‘ectus
1086 1347 1302 1378 Athanasius?
1317 1349 1402 1387 paria
1417 1349 1557 1380 Joannes
1569 1347 1721 1380 Cosmus?
1734 1348 1780 1379 si-

167 1405 267 1441 milia,
306 1404 372 1434 imo
410 1402 528 1441 pejora,
553 1401 670 1431 iterum
702 1404 811 1430 contra
835 1399 889 1438 jus
921 1398 1034 1438 fasque
1066 1398 1226 1436 repositus
1253 1398 1287 1429 in
1317 1404 1403 1429 recte
1433 1398 1536 1429 ablato
1566 1398 1781 1438 palriarchatu

167 1454 359 1488 Athanasius
389 1453 490 1489 idem,
526 1451 618 1482 vobis
649 1450 786 1489 insuper
810 1449 890 1488 ipsis
923 1448 1155 1480 infestissimus
1188 1452 1219 1479 et
1246 1449 1573 1480 abominatissimns?
1600 1449 1683 1486 Quid
1709 1456 1779 1479 me-

169 1515 289 1538 morem
314 1512 426 1539 sasvas,
458 1502 628 1536 immanes,
657 1500 793 1531 rabiosis
826 1500 1014 1531 commissas
1045 1502 1076 1530 et
1105 1498 1268 1530 vobiscum
1302 1502 1334 1530 ot
1363 1499 1501 1531 invicem
1532 1500 1650 1539 jurgiis
1678 1503 1781 1531 sectas

167 1556 433 1590 Arsenianorum,
464 1550 714 1590 Josephitarum,
731 1547 1037 1588 Hyacinthinorum,
1061 1547 1211 1584 aliorum,
1241 1548 1336 1578 modo
1353 1547 1483 1588 Georgii
1515 1548 1779 1586 Moschamparis,

169 1609 267 1640 modo
297 1604 397 1637 Marci
435 1601 586 1641 discipuli
614 1601 734 1641 Cyprii,
768 1600 862 1631 modo
894 1599 1067 1630 Andronici
1104 1599 1281 1634 Sardensis,
1316 1600 1410 1630 modo
1436 1600 1570 1630 Joannis
1608 1599 1778 1638 Ephesini,

167 1661 264 1693 modo
292 1658 410 1688 Nicetes
447 1651 727 1692 Dyrrhachiensis,
764 1651 858 1682 modo
895 1649 1062 1688 Theolepti
1104 1649 1395 1689 Philadelphiensis
1449 1654 1554 1689 partes
1593 1649 1782 1681 tuentium?

167 1718 242 1751 quis
262 1712 359 1739 aestus
388 1701 633 1743 implacabiliter
657 1701 854 1732 rixantium?
882 1707 978 1740 quam
1004 1698 1251 1730 immedicabilis
1265 1698 1356 1730 furor
1380 1700 1509 1730 obnixis
1523 1699 1780 1731 irrevocabiliter

167 1759 285 1793 studiis
312 1765 383 1789 sese
414 1758 527 1786 mutue
558 1751 803 1785 infestantium'l
827 1752 905 1783 cmlo
933 1751 1016 1796 ipso,
1045 1751 1137 1791 cujus
1169 1751 1209 1782 de
1235 1751 1347 1782 vestris
1365 1752 1597 1783 controversiis
1617 1751 1778 1791 judicium

166 1814 223 1845 illo
255 1806 501 1848 Atramyttiensi
530 1807 690 1837 conventu
717 1812 773 1843 per
800 1805 971 1843 quamdam
991 1802 1218 1842 superstitiose
1234 1802 1395 1833 curiosam
1412 1802 1647 1843 pyromantiam
1666 1803 1781 1842 explo-

168 1869 271 1896 ratum
302 1859 445 1892 iveratis,
465 1855 563 1896 partis
593 1855 763 1894 utriusque
790 1853 919 1893 scriptis
934 1861 1023 1885 sacra
1047 1852 1175 1884 ﬂamma
1204 1853 1458 1890 concremandis,
1476 1854 1656 1886 luculenter
1674 1853 1782 1884 decla-

167 1918 260 1947 rante
288 1919 381 1951 aeque
413 1908 521 1940 omnia
554 1909 658 1938 vestra
687 1904 912 1937 conventicula
942 1905 1009 1935 Deo
1039 1912 1110 1934 esse
1133 1911 1170 1934 ac
1196 1904 1325 1942 superis
1342 1912 1450 1935 exosa.

207 1966 262 1997 IV.
305 1962 366 1994 Sed
393 1961 513 1992 frustra
542 1957 726 1988 laboramus
764 1955 974 1987 admonendi:
1006 1955 1048 1986 iis
1086 1961 1168 1994 quos
1205 1954 1387 1986 voluntaria
1427 1956 1551 1988 caecitas
1585 1964 1603 1987 a
1630 1954 1780 1988 videndo,

168 2017 255 2058 quod
282 2014 385 2054 palam
415 2015 474 2047 est,
505 2008 663 2048 prohibet.
687 2008 751 2038 Nos
781 2006 888 2046 potius
918 2006 1004 2058 hunc
1027 2006 1169 2038 fructum
1197 2014 1236 2037 ex
1254 2005 1351 2046 hujus
1381 2006 1523 2039 historias
1539 2007 1677 2039 lectione
1701 2005 1784 2037 refe-

169 2057 290 2101 ramus,
306 2069 342 2096 ut
375 2070 440 2094 non
456 2059 668 2092 dubitandum
687 2062 835 2098 putemus
863 2057 1001 2097 amplius
1018 2059 1097 2097 quin
1125 2058 1163 2089 ad
1180 2058 1377 2098 puniendum
1394 2059 1575 2089 Grzecorum
1593 2058 1624 2087 in
1648 2058 1783 2088 Oriente

170 2116 399 2158 imperantium
431 2113 569 2144 schisma
597 2114 781 2146 contumax,
811 2111 924 2148 dogma
955 2109 1138 2146 reprobum,
1155 2109 1236 2139 Deus
1253 2109 1496 2139 Ottomanorum
1527 2108 1702 2146 potentiam
1727 2117 1785 2139 ex~

169 2157 325 2202 citaverit.
363 2165 473 2196 Statim
501 2162 566 2193 fere
599 2165 694 2200 atque
714 2161 916 2191 Andronicus
931 2159 1127 2196 Paiaaologus
1153 2158 1261 2188 senior
1279 2165 1408 2197 compos
1436 2157 1537 2189 factus
1553 2158 1683 2198 imperii
1699 2159 1786 2190 vires

169 2221 239 2260 ejus
256 2215 414 2249 convertit
434 2213 603 2243 universas
619 2211 656 2240 ad
675 2209 924 2260 labefactandam
942 2207 1293 2260 exstirpandamqueab
1309 2206 1382 2260 ejus
1394 2211 1481 2260 patre
1499 2208 1656 2240 Michaele
1671 2203 1784 2239 initam

170 2257 243 2303 cum
280 2265 452 2306 apostolica
482 2262 558 2293 sede
587 2259 803 2296 concordiam,
828 2261 1006 2296 eruperunt
1036 2266 1053 2286 e
1081 2257 1211 2288 Perside
1242 2258 1274 2288 in
1310 2258 1505 2290 Christianas
1537 2264 1634 2290 terras
1663 2260 1784 2291 tumul-

171 2319 284 2351 tuariae
315 2318 475 2346 latronum
500 2317 626 2341 manus.
655 2309 776 2340 Harum
803 2307 869 2338 dux
901 2314 1011 2342 unus,
1035 2315 1131 2346 quem
1156 2311 1265 2337 noster
1291 2309 1459 2339 Atmanem
1480 2313 1580 2346 vocat,
1606 2309 1677 2340 aliis
1695 2310 1787 2340 Otto-

170 2376 279 2401 manes
309 2365 506 2398 nominatus,
519 2369 558 2391 ex
573 2359 711 2391 obscuro
729 2381 738 2396 ,
754 2361 883 2397 egente,
898 2356 1026 2387 inﬁrmo
1043 2356 1267 2394 inclarescere,
1282 2358 1389 2395 ditari,
1412 2361 1611 2391 corroborari
1631 2360 1785 2399 paulatim

169 2428 234 2452 non
260 2417 369 2452 desiit,
400 2413 504 2452 quoad
537 2410 660 2447 multis,
696 2413 791 2448 prout
811 2408 1023 2446 Pachymeres
1058 2408 1195 2447 sparsim
1229 2408 1281 2438 hic
1315 2415 1480 2445 memorat,
1507 2415 1620 2442 auctus
1655 2419 1783 2441 succes-

170 2471 274 2505 sibus,
291 2465 408 2507 praedis
421 2462 645 2501 locupletatus,
658 2459 798 2497 arcibus,
809 2458 1141 2496 urbibus,provinciis
1154 2467 1220 2489 suae
1230 2459 1344 2489 ditioni
1363 2461 1512 2498 subditis,
1525 2463 1631 2492 Prusae
1644 2461 1784 2497 tandem,

171 2528 267 2551 nuam
283 2519 316 2548 in
335 2513 484 2554 Bithynia
513 2517 747 2551 occupaverat,
779 2518 913 2551 regnum
939 2509 1101 2547 instituit,
1118 2512 1202 2542 circa
1221 2510 1340 2542 Christi
1358 2520 1479 2543 annum
1504 2513 1701 2543 millesimun
1719 2517 1781 2542 tre-

171 2554 400 2604 centesimum,
417 2562 595 2596 Andronici
619 2561 721 2592 nostri
744 2561 842 2600 hujus
858 2560 891 2591 in
916 2560 1053 2598 imperio
1072 2560 1387 2592 duodevicesimum.
1402 2562 1564 2592 Ottomani
1581 2561 1635 2600 qui
1654 2561 1783 2601 triginta

170 2622 299 2655 circiter
316 2621 388 2659 post
406 2616 500 2648 annis
517 2614 674 2646 successit
691 2613 725 2644 in
746 2620 844 2651 regno
863 2610 1014 2642 morienti
1031 2611 1118 2642 ﬁlius
1133 2611 1316 2648 Orcbanes,
1342 2616 1431 2650 capta
1454 2612 1557 2643 Nicaea
1575 2611 1672 2642 altera
1698 2614 1786 2651 regia

169 2670 422 2713 Byzantinorum
441 2667 662 2704 Augustorum
677 2687 685 2700 ,
701 2662 921 2694 Nicomediam
939 2665 1090 2700 prmterea
1109 2661 1321 2701 reliquasque
1338 2666 1456 2713 tractus
1481 2664 1551 2701 ejus
1570 2662 1715 2694 civitates
1733 2664 1785 2713 in-

169 2711 283 2757 clytas,
300 2723 367 2750 tum
386 2717 538 2757 Mysiam,
553 2712 954 2755 Lycaoniam,Phrygiam,
969 2713 1093 2743 Cariam
1108 2716 1304 2752 cunctasque
1324 2713 1361 2743 ad
1378 2711 1623 2751 Hellespontum
1639 2717 1669 2743 et
1690 2712 1786 2742 Euxi—

171 2755 249 2803 num
265 2755 427 2809 regiones,
442 2769 587 2798 Romano
603 2768 729 2803 ereptas
746 2771 805 2794 suo
823 2762 940 2802 adjecit
960 2763 1110 2802 imperio.
1127 2763 1225 2800 Cujus
1245 2763 1340 2793 etiam
1362 2762 1466 2792 adhuc
1494 2763 1656 2801 regnantis
1679 2761 1787 2798 auSpi-

170 2824 229 2855 ciis
248 2822 424 2854 Solimanes
444 2819 620 2856 ﬁlius,antc
639 2820 760 2856 patrem
776 2815 892 2846 deinde
912 2818 1071 2852 mortuus,
1092 2813 1123 2844 in
1140 2813 1305 2845 Thraciam
1325 2812 1487 2852 trajiciens
1502 2811 1710 2843 Ottomanicis
1726 2812 1789 2850 pri-
