1921 3071
141 150 180 184 13
860 151 1068 181 ΡΙΗΞΡΑΤΙΟ.
1749 149 1782 183 ii.

145 217 225 241 mus
248 210 414 250 Europam
432 211 530 242 armis
549 209 717 241 delibavit.
732 210 784 240 Sic
795 213 920 249 gestum
939 209 1107 240 Orchanes
1126 208 1218 238 annis
1236 208 1364 239 duobus
1384 211 1413 239 et
1434 207 1546 248 viginti
1565 207 1779 247 principatum

146 261 332 293 transmisit
347 263 496 293 Amurati
516 271 555 293 ex
574 271 608 293 se
623 262 745 301 genito,
761 261 928 301 superstiti
945 260 1135 300 relicto,qui
1153 260 1558 300 Callipoli,Hadrianopoli
1579 263 1610 290 et
1625 259 1781 298 subjectis

148 312 225 342 urbi
245 312 382 351 utrique
397 313 592 352 regionibus
608 314 784 344 Romanam
800 312 953 342 minuens
968 311 1099 347 artavit,
1118 311 1353 342 Ottoman‘icam
1376 311 1541 350 adaugens
1559 308 1705 341 dilatavit
1728 310 1782 340 di-

147 361 348 394 tionem.Ei
364 364 426 395 hoc
441 364 627 403 Bajazethes
642 367 736 394 natus
753 363 966 397 Thessaliam,
980 361 1211 399 Macedoniam,
1232 362 1417 399 Phocidem,
1438 360 1730 399 Atticam,Mysiam
1750 363 1783 389 et

151 412 340 450 Bulgariam
359 412 480 442 Graecis
499 412 633 452 eripuit.
649 411 735 442 Vicit
752 416 782 442 et
801 411 937 442 abduxit
955 411 1162 441 Tamerlanes
1181 411 1401 450 Bajarethcm,
1419 412 1479 442 sub
1497 411 1589 451 cujus
1604 410 1701 444 tiliis,
1723 411 1782 441 So-

150 461 286 499 iimane,
307 463 413 500 MnSa,
430 463 611 494 Mnhomete
628 464 656 499 1,-
672 463 786 493 h'reves
804 463 891 493 velut
906 461 1046 492 induciae
1064 461 1220 492 malorum
1236 462 1429 501 Byiant‘inos
1456 465 1783 499 recrearunt,exspe-

151 516 259 542 ctante
270 514 337 544 Deo
347 522 386 544 an
399 514 637 553 resipiscerent.
647 513 707 544 Sed
720 513 892 544 schismate
905 512 971 542 illic
983 517 1014 542 et
1026 511 1138 542 hmresi
1152 511 1432 542 perseverantibus
1447 520 1551 542 novus
1569 511 1653 542 ultor
1665 519 1782 542 exsur-

149 562 237 592 rexit
261 563 433 594 Amurates
461 565 509 601 ΙΙ,
534 563 727 594 Mahometis
754 563 848 602 primi
879 561 985 597 ﬁlius,
1012 562 1146 592 secundi
1179 566 1276 599 pater.
1302 562 1362 593 Hic
1385 561 1644 592 Thessalonicam
1668 562 1784 592 urbem

153 611 333 642 maximam
348 615 564 652 expugnavit,
583 614 779 653 Hungaricis
797 613 932 643 Joannis
954 612 1126 648 Huniadis,
1154 612 1364 651 Epirensibus
1386 612 1603 652 Scanderbegi
1624 613 1785 643 successi-

153 661 214 691 bus
237 654 420 693 retardatus
437 671 455 693 a
475 660 832 701 Constantinopolitano
861 661 1008 692 funditus
1031 656 1169 700 imperio
1199 662 1351 692 delendo.
1367 654 1500 692 Interim
1527 662 1613 692 enim
1641 662 1782 692 clemen-

155 711 303 743 tissimus
328 706 483 744 Dnmiuus
508 712 662 744 uttimum
688 712 776 744 velut
802 713 943 752 experiri
968 717 1118 744 conatum
1137 710 1238 744 voluit
1260 714 1386 744 Griecos
1403 713 1595 745 restituendi
1614 713 1784 745 catholicas

151 764 385 794 communioni
402 773 438 795 ac
458 764 544 800 ﬁdei.
561 769 753 803 congregata
770 765 853 795 circa
869 764 985 795 Christi
1005 773 1126 795 annum
1153 766 1230 796 1M0
1252 774 1340 797 sacra
1367 767 1564 797 cecumenica
1594 766 1783 796 Florentina

151 815 350 852 synodo,1’n
368 824 435 855 qua
451 823 533 847 nova
557 816 713 848 Ecclesiae
728 817 848 847 Graecas
862 823 935 847 cum
955 816 1065 846 Latina
1083 817 1208 847 tandem
1231 823 1278 848 est
1303 819 1488 850 conciliatio
1512 820 1644 849 sancita.
1661 819 1783 849 Verum

154 869 189 894 et
203 865 243 895 ab
263 864 323 895 hac
340 874 453 896 rursus
471 865 637 906 plerisque
654 867 802 906 ipsorum
825 862 1065 902 resilientibus,
1084 867 1282 898 Mahometes
1299 869 1325 899 ll
1339 892 1346 906 ,
1366 869 1528 900 Amuratis
1546 868 1686 900 secundi
1706 876 1784 898 suc-

154 923 266 945 cessor
293 919 324 945 et
349 916 434 946 ﬁlius
450 939 458 951 ,
476 917 792 956 Constantinopolim
817 917 846 946 vi
874 917 960 956 cepit
983 925 1070 947 anno
1092 916 1165 947 Chr.
1191 918 1281 954 1Ῐι53,
1296 923 1326 949 et
1349 920 1439 950 urbis
1462 924 1652 959 expugnatae
1681 918 1787 949 ruinis

152 966 276 996 obruto
294 965 509 998 Constantino
532 967 727 1006 imperatore
744 967 814 1005 ejus
833 967 978 997 nominis
1005 971 1116 997 octavo
1130 990 1138 1004 ,
1160 968 1411 1007 Palmologorum
1438 970 1613 1001 Andronici
1638 973 1786 1009 postero-

155 1024 231 1045 vrum
247 1016 364 1046 ordine
381 1016 487 1053 sexto,
510 1017 596 1047 sorte
618 1017 745 1051 uttimo,
763 1016 936 1055 imperium
954 1016 1119 1047 Orientale
1137 1017 1289 1053 abolevit,
1311 1018 1479 1049 manifeste
1505 1019 1593 1050 ultus
1617 1020 1784 1050 rescissum

166 1074 183 1095 a
208 1066 320 1096 Graecis
345 1067 519 1097 secundam
544 1075 616 1097 cum
637 1066 760 1098 Latinis
776 1066 1022 1097 conventionem
1041 1067 1168 1105 publice
1183 1067 1294 1099 initam
1312 1068 1494 1104 Florentiae,
1507 1069 1590 1099 sicut
1605 1070 1642 1099 ad
1668 1069 1787 1106 prioris

166 1115 373 1146 violationem
395 1115 427 1146 in
447 1116 657 1155 Lugdunensi
673 1116 797 1147 coalitae
811 1115 949 1147 concilio
966 1115 1190 1155 vindicandam
1203 1117 1360 1148 excitatus
1371 1118 1529 1149 divinitus
1544 1118 1650 1149 fuerat
1665 1119 1698 1149 in
1717 1128 1785 1150 ma—

160 1169 269 1207 jorum
287 1168 358 1207 ejus
374 1168 461 1199 serie
476 1169 626 1199 continua
645 1172 730 1200 retro
746 1172 857 1199 sextus
873 1168 1074 1200 Ottomanes.

201 1219 239 1249 ν.
254 1219 360 1257 Hujus
377 1219 447 1250 orbi
464 1219 616 1250 universo
634 1219 883 1250 luctuOsissimm
897 1219 1057 1257 tragoediae
1070 1219 1192 1258 primus
1204 1224 1292 1251 actus
1306 1221 1496 1260 Pachymere
1509 1222 1643 1253 docente
1662 1222 1692 1253 in
1709 1222 1780 1260 hac.

156 1268 255 1308 cujus
272 1269 369 1299 modo
384 1268 540 1306 siparium
559 1268 756 1304 reducimus,
773 1276 868 1298 scena
889 1267 977 1297 velut
995 1269 1131 1306 quadam
1157 1269 1291 1300 luditur.
1311 1271 1474 1309 Nusquam
1492 1270 1568 1302 alibi
1587 1271 1787 1310 principatus

161 1321 260 1352 istius
277 1326 376 1360 κυρίας
394 1325 485 1357 δόξας,
501 1325 583 1357 vota,
605 1328 687 1356 orsa,
706 1319 862 1350 destinata
874 1342 882 1356 ,
901 1319 1235 1351 machinamentorum
1253 1320 1406 1360 obliqwis
1424 1321 1527 1352 ﬂexus
1540 1343 1548 1358 ,
1564 1321 1693 1352 fucosas
1714 1331 1789 1360 spc-

160 1373 230 1404 cies
242 1372 447 1408 obtentuum,
463 1376 638 1402 astutarum
655 1379 768 1402 arcana
785 1371 991 1402 molitionum
1004 1393 1012 1408 ,
1032 1371 1119 1402 vafra
1139 1372 1315 1411 eademque
1324 1381 1414 1404 cassa
1427 1373 1619 1413 plerumque
1632 1382 1787 1406 successu

155 1425 283 1453 artium
304 1423 528 1454 illaudatarum
554 1426 747 1453 tentamenta
766 1422 909 1461 reperias
921 1422 1234 1461 descriptacandide.
1247 1423 1398 1463 patefacta
1410 1423 1603 1463 simpliciter
1623 1433 1639 1455 a
1659 1424 1789 1455 conscio

160 1475 195 1500 et
222 1474 368 1510 autopta.
386 1472 536 1502 Summos
558 1472 652 1501 modo
679 1470 792 1501 harum
812 1470 919 1508 apices
942 1478 1049 1500 rerum
1075 1471 1243 1509 pervolans
1266 1472 1393 1510 stringit
1412 1473 1582 1512 Gregoras,
1596 1483 1690 1509 unus,
1703 1476 1789 1512 quod

157 1521 268 1551 sciam
294 1520 376 1551 alius
388 1522 569 1552 Griecorum
591 1525 716 1560 tempus
737 1521 823 1551 istud
846 1523 994 1556 tractans,
1013 1520 1167 1560 idemque
1195 1529 1260 1552 non
1282 1522 1428 1553 omnium
1451 1523 1613 1562 inSpector
1637 1532 1789 1563 praesens.

164 1573 289 1612 quippe
315 1573 428 1612 junior
446 1573 652 1612 Pachymere,
670 1581 727 1603 nec
759 1572 994 1611 comparandus
1025 1572 1101 1602 huic
1130 1572 1287 1612 dignitate
1310 1577 1340 1603 et
1373 1574 1476 1612 impar
1497 1573 1641 1613 judicio;
1658 1574 1792 1613 insuper

160 1623 276 1655 favore
293 1623 397 1653 nimio
411 1624 441 1653 in
459 1623 640 1663 partes-sibi
656 1623 750 1654 amici
765 1623 910 1654 Senioris
921 1623 1078 1653 adversus
1093 1622 1259 1652 Iuniorem
1275 1622 1433 1654 declarato
1445 1624 1792 1662 Andronicum,studiu

165 1681 243 1712 erga
260 1673 461 1704 Barlaamum
486 1673 727 1704 haeresiarcham
742 1695 750 1710 ,
768 1673 889 1704 invidia
913 1672 1062 1703 factionis
1099 1673 1352 1712 Acindynianee,
1375 1675 1467 1713 cujus
1491 1679 1558 1705 erat
1582 1675 1737 1713 signifer,
1756 1676 1793 1705 Ii-

158 1725 269 1755 centia
291 1725 486 1756 obtrectandi
507 1725 710 1764 principibus
725 1728 756 1756 et
772 1724 936 1755 monachis
948 1745 957 1760 ,
973 1723 1206 1755 indelebilibus
1235 1725 1382 1756 maledici
1398 1733 1434 1756 ac
1450 1726 1611 1757 mendacis
1633 1728 1673 1757 ab
1684 1727 1791 1765 ipsius

164 1775 283 1814 aequali
309 1775 527 1806 Cantacuzeno
550 1774 755 1814 stigmatihus
786 1774 871 1804 inuri
900 1773 1051 1810 meritus;
1070 1773 1211 1813 denique
1227 1782 1337 1812 parum
1356 1775 1451 1805 etiam
1467 1775 1685 1806 Cantacuzeno
1700 1776 1791 1806 defe-

160 1829 311 1859 «rentium
332 1831 372 1859 eet
404 1827 578 1858 liberorum
609 1827 698 1858 omni
727 1826 912 1866 praejudicio
937 1827 1092 1857 lectorum
1117 1834 1209 1865 inqua
1231 1827 1389 1857 sententia
1424 1827 1595 1864 notabilis,
1615 1828 1702 1867 quod
1729 1827 1792 1858 sibi

162 1879 283 1910 famam
306 1880 392 1915 ﬁdei,
405 1887 479 1918 qua;
497 1883 545 1909 est
562 1878 668 1909 anima
685 1877 837 1912 historiae,
855 1885 918 1907 nou
935 1877 1014 1908 satis
1029 1876 1168 1908 sollicite
1176 1877 1336 1908 sittuitus
1348 1877 1795 1918 adversusjustassuSpic-io-

164 1940 226 1962 nes
243 1932 320 1970 styli
340 1931 509 1962 affectibus
525 1930 659 1962 obnoxii
675 1933 706 1961 et
720 1930 844 1969 ingenii
860 1929 996 1962 venalis.

209 1984 265 2014 Vl.
288 1983 425 2014 Unicum
444 1991 521 2022 ergo
538 1982 712 2013 Andronici
732 1985 1004 2013 actorum/testem
1020 1981 1126 2017 hunc,
1147 1982 1292 2021 prudens
1307 1982 1432 2017 Lector,
1451 1981 1533 2012 habe
1552 1983 1709 2013 idoneum
1735 1981 1794 2011 Pa-

159 2037 356 2075 chymerem
369 2046 378 2072 ;
391 2044 451 2066 nec
467 2039 574 2066 metue
584 2035 758 2074 perniciem
770 2045 843 2075 quae
856 2044 873 2066 a
884 2034 1222 2066 narratione‘felicium
1233 2035 1391 2066 scelerum
1403 2035 1539 2065 (menda
1553 2036 1666 2066 merito
1680 2034 1791 2073 legen-

170 2090 261 2120 tibus
277 2088 512 2128 pmscribitur,
526 2097 569 2119 ne
586 2089 624 2119 ad
639 2088 857 2119 imitationem
882 2087 1030 2119 incautos
1047 2087 1214 2118 allacteut.
1233 2086 1347 2126 Magna
1364 2086 1416 2117 hic
1433 2086 1611 2118 Andronici
1633 2086 1792 2122 senioris,

170 2139 226 2170 sed
242 2138 394 2170 vindicta;
409 2138 491 2169 acris
508 2147 568 2169 nec
583 2138 690 2170 dilatae
707 2138 857 2178 praesenti
875 2136 964 2168 velut
984 2137 1150 2173 antidoto,
1167 2137 1257 2167 nullo
1269 2138 1332 2176 jam
1344 2136 1495 2176 periculo
1510 2137 1792 2178 cognoscentium,

165 2189 308 2221 crimina
326 2189 520 2228 produntur.
537 2188 714 2220 Exhibetur
729 2189 756 2219 is
775 2188 976 2226 fmdit‘ragus,
993 2187 1170 2227 perduellis
1183 2187 1300 2219 Christi
1316 2187 1453 2224 vicario,
1469 2192 1660 2224 contumax,
1677 2192 1794 2220 contu-

172 2240 343 2276 meliosus,
361 2239 601 2278 ingratissimus
617 2239 769 2271 Ecclesitn
785 2239 970 2279 apostolicae
986 2240 1138 2270 Romam!)
1156 2249 1164 2269 :
1181 2238 1236 2268 sed
1262 2243 1293 2269 et
1312 2239 1474 2270 continuo
1501 2240 1589 2270 idem
1608 2240 1796 2270 ostenditur

174 2291 498 2331 imprudentissimus
512 2291 543 2322 in
556 2290 645 2322 omni
656 2291 806 2328 consilio,
819 2290 1065 2322 infelicissimus
1082 2289 1115 2320 in
1132 2289 1221 2320 omni
1239 2293 1359 2328 empto;
1376 2291 1458 2321 nulli
1471 2291 1796 2330 quamvisimbecilto

170 2353 236 2376 non
250 2345 469 2376 succumbens
486 2344 581 2382 hesti,
596 2344 676 2375 nulli
689 2352 756 2375 non
774 2343 949 2374 ludibrium
975 2342 1135 2374 adversari
1151 2350 1230 2373 auso
1243 2342 1388 2382 prtebens
1401 2364 1409 2378 ,
1428 2343 1563 2383 impune
1578 2353 1707 2383 semper
1722 2352 1798 2374 oon-

168 2400 327 2434 .temptus,
341 2402 415 2425 cum
426 2393 516 2425 lucro
530 2393 670 2430 irrisus;
691 2392 783 2433 cujus
800 2393 896 2423 minae
910 2392 1037 2423 nullum
1056 2392 1193 2431 pondus,
1207 2391 1328 2421 nullam
1341 2393 1552 2424 constantiam
1565 2394 1703 2430 decreta,
1722 2396 1796 2425 nut-

171 2447 234 2478 iam
250 2447 344 2478 (idem
368 2446 482 2481 verba,
502 2445 627 2475 nullum
643 2444 805 2476 desideria
829 2452 1013 2474 successum
1035 2443 1224 2479 habuerint;
1244 2443 1357 2474 umbra
1372 2443 1588 2483 imperatoris,
1606 2446 1692 2477 larva
1708 2446 1798 2486 prin-

169 2498 265 2537 cipis,
281 2505 402 2541 scopus
422 2497 518 2527 sortis
534 2497 696 2534 adversae,
714 2495 876 2527 fecundus
891 2496 925 2526 in
943 2503 1038 2526 suum
1056 2495 1196 2526 dedecus
1211 2501 1247 2524 ac
1274 2493 1444 2532 damnum,
1463 2496 1629 2536 longaevus
1654 2500 1692 2530 ad
1721 2508 1797 2539 per-

174 2549 362 2588 petuitatem
381 2547 540 2584 miserias;
555 2548 717 2587 denique,
733 2557 751 2579 a
771 2556 835 2587 quo
853 2546 1096 2578 inclinationem
1119 2546 1262 2578 ultimam
1283 2547 1321 2579 ad
1339 2548 1475 2580 exitium
1507 2547 1716 2588 irreparabile
1744 2549 1799 2580 in-

172 2603 257 2640 clyto
268 2602 382 2632 decem
398 2600 526 2631 szeculis
543 2608 632 2631 nova;
650 2601 760 2631 Romae
775 2599 915 2638 imperio
932 2599 1036 2629 datam
1052 2597 1160 2629 omnis
1173 2600 1247 2639 jure
1266 2600 1439 2640 deplorans
1455 2603 1486 2631 et
1502 2600 1663 2631 detestans
1691 2605 1796 2639 poste-

172 2653 246 2684 ritas
263 2654 433 2690 queretur.
448 2650 671 2686 Hasc,candide
691 2651 814 2687 Lector,
826 2654 1037 2681 occurrerunt
1053 2658 1126 2688 quae
1144 2649 1177 2680 in
1196 2650 1257 2682 hoc
1275 2651 1330 2683 tibi
1345 2650 1459 2682 limine
1478 2650 1639 2690 praefarer.
1658 2652 1734 2682 Nam
1757 2651 1797 2682 de

173 2711 241 2734 mea
267 2700 500 2739 interpretandi
519 2701 662 2737 ratione,
677 2701 716 2732 de
733 2700 847 2732 ordine
870 2709 907 2731 ac
928 2699 1080 2730 methodo
1097 2700 1229 2732 notandi
1248 2703 1359 2734 eadem
1383 2711 1456 2742 quae
1485 2703 1519 2734 in
1546 2693 1650 2734 fronte
1677 2702 1797 2741 prioris

171 2753 272 2794 partis
288 2751 455 2787 admonui,
474 2751 558 2782 dicta
579 2751 630 2782 hic
644 2759 776 2791 qquue
795 2751 892 2782 velim
917 2749 1072 2790 intelligi.
1086 2752 1176 2784 Vale.

210 2802 398 2836 Scribebam
413 2802 522 2833 Romae
536 2802 639 2842 pridie
656 2802 731 2834 ldus
750 2801 1001 2840 Januarii_anno
1016 2801 1134 2832 Christi
1157 2803 1245 2835 1668.
