1921 3071
95 95 128 128 19
578 142 581 146 Ι
693 104 856 137 GEORGII
877 108 1116 142 PACHYMER/E
1685 118 1721 150 ΞΟ

94 154 190 211 αυτοὶ
202 154 270 211 θεία,
323 155 440 211 Εὖλογία
457 157 553 193 βουλὰς
563 205 569 211 Ι
581 159 729 211 είραγουσα
755 163 882 196 πιθανὰς,
896 163 919 198 Α
935 165 1026 200 {av-ro:
1041 168 1146 195 καὶτοῦ
1155 170 1224 196 κατὰ
1238 170 1286 206 τὴν
1296 172 1407 208 Μαρίαν
1417 173 1570 208 συμϐάντος
1585 174 1615 201 τὸ
1630 175 1719 211 ἔχθος,

94 201 142 233 καὶ
158 200 191 227 τὰ
209 201 294 228 πολλὰ
310 203 511 238 κατεπείγουσα
526 205 574 232 καὶ
587 205 675 238 ἄλλως
695 214 884 244 παρακεκινη-

96 246 177 280 μένον
193 247 222 279 ὲξ
240 247 337 273 ἑαυτοῦ
359 249 404 275 τὸν
417 249 569 284 κρατοῦντα
583 251 616 277 τὰ
634 251 698 286 χθὲς
709 252 754 279 καὶ
765 253 819 288 προ
827 254 884 289 τρί-

93 301 145 326 της
157 293 360 327 ἀναλαμϐάνειν
371 295 418 320 καὶ
429 296 485 326 τοῖς
497 296 669 330 σχιζομένοις
676 297 882 332 ἀπολογεῖσθαι,

94 338 132 369 ὡς
147 338 222 372 παρὰ
234 338 347 373 γνώμην
359 339 398 374 τῷ
411 341 495 375 πατρὶ
511 333 667 376 συμπράξοι
688 342 735 368 καὶ
749 342 786 374 ὡς
798 352 881 370 κειτα-

94 383 172 418 γνοίη
182 384 231 418 τῆς
244 385 380 419 πράξεως,
396 385 432 417 ὡ,
446 385 492 412 ὑπ’
503 387 596 418 αὐτοῖς
609 388 668 414 ὅλον
683 388 820 422 γενέσθαι,
833 390 884 416 κᾶν

95 437 122 453 τι
137 429 266 455 δικαιιιῖεν
281 430 381 461 ἐκεῖ-,οι
409 431 507 457 παθεῖν
521 432 613 465 αὐτὴν,
641 433 758 470 ἑτοίμως
771 434 884 469 ὑπέχειν

96 473 145 506 τὰς
160 474 237 506 δίκας
251 474 289 506 ὡς
307 476 519 510 ἁμαρτήσαντα.
537 478 592 504 Καὶ
605 477 643 513 τῷ
661 479 710 513 μὲν
724 478 810 512 οὕτως
828 480 884 506 ἐδό-

96 530 150 553 κει,
186 522 392 558 ὑποποιουμένῳ
415 524 463 561 τὰς
487 524 599 559 γνώμας
623 526 677 553 τῶν
706 527 884 562 σχιζομένων,

96 567 191 603 ὥσπερ
208 568 240 595 ἃν
254 569 278 595 ei
292 569 478 603 ἅνερῤωγότος
492 570 605 605 βοθύνου
615 571 780 605 ἐξαπιναίως
791 573 884 600 πεσὼν

97 613 190 648 ἐζήτει
207 614 273 648 παρ’
297 613 408 640 ἐκείνων
432 615 680 649 ἀναλαμϐάνεσθαι.
707 618 740 644 Αἱ
764 618 819 654 γὰρ
840 619 885 648 διὰ

97 660 337 695 Χρυσοϐουλλεέων
351 661 440 694 λόγων
461 661 566 692 πίστεις
582 661 665 688 χαὶοί
677 663 705 688 ὲν
727 663 818 695 αὐτοῖς
837 664 884 699 ὄρ-

96 714 151 738 κοι,
160 706 206 732 καὶ
222 706 262 733 ὄσ*
272 706 339 733 ἄττα
356 707 522 741 ξυμϐεϐήκει
532 709 587 739 τοῖς
601 708 799 743 βασιλεύουσιν,
809 710 885 745 αὐτῷ

96 752 218 786 δηλονότι
243 754 289 779 καὶ
317 753 356 788 τῷ
384 755 479 789 πατρὶ.
506 755 546 786 είς
574 755 624 790 τὴν
648 755 698 788 τῆς
711 755 884 791 τελεσθείσης

98 799 209 833 εἰρήνης
221 798 379 833 βεϐαίωσιν,
389 799 440 825 οὐκ
447 799 577 831 ἀπεοικὸς
591 799 660 833 πρὸς
671 800 800 835 βοθύνους
811 791 883 836 ἔχειν

99 844 146 870 καὶ
160 844 304 879 φάραγγας
316 845 381 880 παρ’
394 844 479 879 αὐτῷ,
495 843 535 876 οἷς
551 845 650 880 ὸλίσθῳ
668 833 781 880 γνώμης
797 833 883 880 ἐμπε-
899 833 921 862 Β

99 890 156 915 σείν
171 888 249 925 ᾤετο.
280 891 310 916 Οἱ
326 890 353 916 δέ
369 899 400 924 γε
419 891 488 925 πρὸς
514 890 595 917 τοῦτο
619 891 835 926 παρακινοῦντες
851 892 883 927 (ἠ

99 933 218 967 Εὑλογία
243 931 316 962 οὗτοι
330 936 377 962 καὶ
390 936 404 962 ὁ
426 935 580 968 Μουξάλων
595 935 748 972 Θεόδωρος)
765 936 885 971 ἐῴκεσαν

100 981 151 1016 μὲν
165 981 211 1007 καὶ
227 982 397 1016 κινουμένοις
410 981 450 1012 εἰς
461 981 541 1015 ζῆλον
553 981 595 1009 διὰ
609 982 643 1009 τὰ
655 982 824 1018 πραχθέντα,
838 982 885 1013 καί

99 1034 131 1060 γε
148 1025 291 1061 ζητοῦντες
304 1026 353 1062 τὴν
368 1026 417 1061 τῆς
432 1027 597 1059 Ἐκκλησίας
623 1028 791 1055 κατάστασιν
806 1036 885 1055 κατε-

100 1072 237 1108 φαίνοντο,
258 1072 367 1099 ἐδόκουν
380 1072 408 1098 δὲ
425 1074 481 1104 τοῖς
493 1073 601 1112 πολλοῖς
620 1074 885 1110 προκατειλημμένοι

100 1116 150 1149 τὰς
164 1115 278 1151 γνώμας
289 1117 415 1144 καὶκατὰ
428 1118 476 1144 τοῦ
491 1119 671 1154 ἀποιχομένου
690 1119 832 1154 μηνίοντες
845 1117 885 1156 οἷς

101 1160 143 1186 ὅτι
162 1161 177 1196 ὴ
197 1161 245 1194 μὲν
259 1161 299 1192 είς
315 1161 345 1187 τὸ
361 1162 408 1188 τοῦ
423 1162 503 1196 ἁγίου
519 1163 670 1198 Γρηγορῐου
685 1164 813 1200 φρούριον
825 1165 887 1192 σύν-

102 1213 162 1238 αμα
175 1206 251 1232 παιδὶ
268 1207 300 1241 τῇ
313 1205 359 1232 τοῦ
385 1207 480 1234 Ῥαοὺλ
494 1209 605 1242 γυναικὶ
628 1209 786 1245 ὲξωρίζετο,
802 1210 886 1236 ἐπαύ-

103 1302 157 1330 que
172 1303 281 1332 urgens.
294 1304 348 1331 quo
359 1297 440 1326 etiam
452 1306 501 1334 per
518 1306 547 1326 se
557 1299 629 1327 ultro
645 1298 703 1336 ipse
716 1300 887 1330 Andronicus

104 1341 302 1374 propendebat,
328 1348 357 1370 ut
383 1351 552 1379 quaecunque
580 1352 666 1380 nuper
692 1353 763 1373 ctrca
792 1354 887 1382 pacem

103 1385 287 1415 Ecclesiarum
326 1391 519 1418 convenissem
553 1392 721 1421 rescinderet
756 1393 888 1429 irritaque

103 1433 240 1465 redderet.
260 1436 390 1469 prolitens
405 1444 434 1464 se
449 1437 562 1465 invitum
578 1438 662 1473 patris
676 1441 838 1467 auctoritate
853 1440 888 1467 ad

933 211 967 246 ἢν
983 212 1120 249 θυγατέρα
1146 217 1248 251 ταύτης
1276 217 1324 244 καὶ
1358 218 1522 253 Βουλγὼων
1546 220 1691 248 δέσποιναν
1707 223 1723 249 ό

933 257 1011 292 λόγος
1041 260 1215 297 προὺδεικνυ,
1245 263 1259 289 ὁ
1277 263 1306 289 δὲ
1325 263 1423 299 ζηλοῦν
1448 264 1526 303 δόξας
1542 266 1589 295 aut
1617 266 1669 302 τὴν
1682 267 1723 299 είς

940 303 1058 336 Ἰταλοὺς
1077 307 1226 340 πρεσὸείαν
1241 308 1460 343 ᾁποποιούμενος
1483 311 1522 339 ἑνί
1532 319 1564 344 γε
1584 311 1632 338 καὶ
1647 312 1724 347 μόνῳ

934 350 973 380 είς
1000 350 1135 387 τιμωρίαν
1163 352 1284 387 ἀλλακτῇ
1310 353 1348 388 τῷ
1382 355 1545 391 αὑταδέλφῳ
1584 357 1724 392 ἐχρήσατο

934 395 1027 422 Λέοντι
1043 396 1091 427 τὰς
1105 397 1238 432 ἐπιφορὰς
1250 398 1303 424 τῶν
1316 399 1421 433 ῥάϐδων
1437 400 1592 435 δεχόμενος.
1607 401 1722 437 Σύναμα

933 439 955 465 δ’
967 440 1051 475 ἄμφω
1067 441 1115 473 τὰς
1129 442 1218 473 αἰτίας
1230 443 1298 477 πρὸς
1310 443 1356 470 τὸν
1369 446 1590 481 πατριαρχοῦντα
1601 447 1718 481 ἀνάγον-

934 494 991 521 τες,
1002 486 1088 513 δεινὸν
1102 487 1162 514 κατ’
1175 488 1279 515 ἐκείνου
1293 489 1330 520 ὡς
1342 490 1468 523 δόξαντος
1481 492 1531 528 τὴν
1544 493 1635 521 αἰτίαν
1646 494 1721 528 είλη-

935 531 1015 564 φέναι
1030 531 1080 567 τῆς
1092 532 1136 566 ἐπ’
1147 532 1270 565 ἐκείνους
1283 534 1506 570 ἀγανακτήσεως.

935 610 970 645 γ’.
988 611 1089 645 ὀπως
1106 613 1123 638 ὁ
1134 612 1288 651 ,βᾳᾳιλςὺς
1304 614 1358 641 τὸν
1378 615 1494 645 Βέκκον
1514 616 1595 651 ἀφίει
1612 617 1662 644 καὶ
1680 617 1722 650 τῷ

1169 647 1277 682 Ἰωσὴφ
1297 651 1499 683 προσετίθετο.

971 714 1015 750 [P.
1031 713 1059 750 7]
1079 714 1122 745 Ὠς
1137 715 1202 749 γοῦν
1225 717 1241 751 ή
1262 716 1318 746 τῶν
1341 717 1459 751 Χριστοῦ
1472 718 1492 746 Γ
1493 718 1619 746 ενεθλιων
1633 728 1722 755 προσ-

935 759 1049 795 ήλαυνεν
1066 760 1159 795 ἑορτὴ,
1177 762 1223 788 καὶ
1249 761 1302 789 ἔδει
1317 762 1377 797 μὲν,
1394 763 1433 795 ὡς
1452 763 1563 796 εἴθιστο,
1579 764 1722 800 προελθεῖν

937 805 1060 841 βασιλέα,
1087 807 1142 833 ἔδει
1157 807 1187 835 δὲ
1216 807 1264 835 καὶ
1293 807 1343 843 τὴν
1360 809 1495 845 μυστικὴν
1513 810 1543 836 ἐν
1560 810 1721 845 ἀνακτόροις

937 852 1092 886 ἱερουργίαν
1116 852 1264 884 τελεῖσθαι.
1281 855 1335 882 ’καὶ
1358 855 1375 889 ή
1392 855 1441 890 μὲν
1464 856 1625 891 προέλευσις
1646 857 1722 884 tta-rh

935 896 1033 932 δεῖγμα
1056 897 1154 933 λύπης,
1172 899 1248 926 κάτω
1264 907 1317 926 που
1332 899 1380 927 τοῦ
1400 900 1533 936 βασιλέως
1563 902 1721 937 ἱσταμένου)

935 942 985 971 οὐκ
1003 943 1135 976 ἐγεγόνει,
1150 944 1185 970 τὰ
1199 944 1227 970 δὲ
1239 945 1288 977 τῆς
1302 946 1438 981 μυστικῆς
1455 946 1609 982 ἱερουργίας
1626 947 1720 982 ἠπρά-

936 996 1006 1020 κτει,
1025 989 1061 1023 μή
1078 997 1136 1020 πως
1151 989 1199 1016 καὶ
1217 990 1232 1016 ό
1247 992 1285 1021 είς
1303 991 1479 1026 πατριάρχην
1495 992 1535 1019 ἔτι
1548 993 1632 1019 τελῶν
1653 1001 1725 1028 μνη·-

938 1033 1087 1069 μονεύοιτο.
1103 1035 1136 1060 Ὃ
1156 1034 1188 1068 δὴ
1212 1035 1333 1061 κάκεῖνοι
1347 1035 1396 1070 μὲν
1410 1036 1537 1064 ὲπείλυον
1549 1037 1619 1068 τέως
1632 1038 1721 1069 αίτίας

936 1079 1130 1114 πλαττόμενοι,
1147 1080 1220 1113 δῆλοι
1245 1081 1268 1107 δ’
1284 1078 1355 1116 ἦσαν
1370 1081 1460 1117 ἄλλοις
1474 1083 1510 1110 τὰ
1523 1083 1560 1118 μὴ
1573 1083 1638 1109 ὄντα
1654 1092 1722 1119 προ-

937 1126 1125 1162 φασιζόμενοι.
1149 1125 1181 1153 Ἦ
1196 1126 1250 1161 γὰρ
1268 1127 1385 1162 Εὐλογια
1397 1128 1472 1164 νόμῳ
1484 1129 1532 1164 μὲν
1549 1130 1722 1164 συμπαθείας

937 1172 1046 1207 ἐθρήνει
1063 1172 1107 1201 τὸν
1123 1173 1315 1207 ἀποιχόμενον,
1330 1174 1361 1200 τὸ
1371 1173 1400 1200 δὲ
1412 1173 1492 1200 πλέον
1506 1173 1614 1209 θρηνεῖν
1634 1183 1720 1210 προσι-

936 1219 1056 1244 εποιεῖτο
1069 1217 1120 1254 τὴν
1133 1217 1179 1244 τοῦ
1193 1217 1307 1253 ἀδελφοῦ
1318 1219 1362 1246 διὰ
1374 1219 1403 1245 τὸ
1415 1218 1478 1254 χθὲς
1493 1219 1602 1254 γεγονὸς
1619 1220 1722 1252 ἐξιπώ-

937 1312 1013 1333 mum
1027 1305 1201 1340 perturbatae,
1215 1308 1246 1332 ut
1259 1304 1378 1338 aiebant,
1393 1304 1437 1333 his
1450 1305 1616 1334 nevitatibus
1631 1306 1723 1334 Eccle-

938 1352 996 1384 siae,
1014 1359 1069 1379 non
1082 1351 1191 1379 fallebat
1205 1357 1293 1381 tamen
1308 1352 1451 1387 plerosque
1467 1360 1557 1380 rerum
1570 1358 1722 1380 transacta-

938 1406 998 1426 rum
1015 1406 1151 1427 memores
1167 1403 1195 1426 et
1210 1398 1359 1433 prudentes
1376 1399 1557 1427 aestimatores
1581 1400 1720 1427 actionum

939 1445 1129 1478 humanarum,
1146 1444 1286 1480 indulgere
1303 1444 1331 1473 in
1345 1444 1397 1472 hoc
1408 1449 1552 1478 utrumque
1564 1445 1660 1473 horum
1674 1446 1720 1473 ira:

104 1487 135 1508 ea
156 1481 296 1515 probanda
321 1486 435 1510 tractum
453 1492 527 1512 nunc
549 1485 678 1513 damnare
700 1486 887 1522 infectumque
901 1499 922 1527 ο
938 1491 1056 1526 odioque
1071 1491 1099 1518 in
1112 1497 1249 1519 mortuum
1262 1491 1412 1527 Augustum
1426 1492 1552 1527 propriis,
1564 1492 1639 1527 cujus
1652 1493 1720 1519 actis

102 1527 173 1556 velle
190 1529 261 1562 quod
283 1536 424 1565 perperam
441 1531 551 1565 egisset,
567 1535 650 1567 atque
674 1532 744 1560 adeo
760 1532 888 1561 Ecclesiae

105 1574 266 1609 proceribus
279 1575 324 1610 qui
346 1576 483 1603 contraria
510 1577 645 1604 sentirent
661 1578 839 1612 pcenitenlem
859 1586 888 1607 se

103 1620 250 1655 subjicere,
275 1621 457 1656 exhibereque
480 1627 605 1657 paratum
628 1624 660 1651 ad
683 1632 777 1658 poenas
792 1632 888 1652 omnes

104 1667 261 1695 subeundas
274 1675 450 1703 quascunque
463 1669 489 1696 in
501 1669 681 1704 expiationem
693 1670 758 1696 tanti
767 1670 890 1697 criminis

105 1715 281 1749 prtescribere
312 1715 362 1750 ipsi
388 1715 548 1743 voluissent.
565 1715 594 1743 in
616 1716 688 1743 hanc
713 1715 759 1743 ille
782 1721 890 1743 senten-

105 1761 170 1788 tiam
199 1761 343 1793 concessit.
356 1762 500 1796 statimque
524 1770 666 1798 aggressus
687 1763 889 1791 adversantium

106 1806 167 1842 paci
178 1806 294 1833 delinire
311 1806 431 1834 infensas
445 1807 472 1833 in
487 1814 517 1834 se
532 1807 696 1842 voluntates,
710 1809 835 1843 allegavit
849 1810 890 1837 eis

106 1853 327 1881 asseutabundus
340 1857 367 1881 et
380 1854 494 1889 supplex
506 1862 566 1882 esse
577 1863 626 1882 cur
637 1855 811 1884 miseratione
823 1856 890 1892 ipsis

105 1903 133 1927 et
151 1899 229 1926 venia
248 1899 404 1934 dignandus
422 1900 508 1928 videri
533 1906 625 1936 posset
644 1909 710 1929 suus
727 1901 828 1937 lapsus,
844 1903 890 1936 qui

106 1953 161 1972 non
179 1950 232 1972 tam
254 1946 349 1973 volens
365 1950 410 1974 aut
427 1947 564 1974 sustinere
578 1955 637 1975 sese
655 1948 749 1975 valens
773 1948 890 1976 cecidis-

107 1997 161 2025 set,
179 1999 260 2026 quam
278 1992 437 2020 subsidente
456 1994 584 2020 deorsum
601 1994 747 2028 absorptus
769 1994 794 2021 in
820 2002 890 2028 pra:-

107 2047 171 2073 Ceps
197 2044 267 2066 terra
284 2041 411 2076 voragine
433 2041 552 2075 quadam
579 2041 691 2069 haustus
715 2045 799 2068 esset.
823 2041 889 2068 Nam

108 2085 190 2112 tidem
209 2092 286 2119 [lapte
298 2086 389 2112 datam
405 2086 597 2119 diplomatibus
610 2087 698 2114 Aurea
713 2086 788 2113 Bulla
802 2086 892 2113 ιιιιιιιὶ-

108 2133 154 2163 tis.
176 2132 276 2164 quibus
304 2132 478 2159 subscribere
501 2137 562 2166 post
588 2136 692 2167 patrem
723 2133 891 2168 nequivisset

108 2180 167 2213 ipse
182 2186 319 2210 recusare,
335 2182 391 2204 tum
404 2178 555 2212 iuramenta
569 2178 628 2205 istis
643 2179 746 2210 addita,
767 2178 818 2213 15
836 2186 890 2206 ειε-

108 2230 220 2259 teraquc
234 2228 292 2251 acta
310 2225 381 2251 circa
398 2225 449 2251 boc
465 2223 603 2259 negotium
620 2224 694 2258 pacis
709 2225 889 2252 Eeclcs‘iarum

108 2273 237 2306 utrinque
258 2271 432 2298 solemnitate
448 2275 522 2297 tanta
540 2270 693 2304 stipulam,
713 2278 776 2298 num
800 2272 890 2298 minus

109 2318 311 2345 ineluctabilem
334 2322 461 2352 putarent
485 2317 612 2345 habuisse
630 2317 663 2344 ad
681 2325 711 2344 se
731 2318 891 2352 pertrahen-

108 2365 172 2391 dum
193 2364 247 2390 vim
270 2371 352 2398 quam
377 2363 468 2391 subito
490 2371 554 2390 casu
582 2363 724 2390 dehiscens
748 2363 834 2390 solum
858 2363 892 2390 ad

109 2411 233 2444 quamvis
256 2409 366 2440 molem,
382 2417 442 2444 quae
460 2417 540 2443 supra
556 2410 681 2441 steterit,
699 2409 776 2436 ruina
794 2409 891 2436 tristis-

111 2459 180 2484 sima
196 2455 390 2485 sternendam?
404 2455 578 2491 Ignoscerem
593 2455 674 2491 igitur
688 2463 738 2491 pro
752 2456 891 2483 communi

111 2504 291 2534 humanitate,
308 2510 340 2529 ac
364 2501 562 2530 sublevandum
579 2501 658 2528 venia
684 2505 829 2529 censerent
851 2509 891 2532 se.

110 2559 165 2578 non
181 2556 235 2578 tam
251 2549 408 2576 infirmitate
421 2549 578 2584 prolapsum
589 2548 698 2583 propria
710 2556 790 2583 quam
803 2548 893 2575 aliena

111 2596 300 2633 propulsione.
316 2596 504 2623 cuiresistere
518 2595 589 2622 haud
610 2595 739 2629 potuerit.
757 2594 892 2629 deiectum

110 2646 138 2671 in
152 2642 317 2671 l‘oveam.Ad
334 2642 405 2669 hanc
420 2641 593 2668 Andronicus
609 2640 770 2675 profitendae
781 2644 893 2675 prater-

110 2691 210 2718 itorum
226 2689 394 2725 paenitentia:
419 2688 598 2715 humilitatem
621 2687 774 2719 descendit,
800 2691 895 2714 aucto-

111 2738 187 2764 ribus
208 2737 325 2764 maxime
342 2735 453 2770 Eulogia
473 2739 500 2761 et
515 2734 660 2762 Theodoro
673 2733 832 2764 Muzalone;
847 2733 894 2767 qui

110 2781 236 2817 quamvis
249 2790 304 2817 pne
315 2788 345 2809 se
358 2780 483 2808 ferebant
497 2779 604 2807 incitari
621 2787 650 2806 se
667 2779 700 2806 ad
712 2786 743 2806 ea
757 2778 895 2806 suadenda

112 2829 169 2856 zelo
180 2828 318 2864 religionis
330 2833 357 2856 et
376 2827 468 2856 studio
489 2826 654 2862 reponenda:
667 2826 695 2852 in
709 2830 810 2853 statum
826 2824 896 2860 opti-

940 1538 1128 1565 rescindendis
1139 1541 1166 1564 et
1181 1537 1310 1564 memoria
1322 1537 1446 1565 fuedanda
1460 1537 1553 1565 ulcisci
1565 1537 1719 1570 studebant,

939 1584 1051 1619 Eulogia
1067 1583 1178 1618 quidem
1198 1584 1322 1611 exsilium
1336 1583 1408 1618 quod
1428 1584 1487 1618 ejus
1501 1583 1578 1617 jussu
1601 1583 1721 1617 pertule-

939 1634 992 1662 rat,
1002 1629 1029 1656 in
1039 1636 1128 1656 arcem
1141 1628 1233 1656 Sancti
1244 1629 1365 1664 Gregorii
1381 1629 1414 1656 ab
1428 1629 1472 1656 illo
1486 1636 1546 1655 eum
1561 1628 1614 1655 ﬁlia
1629 1628 1722 1655 Ranlis

940 1683 1024 1703 uxore
1041 1675 1159 1710 relegata
1170 1695 1177 1707 ,
1191 1681 1376 1711 praetereaque
1395 1675 1559 1709 eiectionem
1579 1674 1669 1701 Maria:
1684 1675 1724 1702 al-

943 1722 1026 1750 terius
1038 1722 1098 1749 ﬁlia:
1110 1729 1124 1748 e
1137 1729 1220 1757 regno
1232 1721 1373 1756 Bulgaria},
1387 1721 1546 1748 Theodorus
1557 1728 1623 1748 vero
1633 1719 1725 1747 Muza-

941 1767 985 1794 lon
1001 1772 1075 1794 atrox
1092 1767 1305 1802 probrosumque
1321 1766 1480 1801 supplicium
1496 1765 1630 1798 fustuarii,
1650 1764 1723 1800 quod

941 1812 992 1839 sub
1006 1812 1093 1839 oculis
1111 1812 1269 1846 imperantis
1282 1812 1420 1839 Michaelis
1431 1812 1522 1839 fratris
1534 1811 1630 1838 Leonis
1639 1818 1722 1837 manu

941 1859 1092 1893 pertulerat
1105 1859 1132 1885 in
1153 1866 1260 1893 ptenam
1274 1863 1403 1886 recusatae
1417 1858 1451 1885 ad
1465 1858 1546 1885 Italos
1568 1856 1723 1892 legationis.

940 1908 1075 1931 Laterum
1090 1904 1170 1931 ambo
1189 1904 1215 1930 in
1233 1904 1413 1939 patriarcham
1433 1903 1504 1930 haud
1523 1902 1606 1930 dubie
1627 1902 1723 1929 freme-

941 1950 1021 1981 bant,
1041 1950 1120 1984 eique
1133 1951 1189 1984 jam
1211 1958 1265 1977 non
1280 1949 1486 1977 dissimulanter
1500 1949 1616 1976 exitium
1631 1948 1722 1974 miua~

941 1996 1049 2029 bantur,
1063 2000 1203 2023 auctorem
1225 2003 1286 2023 eum
1303 1995 1352 2022 sibi
1370 1995 1490 2022 ferentes
1513 1995 1645 2021 malorum
1666 2001 1725 2020 om-

943 2043 1018 2069 nium
1036 2050 1095 2077 qua:
1106 2050 1138 2070 ex
1149 2041 1212 2070 odio
1224 2041 1252 2069 in
1267 2041 1341 2076 ipsos
1353 2040 1467 2076 Augusti
1484 2039 1606 2067 defuncti
1624 2039 1725 2067 redun-

942 2089 1062 2117 (lassent.

904 2165 931 2196 ι)
944 2157 971 2184 5.
994 2156 1026 2184 Ut
1038 2157 1181 2190 imperator
1192 2154 1271 2182 Vecco
1279 2154 1388 2188 dimisso
1400 2161 1426 2181 se
1434 2152 1547 2188 Joseplta
1559 2153 1723 2188 adjunxcril.

976 2225 1059 2260 Igitur
1068 2224 1241 2251 illucescente
1251 2222 1439 2250 anniversaria
1448 2222 1492 2249 die
1504 2221 1605 2249 Christi
1619 2222 1724 2249 Domini

941 2271 1041 2302 Natali,
1059 2277 1121 2297 cum
1144 2269 1190 2297 illo
1214 2269 1282 2297 festo
1307 2269 1342 2295 de
1365 2276 1440 2296 more
1456 2272 1594 2303 oporteret
1617 2267 1724 2302 prodire

943 2317 1092 2351 Augustum
1106 2320 1133 2343 et
1148 2315 1291 2350 mysticum
1304 2314 1465 2341 sacrificium
1479 2314 1505 2341 in
1519 2314 1571 2349 16
1581 2322 1657 2342 sacra
1667 2314 1724 2341 aede

942 2361 1060 2396 palatina
1078 2361 1130 2387 ritu
1146 2359 1260 2387 solemni
1276 2359 1418 2390 celebrari,
1432 2364 1561 2386 neutrqu
1576 2359 1672 2386 horqu
1686 2363 1727 2385 est

942 2407 1056 2434 factum.
1073 2407 1112 2433 Ae
1133 2406 1221 2434 exitus
1239 2405 1347 2439 quidem
1364 2404 1444 2431 domo
1465 2409 1493 2431 et
1516 2411 1676 2439 progressus
1700 2403 1725 2429 in

944 2452 1082 2488 publicum
1100 2451 1146 2479 tali
1163 2451 1207 2478 die
1221 2450 1315 2477 omissi
1337 2449 1371 2476 ab
1389 2449 1511 2484 Augusto
1534 2456 1616 2475 causa
1633 2452 1726 2474 utcun-

943 2508 996 2536 que
1012 2499 1163 2534 plausibilis
1177 2497 1316 2525 ferebatur
1331 2497 1420 2524 Iuctus
1433 2497 1493 2531 ejus
1508 2504 1540 2523 ex
1557 2495 1661 2522 recenti
1679 2503 1726 2529 pa-

944 2546 993 2573 tris
1006 2550 1104 2578 morte,
1127 2544 1162 2572 ob
1187 2551 1268 2579 quam
1291 2543 1380 2570 adhuc
1405 2546 1596 2570 consternatus
1622 2540 1728 2568 sederet

945 2600 1065 2620 mcerens
1077 2596 1105 2619 et
1118 2592 1186 2619 lucis
1201 2591 1319 2626 fugitans
1330 2590 1391 2617 imis
1403 2591 1428 2617 in
1444 2588 1620 2617 conclavibus
1631 2588 1729 2615 domus
1746 2610 1748 2613 .

945 2639 1082 2673 Augustae.
1098 2637 1211 2665 Omissa;
1225 2637 1344 2672 mystica:
1357 2635 1502 2663 oblationis
1513 2642 1576 2660 vera
1586 2638 1645 2661 erat
1662 2635 1731 2662 ratio

947 2684 1096 2720 (utcunque
1113 2683 1184 2710 illam
1203 2684 1220 2710 ii
1234 2691 1303 2718 quos
1311 2682 1421 2717 petebat
1434 2680 1566 2715 suspicio,
1579 2680 1729 2714 negabant,

946 2737 1032 2756 vanos
1055 2729 1123 2755 alios
1144 2728 1383 2755 comminiscentes
1403 2725 1573 2762 prtetestus),
1591 2731 1666 2754 vera.
1689 2723 1731 2750 in-

947 2783 1040 2807 quam,
1060 2779 1119 2802 erat
1141 2775 1221 2807 ratio,
1235 2781 1268 2801 ne
1290 2773 1461 2807 patriarchae,
1477 2779 1559 2807 quem
1574 2778 1662 2798 novus
1678 2770 1731 2795 Au-

947 2827 1042 2858 gustus
1053 2821 1225 2849 exauctorari
1235 2820 1351 2853 volebat,
1363 2826 1477 2847 necesse
1486 2822 1558 2846 esset
1572 2817 1599 2844 iu
1614 2815 1732 2852 palatino
