1921 3071
98 170 133 203 21
598 167 646 198 DE
667 166 887 197 ANDRONICO
910 161 1136 194 FALIEOLOGO
1156 161 1220 190 LIB
1251 160 1278 190 Ι.
1721 158 1758 189 92

100 231 200 259 λειαν,
218 227 270 254 καὶ
283 227 335 262 τὴν
349 226 513 259 Αὖγοῦσταν
526 225 678 261 θρηνοῦσαν
692 225 737 251 τὸν
761 224 877 257 σύζυγον
890 224 918 249 ὲν
932 222 958 253 Δ
972 221 1017 248 καὶ
1030 219 1113 255 ἱερῶν
1127 218 1227 249 ἄλλων,
1255 212 1429 250 ἐπιτιμήσεις
1444 214 1471 242 δὲ
1499 214 1544 241 καὶ
1556 214 1759 262 Δκολάσεις-τῶν

103 276 138 301 οὐ
150 273 259 305 χαλαῖς
275 259 341 307 περὶ
358 273 466 299 ἐκεῖνον
486 259 592 298 ἐλπίσιν
612 271 711 302 ἐποίει,
735 270 771 301 ὡς
783 269 860 296 οὐδὲν
876 269 918 294 ὲν·
969 266 1019 300 τῆς
1030 265 1178 299 ἐκκλησίας
1191 263 1330 294 πείθοντες
1342 261 1517 297 πατρῑὰρχην
1526 259 1665 287 τελέσειαν
1676 259 1758 296 (ἦσαν

103 317 213 344 τεῦθεν
228 316 277 343 τοῦ
298 316 372 351 ὑπὲρ
400 316 506 343 ἐκείνου
532 315 774 351 πραχθησομένου,
791 314 849 348 ζκΞν
864 314 877 340 ὅ
892 322 918 340 τι.
970 313 992 338 δ’
1009 309 1083 339 οὗτοι
1100 311 1147 338 καὶ
1165 309 1288 345 μᾶλλονό
1305 308 1482 343 Γαλησιὼτης
1497 316 1526 334 τε
1539 307 1699 334 Γαλακτίων
1710 308 1759 334 καὶ

107 364 159 390 καὶ
171 361 206 398 ᾖ,
239 362 441 397 βοηθήσοντος.
466 361 549 388 Ὅθεν
577 362 626 388 καὶ
653 363 710 392 τοῖς
733 361 919 396 πατριάρχαις

111 407 283 434 συνελθοῦσι
299 406 375 433 κατὰ
386 407 565 441 παριμιιθὶαν
573 406 665 442 ἐκείνη
679 406 836 438 κατώδννος
851 404 920 433 οὖσα.

110 453 144 479 τὸ
172 453 311 487 ποιητέον
328 452 403 486 ὑπὲρ
420 452 469 487 τῆς
495 452 601 478 ἐκείνου
619 452 710 486 ψυχῆς
739 452 918 480 ἐπυνθάνετο.

112 500 174 526 Καὶ
190 499 312 531 πρώτως
323 498 429 531 ἔδειξεν
441 498 532 532 ὲκεενη
543 498 646 525 τοιαῦτ’
658 498 789 534 ἐρωτῶσί
804 499 834 525 τὸ
844 499 921 533 παρὰ

114 544 165 571 τοῦ
188 544 330 579 βασιλέως
357 544 636 578 βυσσοδομευὸμενον.
670 543 791 576 Ἐκετνος
805 545 860 579 γὰρ
873 545 920 571 καὶ

117 591 226 622 νύκτας
248 590 316 621 ὅλας
346 590 426 625 παρὰ
446 590 545 624 Ἰωσὴφ
560 590 631 621 faue,
648 591 695 617 καὶ
715 590 827 624 ἀνάγειν
845 591 921 617 ἐπει-

121 638 192 673 piso
206 637 311 664 οὔνεκα.
327 637 455 672 σμικρᾶς
469 637 554 671 πνοῆς
572 637 653 663 νέκυν
668 637 697 663 τὸ
713 637 825 663 σύνολον
844 637 922 663 ὄντα,

127 683 173 713 ”Ω;
187 683 211 709 δ’
224 684 250 709 oi
262 683 329 717 περὶ
349 684 454 709 ἐκεῖνον
467 683 498 709 ὲκ
510 682 557 709 τοῦ
575 683 747 718 παραχρῆμα
765 682 924 713 πεισθέντες

124 728 209 763 μόνον
222 729 254 754 οὐ
272 729 449 763 χιτήπειγον
464 727 513 763 τὴν
530 728 675 760 ἀνάϐασιν,
694 728 719 754 οἱ
734 728 783 763 μὲν
795 729 833 760 ὡς
847 727 880 754 ἄν
893 736 925 762 γε

125 772 160 799 τὰ
186 773 236 806 τῆς
253 772 426 808 Ἑκκλησίας
444 773 524 808 δῆθεν
548 765 744 807 κατασῖὴσῖυσι
772 773 925 808 πράγματα

126 819 177 846 τοῦ
190 820 263 846 κατὰ
273 819 322 844 τὸν
336 819 456 845 πάππαν
471 819 598 850 λυθέντος
620 818 783 850 σκανδάλου,
801 819 825 844 οἱ
845 818 873 844 δὲ
888 818 926 849 ὡς

129 864 164 891 ἂν
178 864 225 891 καὶ
238 865 336 891 πλεῖον
350 864 400 890 τοῦ
417 864 522 895 εἰκότος
542 864 743 900 κατεπαρθεῖεν
760 864 807 890 καί
819 864 844 898 γ’
860 864 926 890 ἀνα-

131 910 285 945 καθάρσεις
315 910 367 945 μὲν
395 910 559 946 ἐκκλησίας,
584 911 753 946 ἀπομόρξεις
777 910 800 938 δ’
813 910 927 937 ἐκείνων

135 1001 236 1036 templo
251 1001 365 1028 recitari
390 1008 491 1028 nomen
516 1000 588 1027 inter
604 1007 692 1032 sacra,
710 1005 738 1027 et
762 1000 801 1027 sic
823 1007 884 1027 eum
902 999 928 1027 in

139 1054 212 1073 novo
226 1054 332 1080 quoque
348 1046 504 1082 principatu
518 1050 612 1073 tenere
624 1046 827 1080 possessionem
848 1046 929 1080 primi

146 1091 255 1117 honoris
283 1090 350 1117 Erat
366 1095 396 1117 et
411 1091 484 1118 aliud
507 1091 579 1126 quod
593 1091 791 1119 contrariarum
808 1091 930 1126 Augusto

143 1136 268 1163 defuncto
285 1137 429 1171 principes
450 1137 566 1172 partium
584 1137 635 1164 ista
648 1137 818 1172 liturgiarum
837 1137 863 1163 in
873 1137 931 1164 aede

141 1189 217 1208 sacra
234 1181 355 1216 palatina
374 1181 579 1208 intermissione
596 1181 794 1215 sequebantur,
812 1181 839 1208 id
857 1181 932 1207 vide—

141 1227 204 1253 licet
225 1232 337 1262 agentes
362 1231 392 1253 ut
417 1226 590 1253 fraudaretur
615 1227 723 1253 interim
747 1226 932 1261 piacularibus

141 1273 237 1299 ciliciis
261 1280 294 1299 ac
318 1273 410 1299 sacris
432 1273 522 1298 anima
549 1272 692 1306 principis,
714 1277 741 1298 et
758 1272 798 1298 sic
816 1271 839 1298 ci
856 1271 931 1306 quasi

141 1325 252 1345 mortuo
272 1319 299 1345 in
319 1319 420 1346 litercsi
438 1323 519 1352 atque
543 1318 717 1345 anathemate
739 1317 868 1353 suﬂ'ragia
887 1318 934 1346 Ee-

141 1364 242 1394 clcsia',
255 1370 285 1390 ut
300 1364 407 1390 inutilia
424 1363 636 1390 irrevocabiliter
651 1363 791 1396 damnato,
806 1363 933 1398 denegari

141 1414 316 1444 putarentur.
345 1409 421 1436 lianc
442 1409 514 1435 enim
535 1409 623 1444 palam
652 1409 761 1436 inurere
785 1409 935 1436 conabatur

142 1456 320 1489 ignominiam
339 1455 450 1489 Eulogia
464 1455 602 1482 memoria:
620 1455 711 1482 fratris
734 1455 821 1488 exosi,
837 1455 934 1482 artitici

142 1502 245 1537 pirtate
270 1502 392 1536 speciem
416 1501 547 1528 affectans
574 1501 700 1529 maeroris
728 1501 797 1530 ultra
822 1502 935 1529 sororia:

970 360 984 385 ὁ
1003 359 1155 395 Μελέτιοςμ
1171 357 1199 388 ὃς
1222 356 1268 382 καὶ
1294 354 1381 390 ἅγιος.
1396 355 1410 381 ὁ
1425 355 1452 380 ἐν
1470 356 1503 389 τῇ
1529 355 1595 389 μονῇ
1613 354 1660 381 τοῦ
1677 354 1757 388 ἁγίου

971 404 1020 432 καὶ
1033 404 1138 430 δικαίου
1157 403 1285 436 Λειζάρου
1310 402 1447 436 κεξμενος.
1469 398 1505 427 ὧν
1527 402 1541 427 ὀ
1563 401 1612 434 μὲν
1630 401 1759 434 στέρησιν

971 449 1117 484 ὀμμάτων,
1133 449 1146 474 ὸ
1169 448 1191 474 δ’
1209 448 1327 482 ἐκτομὴν
1344 447 1468 482 γλώττης
1490 446 1637 477 πέπονθεν,
1653 446 1696 471 ἐπ’
1718 446 1761 471 αἰ-

972 496 1043 526 τίαις
1060 495 1074 521 ὁ
1095 495 1144 529 μὲν
1155 494 1281 528 ψεύδους,
1294 493 1330 524 ὡς
1344 493 1395 519 ἔδοι
1415 493 1527 528 βασιλέα.
1543 493 1631 526 λέγων
1645 493 1761 526 ἀζύμοις

973 540 1013 571 εἰς
1030 539 1165 574 ἁγιασμὺν
1177 538 1330 574 χρώμενον,
1345 539 1396 574 τὴν
1414 539 1558 572 ἀνατολὴν·
1571 537 1762 572 διερχόμενος,

973 586 1021 611 ὁδ’
1038 585 1154 620 ῦΰρεως,
1181 584 1325 613 Ἱουλιανὸν
1352 584 1432 610 ἄλλον
1461 584 1506 610 τὸν
1536 583 1650 618 βασιλέα
1676 583 1763 609 εἰπὼν

975 631 1046 658 κατὰ
1066 629 1242 665 πρόσωπον),
1256 630 1270 656 ὀ
1286 629 1411 665 βασιλεὺς
1427 629 1503 656 ἐνθεν
1524 629 1574 664 μὲν
1587 629 1762 656 ἀποστέλλων

975 676 1020 703 τὴν
1032 674 1255 710 πατριαρχοῦντα
1273 673 1402 708 Ἰωάννην
1417 674 1467 709 τὴν
1485 674 1591 701 ἐκείνου
1603 675 1764 706 ἀπελογεῖτο

975 722 1144 756 παρόρασιν,
1166 720 1204 752 ὡς
1220 720 1264 756 βίᾳ
1290 720 1336 746 καὶ
1353 720 1381 753 ἐξ
1409 721 1534 756 ἀνάγκης
1550 720 1763 755 γεννησομὲνηιι.

977 768 1008 804 [Ρ
1030 767 1058 803 8]
1078 767 1114 794 Τὸ
1129 767 1182 802 γὰρ
1205 767 1237 793 ὲκ
1253 760 1357 793 πολλῶν
1374 767 1522 793 σκάνδαλον
1545 766 1655 798 ἀναζείν
1670 766 1765 792 πεῖθον

977 814 1025 840 καὶ
1040 815 1084 840 τὸν
1099 812 1194 840 εὔνουν
1206 813 1382 844 ἀποστατεῖν,
1404 812 1485 838 αὐτὸν
1500 812 1528 838 δὲ
1545 812 1605 840 νέον
1618 812 1658 843 εἱς
1677 812 1766 847 ἀρχὴν

978 859 1177 894 καθιστάμενον
1191 859 1316 894 ἀνάγκην
1332 858 1405 893 ἔχειν
1424 858 1454 885 τὸ
1466 859 1602 893 ἁνορμοῦν
1614 858 1765 885 καταπέλ-

979 907 1034 932 λειν
1048 905 1094 932 καί
1106 913 1138 939 γε
1151 906 1201 937 τὰς
1214 904 1337 940 γνώμας,
1354 905 1469 931 καθόσον
1484 904 1555 936 ἔστι,
1574 904 1626 931 τῶν
1638 903 1767 936 ὑποδεξο-

979 994 1092 1030 Josephi
1121 993 1297 1021 familiarium
1325 993 1466 1029 ﬂagrantia
1494 994 1554 1027 ejus
1583 993 1767 1022 restitutionis

980 1041 1114 1069 desideria
1129 1047 1200 1075 aegre
1214 1046 1246 1066 ac
1260 1038 1368 1066 tandem
1383 1039 1469 1074 ipsius
1481 1046 1590 1074 quoqtte
1604 1039 1767 1066 debilissimi

981 1087 1054 1114 sonis
1073 1092 1202 1112 assensus
1222 1084 1385 1112 accessisset
1397 1103 1404 1116 ,
1423 1085 1517 1116 statim
1538 1092 1637 1112 omnes
1652 1085 1769 1112 arrectis

981 1131 1079 1158 animis
1108 1130 1234 1158 factionis
1271 1136 1365 1165 pacem
1396 1129 1518 1157 Latinam
1544 1139 1599 1158 non
1628 1131 1768 1166 probantis

982 1177 1153 1212 antesignani
1171 1176 1242 1203 ultro
1263 1176 1366 1203 instare
1387 1176 1457 1210 apud
1475 1176 1660 1204 Andronicum
1684 1175 1769 1203 velte-

983 1222 1161 1254 meutissime,
1177 1229 1211 1249 ne
1225 1229 1306 1257 quam
1321 1229 1425 1249 moram
1445 1218 1498 1248 tam
1516 1221 1618 1249 salubri
1633 1230 1664 1250 ac
1675 1230 1771 1249 neces-

983 1268 1066 1300 sario,
1095 1272 1124 1295 ut
1149 1267 1267 1300 aiebant,
1292 1267 1406 1294 consilio
1432 1268 1629 1302 interponeret.
1658 1268 1686 1294 In
1717 1275 1771 1302 qua

985 1315 1122 1342 communi
1139 1322 1221 1348 opera
1242 1314 1342 1349 negotii
1356 1314 1469 1349 urgendi
1489 1322 1552 1342 suas
1567 1314 1668 1349 quique
1682 1314 1772 1342 diver-

985 1368 1029 1387 sas
1059 1368 1122 1396 spes
1150 1365 1178 1387 et
1207 1366 1270 1388 vota
1295 1360 1378 1388 variis
1413 1360 1555 1387 atl'ectibus
1587 1366 1772 1388 consentanea

985 1405 1178 1439 sequebantur.
1201 1405 1387 1437 Quorumdam
1407 1405 1450 1432 hic
1475 1413 1544 1432 unus
1561 1412 1662 1440 scopus
1695 1411 1771 1434 erat.

986 1452 1130 1479 restituere
1146 1451 1173 1478 in
1190 1451 1337 1486 pristinum
1355 1455 1454 1478 statum
1476 1458 1519 1478 res
1535 1450 1662 1477 Ecclesia:
1681 1455 1773 1477 amoto

988 1504 1064 1531 papa:
1084 1496 1168 1532 agniti
1191 1496 1330 1523 seandalo.
1352 1496 1405 1523 Alii
1434 1496 1486 1522 hoc
1510 1496 1623 1524 minime
1650 1495 1772 1523 contenti

142 1547 358 1575 necessitudinis
376 1547 488 1575 modum
507 1547 661 1582 cxaggerati
674 1566 681 1577 ,
706 1548 782 1580 quasi
803 1555 863 1582 quae
879 1555 934 1575 non
950 1553 971 1581 ο
988 1550 1051 1576 spes
1065 1542 1271 1569 immoderatius
1286 1541 1427 1572 tollebant,
1443 1542 1596 1576 ederrcque
1618 1549 1678 1568 sese
1698 1541 1772 1576 justo

143 1594 344 1628 temporarium
352 1594 476 1628 corporis
485 1594 584 1625 solum,
595 1594 641 1620 sed
653 1599 785 1620 aeternum
803 1599 934 1628 praeterea

143 1639 289 1666 interitum
326 1638 412 1665 animi
444 1638 556 1666 Tartaro
588 1637 802 1673 irreparabiliter
835 1638 936 1665 addicti

143 1685 205 1712 flere
234 1686 263 1711 in
295 1692 428 1720 germano
451 1684 535 1711 videri
567 1685 657 1713 Vellet.
692 1684 778 1717 Quem
805 1684 886 1712 etiam
909 1684 935 1710 in

143 1739 254 1758 sensum
276 1730 440 1765 pertrahere
456 1730 564 1758 viduam
592 1731 741 1765 Augustam
756 1749 764 1762 ,
788 1734 815 1757 et
846 1729 885 1756 nil
910 1730 936 1756 ei

143 1776 314 1810 sperandum
339 1776 374 1803 de
398 1776 564 1810 sempiterna
587 1776 674 1802 salute
697 1776 747 1802 viri
771 1776 812 1802 sui
837 1774 936 1802 mortui

144 1822 314 1856 persuadere
329 1826 426 1848 conata
443 1826 494 1853 est,
512 1821 654 1855 praefracte
670 1821 844 1853 denuntians,
859 1821 937 1855 quid-

143 1868 208 1901 quid
225 1875 341 1903 precum
360 1871 406 1893 aut
422 1866 590 1901 piaculorum
607 1866 649 1893 vel
661 1866 803 1892 adhiberet
820 1865 876 1900 ipsa
896 1865 937 1892 vel

143 1913 268 1949 impendi
300 1913 335 1939 ab
358 1911 420 1938 aliis
442 1916 549 1938 curaret
573 1911 607 1938 ad
628 1911 794 1946 purgandum
819 1911 938 1937 animam

144 1958 322 1993 imperatoris
343 1956 475 1987 defuncti.
493 1956 592 1983 frustra
605 1956 698 1983 omnia
719 1956 787 1983 fore.
805 1956 858 1983 Nec
874 1963 939 1990 par-

143 2014 206 2031 vam
223 2013 256 2031 ea
274 2012 324 2031 vox
337 2011 410 2031 curm
421 2011 453 2031 ac
463 2003 564 2030 doloris
575 2004 760 2030 accessionem
774 2002 938 2037 imperatrici

143 2051 253 2078 scilicet
267 2050 377 2077 obtulit.
397 2049 474 2076 Unde
490 2049 534 2076 illa
551 2049 641 2080 anxia,
656 2056 718 2075 cum
731 2049 859 2076 decessor
878 2051 940 2074 suc-

143 2104 297 2131 cessurque
313 2095 513 2130 patriarchalus
526 2095 558 2122 ad
574 2103 634 2122 eam
650 2094 730 2122 simul
747 2094 939 2122 eonsolandatn

144 2141 363 2173 convenissent,
390 2145 536 2175 utrumque
559 2140 736 2168 moestissima
763 2140 942 2175 interrogavit

145 2187 212 2221 quid
229 2186 282 2213 sibi
294 2185 447 2212 faciendutn
458 2185 666 2220 przescriberent
680 2185 832 2220 quojuvari
848 2185 938 2216 anima

987 1589 1067 1615 altius
1084 1588 1294 1620 meditabantur,
1313 1587 1483 1614 destinantes
1495 1588 1550 1622 jam
1568 1592 1624 1614 tum
1639 1587 1774 1622 expiatio-

987 1642 1037 1661 nes
1064 1634 1190 1661 Ecclcsia:
1217 1638 1343 1668 tanquam
1372 1633 1529 1661 recentibus
1550 1633 1619 1661 actis
1645 1633 1774 1668 pollutre,

988 1679 1190 1714 purificationes
1206 1679 1355 1714 imaginum
1380 1682 1407 1706 et
1427 1687 1518 1707 rerutn
1541 1687 1682 1706 sacrarum
1707 1679 1776 1706 alia-

990 1734 1061 1758 rum,
1083 1725 1199 1760 denique
1223 1733 1318 1760 pmnas
1343 1733 1439 1761 graves
1465 1726 1492 1752 in
1512 1726 1711 1754 ecclesiasticos
1729 1726 1776 1760 qui

989 1780 1082 1807 pacem
1102 1777 1296 1807 procurassent
1314 1777 1360 1800 aut
1377 1773 1403 1800 in
1427 1780 1485 1800 eam
1510 1772 1726 1805 consensissent,
1744 1781 1776 1800 ea

989 1827 1018 1846 se
1033 1820 1123 1846 omnia
1139 1826 1316 1853 persuasuros
1329 1818 1456 1853 Josepho.
1471 1819 1492 1845 si
1509 1826 1572 1845 eum
1591 1819 1776 1853 patriarcham

990 1865 1090 1892 iterum
1112 1865 1262 1896 haberent.
1282 1864 1461 1892 conﬁdentes.
1487 1864 1562 1891 Talia
1589 1872 1645 1899 pra:
1671 1865 1778 1891 ueteris

990 1915 1082 1938 mente
1098 1910 1241 1938 Versabunt
1255 1909 1399 1942 Galcsiota,
1410 1911 1532 1938 Galactio
1543 1915 1571 1937 et
1586 1910 1720 1942 Meletius.
1732 1911 1778 1944 qui

990 1960 1018 1983 et
1037 1960 1147 1983 sanctus
1160 1957 1314 1985 vocabatur.
1334 1956 1360 1984 in
1378 1957 1542 1983 monasterio
1558 1956 1644 1983 sancti
1665 1961 1691 1983 et
1709 1955 1779 1990 justi

991 2002 1086 2030 Lazari
1099 2002 1232 2029 residens.
1242 2002 1362 2035 Quorum
1377 2002 1422 2029 ilic
1437 2002 1545 2035 quidem
1557 2003 1778 2034 cxmcationem,

992 2047 1037 2074 hic
1057 2055 1122 2074 vero
1139 2047 1236 2081 lingua:
1255 2047 1453 2074 aliscissionem
1467 2055 1562 2082 passus
1581 2051 1656 2080 erat,
1671 2056 1697 2075 Ill
1718 2054 1780 2082 po:-

991 2100 1055 2120 natn
1072 2093 1207 2127 posterior
1227 2093 1338 2128 quidem
1361 2093 1496 2120 mendacii
1514 2101 1568 2128 quo
1590 2098 1692 2120 temere
1707 2093 1781 2120 adir-

994 2142 1115 2164 tnaverat
1138 2146 1153 2164 a
1182 2145 1211 2164 se
1238 2146 1286 2173 per
1312 2138 1451 2165 Orientem
1479 2138 1669 2174 peregrinante
1689 2138 1779 2165 visum

994 2183 1093 2210 alicubi
1119 2182 1276 2211 Michaeletn
1297 2182 1448 2218 Augustum
1476 2184 1577 2218 azymis
1605 2189 1727 2211 utentem
1752 2184 1779 2210 in

145 2231 275 2264 conjugis
294 2234 396 2265 posset.
417 2230 506 2264 Atque
534 2231 590 2257 haec
613 2231 784 2264 percontatio
808 2231 938 2266 Augusta:
954 2233 977 2262 ῐ)
991 2229 1166 2264 perceptione
1183 2228 1371 2261 Eucharistite,
1397 2229 1473 2264 prior
1496 2235 1589 2257 autem
1609 2231 1782 2258 contumelia:

147 2284 204 2304 non
218 2277 252 2303 ad
267 2276 402 2302 Joannem
415 2276 548 2303 duntaxat
565 2281 629 2304 tunc
645 2284 730 2303 unum
744 2277 940 2311 patriareham,

151 2331 248 2350 verum
270 2323 303 2350 ad
319 2323 471 2357 Josephum
496 2323 576 2350 etiam
602 2323 705 2350 dudum
732 2323 783 2350 ista
808 2324 942 2358 dignitate

151 2369 311 2396 defunctum
327 2369 431 2396 directa
446 2368 560 2405 primum
574 2368 704 2396 iudicium
718 2369 822 2396 exstitit
840 2369 943 2396 machi-

149 2414 292 2441 nationum
307 2414 456 2441 Andronici
474 2421 647 2446 arcanarum,
666 2414 811 2443 restituere
825 2415 941 2450 patriar-

148 2461 221 2488 chali
257 2461 359 2489 throno
382 2460 532 2495 Josephnm
566 2461 715 2493 molientis,
738 2461 871 2496 siquidem
891 2462 942 2497 l7

151 2509 196 2535 ille
212 2509 296 2542 (quod
310 2516 366 2535 non
387 2513 447 2535 erat
470 2507 590 2542 ignotum
613 2507 752 2542 Augustae)
776 2515 943 2542 magnopere

151 2554 292 2581 nitebatur
309 2554 448 2581 adducere
465 2554 615 2588 Joscphum
631 2554 772 2588 decrepita
797 2558 877 2580 aetate
897 2554 940 2581 vix

150 2600 300 2634 spirantem
312 2599 345 2626 ad
355 2599 447 2627 denuo
457 2600 652 2633 capessendum
666 2599 795 2627 Ecclesia!
808 2600 940 2635 regimen,

149 2649 231 2678 atque
247 2644 300 2672 hoc
316 2649 346 2671 ut
361 2644 419 2672 seni
435 2644 596 2672 moribundo
609 2645 785 2679 persuaderet
804 2645 943 2679 replicatis

150 2691 210 2718 sine
227 2692 280 2718 fine
294 2690 444 2724 instantiis,
457 2695 528 2719 totas
538 2691 609 2726 apud
625 2699 687 2718 eutn
698 2691 826 2726 exigebat
839 2696 943 2724 noctes,

151 2738 179 2765 in
200 2746 255 2772 quo
276 2737 353 2765 illum
372 2737 493 2772 partiarii
518 2737 644 2772 Iosephi.
668 2738 824 2766 scbismatis
847 2739 943 2772 duces,

150 2792 206 2812 non
219 2784 407 2818 perfunctorie
419 2783 560 2817 iuvabant,
574 2784 675 2819 quippe
685 2784 719 2812 ad
729 2792 845 2819 quorum
861 2787 945 2814 ratio-

152 2839 201 2858 nes
214 2837 242 2858 ct
255 2838 334 2866 spem
356 2829 527 2858 rescindendi
551 2830 654 2866 negotii
674 2831 827 2858 concordiae
849 2839 946 2866 perac-

153 2877 357 2905 commodatum
375 2877 403 2903 id
417 2875 480 2911 ipsis
495 2877 556 2912 jure
573 2877 720 2904 videretur.
742 2878 812 2913 Ergo
829 2885 890 2906 cum
909 2877 942 2905 ad

994 2274 1077 2301 verbo
1093 2274 1182 2305 illatae.
1200 2274 1358 2309 imperatori
1382 2283 1465 2302 ausus
1488 2275 1514 2302 in
1541 2284 1572 2302 os
1597 2276 1782 2311 itnproperare

993 2327 1053 2347 esse
1068 2320 1144 2347 illum
1168 2320 1284 2347 alterum
1300 2321 1439 2348 lulianum
1458 2326 1620 2355 apostatam.
1645 2323 1780 2349 Ca'terum

993 2367 1167 2394 Andronicus
1185 2367 1345 2402 imperator,
1360 2376 1441 2402 quam
1460 2368 1504 2395 bis
1524 2368 1557 2396 de
1575 2368 1665 2396 causis
1688 2369 1783 2396 molie-

993 2415 1073 2442 batur
1092 2413 1171 2442 Vecci
1194 2414 1394 2448 depositionetn
1411 2423 1493 2450 quam
1512 2415 1625 2443 minima
1646 2416 1671 2442 vi
1690 2422 1784 2452 posset

994 2469 1025 2488 ac
1053 2461 1169 2495 strepitu
1194 2461 1387 2490 administrare
1410 2462 1516 2496 volens,
1542 2463 1687 2498 diligenter
1710 2463 1783 2498 apud

994 2508 1082 2543 ipsum
1102 2508 1240 2535 excusavit
1258 2515 1308 2544 per
1326 2514 1416 2537 certos
1428 2509 1462 2537 ad
1481 2510 1532 2537 hoc
1551 2509 1682 2544 allegatos
1699 2509 1785 2536 Ιιοιιιὶσ

994 2561 1054 2584 nes,
1070 2553 1146 2580 nullo
1162 2561 1191 2580 se
1205 2553 1237 2580 ad
1253 2554 1307 2586 hoc
1323 2556 1468 2583 consilium
1480 2556 1541 2591 ejus
1557 2560 1717 2591 contemptu
1736 2560 1784 2583 aut

994 2600 1056 2628 odio
1072 2601 1172 2635 impelli
1187 2622 1194 2633 ,
1211 2602 1258 2629 sed
1273 2602 1395 2636 periculo
1419 2602 1573 2637 reipublicae
1598 2607 1626 2630 et
1643 2610 1717 2629 mera
1733 2610 1783 2631 ne-

994 2647 1119 2675 cessitate
1138 2648 1191 2685 ιε
1200 2647 1323 2675 firmandi
1339 2648 1400 2676 novi
1418 2648 1600 2684 principatus.
1617 2647 1684 2675 Nam
1701 2647 1782 2674 ctTer-

996 2700 1105 2720 vesccrc
1125 2701 1199 2721 nttnc
1216 2701 1298 2728 quam
1314 2701 1432 2729 unquam
1446 2694 1591 2721 aestuosius
1605 2693 1692 2728 sopita
1705 2695 1782 2724 patre

994 2739 1102 2767 vivente
1117 2740 1206 2768 studia
1219 2742 1336 2775 partium
1347 2741 1405 2776 paci
1417 2740 1574 2768 constituta:
1583 2739 1759 2765 adversarum
1773 2757 1781 2770 ,

994 2784 1118 2819 adeoque
1135 2785 1300 2813 invalescere
1316 2785 1474 2812 scandalum
1487 2805 1495 2818 ,
1512 2789 1540 2812 ut
1555 2785 1641 2811 bonos
1657 2782 1739 2809 etiam
1755 2787 1782 2810 et

995 2835 1091 2857 natura
1108 2831 1238 2866 placidos.
1261 2833 1361 2860 nedum
1386 2832 1552 2867 impotentes
1565 2837 1596 2857 ac
1609 2828 1779 2864 prmfractos,

997 2877 1101 2905 resilire
1121 2886 1151 2904 ac
1169 2878 1300 2905 rebellare
1325 2878 1413 2913 palam
1435 2881 1523 2912 cogat.
1539 2874 1654 2903 Abunde
1677 2875 1781 2910 magnis
