1921 3071
177 113 209 139 :11
775 113 938 143 GEORGII
959 114 1200 144 PACHYMEILE

1790 119 1844 149 32

175 163 324 198 προτιθεῖσι
335 164 391 194 δύο.
404 163 433 190 ὂν
446 163 496 198 μὲν
509 165 586 191 κενὲν
600 167 638 197 είς
653 166 735 201 τιμὴν
746 167 792 193 καὶ
806 168 898 202 σχῆμα
912 168 958 193 τοῦ
976 172 997 197 Α
1011 169 1053 203 εῐή
1065 169 1248 203 γινώσκοντας
1259 167 1301 202 ως
1312 171 1344 198 τὰ
1358 172 1472 206 μέγιστα
1489 174 1665 205 παραϐάντας
1681 175 1840 211 ἔκρινον,

175 210 343 244 πατριάρχου
361 210 682 243 Κωνσταντινουπόλεως,
695 211 725 237 ὃν
739 212 767 238 δὲ
776 212 820 238 τὸν
835 211 962 244 Ἀλεξαν-

176 256 266 290 δρείας
282 255 518 288 προκαθεζόμενον
533 255 639 290 ἔχοντα.
654 257 708 284 Καί
722 258 747 291 γ’
766 258 879 289 ἑαυτοὺς
894 259 962 285 καο-

177 301 286 327 ιστῶσιν
312 302 351 332 εις
369 301 465 335 δικαίῳ
479 301 526 326 τοῦ
554 302 723 337 πατριάρχου
752 303 801 339 ήδη
820 303 963 336 νοσοῦντος

177 346 401 380 τοποτηροῦντας,
420 346 529 372 σύνοδον
542 355 572 372 τε
593 348 787 382 συγκροτοῦσιν
798 349 961 384 ἀρχιερέων,

178 393 311 427 παρόντος
339 393 388 427 μὲν
404 393 492 418 ἐκεῖσε
523 393 568 418 καὶ
584 393 630 419 τοῦ
664 394 780 428 μεγάλου
808 395 962 429 λογοοέτου,

178 430 310 474 παρόντος
324 439 351 465 δὲ
367 438 414 464 καὶ
428 438 563 473 Γεωργίου
583 439 629 464 τοῦ
655 440 778 475 Κυπρίου
795 443 840 467 καὶ
854 442 900 468 τοῦ
915 443 964 476 ῥή-

178 493 254 518 τορος
276 483 434 517 Ὀλοὸώλου,
458 485 520 518 ἄρτι
548 485 579 510 ὲκ
602 484 652 519 τῆς
668 485 713 511 τοῦ
730 487 846 520 μεγάλου
866 488 962 523 Ἀγροῦ

180 530 263 565 μονῆς
280 530 510 564 ἐπιδεδημηκότας
525 531 558 564 τῇ
571 531 788 563 Κωνσταντίνου,
802 533 849 559 καί
865 542 894 566 γε
915 533 963 560 τοῦ

182 577 299 611 μοναχοῦ
317 576 456 602 Θεοδοσίου
468 577 693 609 Σαπωνοπούλου,
709 578 739 604 ὃν
753 579 782 604 ὲν
792 588 961 614 πρωτονοτα-

181 622 248 655 piat;
264 622 370 656 ἔχοντος
398 621 444 647 τοῦ
468 620 629 657 κρατοῦντος
651 624 664 649 ὁ
693 624 807 659 μοναχὺς
828 625 964 657 διεδέξατο

181 668 248 705 βίος,
262 668 308 694 καὶ
318 667 405 694 ἄλλων
414 668 546 693 πλείστων
558 669 782 702 προκαθημένων.
800 671 853 697 Καὶ
866 672 899 697 τὰ
910 672 963 698 τῶν

181 714 342 748 γραφέντων
353 714 477 740 εὐθύνειν
488 714 647 748 ἠϐούλοντο,
664 716 714 742 οὐκ
726 717 850 752 εἰρηνικῇ
870 718 963 753 σκέψει

183 759 294 791 μᾶλλον,
307 759 337 785 τὸ
352 759 400 794 μὲν
412 760 532 794 ἀσφαλὲς
549 761 732 795 ἐγκρίνοντες,
745 762 774 788 τὸ
789 762 811 788 δ’
826 764 965 798 ἁπεμφαίο

181 813 225 830 νην
250 805 423 835 εῦθύνοντεςο
439 806 550 832 ἀλλ’ὅτι
565 807 598 832 τὰ
628 807 764 834 σκάνδαλα
792 807 884 842 ᾔρετο,
913 810 964 835 κᾶν

1018 215 1065 241 καὶ
1082 216 1165 249 μηδὲν
1180 216 1261 250 ὀρθοὖ
1287 217 1355 248 ὅλως
1378 217 1557 252 παρεχκλῖναι
1585 220 1841 255 διατεινομένους

1016 259 1153 291 λιὸέλλους
1183 261 1297 295 ἐζήτουν
1325 262 1454 293 πίστεως.
1483 263 1514 289 Ei
1533 264 1556 290 δ’
1570 264 1668 298 ἔγρυξὲ
1684 274 1732 296 τις
1751 267 1839 301 περὶ

1016 304 1160 338 δογμάτων
1183 306 1303 340 γράψας,
1320 307 1349 333 οὑ
1367 307 1397 333 τὸ
1412 309 1528 342 γραφὲν,
1557 310 1602 335 τὸν
1622 310 1782 345 γράψαννι
1803 311 1836 338 δ’

1017 350 1171 385 αἰτιώμενοι
1186 352 1341 384 καταδίκαις
1358 353 1464 387 ὑπῆγον
1478 354 1617 388 ἐσχάταις.
1644 356 1698 382 Καὶ
1719 365 1832 391 προη-

1018 397 1244 430 γουμένωξαῦτὸς
1256 398 1287 432 δὴ
1299 399 1312 424 ὁ
1325 398 1378 425 τῶν
1392 398 1542 433 λογοϐετῶν
1555 394 1651 435 μέγας,
1665 401 1678 426 ὁ
1690 402 1745 427 καὶ
1759 401 1832 435 πῦρ

1017 442 1105 468 πνέων
1119 443 1189 478 ὑπὲρ
1206 443 1359 478 δογμάτων,
1376 444 1413 476 ὡς
1441 445 1533 480 ἐῴκει,
1554 447 1667 481 παρεῖχε
1691 447 1726 472 τὸ
1747 446 1830 481 σύγς

1018 496 1133 523 γραμμα
1148 489 1284 521 καίεσθαι,
1299 490 1347 524 οὐχ
1361 491 1402 517 ὅτι
1416 490 1547 525 ἔσφαλται
1565 492 1599 521 οἱ.
1614 493 1683 519 καθὰ
1704 493 1742 526 δὴ
1767 494 1829 519 καὶ

1017 533 1098 565 αὐτὸς
1119 533 1226 567 ἔνορκος
1243 535 1289 560 ἐπὶ
1314 536 1346 570 τῇ
1369 535 1469 570 συνόδῳ
1497 535 1667 570 διωμολόγει,
1690 537 1829 563 αὐτόθεν

1017 578 1231 612 λογογραφοῦντι
1261 580 1325 613 περὶ
1353 580 1507 613 δογμάτων,
1534 581 1593 607 ἀλλ’
1619 582 1660 608 ὄτι
1687 583 1827 617 γράφειν

1019 623 1096 658 ἐπῄει
1119 625 1164 650 καὶ
1187 625 1342 651 συντάττειν
1369 625 1477 659 Πτέρων
1503 627 1572 661 ῥητὰ
1588 627 1713 661 χρήσιμά
1751 636 1826 658 πως

1017 667 1148 694 δοκοῦντά
1165 669 1189 694 οἱ
1206 669 1273 702 προς
1287 669 1321 695 τὰ
1333 669 1393 695 τότε
1405 670 1563 703 τελούμενα,
1580 671 1666 696 ταῦτα
1679 671 1728 696 καὶ
1744 671 1823 697 πολ-

1018 713 1072 739 λῶν
1083 706 1214 749 πρότερον
1225 716 1271 741 καὶ
1288 715 1412 748 μεγάλων
1422 716 1512 746 αὐτοῖς
1524 716 1556 751 δὴ
1569 725 1673 751 συγχρη
1679 717 1823 750 σαμένων

1018 758 1060 792 ἐφ’
1074 759 1178 793 ὁμοίαις
1191 761 1249 791 ταῖς
1267 760 1443 786 ὑποθέσεσιν·
1456 761 1513 787 ἀλλ’
1530 761 1604 795 ὅμως
1616 762 1732 796 ἐπείπερ
1758 762 1821 787 οὐκ

1019 804 1048 828 ὲν
1058 804 1143 839 καιρῷ
1160 806 1269 839 εἰρήνης
1282 806 1441 840 ἐλέχθησαν.
1460 806 1518 832 ἀλλ’
1530 807 1571 833 ὅτε
1585 807 1669 833 δεινόν
1684 816 1710 833 τι
1727 806 1818 840 κῦμα

183 850 270 881 mm);
284 851 308 876 οι
317 851 469 885 γράψαντες
483 849 558 886 εἶχον
573 852 621 886 τῆς
642 851 731 885 δόξης,
743 841 877 887 οὑχνδτζως
890 854 967 889 ἔκρι-
982 841 1005 871 ν
1020 850 1067 874 καὶ.
1079 850 1202 884 τετριγὸς
1214 852 1389 886 κατεστρόῆει
1404 851 1454 886 τὴν
1473 852 1633 887 Ἐκκλησίαν
1648 853 1679 878 ἐκ
1689 852 1741 886 τῆς
1754 852 1821 878 τῶν

183 904 228 920 νον
241 896 387 928 ἐξετάζειν,
402 895 469 922 ἀλλὰ
482 896 562 930 μόνον
584 897 624 923 ὅτι
639 898 686 923 καὶ
698 897 821 931 δόγματα
833 899 966 935 ἐλαλήθη-

186 949 235 967 σαν
249 942 295 967 καὶ
313 942 419 975 γραφαὶ
445 941 652 976 ἀνεπτύχὼισαν
677 943 723 968 καὶ
738 943 812 977 λόγοι
839 945 966 979 [ἰκτέρων

184 987 224 1016 εἰς
240 987 324 1021 ἀκοὴν
342 986 382 1022 [Ρ.
405 986 447 1022 Η]
465 987 544 1012 ὠτίου
573 988 715 1021 ὲτέυησαν,
734 988 865 1024 μεγίστην
881 989 967 1017 ταῦτα

184 1032 359 1066 παραὸασίαν
374 1032 529 1067 ἡγούμενοι,
545 1032 606 1063 τοὺς
633 1033 695 1068 μηδ’
711 1034 725 1059 ὅ
738 1042 764 1059 τι
795 1033 843 1060 καὶ
863 1035 967 1070 αἵρεσις

185 1121 319 1153 maximae,
338 1121 364 1148 in
388 1129 452 1148 suas
478 1121 614 1148 attrahere
630 1126 720 1156 partes
747 1130 802 1149 non
834 1123 968 1150 inutiliter

185 1168 286 1196 conati.
306 1166 375 1192 duos
393 1166 507 1192 thronos
523 1171 688 1198 statuerunt,
705 1168 821 1194 alterum
841 1177 966 1202 vacuum,

185 1211 338 1245 insignibus
352 1216 478 1238 ornatum
496 1212 658 1246 patriarcha
673 1213 966 1249 Constantinopolitani

184 1257 296 1291 Joscphi
327 1262 354 1284 et
380 1257 456 1291 quasi
478 1264 540 1284 eum
567 1262 818 1292 reprmsenlantcm,
845 1260 918 1294 quod
945 1261 968 1288 is

186 1303 272 1330 morbi
290 1305 452 1330 necessitate
468 1303 633 1330 decumbens
656 1312 774 1338 prmesse
795 1306 898 1339 synodo
920 1313 968 1333 ne-

185 1349 291 1381 quiret;
306 1348 421 1374 alterunt
433 1348 477 1375 cui
496 1347 583 1381 palam
598 1349 751 1382 przesideret
769 1350 968 1379 Alexandrinus

184 1392 360 1425 Athanasius,
370 1400 399 1419 se
407 1397 496 1419 autem
507 1393 590 1428 ipsos,
599 1394 744 1428 utJosephi
753 1395 844 1430 κενοιὶ
854 1396 968 1424 vicarios

186 1444 213 1465 et
224 1440 283 1472 ejus
294 1446 424 1465 sensuum
442 1439 551 1465 nuntios
568 1446 599 1466 ac
619 1439 765 1467 voluntatis
779 1446 967 1475 exsecutores,

189 1486 215 1511 in
235 1485 323 1518 capite
339 1484 431 1519 synodi
447 1484 577 1512 ﬁxerunt.
597 1485 736 1520 Frequens
752 1487 816 1514 inde
840 1488 969 1515 convenit

186 1531 375 1565 episcoporum
390 1537 488 1563 cretus,
509 1535 644 1566 praesente
662 1532 762 1559 ibidem
784 1541 882 1568 magno
897 1534 970 1569 logo-

189 1577 271 1606 llieta,
287 1581 420 1611 praesente
433 1576 545 1611 insuper
560 1577 677 1612 Georgio
694 1577 793 1613 Cyprio
807 1583 834 1605 ct
861 1579 971 1606 rhetore

189 1623 318 1650 llolubolo
331 1630 418 1656 nuper
444 1630 477 1649 ex
506 1622 592 1657 Magni
617 1622 682 1657 Agri
710 1624 875 1651 monasterio
901 1625 972 1652 Con-

189 1667 394 1702 stantinopolim
408 1675 526 1700 reverso,
542 1667 680 1695 assidente
693 1673 822 1702 praeterea
838 1670 971 1697 monacho

190 1714 345 1740 Theodosio
358 1713 542 1748 Saponopulo,
559 1714 604 1748 qui
617 1722 649 1741 ex
668 1715 763 1741 ordine
772 1716 972 1750 protonotario-

191 1767 250 1785 rum
266 1759 438 1793 imperatoris
458 1759 485 1786 in
508 1760 591 1786 vitain
612 1760 790 1787 monasticam
815 1761 970 1793 transierat.

190 1803 306 1837 aliisque
321 1804 419 1837 pariter
430 1803 621 1830 assistentibus
647 1804 782 1838 plurimis.
813 1805 912 1833 Deleta:
939 1807 972 1833 ad

192 1849 264 1876 hunc
291 1853 455 1875 conventum
478 1849 594 1876 Joannis
611 1848 692 1876 Vecci
720 1855 747 1876 et
773 1851 971 1886 pirccipuorum

191 1902 252 1921 eum
271 1894 315 1920 illo
331 1894 483 1921 concordia:
496 1894 609 1922 duarum
634 1895 816 1922 Ecclesiarnm
831 1901 971 1924 auctorum

193 1940 382 1967 accusationes
393 1945 475 1973 sunt;
494 1940 528 1967 de
541 1940 640 1974 quibus
655 1941 699 1975 qui
719 1948 767 1975 pro
778 1941 897 1976 Josepho
912 1950 974 1978 age-

193 1987 268 2018 bant,
281 1986 344 2013 ferri
370 1985 518 2013 sententias
547 1986 703 2017 studebant,
720 1994 774 2012 non
792 1994 852 2021 quae
877 1987 974 2022 dogma

192 2034 280 2067 ipsum
308 2032 498 2067 dijudicarent,
514 2037 541 2060 et
557 2033 622 2066 quid
638 2037 667 2059 ut
689 2040 814 2059 securum
831 2033 864 2059 ad
880 2041 973 2068 pacem

194 2073 322 2105 Ecclesiae
351 2078 516 2109 tenendum,
554 2079 618 2113 quid
645 2083 674 2105 ut
703 2079 794 2105 minus
832 2079 973 2113 probatum

194 2125 368 2158 rejiciendum
381 2129 462 2156 esset,
473 2125 656 2151 declararent:
666 2124 712 2151 sed
721 2125 784 2159 quia
793 2126 974 2152 causabantur

1017 894 1122 920 πολλῶν
1136 895 1314 930 ἀνεγέρστως,
1333 896 1390 930 ἃμα
1404 896 1432 922 δὲ
1453 896 1499 923 καὶ
1513 896 1552 931 τῷ
1565 897 1653 923 δοκεῖν
1667 897 1819 931 περιεῖναί

1017 940 1041 965 ol.
1062 939 1111 974 τῆς
1140 940 1290 972 εὐσεϐείας,
1306 942 1354 975 οὐχ
1369 941 1405 972 ὡς
1437 942 1505 976 ῥητὰ
1522 940 1649 976 Πατέρων
1668 942 1757 968 ἐδίδου
1775 943 1816 968 τὰ

1018 985 1197 1019 συνταχθέντα
1208 987 1285 1020 πυρὶ,
1295 987 1353 1013 ἀλλ’
1361 986 1397 1017 ὡς
1412 987 1476 1012 ἴδιον
1489 987 1667 1022 σύγγραμμα.
1678 987 1814 1021 Καοεξῆς

1017 1030 1039 1056 δ’
1052 1031 1097 1056 ἐπὶ
1110 1030 1197 1066 τούτῳ
1225 1033 1272 1058 καὶ
1285 1031 1315 1058 τὸ
1329 1032 1375 1058 τοῦ
1391 1032 1503 1059 παλαιοῦ
1518 1032 1636 1067 μεγάλου
1658 1033 1814 1067 λογοῡέτου

1019 1128 1154 1155 nusquam
1169 1127 1275 1155 a_recta
1292 1122 1354 1150 ﬁdei
1382 1123 1532 1151 declinasse
1557 1123 1651 1158 regula
1675 1129 1703 1151 et
1731 1125 1810 1151 allir-

1018 1171 1125 1193 orantes
1141 1171 1169 1194 et
1184 1173 1294 1201 paratos
1311 1168 1500 1196 demonstrare
1517 1168 1675 1201 oderentes,
1692 1173 1721 1196 ut
1733 1174 1812 1196 atro-

1018 1213 1088 1240 cium
1107 1214 1248 1241 cem-ictos
1261 1215 1422 1242 delictorum
1439 1215 1638 1242 damnaverunt
1661 1216 1810 1250 pinnisque

1018 1258 1182 1285 addixerunt
1198 1260 1334 1286 maximis.
1352 1259 1381 1286 ln
1393 1267 1447 1294 quo
1463 1265 1521 1286 erat
1540 1260 1599 1287 haec
1616 1259 1684 1286 inira
1703 1268 1808 1294 proce-

1018 1303 1101 1331 dendi
1133 1304 1211 1331 ratio.
1247 1305 1365 1331 Libellos
1387 1305 1421 1332 ab
1450 1312 1614 1339 unoquoque
1646 1304 1808 1339 ﬂagitabant

1019 1351 1117 1383 quibus
1130 1355 1299 1385 exponerent
1318 1351 1382 1385 quid
1397 1351 1551 1378 crederent.
1572 1351 1691 1378 Prolatis
1710 1351 1753 1382 iis,
1781 1352 1805 1378 si

1019 1397 1083 1431 quid
1096 1397 1231 1431 quispiam
1245 1397 1279 1424 de
1292 1397 1464 1431 dogmatibus
1479 1397 1637 1424 mussitasse
1652 1398 1803 1430 rideretur,

1019 1443 1213 1473 damnabatur,
1227 1451 1283 1469 non
1298 1443 1441 1477 scripturn,
1472 1449 1501 1470 ut
1516 1443 1635 1475 aiebant,
1662 1444 1709 1471 sed
1736 1444 1805 1470 scri-

1021 1490 1101 1520 ptor;
1119 1486 1194 1521 isque
1222 1486 1325 1513 idcirco
1353 1487 1441 1513 solum
1469 1487 1540 1521 quod
1558 1494 1589 1512 ea
1617 1486 1804 1520 consignassct

1022 1531 1118 1558 litteris
1134 1539 1194 1565 qua:
1209 1539 1297 1566 prava-
1312 1537 1421 1558 rectane
1436 1536 1538 1567 essent
1561 1531 1588 1558 in
1615 1531 1705 1558 medio
1721 1532 1804 1557 relin-

1020 1577 1164 1611 quebatur,
1202 1577 1330 1604 extremis
1362 1578 1552 1605 ecclesiasticas
1574 1584 1699 1605 censura:
1729 1577 1802 1604 notis

1020 1621 1131 1649 allectus
1149 1623 1344 1650 declarabatur.
1359 1623 1465 1651 Primus
1480 1624 1513 1650 ad
1528 1628 1691 1650 caeterorani
1710 1630 1801 1650 exem-

1020 1667 1095 1701 plum
1111 1668 1154 1695 isti
1180 1675 1211 1695 se
1236 1668 1353 1703 subjecit
1370 1669 1535 1704 ignominiae,
1549 1669 1628 1704 quasi
1655 1668 1800 1696 remedium

1021 1713 1160 1740 canonica:
1174 1714 1356 1741 absolutionis
1373 1715 1540 1749 poenitentia:
1563 1714 1732 1749 professione
1743 1722 1801 1741 am-

1022 1757 1109 1790 biens,
1126 1766 1240 1793 maguus
1252 1759 1389 1794 logothcta
1406 1759 1528 1792 Muzalo;
1544 1759 1591 1793 qui
1617 1759 1747 1785 simulans
1771 1767 1800 1786 se

1022 1803 1056 1830 dc
1066 1803 1190 1830 doctrina
1208 1804 1278 1830 nihil
1292 1805 1480 1839 praajudicare,
1496 1803 1597 1831 frustra
1613 1808 1680 1831 erat.
1694 1804 1799 1830 Emine-

1023 1847 1069 1874 bat
1084 1848 1154 1874 euim
1171 1848 1229 1881 ejus
1246 1848 1362 1882 flagrans
1375 1848 1492 1875 studium
1506 1849 1533 1874 in
1549 1851 1641 1882 partes
1654 1847 1799 1880 processio-

1023 1900 1083 1920 nem
1099 1901 1130 1920 ex
1150 1893 1219 1920 Filio
1237 1893 1355 1928 Spiritus
1371 1893 1544 1928 negantium;
1567 1892 1646 1926 cujus
1673 1892 1798 1926 dogmatis

1025 1943 1100 1966 tanto
1111 1938 1240 1973 ﬂagrabat
1252 1939 1312 1966 zelo
1331 1943 1361 1966 ut
1372 1939 1508 1966 flammam
1535 1938 1640 1973 spirare
1657 1937 1794 1964 rideretur.

1023 1985 1125 2012 Tamen
1140 1985 1185 2012 ille
1197 1985 1318 2012 libellum
1334 1992 1348 2011 a
1363 1993 1392 2012 se
1407 1985 1483 2019 prius
1505 1984 1657 2018 imperante
1673 1983 1796 2010 Micltaéle

1024 2031 1111 2065 palam
1125 2030 1228 2063 datum,
1243 2038 1297 2064 quo
1313 2037 1343 2057 se
1356 2030 1493 2064 professus
1513 2033 1572 2055 erat
1593 2028 1664 2055 idem
1678 2036 1737 2055 eum
1751 2028 1796 2054 La-

1025 2077 1088 2104 tinis
1099 2077 1222 2107 credere,
1235 2076 1305 2102 ultro
1315 2076 1370 2109 jam
1387 2082 1533 2101 exsecraris
1547 2080 1575 2101 et
1589 2074 1794 2101 comburendum

1024 2123 1152 2154 olIerens,
1168 2121 1348 2156 jurejurando
1365 2118 1447 2147 etia'm
1473 2120 1637 2154 interposito
1649 2124 1691 2147 est
1713 2127 1794 2146 coram

194 2170 350 2197 scandalum
368 2175 457 2196 ortum
474 2178 506 2196 ex
522 2170 710 2204 intempestiva
722 2171 775 2205 26
798 2171 974 2198 ventilatione
988 2172 1012 2200 ἴ)
1027 2167 1129 2202 Syn0d0
1149 2166 1291 2201 pI’OI-GSSUS
1306 2173 1367 2193 sese
1381 2165 1451 2192 halld
1469 2165 1531 2192 ldeO
1544 2165 1660 2192 ﬂammis
1675 2167 1723 2192 hoc
1735 2165 1795 2192 scri-

193 2215 375 2249 qtnestionum
390 2222 458 2249 quas
474 2215 654 2249 inexploralas
671 2216 785 2249 relinqui
799 2216 971 2250 praestiterat,

193 2261 394 2288 contendebant
415 2269 469 2287 non
495 2268 555 2288 esse
584 2261 772 2295 inquirendutn
803 2267 910 2289 rectene
938 2270 973 2289 an

195 2315 275 2334 secus
288 2308 333 2342 qui
351 2307 384 2334 de
408 2307 601 2333 controversiis
630 2315 716 2340 nuper
733 2307 813 2334 motis
838 2315 901 2334 suas
916 2308 974 2334 edi-

196 2351 293 2378 derant
304 2351 454 2378 sententias
468 2351 652 2385 scripsissent,
678 2359 773 2378 vcrtun
788 2359 834 2378 eos
851 2352 901 2378 hoc
917 2351 975 2386 ipso

196 2397 267 2431 qttod
291 2397 416 2431 dogmata
436 2396 594 2428 movissent,
625 2397 696 2431 quod
718 2397 743 2423 in
761 2397 974 2431 disputationem

196 2442 272 2476 jvrius
286 2441 311 2468 in
325 2449 375 2468 usu
399 2441 489 2469 habita
507 2445 669 2474 vocassent;
687 2441 759 2476 quod
770 2441 918 2475 scripturas
935 2449 976 2468 re-

196 2489 355 2524 plicasscnt,
373 2490 445 2523 quod
460 2496 508 2523 per
520 2488 580 2515 illos
595 2487 675 2515 fando
690 2487 789 2514 audita:
803 2488 866 2513 dum
879 2487 976 2514 recita-

198 2541 290 2562 rentur
306 2534 414 2561 Patrum
441 2534 617 2562 auctoritates
641 2538 745 2566 essent,
765 2538 892 2567 tanquam
917 2540 976 2567 pcr—

198 2581 352 2607 tnrbzitores
368 2579 469 2614 quietis
492 2579 606 2614 publicm
620 2587 651 2606 ac
668 2579 822 2614 gravissimi
849 2586 910 2606 reos
925 2579 977 2605 cri-

198 2627 280 2654 minis
307 2626 483 2654 condemnari
504 2627 680 2661 satagebant;
712 2630 738 2652 et
764 2625 978 2660 obsequentibus

198 2681 266 2707 quos
280 2677 508 2705 convocaverant,
521 2680 615 2700 revera
627 2671 847 2699 condemnandos
865 2678 978 2697 curare-

198 2723 273 2749 runl,
291 2726 322 2745 ac
337 2718 496 2753 gravissima
519 2724 633 2752 quaeque
659 2716 904 2744 animadversionis
932 2723 978 2743 σοι

197 2764 356 2795 clcsiasticze
368 2764 493 2799 exempla
510 2771 538 2790 tn
553 2770 601 2790 eos
627 2763 782 2795 ediderunt,
799 2769 869 2797 quos
895 2768 925 2788 se
945 2768 980 2788 ne

198 2809 310 2839 tnimma
322 2809 430 2844 quidem
447 2816 573 2844 aspcrsos
595 2807 762 2835 conscientia
780 2807 926 2839 Increseos,
954 2809 980 2831 ct

1024 2219 1100 2249 ptum
1117 2213 1230 2244 donare,
1245 2211 1317 2246 quod
1336 2211 1389 2239 sibi
1404 2215 1477 2238 esset
1488 2211 1616 2238 conscius
1640 2219 1746 2246 pravum
1771 2211 1794 2236 in

1023 2267 1056 2286 eo
1075 2262 1121 2285 aut
1132 2267 1147 2285 a
1163 2266 1228 2285 sana
1243 2257 1366 2285 doctrina
1379 2264 1509 2284 exerrans
1522 2256 1660 2291 quidpiam
1678 2257 1793 2290 positum,

1024 2305 1069 2331 sed
1082 2305 1208 2339 quoniam
1220 2307 1378 2339 agnosceret
1388 2309 1421 2330 eo
1430 2304 1489 2336 ipso
1502 2310 1532 2330 se
1543 2302 1660 2337 grai-iter
1671 2309 1791 2336 peccasso,

1024 2350 1098 2384 quod
1123 2349 1236 2377 omnino
1253 2349 1374 2376 scribere
1402 2348 1437 2375 de
1464 2348 1590 2382 dogmate
1615 2355 1697 2374 ausus
1721 2352 1790 2377 esset,

1025 2396 1097 2430 quod
1114 2397 1147 2423 de
1165 2396 1263 2423 talibus
1277 2396 1422 2426 disserere,
1438 2394 1509 2428 quod
1529 2394 1640 2420 Patrum
1652 2392 1791 2420 testimonia

1025 2441 1058 2468 de
1076 2441 1120 2468 bis
1138 2442 1283 2476 inquirere,
1305 2447 1463 2473 congerere,
1477 2439 1677 2466 accommodata
1689 2441 1714 2464 et
1728 2437 1790 2464 utilia

1028 2491 1091 2513 tunc
1106 2485 1162 2512 visa
1175 2485 1209 2512 ad
1223 2492 1332 2513 causam
1345 2492 1405 2520 quae
1421 2488 1556 2518 ageretur,
1574 2482 1637 2508 licet
1660 2489 1713 2507 non
1728 2481 1791 2516 igno-

1027 2536 1097 2558 raret
1113 2530 1165 2565 27
1180 2530 1251 2557 idem
1267 2530 1332 2556 olim
1348 2537 1363 2556 a
1377 2529 1470 2556 multis
1486 2533 1514 2555 et
1526 2527 1632 2562 magnis
1648 2527 1712 2554 viris
1722 2525 1790 2553 simili

1027 2577 1172 2604 occasione
1196 2576 1359 2603 factitatum.
1389 2575 1488 2602 Verum
1514 2573 1578 2608 quia
1596 2573 1642 2599 illa
1656 2576 1719 2599 tunc
1739 2580 1750 2598 a
1767 2579 1791 2599 se

1027 2630 1082 2649 non
1099 2626 1223 2654 tempore
1239 2621 1313 2655 pacis
1338 2619 1451 2654 allogata
1465 2618 1591 2648 fuissent,
1612 2621 1640 2643 at
1657 2616 1791 2650 importune

1028 2671 1137 2702 aggesta
1155 2671 1212 2693 tum
1230 2674 1291 2693 cum
1305 2669 1382 2692 atrox
1394 2669 1422 2692 et
1437 2662 1676 2691 vehementissima
1693 2660 1790 2696 procella

1029 2711 1106 2739 saevis
1125 2712 1189 2738 hinc
1206 2711 1270 2738 inde
1296 2711 1424 2737 ﬂuctibus
1455 2708 1603 2736 multorum
1630 2707 1790 2740 undecunque

1031 2758 1229 2793 insurgentium
1244 2757 1392 2783 Ecclesiain
1404 2759 1497 2790 ageret
1511 2755 1657 2788 ferretque,
1669 2759 1728 2787 ergo
1740 2752 1789 2785 quia

1031 2803 1059 2831 in
1090 2811 1122 2830 co
1149 2810 1177 2830 se
1208 2801 1339 2837 religione
1365 2807 1567 2835 supervacanea
1600 2798 1789 2832 intemperanter
