1921 3071
97 108 131 139 31
611 112 656 141 DE
678 110 899 141 ANDRONICO
919 109 1150 140 PALAEOLOGO
1174 109 1242 139 ΗΒ.
1265 109 1288 138 l.
1722 110 1758 141 38

98 171 217 196 το-δσιν,
239 164 261 199 ἦ
275 173 304 191 τι
318 165 448 192 τοιοῦτον
467 167 516 193 κς),
533 168 631 193 ἐννοεῖν
644 167 794 201 γράφοντα,
811 167 866 193 ἀλλ’
880 168 923 192 ἳνα
942 169 958 195 Α
975 164 1062 191 αἴτιον
1075 167 1120 191 τὴν
1136 165 1243 198 Πατέρα
1260 165 1347 198 λέγων
1362 164 1407 190 τοῦ
1425 164 1591 199 Πνεύματος,
1610 167 1702 201 χώραν
1715 168 1758 193 al—

99 210 172 240 τέως
203 212 260 236 καὶ
295 213 379 247 μόνον
397 213 430 240 τὸ
450 214 575 248 ἔγκλημα
603 213 791 247 θεραπεύοιτο,
806 214 849 238 ὀὐ
868 213 921 241 τῶν
975 211 1035 241 τίας
1053 211 1162 237 δεδώκει
1181 212 1228 236 καὶ
1240 211 1270 237 οὐ
1285 211 1521 245 παροπτὲας,οὑδὲ
1533 220 1563 245 γε
1582 212 1634 245 μὴν
1649 211 1699 246 τῆς
1713 220 1759 237 tua

104 255 245 289 Ἰταλῶν,
277 257 418 291 οὓμενουν
447 259 581 294 (ἐκείνοις
606 258 672 292 γὰρ,
697 258 749 284 κᾶν
763 258 810 284 ἐπὶ
839 258 921 284 πᾶσιν

102 301 255 334 ἀξιῶν-ται
279 303 339 328 τῶν
363 304 560 339 ἐγκλημάτων,
585 303 642 330 ἀλλ’
658 300 704 329 οὖν
730 303 768 337 τῷ
788 302 921 337 τολμῆσαι

102 347 286 380 προσθεῖναι
299 348 342 383 τῷ
357 348 489 383 συμϐόλῳ
512 349 561 383 τὴν
578 349 650 381 λέξιν
670 350 795 383 ἔγκλημα
815 348 922 374 κεὶσθαι

104 395 135 419 τὺ
152 395 336 429 μέγιστον),
350 395 419 421 ἀλλὰ
439 397 495 422 τῶν
512 396 711 423 κοινωνούντων
723 396 837 427 ἐκείνοις
849 395 922 430 εἰρή-

106 448 157 473 νης
169 440 289 474 τρόπον
314 441 364 467 καὶ
376 440 497 472 παλαιᾶς
521 442 712 470 καταστάσεως
729 441 821 468 ἕνεκα.
848 441 923 467 Ἀντ-

108 486 240 519 επεξῆγε
262 486 293 512 δὲ
308 486 357 512 καὶ
372 487 423 520 τὴν
439 487 486 512 ἐπὶ
512 486 559 512 τοῦ
575 484 744 521 Μονογενοῦς
760 487 795 514 ἐκ
816 488 855 517 εἰς
872 486 921 520 τὴν

109 530 161 556 διὰ
174 530 258 557 κατὰ
271 531 324 565 τὴν
335 531 391 558 τῶν
403 532 560 566 προθέσεων
575 533 844 570 ἀντιπαραχώρησινν
856 533 920 558 ὅπου

110 576 145 602 ἂν
162 577 216 602 καὶ
233 576 266 602 ἐν
277 577 338 607 τοῖς
349 576 473 611 περὶτοῦ
487 578 548 604 Υίοῦ
558 578 651 608 τόποις
662 578 833 612 εὑρίσκηται.
844 578 922 604 Οὕτω

111 622 170 656 γάρ
193 630 269 656 φησι
284 622 428 649 διδάσκειν
439 624 486 649 καὶ
500 623 548 658 τὴν
560 623 637 658 ἱερὰν
654 623 820 658 ὁπλοθήκην,
832 623 922 658 βίϐλον

112 667 205 692 οὖσαν
233 667 444 702 ἑγκρινομένην
469 670 529 699 ταῖς
542 668 664 702 γνησίαις
687 668 736 703 τῆς
747 666 921 703 Ἐκκλησίας.

113 711 208 738 Τοῦτο
237 712 263 738 δ’
281 712 375 738 ἐποίει
401 712 452 745 τὴν
475 712 530 739 τῶν
550 713 659 740 Ἰταλῶν
684 713 841 748 προσθήκην
865 713 921 744 τοῖς

116 758 273 792 ἡμετέροις
288 758 457 792 βουλόμενος
482 759 597 790 ὲξισοῦν.
614 759 669 786 Καὶ
685 759 760 791 τέλος
774 760 790 794 ὴ
807 758 920 794 κορωνὶς

116 802 171 836 τῆς
186 803 309 837 τόλμης,
321 803 365 830 ὃτι
376 803 516 838 εὑρίσκων
529 804 579 839 μὲν
593 804 641 830 καὶ
664 804 710 831 τὸν
727 804 921 838 θεολογικώτα-

975 255 1086 290 χούσης,
1103 254 1276 286 συνδοξὰξειν
1293 255 1380 281 αἴτιον
1403 255 1448 281 τὸν
1466 255 1530 281 Υἰὸν
1543 257 1588 282 ἐπὶ
1602 257 1634 290 τῇ
1653 256 1685 282 ὲκ
1705 256 1759 281 Πα-

975 300 1037 335 τρὸς
1051 300 1125 334 αἰτίᾳ
1138 299 1185 326 τοῦ
1202 300 1371 334 Πνεύματος.
1399 300 1496 327 Καίτοι
1515 309 1546 333 γε
1560 301 1593 326 τὰ
1615 301 1712 335 μέτριά
1725 309 1757 334 γε

974 345 1030 374 τοῖς
1043 343 1132 377 λόγοις
1153 344 1234 370 αὑτοῦ
1259 344 1492 380 προσαρχόμενος,
1514 345 1557 371 ὅτε
1572 354 1614 377 τις
1636 345 1682 371 καὶ
1697 346 1759 372 ἀντ-

976 388 1078 422 επῆγεν
1092 387 1168 421 αὐτῷ
1183 388 1231 421 τὴν
1247 388 1349 420 αἰτίαν,
1365 388 1403 418 ὼς
1420 387 1525 413 πολλῶν
1540 388 1587 413 ἐπὶ
1605 388 1672 414 Θεοῦ
1683 388 1759 421 λεγο-

976 433 1065 466 μένων
1088 433 1134 458 καὶ
1149 433 1181 466 δὴ
1202 433 1248 458 καὶ
1273 433 1372 462 κακίας
1398 433 1582 467 ἐπιφερόντων
1595 431 1712 466 ἔμφασιν
1724 432 1757 457 τὰ

977 477 1026 512 μὲν
1049 477 1184 511 λεγόμενα
1206 477 1243 508 ὡς
1261 477 1346 510 ἁγίων
1369 478 1479 512 ῥήματα
1502 477 1680 511 προσιέμεθα,
1692 477 1722 502 τὸ
1735 476 1756 501 δ’

976 523 1145 556 ὗπεμφαῖνον
1157 523 1187 548 οὐ
1200 523 1415 557 προσδεχόμεθα,
1428 533 1437 548 ‹
1452 523 1563 555 Λέγετε,
1577 532 1585 548 ι
1605 523 1697 556 φησὶν,
1711 532 1719 547 ι
1735 520 1759 548 ὦ

975 565 1058 600 οὗτοι,
1071 568 1135 598 Θεὸς
1150 568 1252 599 τέλειος
1266 568 1280 593 ὁ
1293 568 1396 602 Πατὴρ,
1414 568 1461 593 καὶ
1472 567 1536 598 Θεὸς
1544 567 1645 598 τέλειος
1658 568 1671 593 ὁ
1683 567 1759 599 Υἱὸς,

976 615 1023 641 καὶ
1036 615 1101 646 Θεὸς
1112 617 1214 646 τέλειος
1230 617 1243 642 ὁ
1257 615 1443 650 Παράκλητος.
1458 613 1522 650 'Ap'
1532 614 1579 641 οὖν
1592 615 1635 640 διὰ
1645 615 1674 640 τδ
1684 616 1758 649 τρεῖς

975 660 1057 691 Θεοὺς
1071 659 1290 694 ὑπεμφαὶνεσθαι
1311 659 1578 694 καταῤῥυπαροῦμεν
1606 659 1654 692 τὴν
1669 657 1758 684 θεολο-

975 705 1053 738 γίαν;
1069 714 1077 730 ι
1093 704 1168 736 Τέως
1181 706 1221 736 είς
1232 705 1376 739 ἀποφυγὴν
1384 704 1430 730 τοῦ
1443 704 1615 738 ἐγκλήματος
1627 703 1674 730 καὶ
1684 704 1758 737 τρισὶ

974 749 1131 784 κεφαλαίοις
1147 750 1192 776 τὸν
1207 750 1252 776 ἐπὶ
1263 751 1296 785 τῇ
1310 750 1359 784 τῆς
1374 749 1544 784 Ὀροοδοξίας
1557 749 1649 783 ἡμέρᾳ
1664 749 1758 784 ἀναγι-

974 796 1144 829 νωσκόμενον
1154 795 1218 830 ὅρον
1229 795 1272 821 ἐπ’
1283 795 1432 829 ἐκκλησίας
1444 794 1579 828 ἐπηύξανε
1590 793 1756 828 προστιθεὶς,

120 835 170 874 τον
188 835 380 883 Δαμασκηνὸν
394 835 424 875 ὲν
441 835 672 884 τρεισκαιδεκάτῳ
689 851 742 876 τῶν
764 835 924 884 θεολογικῶν
943 835 961 862 Β
977 841 1137 874 ποιούμενος
1164 840 1211 866 ὑπ’
1225 840 1350 874 ἀνάθεμα
1367 839 1459 874 τρίτον
1477 839 1522 866 τὸν
1541 839 1600 875 ἦτοι
1613 839 1757 884 δοξάζοντὲ

122 892 209 918 αὐτοῦ
221 893 384 926 κεφαλαίων
398 883 520 927 λέγοντα,
536 904 544 920 t
559 896 613 921 Καὶ
627 883 671 921 διὰ
681 895 768 929 Λόγου
778 895 925 931 προόοὶεὶς
975 886 990 920 ἦ
1006 886 1091 912 αἴτιον
1108 886 1123 920 ἢ
1140 885 1209 920 μετά
1227 886 1274 911 τοῦ
1289 886 1394 919 Πατρὴς
1411 885 1547 911 συναίτιον
1566 885 1619 931 τδνν
1634 883 1698 910 na"
1710 883 1756 909 τθδ

124 939 333 973 ἑκςαντορικοῦ
359 939 530 973 Πνεύματος,
553 949 562 966 ι
590 939 826 975 ὲκλαμὸανὸμενος
845 940 873 966 δὲ
891 940 920 966 ἰδ

126 982 280 1016 προῦολεὺς
296 984 338 1014 ei;
363 984 395 1009 τὺ
414 983 501 1015 alue;
525 985 610 1018 (μηδὲ
628 986 681 1020 γὰρ
707 983 837 1020 εἶναιτὴν
851 985 922 1017 λέξιν

129 1029 177 1054 ἕπτ’
191 1028 266 1055 ille!)
280 1029 488 1064 σημαινομένου
504 1029 709 1064 λαμϐάνεσθαι)
723 1032 768 1057 καὶ
781 1031 825 1057 διὰ
835 1033 920 1066 Λόγευ

131 1121 225 1150 geret;
241 1123 362 1150 quorum
384 1115 502 1143 nihilne
516 1116 602 1152 prima
627 1117 736 1150 quidem
757 1117 920 1153 cogitatione

132 1167 210 1188 tvnus
224 1161 277 1188 sibi
301 1161 414 1188 venisse
434 1162 461 1189 in
482 1168 600 1189 mentem
616 1163 746 1190 scribenti
768 1163 918 1198 deierabat.

131 1205 223 1232 Solum
240 1206 364 1233 voluisse
379 1213 497 1240 purgare
508 1207 620 1239 crimen,
634 1215 688 1233 non
703 1207 766 1234 illud
782 1208 918 1242 proprium

132 1250 291 1276 Latinorum
320 1258 376 1284 quo
403 1250 479 1285 ipsos
519 1252 677 1279 altentanda
716 1251 854 1279 additione
885 1252 919 1280 ad

131 1294 291 1329 Symbolum
324 1294 467 1330 prolapsos
493 1294 638 1328 fatebatur,
668 1295 828 1331 gravissime
854 1304 918 1331 pee-

132 1340 220 1367 cando
231 1344 329 1367 contra
347 1341 533 1375 disciplinam,
553 1349 608 1368 non
629 1347 719 1369 tamen
735 1350 749 1369 a
766 1342 818 1370 fide
840 1343 919 1370 aber-

132 1387 230 1418 rando,
253 1387 301 1414 sed
330 1387 435 1414 crimen
456 1387 600 1420 haereseos,
630 1388 699 1422 quod
713 1389 735 1415 si
763 1389 867 1416 haerere
891 1390 918 1416 in

134 1431 237 1459 Latinis
253 1437 407 1466 putaretur,
424 1432 496 1460 haud
515 1433 598 1460 dubie
622 1433 648 1460 in
679 1433 788 1461 Graecos
811 1441 918 1468 quoque

134 1484 194 1502 cum
211 1477 244 1503 iis
268 1477 508 1505 communicantes
537 1478 712 1505 redundaret.
743 1478 918 1506 Consuluisse

135 1522 217 1556 igitur
241 1529 273 1549 se
288 1522 346 1549 suis
375 1521 479 1549 Graecis
503 1530 586 1557 opera
615 1523 671 1555 illa,
692 1528 720 1550 et
746 1524 779 1550 de
799 1523 831 1550 iis
851 1523 921 1551 bene

135 1567 275 1598 meritum,
292 1567 387 1601 utique
403 1574 465 1594 cum
484 1567 523 1595 sic
539 1568 692 1595 ostenderit
716 1568 782 1595 nihil
799 1575 846 1595 eos
872 1576 922 1596 ne-

135 1613 232 1638 farium
247 1613 348 1647 egisse,
364 1612 477 1647 quando
491 1618 602 1648 propter
616 1614 690 1648 pacis
706 1612 809 1641 bonum
825 1620 851 1642 et
876 1622 922 1642 ve—

137 1663 220 1685 terem
237 1665 330 1684 rerum
343 1657 472 1685 Ecclesia}
487 1663 585 1685 statum
601 1659 786 1687 reducendum
804 1667 921 1687 consen-

135 1709 225 1730 serant
237 1703 267 1729 in
281 1703 503 1730 communionem
521 1711 582 1731 cum
595 1704 628 1731 iis
647 1706 841 1740 usurpandam,
853 1713 921 1740 quos

136 1757 217 1783 puros
237 1749 274 1776 ab
289 1749 365 1776 omni
396 1749 532 1777 haereseos
558 1749 664 1777 macula
680 1758 741 1777 esse
771 1755 919 1778 constaret.

135 1794 219 1822 Porro
249 1794 473 1829 equivalentiam
505 1795 578 1822 inter
606 1803 666 1823 sese
679 1803 711 1823 ac
739 1796 920 1830 promiscuam

136 1841 274 1867 notionem
289 1839 517 1875 praepositionum
530 1841 565 1867 ἐκ
580 1848 612 1867 ea:
624 1845 651 1868 et
664 1841 708 1868 διά
728 1849 774 1875 per
788 1842 920 1869 maximo-

136 1893 198 1920 pere
213 1887 346 1919 astruxit,
370 1886 544 1914 contendens
567 1887 742 1921 persuadere,
757 1888 863 1922 quoties
883 1896 921 1915 eae

139 1932 266 1959 tradenda
284 1931 347 1959 Filii
372 1931 469 1958 aeterni
484 1932 621 1968 theologia
651 1937 859 1967 usurparenlur,
882 1933 922 1961 sic

141 1978 249 2005 omnino
282 1976 475 2012 intelligendas
513 1981 640 2012 tanquam
674 1985 757 2004 unum
796 1978 922 2012 idemque

139 2023 221 2049 ambze
233 2023 435 2058 significarent,
452 2021 533 2056 idque
545 2022 645 2049 diserte
669 2022 760 2050 doceri
785 2023 873 2050 aiebat
893 2023 921 2050 in

138 2077 218 2104 opere
230 2069 275 2096 cui
288 2075 368 2095 sacra
388 2067 551 2101 hoplotheca
564 2067 622 2095 sive
645 2075 752 2095 sacrum
769 2076 922 2096 armamen-

140 2116 237 2141 tarium
263 2121 366 2141 nomen
380 2119 432 2146 est,
450 2113 497 2147 qui
523 2113 591 2140 liber
618 2113 690 2140 inter
706 2114 878 2142 authenticos
894 2119 922 2141 et

974 931 1141 966 Πνεύματος,
1154 931 1170 966 ἢ
1184 932 1376 965 συγκοινωνεῖν
1387 931 1416 957 ἐν
1426 930 1525 965 γνώσει
1542 930 1759 964 καταδεχόμενον

972 978 1027 1008 τοῖς
1043 976 1233 1010 οὕτωλέγουσι
1251 978 1298 1002 καὶ
1309 976 1461 1009 δοξάζουσι.
1475 976 1567 1002 Ταῦτα
1583 976 1670 1009 ἔλεγε,
1679 975 1759 1002 ταῦτ’

971 1022 1103 1057 ἔγραφεν.
1123 1031 1132 1047 t
1148 1022 1178 1048 Ei
1194 1020 1217 1048 δ’
1233 1021 1329 1058 ἀνήκει
1345 1031 1382 1055 τι,
1402 1031 1411 1047 ι
1430 1022 1509 1056 φησὶ,
1529 1031 1537 1047 ι
1599 1020 1647 1047 διὰ
1662 1022 1700 1052 είς
1711 1021 1756 1047 τὸν

972 1109 1102 1145 Spiritus,
1118 1110 1200 1137 etiam
1214 1110 1282 1137 Filio
1300 1110 1449 1137 attribuere
1478 1111 1610 1137 rationem
1628 1109 1755 1144 principii

971 1161 998 1183 et
1018 1163 1108 1183 causa
1136 1163 1199 1191 erga
1229 1155 1362 1190 Spiritum
1389 1156 1527 1183 eumdem.
1556 1156 1611 1183 Nec
1637 1156 1682 1182 ille
1700 1163 1755 1182 non

970 1201 1106 1228 sentiebat
1121 1201 1249 1228 invidiam
1261 1202 1338 1234 dicti,
1362 1209 1442 1236 quam
1459 1206 1487 1228 ut
1500 1201 1646 1234 emolliret,
1661 1202 1755 1229 mode-

971 1247 1087 1274 rationis
1108 1247 1251 1281 quamdam
1269 1247 1387 1282 speciem
1410 1248 1548 1274 inserebat
1570 1255 1602 1274 ac
1619 1247 1693 1274 velut
1721 1247 1757 1275 ad

969 1293 1067 1320 flexura
1082 1293 1255 1320 commodum
1269 1293 1461 1320 inarticulahat
1482 1294 1658 1328 disputationi
1687 1294 1755 1321 alio~

969 1340 1014 1375 qui
1032 1339 1227 1375 rigidiusculte,
1241 1339 1411 1367 occurrendo
1430 1339 1500 1366 ultro
1510 1339 1619 1375 ingenio
1635 1341 1755 1372 lectoris,

968 1393 1002 1413 ex
1013 1385 1136 1420 allegatis
1165 1385 1276 1412 Patrum
1307 1385 1462 1417 sententiis,
1491 1390 1520 1412 ut
1549 1394 1664 1420 pronum
1684 1392 1753 1418 erat,

968 1430 1108 1458 collecturi
1123 1430 1217 1457 falsam
1234 1437 1328 1457 revera
1354 1434 1382 1457 et
1404 1429 1487 1456 veteri
1507 1429 1636 1458 Ecclesiae
1653 1431 1758 1458 doctri-

933 1493 955 1525 α
973 1485 1015 1504 na:
1029 1477 1195 1504 contrariam
1210 1483 1269 1503 esse
1287 1476 1442 1504 Grarcorum
1458 1475 1539 1504 hodie
1550 1476 1685 1512 vigentem
1701 1478 1755 1512 opi-

975 1524 1098 1556 nionem,
1121 1530 1175 1557 quu
1196 1526 1308 1550 sanctus
1333 1522 1453 1557 Spiritus
1467 1530 1499 1550 ex
1524 1522 1604 1550 Patre
1622 1523 1754 1550 duntaxat

974 1569 1008 1595 ab
1023 1568 1057 1595 iis
1075 1567 1232 1603 agnoscitur
1248 1567 1411 1602 procedens,
1426 1574 1487 1594 cum
1504 1568 1573 1594 ratio
1590 1568 1714 1602 principii
1726 1573 1754 1596 et

973 1620 1073 1644 causae,
1089 1617 1214 1646 respectu
1226 1611 1345 1646 Spiritus
1356 1612 1488 1639 attributa
1502 1619 1551 1647 per
1559 1618 1668 1640 sanctos
1682 1613 1755 1648 ipso-

972 1665 1032 1685 rum
1046 1658 1140 1685 Patres
1149 1657 1230 1684 etiam
1252 1656 1329 1689 Filio,
1354 1664 1389 1684 ex
1403 1657 1462 1692 ipso
1477 1665 1584 1692 quoque
1607 1658 1753 1693 procedere

972 1704 1063 1740 ipsum
1082 1704 1160 1738 juxta
1181 1703 1341 1730 Latinorum
1366 1708 1487 1731 mentem
1511 1704 1700 1732 demonstrare
1710 1705 1754 1732 vi-

973 1751 1080 1778 deatur.
1106 1750 1206 1777 Contra
1224 1749 1277 1776 hoe
1291 1749 1364 1776 enim
1393 1749 1439 1776 ille
1455 1750 1650 1784 prtescribebat
1669 1752 1753 1778 multa

972 1796 1006 1824 de
1022 1796 1078 1823 Deo
1091 1795 1248 1823 necessario
1262 1794 1401 1826 affirmari.
1416 1796 1456 1823 sic
1471 1795 1648 1831 irrefragabili
1659 1803 1753 1825 aucto-

973 1841 1054 1866 ritate
1068 1839 1224 1874 subigente,
1239 1846 1272 1866 ex
1287 1839 1387 1874 quibus
1403 1839 1472 1867 mala
1484 1841 1519 1868 de
1540 1841 1600 1875 ipso
1621 1845 1649 1869 et
1662 1844 1754 1870 neuti-

971 1890 1053 1918 quam
1068 1883 1235 1910 admittenda
1257 1883 1331 1910 clare
1351 1885 1479 1918 consequi
1494 1889 1640 1919 appareat;
1671 1894 1754 1921 quam

972 1929 1034 1956 ideo
1046 1929 1268 1956 consecutionem
1281 1929 1426 1956 orthodoxi
1448 1937 1504 1956 non
1518 1930 1675 1964 admittunt,
1689 1939 1752 1959 cum

971 1973 1172 2006 antecedeutia,
1188 1981 1223 2001 ex
1245 1974 1345 2009 quibus
1362 1973 1493 2008 infertur,
1509 1976 1652 2010 recipiant.
1669 1977 1754 2013 Igitur

972 2025 1000 2047 et
1013 2028 1074 2053 nos,
1094 2020 1198 2047 Veccus
1211 2020 1312 2053 aiebat,
1331 2021 1375 2047 hic
1392 2027 1500 2055 quoque
1522 2020 1632 2049 Patrum
1650 2023 1754 2052 diserta

972 2066 1128 2094 testimonia
1159 2065 1319 2100 recipimus,
1343 2066 1391 2093 sed
1420 2066 1493 2100 quod
1521 2074 1553 2094 ex
1574 2067 1616 2096 his
1640 2076 1754 2104 apparet

971 2111 1114 2146 consequi,
1136 2118 1191 2137 non
1204 2111 1348 2145 recipimus
1360 2119 1367 2143 ;
1382 2111 1553 2146 instabatque
1564 2120 1722 2147 argumento
1736 2124 1756 2144 θ

139 2169 232 2188 sanam
249 2159 383 2187 Ecclesiae
405 2159 554 2186 doctrinam
569 2165 641 2186 recte
666 2159 835 2187 declarantes
855 2169 919 2187 cen-
937 2159 957 2187 D
972 2157 1074 2184 Gracis
1085 2156 1252 2191 ductoipsis,
1262 2157 1304 2183 An
1314 2164 1379 2190 non,
1393 2158 1529 2191 inquiens,
1546 2166 1597 2186 vos
1606 2167 1715 2195 quoque
1724 2166 1755 2188 et

140 2207 192 2234 seri
208 2207 290 2234 solet.
308 2205 335 2232 Id
350 2204 397 2231 ille
413 2204 530 2231 fatiehat
544 2212 598 2239 quo
614 2205 742 2232 Italorum
756 2206 920 2234 additionem

139 2253 238 2279 nostris
257 2250 470 2278 tolerabiliorem
494 2250 638 2284 minusque
667 2250 826 2278 invidiosam
858 2255 921 2278 red-

140 2298 224 2324 dereti
241 2297 374 2331 Denique,
392 2295 464 2330 quod
483 2295 508 2322 ei
521 2296 629 2322 culmen
643 2297 762 2324 audaciae
778 2297 838 2329 fuit,
859 2305 920 2324 cum

140 2343 290 2370 invenisset
324 2349 461 2368 summutn
496 2341 648 2377 theologum
675 2341 869 2369 Damascenum
894 2343 919 2369 in

140 2388 220 2415 tertio
235 2387 342 2414 decimo
356 2386 568 2420 tlteologieorum
578 2394 689 2414 suorum
700 2387 817 2422 capitum
828 2387 922 2415 dicen-

140 2439 193 2460 tem
205 2434 238 2459 de
250 2433 342 2462 Patre,
354 2441 362 2456 ι
382 2430 414 2457 Et
431 2439 477 2465 per
487 2430 605 2457 Verbum
618 2431 764 2466 προόολεύς
777 2432 920 2465 productor

140 2477 319 2505 rnnntiatorii
343 2475 470 2511 Spiritus,
488 2485 498 2502 ι
515 2476 670 2511 intelligens
687 2476 713 2503 in
730 2484 794 2503 voce
819 2476 920 2511 προϐο-

139 2524 200 2555 λεύς
216 2524 270 2550 vim
283 2522 410 2557 principii
435 2525 462 2548 et
485 2529 584 2553 causai,
613 2522 677 2556 quin
704 2522 872 2550 contendens
892 2522 919 2550 id

141 2570 304 2597 vocabulum
321 2568 348 2594 in
365 2568 418 2594 alio
431 2567 583 2602 significatu
603 2567 672 2594 sumi
689 2575 742 2594 non
760 2575 851 2602 posse,
866 2568 920 2595 sic-

138 2623 191 2650 que
216 2615 358 2642 affirmans
397 2613 502 2640 Patrem
532 2621 579 2648 per
609 2612 726 2640 Verbum
755 2613 918 2648 principium

136 2670 194 2689 sive
209 2661 265 2696 32
282 2667 392 2686 causam
409 2659 525 2694 Spiritus
541 2667 610 2692 esse,
641 2660 728 2686 locum
753 2660 919 2687 accusationi

136 2709 177 2735 sui
193 2707 273 2734 dedit
295 2705 367 2732 haud
382 2712 447 2731 sane
464 2706 680 2737 contemnendae,
707 2713 768 2732 cum
784 2712 838 2732 non
851 2705 918 2733 levis

135 2761 186 2780 nec
199 2752 325 2787 vulgaris
343 2756 419 2777 error
442 2750 575 2781 videatur,
606 2755 703 2784 pra'ter
723 2752 776 2777 vim
791 2750 917 2784 principii

132 2805 158 2827 et
168 2807 262 2826 causa:
273 2805 334 2830 qum
350 2797 375 2822 in
393 2794 467 2823 f‘atre
483 2804 496 2823 ιι
511 2797 613 2825 cunctis
628 2797 780 2831 agnoscitur
794 2802 916 2831 respectu

971 2204 1061 2230 dicitls
1075 2209 1102 2229 et
1115 2207 1188 2230 recte
1202 2202 1255 2230 dici
1275 2203 1402 2230 fatemini»
1409 2202 1516 2230 Patrem
1527 2211 1588 2231 esse
1600 2206 1754 2239 perfectum

972 2249 1069 2280 Deum,
1086 2249 1235 2284 perfectum
1252 2250 1314 2276 item
1332 2249 1417 2276 Deum
1429 2256 1490 2277 esse
1505 2250 1602 2278 Filium
1613 2271 1620 2283 ,
1634 2252 1756 2288 denique

972 2295 1139 2322 f’aracletum
1151 2296 1300 2329 perfectum
1313 2299 1341 2322 et
1358 2295 1446 2329 ipsum
1460 2294 1545 2322 Deum
1557 2297 1637 2323 esse?
1656 2297 1754 2326 Utrum

972 2342 1055 2376 igitur
1070 2341 1133 2375 quia
1141 2340 1203 2367 inde
1219 2344 1274 2368 tres
1285 2347 1346 2367 esse
1361 2340 1430 2367 deos
1444 2340 1551 2367 videtur
1564 2341 1669 2373 inferri,
1685 2342 1756 2371 falso

972 2387 1025 2414 isto
1051 2390 1079 2412 et
1096 2385 1250 2420 respuendo
1276 2385 1422 2412 corollario
1445 2385 1606 2421 theologiam
1623 2386 1755 2422 inquina-

971 2432 1080 2460 bimus'.’
1106 2431 1167 2458 Hmc
1186 2431 1243 2460 ille.
1265 2439 1325 2465 qua:
1344 2431 1377 2458 ad
1406 2431 1605 2465 subterfugium
1630 2433 1753 2461 criminis

971 2484 1060 2507 astute
1077 2479 1164 2512 ipsum
1188 2482 1342 2512 praeparare
1364 2476 1416 2504 sibi
1450 2476 1537 2511 palam
1564 2482 1631 2504 erat.
1666 2478 1752 2510 Quem

971 2526 1053 2553 etiam
1075 2524 1110 2551 ad
1135 2523 1215 2550 finem
1232 2523 1374 2550 decretum
1401 2522 1436 2549 de
1455 2522 1507 2549 fide
1527 2522 1581 2556 legi
1591 2523 1698 2550 solitum
1724 2524 1752 2551 in

970 2571 1087 2598 ecclesia
1104 2570 1149 2597 die
1165 2577 1226 2604 qua:
1241 2572 1354 2596 vocatur
1372 2567 1558 2601 Ortlrodoxim,
1576 2569 1663 2596 tribus
1677 2571 1753 2598 auxi:

971 2616 1137 2651 capilulis,ei
1149 2615 1301 2650 adiungens
1312 2615 1408 2650 triplex
1419 2614 1574 2646 anathema,
1589 2615 1614 2640 in
1626 2622 1689 2642 eum
1704 2617 1750 2650 qui

973 2668 1002 2690 ut
1013 2663 1108 2697 dogma
1127 2661 1187 2689 fidei
1201 2665 1336 2688 assereret
1358 2660 1455 2688 Filium
1469 2668 1529 2688 esse
1546 2666 1657 2694 causam
1666 2660 1753 2694 Spiri-

971 2708 1075 2741 tus,qui
1087 2706 1190 2734 diceret
1206 2705 1305 2733 Filium
1322 2713 1383 2734 esse
1399 2713 1463 2732 cum
1483 2705 1563 2732 Patre
1586 2711 1752 2732 eoncausam

971 2752 1099 2787 Spiritus,
1117 2757 1255 2786 postremo
1278 2751 1323 2786 qui
1346 2752 1436 2779 Sciens
1461 2750 1673 2778 communicaret
1700 2756 1752 2776 nec

970 2799 1080 2833 adiungi
1098 2802 1225 2825 rcnttct'ct
1241 2798 1382 2832 qu‘busvis
1403 2798 1437 2824 ita
1451 2796 1623 2830 implentibus
1636 2800 1664 2823 ct
1690 2802 1752 2823 cre-
