1921 3071
169 100 204 132 39
772 104 930 134 GEOilGll
956 105 1195 138 PACllYMER/E
1750 114 1789 144 40

166 157 218 190 τῆς
235 156 327 188 αἰτίας
343 156 430 191 λόγον,
446 157 488 193 [Ρ.
510 158 552 194 l8]
569 158 647 185 τοῦτο
659 159 785 194 τόλμημα
801 161 850 194 μὲν
864 160 955 194 λέγειν
968 161 991 190 Α
1007 163 1064 196 ρετν
1080 163 1125 189 διὰ
1152 164 1264 199 ταύτην,
1290 165 1391 196 ἐκεῖνος
1415 166 1452 201 μὴ
1469 166 1508 193 ὃτι
1526 175 1556 200 γε
1584 168 1662 202 μόνον
1676 169 1724 201 τὴν
1740 178 1797 198 παι

165 199 182 234 ἢ
202 200 301 226 ἐννοεῖν
314 221 321 234 ,
340 202 364 227 εί
386 201 413 227 δέ
437 211 478 233 τις
503 202 627 238 τολμῴη,
646 203 679 229 τὸ
695 203 727 229 ὲκ
742 203 790 229 τοῦ
806 203 886 238 λόγου
903 204 952 238 μὲν

167 246 225 280 ἐρεῖ
240 248 451 283 ἐμφαινόμενον,
470 249 558 277 αἰτίαν
573 250 602 276 δὲ
626 251 734 282 πάντως
747 251 890 278 ἀποίσεται
904 250 951 277 τοῦ

169 291 354 327 τολμήματος.
370 302 379 320 ι

168 368 195 396 t'.
213 369 312 403 Ὅπως
325 372 342 398 ὀ
355 372 465 409 Βέκκος
482 374 744 409 μετακαλούμενος
761 375 805 407 εις
825 374 882 409 τὴν
894 375 950 402 σύ-

403 407 495 433 νοδον
510 407 713 440 ἐπεδήμησεν.

202 467 294 493 Ταῦτα
307 468 377 495 κατὰ
394 468 439 494 τὸν
454 470 556 496 Βέκκον
570 471 628 501 ταῖς
641 471 792 506 ἀληθείαις,
810 473 856 500 καὶ
869 474 950 501 πλέον

165 513 253 539 οὐδέν.
266 515 310 539 Διὸ
322 515 353 550 δὴ
370 516 415 541 καὶ
438 517 517 550 ἡμεῖς
539 517 698 552 ἐξεπίτηδες
714 519 748 544 τὰ
762 519 810 553 τῆς
830 520 950 555 ἱστορίας

167 559 237 585 κατὰ
249 559 347 586 λεπτὸν
366 561 566 596 ὲπλατύναμεν,
585 563 618 588 ἵν’
663 564 742 598 δῆλον
759 566 832 596 ὅπως
848 566 894 592 καὶ
907 566 948 601 ἐφ’

164 603 235 634 aiat;
249 605 349 636 αῑτίαις
365 606 426 632 ὅσον
445 606 495 632 οὐκ
510 607 559 642 ἤδη
635 609 784 643 Ἐκκλησία
809 611 883 636 πᾶσα
902 611 948 637 τοῦ

165 649 252 674 κακιιῦ
270 651 479 684 παραπολαύειν
499 652 610 686 ἦμελλε.
630 654 740 689 Σώφρον
765 652 798 689 ἦν
818 653 865 682 οὖν
888 656 949 682 κατ’

164 694 234 728 ἐμὴν
258 695 372 731 γνώμην
394 697 477 731 μηδὲν
504 698 568 732 περὶ
587 699 689 725 τούτων
714 701 857 728 κινεῖσθαι.
878 702 948 728 Ἀλλ’

163 737 239 772 ὅμως
255 739 322 770 τέως
337 740 384 766 καὶ
401 742 426 766 οὶ
438 742 540 768 ἐκεῖνον
554 744 750 777 ἐποτρύνοντες
770 746 868 772 αἴτιοι·
888 746 949 780 βου-

163 782 277 817 λόμενος
294 785 349 818 γὰρ
364 786 420 817 τοῖς
435 787 609 822 αὶτιωμένοις
625 789 817 822 ἀπολογεῖσθαι
836 791 884 817 καὶ
901 791 947 824 ἑγ-

163 829 258 862 κλημα
276 830 388 863 φεύγειν
413 832 546 866 αἱρέσεως
572 833 666 860 ἔλαθεν
691 836 794 869 αἱρέσει
811 836 888 869 δόξας
909 823 947 862 δι-
963 823 983 849 Β

164 874 250 905 καίως
270 876 445 910 περιπαρείς.
471 877 586 904 Ἐκεῖνοι
604 879 653 913 μὲν
677 879 723 905 οὖν
740 880 768 906 ἓν
789 878 861 915 εἶχον
877 882 947 908 κατὰ

164 920 276 951 σκοπιν,
295 921 327 946 τὸ
347 922 544 949 καθυποκλῖναι
563 924 607 950 τὸν
631 925 758 960 Ἰωάννην
774 927 813 960 τῷ
835 927 945 962 Ἰωσὴφ,

162 965 210 991 καὶ
233 967 296 1000 παρ’
311 967 416 993 ἐκείνου
435 968 537 994 πείθειν
559 969 650 1002 ζητεῖν
675 971 838 1006 συγγνώμην
852 970 892 1003 οἷς
905 973 946 999 ὅτι

162 1009 264 1041 ζῶντος
278 1012 382 1038 ἐκείνου
406 1013 534 1047 ἐπιϐῆναι
550 1015 596 1040 τοῦ
614 1016 708 1049 θρόνου
731 1017 883 1052 τολμήσειε,
899 1019 946 1046 καὶ

162 1056 196 1081 τὰ
209 1056 258 1089 τῆς
278 1058 390 1092 εἰρήνης
408 1059 444 1092 μὴ
469 1059 698 1095 καταδεχομὲνου,
722 1062 759 1094 ὡς
777 1064 822 1089 καὶ
842 1064 946 1098 ὑποχω-

160 1143 297 1171 dentibus.
316 1145 376 1172 Πίσα
389 1145 505 1177 diccbat,
526 1147 582 1174 haec
601 1148 748 1180 scribebat.
766 1149 828 1177 illud
838 1158 944 1185 quoque

161 1189 264 1215 addens
281 1197 287 1215 :
304 1190 331 1216 Si
362 1191 422 1224 quis
453 1191 541 1218 inesse
563 1194 735 1220 contenderit
761 1197 943 1229 prmpositioni

160 1233 205 1258 διά
216 1241 262 1259 ναν
277 1233 416 1261 notioticm
433 1243 533 1268 causai,
553 1237 638 1263 audax
656 1237 681 1264 id
694 1238 766 1264 dictu
780 1239 831 1274 33
842 1241 944 1275 cogita-

161 1283 244 1312 tuque
263 1279 361 1311 fuerit;
390 1285 418 1307 ct
439 1282 564 1315 quisquis
593 1283 617 1308 id
638 1284 719 1315 ausit,
751 1285 892 1313 allirmabit
921 1287 943 1314 is

160 1331 227 1350 sane
241 1325 312 1358 quod
324 1333 356 1351 ex
373 1326 484 1353 Patrum
504 1329 666 1355 testimoniis
680 1329 786 1356 videtur
799 1334 941 1367 consequi:

146 1374 290 1397 ’cazterum
322 1370 394 1398 idem
419 1373 581 1401 temeritatis
605 1375 716 1403 omnino
740 1378 940 1407 accusationem

160 1415 218 1441 ausi
230 1423 336 1451 pinnam
349 1416 427 1445 feret.

214 1508 256 1536 t0.
277 1509 312 1536 Ut
337 1510 431 1537 Vaccus
447 1511 543 1538 citatus
561 1512 588 1539 in
605 1514 733 1548 synodum
758 1515 885 1550 adfuerit.

192 1574 257 1601 Haec
271 1574 350 1609 plane
367 1580 431 1602 sunt
450 1584 510 1610 quae
534 1577 637 1604 Veccus
654 1579 722 1605 circa
740 1579 790 1606 hoc
804 1581 940 1613 negonum

159 1620 368 1655 scripsit,d.xit,
393 1622 523 1656 gessit.ct
546 1623 614 1649 nihil
632 1624 673 1650 his
688 1625 763 1658 plus:
792 1634 851 1659 qua:
879 1627 941 1653 data

158 1673 243 1698 opera
265 1666 355 1692 studui
386 1667 536 1693 minutatim
557 1675 589 1694 ac
619 1669 701 1703 paulo
724 1669 803 1697 latius
823 1671 942 1699 historia:

157 1711 359 1742 eonnnendare,
377 1715 405 1737 ut
418 1711 452 1738 sit
468 1712 638 1740 manifestum
653 1715 787 1747 quomodo
804 1721 830 1742 et
842 1717 941 1750 quibus

159 1762 192 1780 ex
209 1755 298 1781 causis
317 1755 343 1780 in
371 1760 521 1782 extremum
545 1756 663 1784 Ecclesia
684 1759 830 1792 periculum
851 1762 940 1796 magni

161 1800 223 1826 mali
238 1800 371 1828 subeundi
386 1800 717 1836 venerit.Temperantius
726 1809 815 1832 autem
826 1805 940 1839 Veccus,

161 1853 218 1872 inci
234 1845 345 1879 quidem
366 1847 513 1880 sententia,
534 1847 653 1879 fecisset,
668 1849 690 1876 si
714 1850 782 1877 nihil
798 1851 869 1878 iii-ca
890 1852 941 1879 hoc

160 1890 298 1917 uim-issu.
313 1890 413 1918 Tamen
430 1892 486 1927 ejus
499 1893 585 1925 culpa:
601 1901 724 1928 magnam
739 1901 842 1929 partem
856 1900 940 1924 susti~

159 1940 235 1965 nent,
249 1936 294 1969 qui
307 1935 359 1962 hoc
377 1936 412 1963 illi
426 1937 541 1964 faciendi
554 1938 742 1966 vehementem
756 1940 900 1974 impulsum
914 1947 941 1969 et

158 1979 302 2012 quamdam
317 1980 394 2014 quasi
415 1981 606 2009 necessitatem
626 1982 823 2017 imposuerunt.
838 1986 940 2012 Accur-

159 2032 222 2051 nuts
244 2025 344 2060 quippe
368 2026 390 2053 is
408 2027 440 2053 ad
457 2027 558 2061 justam
572 2027 758 2056 defensionem
782 2030 939 2058 Latinorum

157 2075 252 2098 contra
264 2079 313 2099 eos
332 2079 346 2098 a
361 2072 458 2107 quibus
471 2073 607 2101 immerito
627 2075 761 2103 hiereseos
776 2076 940 2104 damnaban-

159 2121 214 2147 tur,
229 2116 314 2142 induit
328 2124 358 2143 se
371 2125 426 2144 non
443 2118 588 2147 advertens
602 2125 630 2147 et
648 2121 737 2148 studio
751 2121 836 2148 clatus
852 2121 878 2148 in
895 2122 937 2155 juv

1004 209 1150 243 τριαρχίαν
1168 210 1354 246 καταδὲχοιτο,
1375 211 1443 237 ἀλλὰ
1460 213 1505 238 καὶ
1526 215 1645 248 γραφαῖς
1670 217 1793 251 πειρῷτο

1003 251 1138 279 δεικνύναι
1153 253 1202 288 τὴν
1221 255 1320 289 πρᾶξιν
1333 255 1539 292 ἀνεπιτίμητον.
1558 258 1639 285 Ὅθεν
1657 260 1705 286 καὶ
1723 262 1793 297 ὁση-

1004 297 1087 332 μέραι
1118 298 1227 326 σύνοδον
1255 300 1304 335 μὲν
1331 302 1423 336 ἐντελῆ
1449 303 1598 336 καθίστων,
1627 306 1735 340 κρότοις
1759 308 1792 334 δὲ

1002 344 1111 377 συχνοῖς
1139 344 1192 370 τῶν
1220 346 1269 380 τῆς
1296 346 1444 382 ἐκκλησίας
1475 349 1608 388 κωδώνων
1635 350 1791 384 ξύγκλυδσς

1003 387 1204 424 ξυμφοροῦντες
1220 391 1267 418 καὶ
1283 392 1383 427 πλήθη,
1411 394 1438 419 εἰ
1453 394 1504 420 πού
1526 403 1568 425 τις
1589 395 1627 426 ὡς
1648 397 1791 432 ἠσέϐησαν

1002 433 1101 465 πείθοι,
1118 437 1368 471 παρακινησξίοντα
1380 439 1428 469 τὰς
1445 439 1533 472 ὁρμὰς
1549 440 1610 466 καθ’
1621 438 1658 467 ὧν
1671 441 1723 476 ἄρα
1737 436 1791 469 τοῦ

1000 479 1079 514 ὀρθοῦ
1097 479 1130 514 [Ρ
1148 480 1190 516 19]
1209 483 1457 518 παρακινησέιντων
1474 486 1545 517 σφᾶς
1566 486 1789 518 ὑποπτεύσειαν,

1001 526 1047 550 καὶ
1070 526 1141 558 μάλα
1156 526 1266 561 θερμῶς
1281 528 1376 562 ἠξίουν
1394 529 1441 555 τὴν
1460 529 1587 564 Ἰωάννην
1602 531 1771 565 καταπέμπει
1782 545 1791 553 ι·

1001 570 1063 597 σθαι
1092 571 1299 607 κριθησίμενον.
1331 574 1439 609 Συχνῶν
1473 575 1539 609 γοῦν
1570 577 1790 612 δισμηνυμὰτων

1000 616 1069 650 πρὸς
1090 618 1193 643 ἐκεῖνον
1218 619 1368 653 γινομένων
1394 621 1437 653 ἐφ’
1460 618 1482 654 ᾧ
1507 622 1685 656 παραγίνοιτο
1705 622 1790 656 λόγον

999 662 1091 688 δώσων
1106 663 1162 689 τῶν
1179 665 1389 698 γεγραμμένων,
1408 666 1456 691 καὶ
1473 667 1536 700 μάλ’
1548 664 1659 693 ὲκέίνων
1679 668 1789 694 ἐπιδει-

999 708 1141 742 κνυμένων
1159 710 1214 740 τοῖς
1230 710 1370 745 πλήθεσιν,
1391 712 1495 742 ἐκεῖνος
1513 712 1541 738 τὸ
1558 713 1654 747 ἄλογον
1669 716 1719 747 τῆς
1737 713 1790 748 ὕρ-

1000 756 1053 789 μῆς
1068 754 1121 780 τῶν
1137 755 1242 781 πολλῶν
1254 755 1348 787 δεδιὼς
1366 757 1411 782 ἐπὶ
1429 757 1493 783 nam
1512 766 1539 783 τε
1557 757 1638 784 ὤκνει
1658 759 1703 785 καὶ
1722 757 1791 785 ἁνε-

998 797 1110 824 ῦάλλετο
1125 798 1172 833 τὴν
1183 799 1220 830 ὡς
1234 800 1354 831 ἐκείνους
1366 801 1458 835 ἄφιξιν
1472 811 1475 815 ·
1489 802 1573 837 δήλην
1581 803 1635 837 γὰρ
1651 801 1722 829 εἶναι
1736 804 1789 840 τὴν

1000 844 1265 878 παρακινδύνευσιν,
1293 847 1318 871 εί
1347 846 1450 881 πλῆθος
1472 849 1605 882 ὰσεόἦσαι
1635 850 1786 884 πεισθείη,

999 887 1068 914 ὥστε
1087 888 1123 923 μὴ
1141 889 1231 922 μένειν
1246 891 1290 916 ἐπὶ
1306 892 1352 917 τοῦ
1371 893 1569 927 καθεστηκότος
1588 894 1704 928 τρόπου,
1723 895 1787 921 ἀλλ’

998 934 1072 965 ὅλαις
1082 935 1180 969 ὁρμαῖς
1194 936 1239 961 ἐπὶ.
1251 936 1295 962 τὸν
1309 937 1394 963 αἴτιον
1405 939 1563 972 τρέπεσθαι.
1584 939 1654 965 Ἀλλ’
1665 940 1678 966 ὁ
1693 941 1788 974 μέγας

997 979 1143 1015 λογοθέτης
1163 981 1373 1016 ὲμΰριθέστερον
1386 982 1435 1017 τὴν
1451 983 1497 1009 τοῦ
1517 983 1635 1017 πλήθους
1660 986 1786 1019 παρακί-
1811 991 1813 996 '

997 1032 1075 1058 νησιν
1100 1026 1289 1057 καταστείλας,
1311 1026 1350 1057 ὡς
1372 1026 1412 1057 εις
1438 1027 1519 1053 αὑτὸν
1540 1027 1652 1061 βασιλέα
1668 1028 1718 1054 τοῦ
1740 1028 1787 1054 ἐπ’

996 1069 1102 1096 ἐκεῖνον
1129 1071 1329 1106 ἀτακτήσοντος
1356 1072 1478 1104 δόξοντος
1503 1073 1655 1107 ἁμαρτεῖν,
1687 1074 1738 1100 καί
1761 1075 1787 1100 ot

996 1169 1090 1188 narum
1106 1160 1155 1188 sibi
1169 1161 1313 1193 faventem,
1328 1163 1460 1189 urbanum
1479 1163 1559 1189 simul
1572 1163 1706 1197 populum
1727 1172 1788 1191 ma-

995 1214 1047 1238 gno
1058 1214 1171 1233 numero
1186 1212 1382 1234 convocarunt.
1401 1208 1603 1242 Congregandaa
1625 1209 1787 1236 multitudi-

994 1251 1036 1277 nis
1051 1250 1106 1277 lucc
1121 1250 1230 1277 factiosa
1246 1251 1299 1286 34
1312 1257 1370 1278 erat
1387 1260 1479 1278 causa.
1497 1252 1648 1286 Sperabant
1659 1254 1722 1287 lpso
1737 1262 1787 1288 ap-

994 1301 1088 1329 paratu
1101 1296 1206 1330 synodi,
1219 1305 1279 1331 qua!
1294 1297 1353 1332 cogi
1386 1297 1523 1325 ferebatur
1548 1298 1581 1325 ad
1606 1299 1785 1326 emendamla

992 1349 1051 1375 quas
1064 1349 1204 1376 perperam
1216 1347 1274 1369 acta
1294 1343 1398 1369 fuerant
1412 1343 1438 1369 in
1455 1344 1633 1370 conventione
1647 1352 1711 1371 cum
1730 1345 1785 1371 Ln-

993 1385 1055 1412 tinis
1079 1385 1266 1413 intellecturos
1288 1386 1413 1414 homines
1433 1394 1448 1414 e
1462 1387 1540 1421 vulgo
1555 1394 1584 1414 se
1598 1387 1730 1421 deceptos
1747 1389 1783 1415 ab

992 1433 1150 1460 auctoribus
1169 1433 1357 1460 conventionis
1379 1434 1438 1468 ejus
1461 1434 1487 1460 in
1505 1434 1672 1468 impietatem
1694 1434 1782 1462 fuisse

994 1479 1142 1513 prolapsos,
1155 1487 1235 1513 quam
1253 1487 1325 1506 nunc
1345 1480 1448 1515 expiari
1466 1485 1614 1514 oporteret.
1637 1480 1706 1508 [nde
1730 1489 1782 1508 au-

993 1528 1045 1549 tem
1056 1524 1227 1551 conlidebam
1239 1532 1384 1551 exarsuros
1399 1531 1448 1552 eos
1460 1529 1487 1551 et
1501 1525 1527 1551 in
1541 1525 1701 1552 seditionem
1715 1533 1781 1552 con-

992 1568 1115 1595 citandos
1138 1569 1269 1596 adversus
1294 1569 1423 1602 Vcccum,
1439 1577 1519 1604 quem
1544 1570 1602 1603 ejus
1627 1569 1665 1596 rei
1696 1569 1780 1596 totius

991 1614 1158 1649 przccipuum
1187 1615 1316 1642 artificem
1345 1616 1558 1650 suspicarentur.
1584 1615 1672 1647 Quare
1701 1615 1777 1641 illum

992 1661 1054 1687 huic
1070 1661 1176 1688 invidize
1190 1661 1332 1696 objecturi,
1348 1662 1474 1689 ardenter
1492 1661 1619 1695 petebant
1632 1662 1710 1688 citari
1727 1663 1779 1688 rite

991 1713 1022 1733 ac
1037 1707 1126 1740 juberi
1143 1715 1172 1734 se
1189 1708 1285 1734 sistere
1309 1707 1484 1742 judicandnm
1500 1716 1513 1733 a
1527 1714 1594 1741 syno
1606 1708 1640 1733 ὀ.
1666 1703 1780 1733 Crebris

992 1753 1072 1786 igitur
1094 1754 1225 1780 viatorum
1251 1753 1474 1780 missitationibus
1497 1752 1600 1779 Veccus
1619 1759 1778 1786 comparere

991 1804 1080 1823 coram
1096 1797 1264 1832 congregatis
1278 1796 1402 1824 Patribus
1413 1798 1503 1831 jussus
1513 1802 1555 1824 est
1565 1797 1597 1823 ad
1611 1797 1776 1823 reddendam

991 1845 1121 1870 rationem
1137 1851 1230 1870 eorum
1247 1851 1307 1877 qum
1324 1843 1482 1878 scripserat;
1508 1842 1587 1875 idque
1599 1841 1662 1868 dum
1688 1841 1776 1870 ﬁeret.

991 1888 1098 1915 interim
1115 1888 1160 1923 qui
1179 1890 1236 1916 lucc
1249 1889 1390 1919 curabant,
1418 1889 1516 1922 scripta
1535 1887 1578 1913 illa
1592 1886 1669 1913 \‘ecci
1688 1892 1716 1912 ut
1731 1894 1776 1912 er-

990 1943 1081 1961 rorum
1099 1940 1125 1961 et
1135 1934 1261 1962 fraudum
1282 1934 1358 1968 plena
1379 1933 1587 1960 invidiOsissiinc
1598 1931 1669 1966 apud
1688 1939 1776 1965 popu-

991 1981 1046 2006 lum
1072 1980 1260 2010 traduccbant,
1285 1987 1447 2014 magnopere
1469 1982 1638 2005 ostentantes
1660 1984 1777 2011 exagge-

990 2031 1134 2060 rantesque
1144 2025 1291 2060 perniciem
1302 2025 1417 2051 illorum.
1431 2024 1571 2051 ldVeccus
1580 2031 1633 2050 non
1647 2023 1776 2057 ignorans

989 2071 1166 2098 cunctabatur
1176 2071 1363 2104 obtemperare
1375 2069 1543 2098 vocantibus,
1567 2075 1712 2102 morasque
1735 2067 1776 2093 in-

989 2117 1113 2144 nectehat
1131 2117 1224 2151 longas
1237 2123 1286 2142 suo
1308 2116 1335 2142 in
1352 2115 1536 2141 vadimonium
1563 2115 1703 2144 occursui.
1721 2120 1774 2138 non

157 2166 213 2188 stas
228 2162 393 2196 suspiciones
406 2163 467 2197 ejus
501 2164 569 2191 labis
586 2173 638 2199 qua
665 2174 778 2201 purgare
800 2169 938 2203 satagebat
954 2164 975 2191 D
990 2160 1203 2190 inverisimilitcr
1213 2160 1331 2193 allegatis
1349 2158 1522 2186 manifestum
1538 2166 1600 2186 esse
1613 2157 1776 2193 perieulum,

158 2206 234 2238 alios,
249 2207 321 2233 visus
334 2207 359 2233 in
372 2207 494 2234 haeresim
508 2209 666 2244 impingere.
677 2211 763 2245 Atque
776 2211 804 2237 in
820 2219 938 2246 presens

156 2252 276 2285 quidem,
292 2252 336 2286 qui
353 2260 397 2280 res
415 2253 479 2280 istas
492 2254 690 2287 gubernabant,
709 2263 792 2282 unum
810 2256 860 2282 hoc
876 2264 938 2291 spe-

157 2298 277 2329 clabanl,
293 2303 322 2325 ut
335 2298 466 2324 Joannem
486 2299 604 2333 Josepho
614 2299 779 2334 subjicerent
794 2301 938 2334 volentem,

158 2344 344 2377 persuadendo
358 2344 394 2371 illi
413 2349 442 2372 ut
452 2345 485 2371 ab
508 2345 558 2372 hoc
570 2345 676 2372 veniam
691 2346 805 2381 supplex
824 2352 937 2381 peteret,

156 2390 227 2423 quod
242 2390 299 2424 ipso
315 2390 405 2417 adhuc
421 2391 528 2418 vivente
547 2391 673 2418 thronum
691 2393 874 2420 conscendere
889 2400 938 2420 au-

156 2442 203 2460 sus
219 2438 299 2464 esset.
316 2434 428 2468 etquod
453 2442 514 2461 cum
536 2435 641 2462 videret
651 2435 797 2470 Josepbnm
817 2437 885 2464 adeo
906 2437 940 2464 ab

159 2479 340 2506 Ecclesiarum
355 2488 421 2514 pace
435 2481 583 2508 abhorrere
599 2485 636 2513 ut,
653 2489 687 2509 nc
702 2482 775 2508 illam
800 2482 938 2517 probaret,

156 2525 253 2552 cedere
264 2525 443 2559 patriarchatu
465 2527 566 2559 mallet,
581 2533 670 2555 tamen
685 2528 741 2562 ipse
751 2535 865 2555 vacuum
879 2529 940 2562 ejus

156 2580 265 2600 Secessu
284 2574 467 2608 patriarchale
482 2574 578 2601 solium
587 2582 641 2600 non
658 2574 738 2601 modo
761 2582 815 2601 non
834 2574 941 2601 dubita-

143 2619 226 2646 ,verit
236 2619 354 2646 oblatum
374 2619 529 2650 admittere,
541 2619 588 2647 sed
608 2620 688 2647 etiam
704 2619 780 2647 libris
800 2619 878 2647 editis
892 2627 939 2646 co-

156 2669 235 2692 natus
247 2664 330 2693 luerit
340 2665 466 2693 evincere
475 2667 542 2693 nihil
553 2667 581 2693 in
595 2674 637 2697 ea,
648 2674 714 2701 pace
728 2666 940 2700 reprehensibilc

155 2710 250 2738 fuisse.
261 2711 324 2738 llazc
340 2716 369 2738 ut
383 2711 417 2738 ab
428 2719 460 2738 eo
471 2715 674 2746 extorquerent,
687 2711 819 2746 synodum
832 2712 939 2745 plenam

155 2766 236 2792 quam
261 2759 379 2794 primum
413 2759 574 2786 studuerunt
600 2765 707 2792 cogere.
731 2758 856 2785 Pulsibus
876 2765 940 2792 ergo

154 2805 258 2833 crebris
275 2805 337 2832 acris
355 2804 475 2832 ecclesia:
489 2804 612 2840 campani
630 2804 736 2832 turbam
754 2804 834 2831 simul
856 2803 940 2832 adve-

991 2213 1025 2231 ne
1038 2205 1151 2239 populus
1161 2211 1306 2239 persuasus
1317 2203 1392 2238 gravi
1407 2210 1436 2230 se
1451 2203 1618 2238 implicatum
1635 2203 1706 2228 malo
1720 2202 1776 2235 pia-

990 2251 1105 2285 cuIOque
1125 2250 1273 2284 subjectum
1287 2257 1335 2284 per
1350 2256 1442 2284 pacem
1453 2256 1515 2275 cum
1544 2248 1649 2274 Latinis
1668 2247 1775 2277 initam,

990 2297 1092 2323 furiose
1106 2297 1131 2323 in
1150 2296 1210 2330 ejus
1235 2296 1308 2330 pacis
1323 2300 1460 2322 auctorem
1480 2297 1646 2327 erumperet,
1669 2299 1730 2319 cum
1753 2296 1776 2318 is

991 2345 1107 2380 primum
1125 2344 1151 2371 in
1163 2347 1337 2378 conspectum
1349 2342 1519 2369 essetdatus.
1538 2340 1627 2374 Itaque
1640 2347 1702 2367 cum
1721 2345 1774 2365 non

991 2392 1127 2426 ignoraret
1151 2394 1209 2416 arte
1235 2389 1450 2416 adversariorum
1473 2392 1557 2414 totam
1584 2387 1645 2421 ejus
1673 2384 1773 2420 negotii

991 2438 1096 2471 culpam
1110 2438 1174 2464 inse
1191 2431 1400 2467 conferri,haud
1417 2434 1468 2461 sibi
1486 2433 1570 2461 videri
1586 2437 1672 2459 tutum
1695 2429 1774 2463 profi-

991 2483 1057 2510 cisci
1073 2490 1126 2516 quo
1146 2479 1489 2514 vocaretur.discerpendo
1507 2479 1600 2512 utique
1617 2485 1632 2503 a
1649 2475 1772 2501 multitu-

989 2529 1065 2560 dine,
1075 2528 1118 2555 cui
1133 2527 1177 2562 qui
1195 2535 1225 2554 se
1243 2526 1340 2553 wllent
1352 2526 1484 2561 perditum
1499 2524 1614 2552 sinistris
1624 2526 1686 2549 ante
1696 2528 1775 2554 spar-

991 2575 1028 2602 sis
1044 2574 1199 2601 rumoribus
1218 2577 1409 2608 persuaserant
1422 2579 1504 2607 penes
1515 2579 1544 2598 se
1560 2575 1642 2597 unum
1655 2567 1775 2594 residere

990 2627 1098 2646 causam
1112 2620 1173 2647 mali
1188 2619 1287 2647 omnis.
1304 2619 1367 2651 Haec
1381 2620 1442 2652 jure
1465 2615 1569 2643 causari
1583 2622 1645 2641 eum
1661 2618 1775 2646 magnus

990 2665 1125 2700 lagodieta
1141 2665 1305 2699 intelligens,
1323 2664 1379 2691 acri
1391 2671 1440 2690 nec
1452 2663 1540 2690 inutili
1552 2668 1634 2696 opera
1651 2657 1776 2706 incubuit

991 2713 1024 2738 ad
1058 2711 1219 2738 seditionem
1245 2709 1476 2745 comprimendam
1499 2707 1588 2743 populi
1610 2711 1683 2732 metu
1710 2703 1773 2729 huic

991 2757 1100 2785 admoto
1110 2757 1143 2784 ab
1155 2758 1327 2791 imperatore,
1338 2763 1429 2790 quem,
1444 2755 1527 2790 siqua
1540 2753 1579 2780 vis
1592 2747 1775 2797 fieretioﬂsﬂ-

991 2803 1108 2830 dendum
1121 2803 1238 2839 graritcr
1252 2807 1280 2830 et
1295 2809 1389 2830 severe
1406 2801 1656 2828 animadversurum
1677 2796 1703 2821 in
1721 2799 1774 2819 νιο-
