1921 3071
147 151 181 184 47
754 149 915 179 GEORGII

990 150 1178 180 [ΣΙΙΥΜΕΠΕ
1310 149 1313 153 ’
1741 145 1775 178 48

149 209 218 245 μηδέ
236 207 349 237 πολλοὺς
365 205 522 241 μεμνῆσθαι
536 206 567 240 ἦν
586 203 612 231 τί
630 211 680 230 που
700 204 746 230 καὶ
762 203 889 239 ἐτελέσθη
907 204 934 229 ὲν
951 207 974 237 Α
989 205 1018 231 ἐν
1066 205 1096 232 τὸ
1118 205 1198 240 σῶμα
1216 205 1404 240 χωρήσουσαν,
1422 205 1496 232 οὕτω
1512 205 1539 231 δὲ
1555 202 1658 231 ταῦττιν
1677 184 1737 231 οἷαν
1751 203 1775 230 τ’

148 254 255 284 τούτοις
268 253 321 279 τῶν
333 251 412 286 ιερῶν
420 250 547 277 τελετῶν.
565 249 606 280 Ὠς
617 249 682 283 γοῦν
693 249 782 275 ἐκεῖσε
796 249 938 284 συναχθέν-

148 309 193 332 τες
207 299 254 326 ὑπ’
271 298 389 333 ὸπτῆρσι
409 298 532 327 πιστοῖς,
553 294 590 326 ὡς
617 294 655 330 μὴ
676 293 766 321 λαθών
790 303 832 325 τις
858 293 936 320 είσίοι

146 347 201 373 τῶν
217 345 309 380 σφίσιν
324 343 528 378 ἀκοινωνήτων,
548 341 597 372 τὰς
615 341 740 372 συνάξεις
755 340 875 373 ἐτέλουν,
890 339 938 366 καὶ

148 391 281 427 συχνάκις
301 390 419 424 πέμπων
433 390 446 415 ὁ
462 388 592 423 βασιλεὺς
606 386 654 414 τοῦ
668 387 703 414 τὰ
720 386 780 413 κατ’
795 386 894 417 αὐτοὺς
909 386 937 412 ὲν

147 437 272 473 φροντίσι
301 435 435 471 μεγάλαις
459 434 534 469 ἔχειν
569 433 684 468 παρεῖχε
711 433 839 467 δόκησιν,
860 433 938 459 αὐτοὶ

147 484 193 510 ἐπὶ
210 482 294 510 πλέον
308 481 496 516 θαρσήσαντες
510 480 578 516 πρὸς
594 480 627 507 τὰ
641 480 668 505 ὲν
684 479 836 514 Χαλκηδόνι
852 478 936 505 πάλαι

147 530 318 561 τελεσθέντα,
333 529 371 559 ὠς
383 529 397 555 ὁ
411 527 491 562 λόγος
507 528 592 562 αἱρεῖ,
605 527 651 553 ἐπὶ
664 526 703 560 τῷ
719 526 769 561 τῆς
785 525 936 560 καλλιπαρ-

147 579 224 606 θένου
240 577 288 604 καὶ
309 576 447 612 μάρτυρος
464 574 610 610 Εὑφημίας
623 573 729 609 σώματι
741 573 871 607 ἀνάγουσι
886 571 936 607 τὴν

146 624 310 659 ἐνθύμησιν,
324 623 370 650 καί
387 631 418 656 γε
439 622 487 648 καὶ
506 622 585 647 αὐτοὶ
602 621 655 647 ὑπὸ
676 619 785 655 σώματι
801 619 872 653 ἁγίῳ
886 617 937 644 πά-

146 672 191 698 λσι
207 668 426 700 κατατεθνεῶτος
443 667 533 703 νεκρῷ
552 667 587 693 τὰ
609 665 670 693 καθ’
692 666 792 697 αὐτοὺς
812 665 849 696 ὼς
870 665 936 699 ἀρε-

147 717 242 748 σκείας
259 715 405 752 ἐξημμένα
429 714 506 746 θείας
524 713 659 740 δεικνύειν
682 712 789 748 ἤθελον,
810 711 858 738 καὶ
877 711 935 745 ἅμα

145 765 184 799 τῷ
195 764 292 797 δεῖξαι,
312 763 349 794 ὡς
365 761 492 797 ἦλπιζον,
507 760 583 795 σφίσι
603 759 752 795 προσσχεῖν
767 758 860 793 ὴξίουν
872 757 936 788 τοὺς

146 811 242 842 ἄλλους
259 809 306 836 καὶ
322 808 477 838 πείθεσθαι.
490 807 542 834 κᾶν
555 807 569 833 ὃ
583 814 608 832 τι
625 805 772 839 λέγοιέντε
789 804 836 830 καὶ
850 803 936 838 πράτ-

146 865 231 883 τοιεν.
250 854 380 882 Πείθεται
394 853 501 884 τούτοις
519 853 533 878 ὁ
545 852 672 887 βασιλεὺς
685 852 731 877 καὶ
747 849 827 885 σῶμα
842 848 890 883 μὲν
905 848 935 874 τὸ

146 903 192 929 τοῦ
207 900 392 936 Δαμασκηνοῦ
405 900 454 926 καὶ
475 899 547 926 θείου
565 890 674 933 [ἰατρὸς
698 896 824 924 Ἰωάννου
841 895 934 926 αὐτοῖς
951 888 971 915 Β

146 949 276 984 αἰτήσασι
292 947 412 978 δίδωσιν,
423 947 461 977 ὡς
475 945 508 972 ἂν
523 944 552 971 δὲ
570 945 607 979 μή
624 952 650 970 τι
663 943 710 970 καὶ
722 940 935 978 ῥᾳδιουργηοείη

147 996 193 1023 ἐπὶ
211 997 267 1026 τοῖς
290 992 532 1029 προσδοκωμένοις
555 991 668 1025 τέρασιν
685 989 702 1024 ἢ
727 988 781 1024 μὴν
810 988 857 1014 καὶ
871 988 936 1014 ὑπο-

147 1039 277 1074 πτευθείη
293 1037 490 1075 ρᾳδιουργηθὲν
506 1036 612 1071 (sopor;
626 1035 680 1070 γὰρ
693 1033 935 1069 ὲπιτεθησομὲνοις

145 1086 185 1122 τῷ
199 1085 307 1120 σώματι
322 1083 356 1110 τὰ
375 1083 437 1109 καθ’
460 1082 559 1113 αὐτοὺς
582 1081 744 1115 ἐπιτρέπειν
764 1077 935 1111 ἠῦούλοντο),

146 1134 176 1166 ἐξ
190 1131 275 1166 αὐτῆς
295 1129 420 1165 βασιλεὺς
436 1128 605 1164 προστάσσει
629 1125 867 1160 ἐπισκευασθῆναι
884 1125 936 1159 μὲν

147 1179 244 1215 ἑτέραν
270 1177 384 1213 μείζονα
400 1175 497 1211 θήκην,
522 1174 569 1201 καὶ
585 1173 666 1209 σῶμα
679 1172 726 1200 καὶ
741 1171 828 1208 θήκην
850 1171 937 1207 αὐτὴν

149 1259 280 1294 templum
298 1260 456 1284 sanctorum
470 1253 592 1282 omnium
611 1252 745 1285 attribuit,
770 1252 835 1280 satis
850 1258 934 1286 capax

148 1312 253 1340 magna:
274 1300 455 1330 multitudinis
481 1298 679 1334 magniﬁceque
705 1302 843 1329 ornatum,
860 1301 889 1323 ut
908 1296 936 1323 in

149 1351 175 1379 id
194 1350 240 1385 qui
256 1347 438 1376 c0uvenirent
453 1354 514 1373 cum
531 1345 653 1381 jucundo
669 1351 752 1370 sensu
771 1343 855 1370 animi
869 1350 936 1370 con-

149 1397 335 1429 solatioueque
348 1401 401 1420 non
417 1392 522 1419 modica
534 1391 599 1418 dare
612 1397 721 1425 operam
736 1388 859 1424 religioni
874 1395 937 1423 pos-

148 1446 220 1473 sent,
233 1446 259 1468 at
270 1441 340 1468 idem
356 1438 447 1474 (quod
459 1437 608 1472 prtesertim
621 1435 795 1471 quaerebatur
809 1436 817 1470 )
833 1442 866 1462 ex
880 1438 935 1461 tam

147 1491 228 1524 longo
249 1494 348 1515 vacans
364 1490 392 1513 et
408 1485 531 1512 clausum
553 1488 687 1518 tempore,
703 1487 732 1509 ut
745 1482 825 1518 pauci
843 1482 936 1509 viven-

149 1536 215 1563 tium
233 1532 440 1561 rccordarentur
456 1530 536 1557 ullam
555 1530 584 1557 in
599 1537 632 1556 eo
646 1529 814 1556 iunctionem
832 1535 936 1556 sacram

149 1581 270 1609 exerceri
292 1587 321 1606 se
344 1578 456 1606 vidisse.
479 1577 518 1604 lbi
533 1584 597 1612 ergo
616 1583 678 1603 cum
703 1583 770 1603 suos
789 1574 935 1602 Arscniani
949 1563 970 1591 θ

149 1632 310 1658 conventus,
327 1625 388 1652 ﬁdis
402 1625 437 1652 ad
455 1624 547 1652 valvas
563 1622 723 1650 custodibus
738 1621 887 1657 appositis,
901 1629 937 1648 ne

149 1675 210 1710 quis
222 1675 357 1708 irreperet
374 1677 470 1698 eorum
487 1677 550 1696 cum
561 1669 660 1704 quibus
672 1668 878 1695 communicare
890 1675 938 1694 ne-

150 1724 190 1748 I'as
203 1719 419 1750 arbitrabantur,
437 1715 586 1750 coepissent
601 1721 737 1742 concursu
755 1713 857 1749 ingenti
868 1714 939 1742 cele-

151 1769 241 1799 brare,
255 1765 400 1793 aﬂ‘cctabat
412 1763 445 1791 iis
458 1762 635 1790 demerendis
653 1761 777 1788 intentus
789 1761 939 1795 imperator

151 1821 239 1842 ιιι-νιος
259 1822 273 1840 e
297 1813 354 1840 suis
371 1811 436 1837 illuc
452 1809 612 1843 frequenter
630 1808 750 1840 mittere,
769 1806 816 1841 qui
839 1810 938 1841 praesto

151 1860 219 1896 ipsis
229 1863 321 1886 esSeut
331 1863 357 1884 et
372 1854 546 1884 securitatem
559 1860 639 1888 quam
652 1856 779 1887 optarent
791 1851 938 1878 maximam

153 1909 325 1942 praestarent,
353 1911 385 1930 ac
409 1902 459 1929 sibi
477 1908 536 1928 esse
559 1908 632 1927 curae
652 1906 696 1926 res
710 1899 831 1933 ipsorum
859 1897 939 1924 ﬁdem

152 1953 275 1980 laecrcut
286 1949 476 1977 certissimam.
491 1946 556 1974 inde
574 1945 610 1972 illi
625 1945 695 1972 aucti
708 1944 806 1971 animis
818 1942 939 1979 polliceri

153 1998 211 2025 ausi
226 2001 290 2024 sunt
309 2003 338 2023 se
366 1993 500 2021 miraculo
518 1992 576 2027 ejus
591 1990 673 2018 simili
692 1991 765 2025 quod
788 1990 852 2017 olim
867 1989 939 2024 apud

151 2043 352 2071 Chalcedonem
367 2041 394 2068 in
409 2047 521 2074 corpore
533 2043 632 2065 sancta:
646 2036 760 2072 virginis
774 2042 802 2064 ct
814 2036 940 2070 martyris

153 2090 310 2125 Euphemim
328 2092 468 2114 ostensum
488 2085 572 2112 luisse
589 2085 660 2111 fama
677 2083 771 2116 ferret,
795 2083 940 2109 veritatem

154 2144 210 2163 sua:
224 2134 356 2162 doctrinze
369 2132 559 2167 iustitiamque
572 2136 654 2156 secta:
673 2129 846 2163 probaturos.
864 2128 942 2155 Pete-

155 2184 220 2210 bant
238 2180 321 2216 igitur
335 2178 394 2205 dari
413 2177 464 2204 sibi
482 2184 581 2210 corpus
604 2174 713 2209 aliquod
733 2173 820 2201 sancti
838 2174 941 2201 dudum

989 249 1060 278 εἶναι
1091 251 1294 286 ἀσφαλισθῆναι
1318 252 1366 278 καὶ
1391 251 1479 278 κλεισὶ
1495 250 1543 277 καὶ
1564 251 1715 285 σφραγῖσιν
1737 249 1776 281 ὡς

991 297 1058 332 μηδὲ
1082 297 1128 323 τον
1142 296 1336 332 ἑντεχνότατον
1349 297 1420 329 κατά
1433 296 1564 322 Δαίδαλον
1581 295 1777 330 παρεγχειρεῖν

991 343 1054 378 μηδ’
1065 342 1156 369 ὁτιοῦν
1175 342 1318 369 δύνασθαι.
1336 343 1423 368 Αὑτὸν
1443 342 1536 376 μέντοι
1555 342 1686 377 παρεῖχεν
1704 341 1776 366 ἕτοι-

990 398 1052 424 μον,
1072 390 1097 415 εί
1113 388 1302 425 προσληφθείη
1317 390 1377 419 ταῖς
1390 388 1438 414 τοῦ
1455 388 1535 422 ἁγίου
1550 388 1645 423 χερσὶν
1693 387 1777 422 τόμος

989 423 1058 470 πρὸς
1072 423 1140 462 ποσὶγ
1154 423 1254 467 τεθεὶς,
1267 435 1300 461 τὰ
1316 435 1497 469 γεγραμμένα
1512 434 1642 469 πράττειν
1656 423 1777 469 ἀναμφι-

988 481 1084 512 ϐόλως.
1108 481 1153 508 Ἐν
1168 481 1223 516 ὅσῳ
1246 481 1295 516 μὲν
1309 479 1356 508 οὖν
1371 480 1448 507 ταῦτ’
1468 481 1634 515 ἐπράττετο,
1654 481 1776 506 κάκεῖνοι

987 528 1128 563 νηστείαις
1152 528 1201 554 καὶ
1223 528 1390 563 προσευχαῖς
1409 527 1554 556 παντοίαις
1581 526 1776 561 προετελοῖητο

988 574 1036 602 καὶ
1048 575 1210 610 παννυχίσιν
1222 574 1370 610 ὑμνῳδίαις
1381 574 1558 609 ὲσχόλαζον,ὁ
1573 573 1712 608 βασιλεὺς,
1725 572 1776 599 κᾶν

986 622 1067 652 αὐτὸς
1083 621 1125 655 ἐφ’
1140 620 1240 647 ἑαυτοῦ
1255 620 1307 647 κᾶν
1324 620 1405 648 ἄλλου
1427 629 1458 654 γε
1476 620 1695 654 ὑπομνήσαντος,
1713 619 1777 653 περὶ

986 668 1088 702 ἑαυτῷ,
1104 667 1141 699 ὡς
1156 667 1256 699 ἔδοξεν,
1272 667 1438 700 ὑπονοήσας,
1465 666 1564 700 μήπως
1585 665 1632 692 καὶ
1650 664 1693 690 ἐπ’
1707 664 1775 699 αὑτῇ

987 714 1112 750 βασιλείᾳ.
1124 715 1171 742 καὶ
1184 715 1216 750 τῇ
1229 713 1294 748 περὶ
1306 713 1411 748 ταύτης
1423 712 1537 747 ζητήσει
1553 712 1610 747 (καὶ
1623 711 1711 737 ταῦτα
1723 711 1777 745 γὰρ

987 761 1095 794 ἐλέγετο
1122 760 1214 795 ζητεῖν
1236 760 1368 794 ἐκείνους)
1387 758 1574 794 ἀμφισὸητεῐν
1599 756 1776 792 προαχθεῖεν,

986 807 1034 833 καί
1049 808 1075 841 γ’
1093 806 1142 833 ἐπὶ
1157 805 1232 832 τοῦτ’
1245 805 1379 840 ἀδοξήσας
1397 804 1588 839 ἀναλαμϐάνει
1606 811 1636 829 τε
1649 802 1698 833 τὰς
1711 803 1777 836 ὁμο-

986 853 1081 887 λογίας
1096 852 1239 888 ὲξαίφνης,
1261 852 1309 878 καὶ
1325 851 1449 886 πέμψας,
1464 851 1610 886 ὀστράκου,
1635 850 1714 884 φασὶ,
1729 856 1776 883 με·

986 899 1163 930 ταπεσόντος,
1178 897 1326 924 διακωλύει
1341 897 1544 932 τούγχείρημα,
1559 896 1589 922 τὺ
1603 895 1657 922 τῶν
1673 894 1777 920 πολλῶν

987 945 1193 979 καχυπονόητον
1213 944 1399 976 ἀναστέλλων,
1417 942 1504 969 εἰπὼν
1522 942 1591 977 πρὸς
1615 940 1712 972 αὐτοὺς
1739 940 1776 971 ὡς

986 991 1074 1026 Εἴπερ
1100 991 1138 1026 μὴ
1156 991 1320 1025 ἐπιτρέπειν
1338 990 1452 1021 ἐννοίαις
1476 988 1626 1024 ἡμετέραις
1639 987 1672 1013 τὰ
1687 995 1714 1018 σιτ¹
1727 987 1776 1021 ἀγ-

988 1046 1062 1072 ματα
1076 1038 1212 1072 ἀξιοῖμεν,
1232 1037 1301 1064 ἀλλὰ
1317 1038 1367 1073 τὴν
1388 1036 1480 1063 θεόθεν
1505 1037 1597 1071 ζητεῖν
1620 1033 1776 1069 συμὸουλὴν

986 1083 1115 1119 (καὶγὰρ
1140 1083 1212 1110 οὕτω
1230 1083 1278 1110 καὶ
1298 1083 1396 1117 ἄξιον),
1415 1083 1511 1117 ἀργεῖν
1538 1082 1588 1116 μὲν
1616 1081 1726 1114 ἀνάγκη
1743 1081 1777 1106 ὲκ

987 1130 1104 1157 παλαιοῦ
1127 1132 1161 1157 τὰ
1177 1131 1291 1166 σημεῖα,
1318 1129 1369 1164 τῆς
1396 1129 1539 1159 εὐσεϐείας
1561 1127 1775 1161 πλατυνθείσης,

986 1177 1060 1212 ἔχειν
1079 1176 1106 1203 δὲ
1124 1176 1174 1208 τὰς
1185 1176 1295 1212 γραφὰς
1307 1176 1362 1203 τῶν
1377 1176 1508 1211 Πατέρων
1523 1175 1553 1207 ἐξ
1566 1171 1603 1201 ὦν
1619 1174 1667 1201 καὶ
1681 1181 1776 1208 χειρα-

987 1256 1145 1283 hominibus
1172 1255 1287 1291 ingenti,
1316 1262 1376 1290 qua;
1397 1254 1486 1289 palam
1507 1257 1640 1282 exstaret.
1660 1256 1717 1279 toto
1749 1251 1776 1278 in

987 1303 1040 1330 hoc
1053 1302 1163 1338 negotio
1173 1302 1324 1337 cupiditate
1347 1300 1501 1335 ruentibus)
1519 1299 1572 1335 ipsi
1592 1306 1676 1326 manu
1705 1297 1778 1331 adju-

986 1354 1092 1382 vareut,
1106 1349 1217 1384 utquod
1231 1348 1518 1376 studebantdivinitus
1527 1347 1777 1380 eﬂ'eetumappare-

986 1400 1039 1429 ret,
1057 1395 1127 1423 bane
1146 1395 1206 1430 ejus
1230 1394 1344 1429 periculi
1364 1393 1534 1428 praecavendi
1550 1391 1683 1418 rationem
1714 1397 1778 1424 pru-

987 1441 1085 1470 denter
1099 1439 1282 1468 iniitJPraater
1296 1439 1402 1466 thecam
1417 1438 1445 1464 in
1455 1445 1508 1473 qua
1519 1436 1605 1464 sancti
1615 1434 1775 1462 Damasceui

988 1486 1110 1521 reliquiae
1136 1485 1316 1514 servabantur
1346 1483 1473 1515 condine,
1503 1481 1574 1508 intra
1602 1486 1682 1515 quam
1712 1485 1776 1505 suas

987 1533 1154 1561 Arscnianos
1172 1531 1310 1566 deponere
1326 1530 1434 1557 chartas
1447 1528 1602 1564 oportebat,
1623 1525 1702 1552 aliam
1719 1531 1777 1550 ma-

988 1579 1076 1614 jorem
1093 1577 1183 1613 parari
1199 1584 1290 1604 areatu
1304 1576 1395 1610 jussit,
1417 1575 1449 1602 in-
1470 1581 1552 1609 quam
1572 1572 1668 1599 cadent
1695 1571 1775 1596 theca

988 1625 1172 1660 conjiceretur
1201 1623 1310 1658 scriptis
1333 1622 1390 1657 jam
1417 1621 1445 1648 in
1466 1628 1527 1648 eam
1556 1618 1658 1646 missis.
1676 1618 1775 1644 Arcam

989 1678 1070 1706 porro
1087 1670 1250 1697 exteriorem
1268 1669 1346 1695 istam
1362 1668 1431 1695 seris
1456 1666 1552 1701 sigillis
1579 1664 1701 1691 clavibus
1715 1671 1776 1690 mu-

989 1718 1041 1746 niri
1056 1717 1161 1744 curavit
1179 1716 1216 1742 ita
1243 1715 1370 1746 ﬁrmiter,
1390 1714 1428 1741 ita
1443 1718 1540 1740 contra
1566 1712 1688 1740 omnium
1705 1714 1778 1736 astu-

989 1764 1089 1791 tiarum
1105 1762 1184 1790 dolos
1204 1761 1461 1796 impenetrabiliter,
1479 1764 1508 1786 ut
1523 1767 1557 1786 ne
1569 1758 1694 1786 Daedalus
1714 1756 1777 1791 qui-

990 1810 1063 1842 dem,
1075 1813 1121 1836 aul.
1131 1809 1154 1835 si
1168 1808 1229 1842 quis
1244 1808 1297 1835 isto
1309 1807 1455 1838 versutior.
1470 1805 1594 1833 fraudem
1608 1806 1635 1832 in
1667 1813 1699 1832 eo
1717 1813 1778 1831 mo-

989 1855 1033 1883 liri
1046 1855 1128 1882 ullam
1138 1859 1308 1882 attentareve
1322 1853 1541 1887 indeprehensus
1553 1856 1658 1886 posset.
1677 1851 1776 1887 Ingens

990 1907 1050 1930 erat
1070 1906 1186 1929 eventus
1217 1901 1399 1938 exspectatio,
1433 1899 1590 1926 Arsenianis
1615 1899 1776 1934 jejunando.

991 1946 1184 1982 pervigilandis
1195 1946 1220 1972 in
1240 1945 1385 1980 hymnodia
1403 1944 1540 1976 noctibus,
1567 1945 1640 1971 omni
1659 1944 1777 1980 denique

991 1992 1119 2027 supplicii
1136 2000 1168 2019 ac
1189 1991 1329 2026 religionis
1361 1990 1584 2026 exquisitissime
1609 1997 1708 2026 genere
1722 1990 1777 2018 voti

992 2039 1120 2066 etIectum
1130 2038 1201 2073 apud
1212 2045 1325 2071 superos
1335 2037 1505 2072 urgentibus,
1515 2037 1623 2071 quando
1632 2038 1779 2072 imperator

992 2086 1035 2112 vel
1053 2092 1101 2120 per
1117 2092 1176 2111 sese
1190 2083 1295 2111 veritus
1309 2083 1392 2118 coepti
1409 2082 1536 2117 ancipitis
1553 2084 1669 2116 exitum,
1687 2084 1728 2110 vel
1743 2084 1777 2111 ab

993 2133 1085 2167 aliquo
1097 2131 1218 2158 monitus
1227 2134 1335 2165 quanta:
1347 2129 1386 2156 rei
1401 2129 1485 2156 alearn
1495 2130 1609 2165 jaceret,
1620 2138 1682 2156 cum
1692 2131 1778 2157 mani-

995 2179 1064 2204 feste
1078 2181 1225 2207 constaret,
1239 2177 1260 2202 si
1273 2175 1375 2202 cmlesti
1388 2176 1545 2203 testimonio
1553 2177 1694 2203 Arscniani
1706 2185 1779 2208 cum;

155 2226 359 2262 mortui,‘certo
374 2223 510 2250 conﬁdere
525 2229 554 2248 se
569 2221 672 2247 aicutes
687 2221 938 2246 demonstraturum

995 2223 1199 2253 metularenlur,
1215 2229 1292 2248 suam
1310 2225 1339 2247 ut
1354 2220 1388 2247 ab
1405 2220 1543 2255 illegitimo
1556 2227 1582 2248 ct
1593 2224 1779 2249 exconnnuui-

156 2283 204 2310 per
221 2271 287 2299 illud
300 2270 397 2301 Deum,
411 2267 542 2303 quidquid
555 2266 604 2299 ipsi
620 2265 749 2300 egissent,
764 2272 792 2291 se
808 2264 940 2291 hactenus

155 2321 261 2347 vulente
274 2325 304 2344 ac
314 2316 426 2352 iubente
439 2314 550 2344 factum;
562 2319 616 2346 quo
631 2312 690 2337 viso
703 2310 802 2338 deinde
812 2318 859 2345 pur
869 2314 942 2337 esset

156 2365 325 2395 adversarios
341 2365 462 2398 ipsorum
477 2359 576 2387 divinae
591 2358 746 2386 auctoritati
767 2358 876 2390 cedere,
891 2364 942 2383 nec

153 2416 208 2450 jam
225 2412 352 2445 amplus,
376 2409 446 2436 sicut
461 2407 494 2434 ad
513 2406 581 2433 hanc
603 2412 689 2440 usque
711 2405 783 2431 diem
809 2404 941 2436 fecerant,

158 2462 191 2488 de
211 2458 367 2487 innocentia
385 2457 506 2491 ipsorum
523 2453 722 2487 sanctitateque
738 2452 874 2480 dubitare.
890 2452 942 2478 As-

157 2507 245 2535 sensit
261 2510 287 2532 et
302 2504 345 2532 his
368 2504 519 2537 Augustus.
537 2500 679 2534 sanctique
697 2504 724 2526 et
743 2499 828 2526 divini
855 2498 943 2525 Patris

156 2552 269 2582 Joannis
280 2548 439 2578 Damasceni
450 2555 558 2574 sacrum
572 2546 604 2573 ad
615 2547 666 2573 hoc
677 2545 873 2580 experiendum
885 2552 945 2570 cor-

158 2608 208 2636 pus
224 2599 256 2625 iis
271 2597 393 2624 tradidit.
418 2594 488 2627 Quia
504 2601 568 2620 vero
591 2592 735 2620 Arseniani
751 2592 892 2626 iactabant
915 2598 944 2618 se

157 2646 256 2680 scripta
273 2643 468 2678 profeSsionem
486 2647 542 2667 srne
560 2640 681 2673 ipsorum
699 2639 760 2665 ﬁdei
779 2638 945 2672 sjuriumque

157 2692 334 2720 assertionem
349 2686 557 2722 complectentia
572 2685 604 2712 ad
620 2685 706 2711 salicti
720 2684 844 2718 corporis
861 2683 946 2716 pedes

159 2739 305 2774 posituros,
321 2734 494 2770 postmodum
513 2739 576 2758 vero
587 2731 680 2758 eadem
697 2731 797 2765 scripta
808 2729 946 2764 epcdibus

159 2784 211 2820 ῆι
231 2783 265 2810 ad
282 2788 378 2809 manus
396 2779 484 2807 sancti
507 2777 598 2805 divina
618 2777 642 2804 vi
659 2781 782 2811 protnota
807 2779 945 2809 repertum

162 2830 204 2860 iri,
224 2828 356 2863 sollicitus
371 2827 519 2861 imperator
548 2832 583 2850 ne
611 2823 687 2850 fraus
707 2821 898 2848 interveniret.
919 2821 944 2847 in

161 2883 193 2902 eo
208 2875 385 2907 qumpiantac
415 2871 500 2905 (quod
527 2869 667 2904 suspicatu
696 2877 811 2902 prumuu
836 2872 895 2894 erat
911 2867 945 2893 de

994 2276 1056 2298 cato
1065 2269 1217 2304 patriarcha
1226 2269 1321 2295 tactam
1331 2268 1498 2295 evectionem
1509 2268 1540 2295 ad
1552 2269 1692 2302 imperium
1707 2270 1778 2296 haud

994 2316 1075 2343 dubie
1086 2315 1234 2342 vocandum
1246 2314 1272 2341 in
1287 2315 1509 2345 controversiam,
1520 2314 1542 2340 si
1552 2321 1605 2341 non
1615 2319 1641 2341 et
1651 2323 1699 2349 pro
1707 2316 1779 2343 inani

994 2370 1026 2388 ac
1037 2362 1115 2396 plane
1128 2361 1198 2387 nulla
1214 2360 1423 2394 reprobandam,
1443 2360 1580 2386 revocavit
1597 2361 1702 2395 trepide
1720 2370 1779 2396 quae

995 2408 1162 2439 decreverat,
1172 2407 1277 2434 etmisit
1287 2413 1397 2442 repente
1411 2407 1462 2441 qui
1471 2408 1696 2436 reserariSacrnm
1707 2409 1782 2435 locu-

996 2455 1260 2490 lum,"explorarique
1273 2454 1368 2489 ecquid
1378 2454 1459 2481 situtn
1471 2455 1613 2489 scriptura:
1628 2455 1680 2482 illic
1693 2456 1780 2490 deptm

996 2501 1055 2527 sine
1073 2505 1234 2533 mutassent,
1251 2501 1363 2527 omnino
1382 2500 1577 2534 prohiberent;
1594 2501 1674 2527 simul
1694 2501 1778 2528 Arse-

997 2548 1086 2575 nianis
1098 2548 1246 2575 renuntiari
1258 2556 1272 2574 a
1283 2555 1312 2575 se
1323 2548 1415 2581 jussit,
1429 2555 1456 2574 re
1468 2547 1564 2574 melius
1578 2553 1718 2582 perspecta
1729 2549 1780 2576 sibi

997 2594 1085 2620 visum
1102 2594 1254 2629 exspectari
1274 2599 1433 2621 reverenter
1450 2598 1576 2628 oportere
1596 2594 1685 2620 divina
1719 2603 1782 2621 ora-

998 2638 1069 2670 cula,
1082 2638 1154 2665 dum
1170 2646 1217 2666 sua
1233 2646 1262 2665 se
1278 2644 1375 2673 sponte
1393 2637 1541 2672 proferant,
1558 2646 1611 2665 non
1631 2640 1780 2674 impatienti

997 2684 1155 2711 curiositate
1173 2685 1346 2719 prazlicenter
1363 2686 1397 2711 ab
1411 2684 1627 2718 irrumpentibus
1656 2685 1683 2712 in
1702 2687 1780 2722 adyta

997 2731 1114 2765 exquiri.
1137 2730 1195 2757 Hoc
1222 2731 1295 2758 enim
1316 2736 1390 2757 esset
1414 2738 1429 2757 a
1457 2730 1665 2764 cogitationibus
1691 2734 1782 2766 potius

997 2777 1195 2810 nostris’quam
1211 2784 1225 2802 a
1240 2776 1286 2803 Dei
1306 2776 1417 2810 provida
1443 2777 1576 2811 sapientia
1595 2777 1737 2804 consilium
1755 2779 1782 2805 itt

998 2821 1088 2849 dubiis
1103 2821 1285 2849 incidentibus
1301 2826 1403 2856 petere.
1436 2821 1490 2856 42
1507 2822 1611 2849 Dudum
1633 2830 1693 2849 esse
1721 2832 1782 2850 cuin

999 2867 1121 2895 videmus
1133 2875 1255 2895 cessasse
1271 2867 1392 2895 divinum
1410 2875 1509 2895 numen
1525 2875 1540 2895 a
1554 2869 1649 2896 crebra
1663 2870 1782 2897 editione
