1921 3071
136 132 182 165 ω
629 135 676 164 DE
697 136 921 165 nonomco
939 134 1171 165 errantem
1194 133 1266 163 LIB.
1289 132 1313 162 Ῐ.
1765 124 1803 155 50'

135 190 364 225 γωγουμένους
381 192 417 218 τὰ
443 192 502 218 κατ’
526 192 674 226 ἀρέσκειαν
693 193 739 219 τοῦ
752 194 831 220 Θείου
853 193 941 220 τελεῖν
953 202 960 208 ·
978 198 998 225 Α
1017 201 1126 229 μνωμα,
1144 191 1176 227 [Ρ
1191 190 1238 225 ἳὸι
1255 191 1304 216 κάν
1329 187 1414 222 τούτῳ
1428 187 1455 214 δὲ
1471 186 1549 219 δόξας
1567 183 1729 219 Ἱωσηφίτας
1749 184 1799 218 μὲν

136 236 197 263 τοῦ
219 238 280 272 γὰρ
297 238 433 265 πλουσίου
450 237 481 274 [Ρ
491 238 537 274 ‘25]
548 238 694 274 ζητοῦντος
708 239 890 274 ἐξαναστῆναι
900 248 962 266 τινα
1014 240 1045 266 ὲκ
1059 239 1107 272 τῆς
1120 237 1268 273 σφραγῖδος
1281 234 1509 269 ὑποποιούμενος,
1528 232 1704 266 Ἀρσενιάτας
1716 229 1744 256 δὲ
1760 229 1800 264 τῷ

140 283 201 309 καὶ
219 283 336 315 διδάξαι
360 285 428 316 τοὺς
453 285 596 320 ἀδελφοὺς.
622 285 698 319 ἔχειν
721 286 843 317 ἐκείνους
860 285 961 312 Mutata.

1015 284 1137 322 μὴκατὰ
1161 284 1196 310 τὰ
1218 281 1419 315 διατεταγμένα
1445 280 1483 315 τῷ
1507 279 1606 313 Ἰωσὴφ
1629 277 1673 303 ἐπὶ
1689 277 1722 312 τῇ
1741 276 1801 302 Ἐκ-

144 329 205 354 xui.
224 329 297 359 τοὺς
315 331 466 364 προφήτας
483 329 620 364 λελέχθαι,
635 331 671 361 ὡς
692 331 782 357 αὐτῶν
798 331 899 357 ἱκανῶν
916 330 962 356 δν-

146 382 213 400 των
231 374 347 401 πεῖθειν
362 384 393 401 τε
407 376 456 401 καὶ
470 376 618 403 διδάπκειν.
632 376 709 402 Οὕτω
726 376 775 411 μὲν
787 374 834 403 οὖν
846 378 963 410 ἐκκρου-

149 420 286 447 οοὲντων
311 422 362 453 τῆς
379 422 567 457 ἐγχειρήσεως
584 423 639 448 τῶν
663 422 857 457 Ἀρσενιατῶν,
883 423 897 448 ὁ
915 422 964 457 βα.-

152 467 257 497 σιὶεῦς
287 467 393 501 μᾶλλον
417 469 457 502 τῷ
474 469 553 503 μέρει
571 468 619 494 τοῦ
639 469 739 503 Ἰωσὴφ
757 469 795 500 ὡς
820 467 962 504 εὺθυτέρῳ

155 513 374 546 πρςσκείμενος
390 513 454 540 οὐδὲ
469 514 533 545 τοὺς
557 514 736 548 ’Λρσενιάτας
753 513 880 545 καθάπαξ
894 513 963 539 ἀπε.⁴

154 557 302 592 δοκίμαζε
312 566 318 573 ·
340 560 372 584 τὸ
389 559 446 592 γὰρ
461 559 525 594 περὶ
539 560 661 591 ἐκείνους
673 559 775 595 πλῆθος
788 560 904 594 παρεῖχε
917 559 964 585 καὶ

157 603 242 635 σ’ρὼν
260 603 308 628 ἐπὶ
323 603 427 637 μᾶλλον
446 605 610 638 φροντίζειν.

157 659 331 698 ιδ¹.-”¹Οπῳς
344 660 399 698 μὴλ
410 660 636 698 ἀᾷρὸρκιμᾴζων
651 660 931 698 τούςγἈρσενιάιςας
949 661 965 686 ὁ

195 695 367 727 βασιλεὺς.
384 696 408 722 ά.
416 695 465 721 1λὰ
481 695 674 729 δεξιούμενος
691 696 740 723 διὰ
754 695 813 728 ’ἑὴν
828 695 963 729 εῙρήνην,

199 731 252 756 καὶ
267 730 325 756 τὸν
347 731 484 764 Κύπριον
500 732 542 763 εις
561 730 748 765 πατριάρχην
766 730 929 765 ἀνήγαγεν.

197 787 247 821 Τῷ
265 796 308 813 τοι
329 787 379 813 καὶ
407 787 459 822 τὴν
487 787 573 822 μέσην
605 787 736 821 ἐγνωκὼς
766 787 899 822 βαδίζειν,
928 787 966 818 ὡς

162 833 231 867 μήτ’
257 833 338 868 ἁνιᾷν
355 833 482 865 τούτους,
497 833 642 865 κάκείνους
658 833 785 868 δέχεσθαι
805 833 843 869 τῷ
859 833 893 859 τὰ
917 833 967 868 ζη-

162 879 288 913 τούμενα
317 880 385 913 παρ’
408 878 522 905 ἐκείνων
541 881 693 915 συγχωρεῖν
718 879 861 914 γίγνεσθαι
879 879 922 915 (τὰ
943 875 968 905 δ’

161 923 238 959 ἦσαν
267 925 381 956 πάντως
399 926 416 960 ἡ
434 925 483 960 τῆς
504 925 670 961 Ἐκκλητίας
696 926 734 957 ὡς
764 926 853 952 εἰπεῖν
884 934 967 960 μετα-

164 971 303 1005 ποίηςις),
323 970 470 1004 ἐκλέγεται
493 972 541 1006 μὲν
555 972 594 1002 είς
607 971 783 1006 πατριάρχην
798 971 843 998 τὸν
859 972 891 998 ὲκ
911 971 966 998 Κύ-

165 1026 240 1051 πρευ
257 1016 412 1051 Γιώργιον,
427 1017 511 1053 ἄνδρα
525 1017 614 1051 λόγοις
630 1017 799 1053 ὲντραφέντα
812 1017 860 1043 καὶ
876 1025 965 1052 σφρα-

166 1064 232 1097 γῖδα
252 1063 302 1090 τοῦ
318 1064 492 1100 πατριάρχου
516 1063 616 1098 Ἰωσὴφ
632 1064 760 1098 φέροντα,
777 1063 807 1089 τὸ
823 1063 869 1089 τοῦ
889 1071 966 1098 πρω-

166 1111 410 1146 τοαπιστολαρὶου
443 1111 482 1143 είς
515 1110 674 1146 ἀνακτόρων
699 1109 900 1145 ἐπιφερόμενον
925 1108 968 1135 σέ-

169 1190 343 1217 mirabilium
362 1189 504 1225 signorum
520 1197 527 1222 ;
544 1188 754 1223 audivimusque
770 1197 784 1216 a
810 1188 967 1216 doctoribus

169 1238 261 1265 sacris
278 1244 378 1264 causas
394 1236 474 1270 plane
489 1235 601 1263 idoneas
620 1244 669 1263 cur
682 1236 811 1270 expediat
827 1235 889 1263 talia
905 1243 968 1270 pro-

171 1284 280 1311 miscue
297 1291 354 1310 non
371 1283 490 1316 ostendi,
507 1290 570 1310 vera
586 1282 640 1316 jam
658 1282 789 1317 religione
809 1289 858 1317 per
873 1282 966 1309 orbem

171 1331 227 1358 late
256 1329 359 1357 diﬂusa
389 1330 510 1364 satisque
541 1328 673 1360 stabilita,
688 1328 733 1356 cui
754 1329 913 1364 spargenda:
937 1335 969 1356 ac

173 1375 325 1403 fundanda:
341 1375 407 1402 talia
418 1375 493 1407 olim,
507 1374 616 1409 quando
632 1375 657 1402 id
672 1374 866 1407 conveniebat,
882 1374 968 1401 fuisse

174 1426 285 1449 constat
304 1422 412 1448 utiliter
442 1421 572 1448 adhibita.
606 1421 728 1448 Suﬁiciat
756 1419 836 1448 nobis
868 1420 969 1447 habere

174 1468 330 1502 scripturas
358 1465 479 1499 Patrum,
503 1467 605 1501 quibus
635 1466 781 1493 manuduci
811 1465 845 1492 ad
877 1470 968 1492 mores

173 1513 276 1548 probos
293 1517 320 1540 et
338 1512 372 1539 ad
404 1512 613 1547 intelligendum
639 1512 704 1546 quid
721 1511 775 1539 Deo
793 1511 871 1539 cordi
898 1512 936 1538 sit
952 1519 967 1538 a

175 1559 255 1586 nobis
272 1559 333 1586 l‘tcri
365 1558 432 1586 satis
449 1559 553 1586 erudiri
573 1566 733 1594 possumus.
761 1558 828 1585 Nam
844 1562 872 1586 et
891 1558 967 1586 diviti

175 1606 281 1632 scimus
296 1605 336 1632 illi
351 1605 422 1640 apud
439 1605 615 1640 Evangelium
635 1604 760 1639 poscenti
788 1608 817 1630 ut
843 1607 969 1630 mortuus

176 1651 276 1685 aliquis
295 1650 330 1677 ad
343 1650 418 1676 vivos
442 1650 551 1677 rediens
580 1649 680 1676 fratres
703 1656 769 1676 suos
798 1648 967 1676 admonitum

176 1698 347 1729 mitteretur,
359 1696 494 1724 divinitus
511 1703 670 1731 responsum
683 1696 784 1722 habere
797 1695 856 1722 illos
865 1695 967 1722 Mosem

175 1751 203 1772 et
218 1745 383 1780 prophetas,
400 1752 415 1772 a
431 1744 530 1780 quibus
556 1743 698 1771 admoneri
720 1743 868 1778 docerique
894 1743 969 1771 sulti-

174 1793 281 1820 cicnter
317 1792 452 1820 valerent.
482 1791 512 1818 ln
528 1791 602 1818 hunc
627 1791 738 1818 modum
770 1791 905 1826 repressis
935 1791 969 1818 ab

175 1839 289 1874 incepto
307 1838 405 1865 audaci
425 1837 596 1870 Arsenianis,
614 1838 722 1864 cautior
750 1837 924 1864 Andronicus
940 1836 967 1863 in

175 1889 318 1921 posterum
335 1889 365 1911 ut
384 1883 411 1911 in
430 1884 574 1916 iustiorem
590 1891 703 1918 suaeque
712 1883 850 1910 securitati
863 1890 970 1910 accom-

176 1932 362 1958 modatiorem
395 1929 547 1958 studiosius
589 1930 735 1965 propenrlit
765 1929 969 1964 Josopliitarum

176 1982 296 2009 sectam,
319 1978 358 2004 sic
384 1981 476 2004 tamen
506 1981 537 2004 ut
557 1977 735 2004 Arsenianam
769 1975 839 2002 haud
857 1982 970 2010 prorsus

176 2022 329 2057 reprobare
347 2022 495 2054 videretur,
510 2021 611 2056 quippe
625 2029 706 2055 quatit
733 2028 848 2047 numero
864 2026 969 2055 praeva-

175 2068 262 2095 lidam
295 2067 507 2102 haudquaquam
555 2067 785 2094 contemnendam
821 2066 850 2093 in
884 2073 968 2101 seque

177 2121 285 2142 temere
303 2114 462 2141 irritandam
479 2114 580 2141 mcrito
596 2113 721 2146 duceret,
740 2113 796 2140 acri
813 2121 924 2148 semper
942 2116 970 2139 et

175 2161 259 2188 anxia
279 2161 306 2188 in
323 2168 381 2188 cam
398 2160 582 2188 sollicitudine
598 2160 731 2187 intentus.

1013 332 1114 367 κλησίᾳ.
1137 330 1290 364 συγχωρεῖν
1315 327 1438 361 γίνεσθαι
1454 327 1500 353 καὶ
1525 326 1587 352 λίαν
1614 322 1801 357 ἐξευμενίζειν

1014 378 1054 408 είς
1074 377 1188 411 εἰρήνην
1212 373 1343 406 ἐλπίζων,
1365 373 1506 408 ἀρχιερεῖς
1535 371 1583 406 μὲν
1610 369 1731 400 ἐκείνους
1753 369 1801 394 καὶ

1013 422 1062 457 τὴν
1078 421 1143 456 παρ’
1162 421 1251 447 αὐτῶν
1266 419 1312 446 ἐπὶ
1323 419 1362 454 τῷ
1375 417 1622 452 πατριαρχεύςοντι
1637 416 1727 450 ψῆφον
1741 412 1802 448 μηδ’

1016 469 1096 503 ἴκταρ
1107 469 1147 499 εἰς
1163 467 1224 495 νοῦν
1241 467 1358 502 βάλλων,
1376 465 1536 500 ἀψηφίστως
1554 463 1582 490 δὲ
1597 463 1678 490 πάλιν
1691 461 1802 495 ἀνάγειν

1017 515 1054 551 μὴ
1069 515 1208 550 εὐπρεπὲς
1225 513 1382 548 δοκιμάζων
1399 512 1447 539 καὶ
1462 511 1613 546 εΰσχημον.
1630 509 1736 536 Μᾶλλον
1754 507 1804 542 μὲν

1015 563 1061 589 οὖν
1074 564 1106 598 τῇ
1128 562 1226 597 πράξει
1246 562 1293 588 καὶ
1311 561 1350 592 είς
1365 559 1462 594 καιρὸν
1476 557 1710 594 προστησόμενον,
1726 555 1804 584 τινὰς

1015 607 1070 633 τῶν
1084 607 1235 633 δοκούντων
1263 604 1456 639 ἐκλεξάμενος,
1475 604 1522 630 καὶ
1539 602 1652 632 τούτους
1669 600 1730 628 καθ’
1744 600 1803 630 ἕνα,

1016 652 1073 687 ἅμα
1089 653 1138 686 μὲν
1151 653 1243 683 αὐτοῖς
1265 652 1316 686 τὴν
1336 651 1433 686 βουλὴν
1454 648 1603 681 ἐκοινοῦτο,
1621 646 1804 681 πληροφορῶν

1015 699 1051 729 ὡς
1066 696 1122 733 εἶχε
1135 699 1182 725 καὶ
1197 698 1227 724 τὸ
1239 698 1331 732 σφίσιν
1344 697 1455 727 ἐσαῦθις
1470 695 1625 726 ἀκίνδυνον,
1641 694 1700 728 ἅμα
1716 692 1744 719 δὲ
1760 692 1806 718 καὶ

1017 745 1054 776 ὡς
1075 745 1166 779 ψῆφον
1181 743 1231 779 τὴν
1251 744 1298 770 ἀπ’
1327 743 1441 770 ἐκείνων
1471 742 1628 777 ἐκχώρησιν
1655 738 1803 773 ἐλογίζετο.

1024 791 1082 825 Ἐφ’
1104 789 1144 822 οἷς
1163 791 1209 817 καὶ
1224 790 1272 826 τὴν
1293 790 1340 816 τοῦ
1359 790 1412 816 ἀπὸ
1429 788 1554 824 Σάρδεων
1573 784 1807 821 Ἀθανασίουλεῖί

1018 836 1066 863 οὖν
1087 835 1258 871 Ἀνδρονίκου
1275 835 1389 870 γνώμην
1405 835 1561 869 δεξάμενος,
1585 833 1617 859 ὃν
1640 832 1673 866 δὴ
1699 831 1746 857 καὶ
1766 830 1806 860 εἰς

1021 882 1128 917 πατέρα
1157 881 1251 908 ἔταττε
1269 881 1382 916 γράφων
1398 881 1412 906 ὁ
1436 879 1576 915 βασιλεὺς,
1602 876 1749 904 κάντεῦθεν
1777 875 1807 900 τδ

1018 929 1067 962 τῆς
1082 927 1270 960 ἁπεντεύξεως
1282 927 1332 961 τῆς
1348 925 1533 961 πατριαρχίας
1551 925 1657 951 ἐκείνου
1671 922 1705 949 τὰ
1722 921 1806 947 πολλὰ

1019 972 1219 1008 τεχνιτεύοντος
1241 972 1289 999 ἐπὶ
1310 972 1415 1002 τούτοις
1432 971 1581 1006 ὠμάλιζεν,
1603 969 1641 1001 ὡς
1664 967 1711 994 καὶ
1727 966 1808 993 αὐτὸν

1019 1020 1052 1054 δὴ
1068 1019 1113 1045 τὸν
1130 1019 1304 1054 πατριάρχην
1320 1017 1434 1052 ὕστερον
1446 1015 1658 1043 καθυποκλίνειν
1673 1015 1713 1045 εἰς
1729 1013 1807 1040 εὐλο-

1020 1066 1084 1100 γίαν
1100 1065 1150 1100 τὴν
1164 1066 1229 1100 παρ’
1245 1065 1364 1097 ικείνου,
1378 1064 1408 1090 οὺ
1425 1062 1505 1098 χρείᾳ.
1520 1061 1620 1097 μᾶλλον
1641 1061 1658 1096 ἢ
1675 1059 1808 1094 κολακείᾳ

1021 1113 1067 1139 καὶ
1081 1112 1245 1147 ὑποποιήσει
1262 1111 1366 1146 σφοδρᾷ
1379 1111 1426 1138 καὶ.
1438 1110 1563 1144 ἀφύκτῳ,
1582 1108 1611 1134 τὺ
1627 1106 1719 1135 ίκανδν
1735 1106 1808 1141 ἔχειν

1020 1197 1123 1228 gatum,
1133 1197 1208 1219 certo
1218 1191 1438 1218 characteresum
1447 1188 1651 1225 approbationis
1665 1195 1697 1215 ac
1707 1187 1809 1215 favoris

1021 1238 1169 1274 Iosephus,
1199 1239 1263 1266 dum
1284 1237 1400 1269 viveret,
1430 1237 1626 1272 insigniverat;
1660 1235 1732 1262 unde
1758 1235 1810 1261 hoc

1021 1285 1207 1321 promovendo
1221 1292 1275 1311 non
1286 1284 1395 1311 dubiam
1408 1283 1477 1311 inire
1491 1291 1520 1311 se
1532 1282 1665 1318 aJosephi
1686 1281 1810 1308 sectariis

1021 1331 1135 1365 gratiam
1150 1330 1286 1358 sentiebat
1310 1329 1470 1364 imperator.
1499 1328 1552 1361 Qui
1576 1333 1669 1355 tamen
1692 1327 1764 1354 idem
1778 1334 1811 1354 eo

1021 1377 1154 1406 demereri
1169 1376 1222 1412 43
1238 1376 1404 1404 Arscniauos
1420 1384 1448 1403 se
1459 1375 1571 1411 putabat
1583 1379 1611 1402 et
1626 1374 1767 1409 pronioras
1778 1373 1812 1401 ad

1022 1431 1166 1451 assensum
1192 1423 1221 1450 in
1247 1422 1499 1450 reconciliationem
1523 1422 1650 1457 sperabat
1683 1421 1810 1451 reddere.

1022 1469 1094 1504 quod
1111 1468 1236 1504 componi
1253 1476 1296 1496 res
1322 1468 1521 1496 ecclesiasticas
1536 1467 1612 1502 juxta
1635 1466 1747 1502 Iosephi
1764 1467 1811 1494 de—

1022 1520 1097 1542 creta
1130 1522 1184 1542 non
1201 1515 1315 1542 sineret.
1334 1514 1418 1541 Porro
1434 1521 1449 1541 a
1464 1513 1505 1540 sic
1522 1514 1632 1540 decreta
1649 1513 1701 1540 sibi
1718 1512 1809 1548 Cyprii

1013 1562 1155 1589 electione
1173 1560 1267 1588 liberis
1279 1560 1431 1587 antistitum
1448 1559 1642 1587 committenda
1673 1558 1810 1595 suifragiis

1019 1607 1178 1642 longissime
1192 1606 1367 1634 Andronicus
1383 1606 1480 1638 abfuit,
1499 1614 1530 1633 ac
1545 1613 1580 1633 ne
1594 1605 1681 1641 prima
1697 1605 1808 1640 quidem

1021 1653 1218 1681 deliberatione
1235 1657 1316 1681 tenus
1344 1653 1481 1687 ejusmodi
1507 1653 1609 1687 quippe
1631 1652 1745 1679 nimium
1760 1660 1810 1678 an-

1021 1703 1128 1735 ceps_ct
1157 1699 1230 1727 exitu
1253 1698 1366 1726 dubium
1385 1698 1529 1726 consilium
1557 1697 1678 1725 admisit.
1693 1697 1812 1724 Aliunde

1023 1750 1114 1774 tamen
1132 1753 1226 1774 secum
1243 1750 1377 1780 reputans
1387 1745 1557 1772 evectionem
1574 1743 1673 1779 privati
1693 1744 1812 1771 hominis

1023 1794 1049 1820 in
1065 1793 1276 1828 patriarchalem
1295 1792 1437 1822 thronum,
1459 1791 1527 1818 citra
1550 1791 1750 1825 qualiacunque
1768 1791 1813 1826 jus

1022 1839 1056 1867 ad
1078 1839 1159 1866 talem
1177 1839 1339 1866 electionem
1371 1837 1529 1864 habentium
1561 1836 1692 1872 suﬂ‘ragia
1722 1841 1812 1864 tcnla—

1022 1890 1088 1919 tam,
1105 1886 1180 1913 omni
1196 1885 1344 1912 carituram
1360 1884 1433 1919 apud
1451 1884 1581 1918 populum
1607 1889 1672 1910 rata:
1691 1884 1812 1911 auctori-

1022 1933 1086 1960 tatis
1103 1931 1206 1967 specie,
1224 1936 1254 1959 ut
1274 1931 1314 1958 rei
1332 1931 1442 1962 vitium,
1458 1938 1539 1964 quam
1564 1930 1811 1965 quomodocunque

1021 1982 1139 2013 emptam
1171 1985 1222 2005 usu
1253 1976 1361 2004 tandem
1394 1984 1425 2003 ac
1450 1981 1571 2011 tempore
1611 1976 1812 2003 convalituram

1022 2025 1183 2056 conﬁderet,
1206 2027 1337 2058 quantum
1356 2022 1390 2049 ad
1413 2022 1525 2057 impune
1552 2022 1738 2049 inchoandum
1765 2030 1813 2049 nc-

1021 2077 1097 2097 cesse
1115 2068 1267 2100 videretur,
1284 2069 1437 2095 occultaret
1455 2068 1482 2094 in
1507 2067 1659 2103 principiis,
1677 2069 1810 2104 quosdam

1021 2123 1054 2143 ex
1066 2114 1241 2147 electoribus,
1257 2113 1395 2142 faciliores
1407 2114 1532 2141 videlicet
1547 2119 1575 2142 et
1591 2114 1762 2143 ﬂcxibilioris
1778 2115 1811 2142 ad

1023 2167 1120 2190 nutum
1137 2161 1236 2189 indolis
1255 2169 1289 2188 ex
1302 2166 1400 2189 caetera
1421 2161 1483 2189 vita:
1499 2162 1701 2189 consuetudine
1719 2169 1815 2196 spera-

177 2219 222 2246 ”.
244 2218 278 2246 Ut
295 2220 450 2253 imperator,
474 2227 525 2245 non
550 2218 695 2252 reprobans
718 2217 890 2249 Arsenianos,
921 2217 967 2244 sed
983 2217 1008 2246 D
1026 2213 1068 2236 10³
1080 2208 1149 2240 fore,
1176 2207 1315 2243 Signinum
1331 2212 1460 2235 θνθεπίοε
1472 2207 1583 2234 εδοευίι
1610 2207 1675 2242 (ιυῖά
1692 2213 1812 2242 Ρηητεις

214 2255 288 2289 paris
305 2263 386 2281 causa
401 2254 547 2281 liberaliter
570 2258 698 2286 tractans,
722 2253 850 2288 Cyprium
866 2261 970 2287 promo-

214 2290 281 2316 veri!
296 2290 322 2316 in
337 2290 558 2324 patriarcharum.

217 2345 331 2373 Mediam
351 2346 444 2380 itaque
462 2347 533 2374 inter
565 2345 709 2381 utriusque
726 2344 905 2372 olIeusionem
932 2343 971 2371 fa-

175 2392 280 2420 ctionis
295 2392 401 2426 ingredi
417 2391 488 2419 viam
505 2392 657 2425 constituit,
687 2392 722 2419 ita
739 2395 769 2418 ut
785 2399 875 2426 neque
886 2391 970 2417 Arse-

178 2439 279 2466 nianos
293 2438 467 2466 contristaret
480 2443 508 2466 et
533 2439 691 2473 Joscphitas
711 2442 800 2465 tamen
824 2437 971 2472 amplecte-

179 2490 270 2516 retur,
284 2493 345 2519 quzn
363 2484 388 2511 lii
404 2489 536 2518 cuperent
552 2484 715 2519 permittens
731 2483 800 2511 lieri.
815 2483 970 2517 Cupiebaut

179 2540 246 2559 vero
262 2532 300 2558 illi
317 2531 386 2558 nihil
414 2532 504 2558 minus
521 2539 601 2565 quam
631 2531 724 2562 totius,
746 2535 774 2557 ut
790 2529 876 2557 verbo
894 2529 971 2557 dixe-

180 2580 245 2612 rim,
277 2578 548 2606 transformationem
584 2578 723 2606 Ecclesiae.
773 2577 852 2613 Eligit
887 2579 970 2612 igitur

180 2627 208 2653 in
241 2625 425 2658 patriarchain
465 2625 610 2652 oriundum
641 2633 656 2652 e
681 2624 771 2660 Cypro
800 2625 966 2662 Georgium,

182 2671 272 2697 virum
304 2669 438 2696 doctrinis
467 2669 735 2705 inuutritum,quetn
767 2671 971 2698 commendaret

181 2715 334 2751 JOScphilis
347 2723 362 2742 a
377 2714 496 2750 Joscplto
509 2715 662 2750 patriarcha
681 2716 838 2743 benedictio
849 2721 970 2752 accepta.

182 2764 292 2798 Quippe
323 2762 397 2789 illum
420 2762 453 2789 ad
471 2762 639 2789 [unctionem
660 2758 793 2797 primarii'
807 2763 972 2791 ecclesiastis

184 2809 312 2844 palatina:
340 2808 492 2840 concionis,
523 2813 655 2836 consuda
679 2809 765 2835 sacris
792 2810 889 2836 ritibus
925 2811 970 2837 tali

183 2855 330 2882 m'cJSionC
346 2853 415 2880 liene
435 2855 562 2889 precandi
576 2855 693 2882 formula
712 2856 798 2890 palam
814 2864 828 2883 a
851 2864 880 2883 sc
898 2856 972 2884 tlclc-

1021 2254 1096 2282 omni
1124 2254 1330 2281 asseveratione
1355 2254 1524 2281 conﬁrmans
1551 2253 1620 2281 nihil
1638 2254 1705 2288 ipsis
1720 2254 1812 2281 damni

1021 2300 1124 2336 proprii
1141 2308 1173 2328 ex
1199 2300 1261 2332 hac,
1274 2299 1393 2334 publicis
1418 2299 1519 2334 alioqui
1547 2299 1700 2327 rationibus
1716 2307 1813 2327 neces-

1021 2347 1103 2378 saria,
1132 2345 1242 2381 Georgii
1275 2345 1447 2381 promotioue
1488 2345 1678 2373 metuendum.
1714 2345 1812 2373 Petere

1022 2393 1127 2420 idcirco
1155 2399 1332 2427 magnopere,
1350 2392 1401 2420 sibi
1422 2396 1452 2419 ut
1481 2391 1514 2418 ad
1530 2391 1602 2418 illam
1637 2392 1813 2419 commodare

1022 2446 1058 2467 ne
1087 2444 1277 2474 gravarentur,
1320 2438 1341 2465 si
1370 2438 1462 2465 minus
1492 2438 1627 2466 disertum
1656 2446 1811 2470 assensum,

1022 2486 1117 2512 saltem
1151 2485 1260 2512 tacitam
1280 2485 1504 2512 conuiventiam:
1524 2485 1593 2512 ultra
1624 2484 1697 2512 enim
1731 2485 1813 2518 hanc,

1022 2537 1050 2560 et
1066 2539 1143 2559 usum
1163 2532 1189 2558 in
1219 2539 1339 2566 praesens
1368 2536 1396 2558 et
1421 2531 1493 2565 apud
1526 2539 1557 2559 se
1577 2532 1706 2561 meritum
1739 2532 1814 2568 pleni

1023 2578 1145 2613 suffragii
1163 2578 1334 2610 habituram,
1369 2577 1442 2604 aliud
1458 2585 1487 2604 se
1504 2577 1584 2605 modo
1608 2585 1662 2606 non
1678 2586 1812 2613 qurererc.

996 2636 998 2638 ·
1024 2623 1156 2651 Viderent
1169 2624 1302 2659 quantulo
1315 2629 1388 2651 esset
1404 2628 1551 2651 contentus
1567 2632 1574 2657 ;
1591 2632 1642 2651 ncc
1654 2624 1814 2651 dubitarent

1024 2671 1098 2698 nullo
1117 2679 1166 2698 suo
1195 2671 1298 2701 labore.
1314 2671 1387 2698 nulla
1405 2670 1520 2703 invidia,
1550 2669 1745 2697 immortaliter
1761 2667 1813 2695 sibi

1024 2717 1198 2753 obstringere
1213 2716 1378 2753 principem.
1394 2716 1452 2744 Hac
1465 2721 1524 2744 arte
1537 2723 1598 2744 cum
1620 2715 1688 2742 alios
1713 2722 1746 2742 ex
1764 2721 1813 2741 an-

1026 2763 1171 2795 tistitibus,
1184 2770 1218 2789 ne
1235 2762 1286 2790 sibi
1301 2763 1454 2795 obstarent,
1473 2761 1611 2793 astrinxit,
1641 2767 1697 2788 tum
1715 2761 1741 2788 in
1757 2761 1814 2796 pri-

1026 2811 1077 2837 mis
1103 2817 1136 2836 cx
1154 2807 1284 2836 Sardensi
1300 2809 1365 2836 olim
1397 2808 1555 2835 Andronico
1571 2815 1643 2835 nunc
1663 2808 1746 2836 tmdio
1762 2815 1812 2834 suo

1025 2863 1122 2892 magno
1138 2855 1228 2884 adhuc
1244 2856 1408 2883 monachum
1437 2854 1628 2885 Athanasium,
1659 2863 1741 2890 quem
1758 2860 1811 2880 non

1798 2953 1843 2980 1"
