1921 3071
132 89 167 120 55
733 91 897 122 GEORGII
918 92 1157 122 PACHYMEILE
1696 127 1700 129 ,
1716 93 1750 125 56

131 145 222 171 καὶτὰ
235 145 303 173 αὐτὰ
321 147 504 182 διεπράττετο.
524 147 569 178 Ὠς
593 147 614 174 δ’
643 148 658 181 ἡ
681 147 796 182 τετάρτη
824 148 913 182 παρῆν
927 150 950 178 Α
964 147 1136 182 κλασμάτων,
1152 148 1165 174 δ
1183 148 1214 183 δὴ
1231 150 1276 175 καὶ
1292 149 1412 184 γνωσθὲν
1425 149 1537 184 ὕστερον
1550 149 1598 176 οὐκ
1610 147 1682 184 εἶχον
1696 150 1709 175 ὅ
1728 159 1753 175 τι

130 194 175 219 καὶ
191 193 241 228 ἠδη
259 195 409 228 συγχωρεῖν
427 193 537 228 ἔμελλον
547 193 646 227 σφίσιν,
664 194 724 220 ἐπεὶ
738 194 787 220 οὐκ
798 191 832 228 ἦν
844 202 914 228 συμ-

129 240 228 272 φωνεῖν
247 239 367 270 ἐκείνους
382 239 427 265 ἐπὶ
442 240 497 269 τοῖς
509 239 626 271 δόξασιν,
644 239 700 265 ἁλλ’
729 239 914 273 ἀμφεγνωμό-

128 292 190 310 νουν
205 284 250 311 ἐπὶ
267 285 345 315 πολὺ,
361 285 397 315 ὡς
412 285 458 311 καὶ
469 285 614 320 παρελθεῖν
642 285 691 320 τὴν
714 285 761 319 τῆς
782 292 914 319 προῃτια-

129 331 230 365 σμένης
245 331 355 365 τελετῆς
372 331 455 366 ὤραν,
475 331 551 365 μόλις
567 332 714 366 στήσαντες
738 330 780 365 ἐφ’
796 331 913 364 ἑκάτερα

128 376 206 409 ὅχλσν
232 376 318 407 ἄλλως
345 376 391 402 καὶ
415 377 514 411 πλῆθος
527 377 621 403 δοκοῦν
646 378 674 403 ἐν
693 376 824 411 ζηλωταῖς
841 377 915 411 ἀριθ-

129 423 250 455 μεῖσθαι,
269 422 348 456 μέσον
364 423 474 448 ἐκείνων
507 423 580 458 παρὰ
601 423 701 458 θάτερα
727 423 779 449 τῶν
807 423 914 456 ὡραίων

129 467 259 494 πυλώνων
274 469 403 502 παρεῖχον
419 469 482 500 τοὺς
512 470 560 503 τῆς
579 469 742 501 Ἐκκλησίας
773 469 914 502 διερχομέ-

129 521 190 543 νους
202 515 381 547 προσπίπτειν
397 515 444 540 καὶ
464 515 628 549 συγγνώμην
651 516 735 541 αἰτεῖν
761 515 807 540 καὶ
829 514 914 545 οὕτως

129 558 222 590 ἀξίους
232 558 389 592 νομίζεσθαι
472 561 735 594 συνεκκλησιάσεως.
748 561 825 596 ’Ἅμα
849 561 914 595 γοῦν

129 605 162 631 τὰ
172 605 225 632 τῶν
238 606 373 641 ἐσπερίων
387 607 478 641 ὕμνων
490 608 541 633 ὑπὸ
554 607 642 642 σκότῳ
654 608 822 639 τελέσαντες,
833 617 914 643 παρι-

128 649 217 681 δόντες
233 651 282 686 τὴν
298 651 477 686 λειτουργίαν,
494 652 544 678 οὐκ
557 650 614 679 οἶδα
636 653 680 679 διὰ
691 653 735 679 τὶν
760 653 854 687 καιρὸν
876 653 914 688 μὴ

129 696 301 730 ὲκχωροῦντα
317 697 333 732 ἦ
349 697 448 732 μᾶλλον
462 697 506 724 διὰ
519 699 548 724 τὸ
565 698 602 733 μὴ
618 698 738 725 δικαιοῦν
751 698 782 734 [Ρ
798 697 844 734 9.8]
875 699 914 724 ἔτι

129 742 291 777 ἁγιασϐῆναι
310 744 370 775 τοὺς
382 744 605 779 συγχωρηθέντας
618 745 655 779 τῷ
676 744 740 780 ἱερῷ
766 745 912 779 κλάσματι,

129 786 167 817 ὡς
181 787 197 821 ἡ
212 787 340 822 ὑστεραία
359 788 468 821 ἔδειξεν,
481 789 524 815 ἐπ’
548 790 622 816 οἴκου
641 789 773 816 ἀπελύετο
791 790 914 820 ἕκαστος.

135 831 180 862 Ὡς
198 832 226 858 δὲ
245 834 292 868 τῆς
307 833 381 868 ἱερᾶ;
395 836 441 860 καὶ
459 835 579 870 μεγάλης
602 835 730 870 πέμπτης
760 835 876 862 ἐτελεῖτο
899 835 915 870 ἡ

131 876 285 911 λειτουργία
299 879 346 905 καὶ
358 880 433 905 αὐτοὶ
451 880 645 914 συμπαρῆσαν,
673 881 772 906 ἐκείνοι
797 879 917 910 θέλοντες

132 923 207 957 σφίσι
219 924 454 958 παραλογίσασθαι
466 925 510 951 τὸν
520 926 665 959 ἁγιασμδν,
681 925 837 960 πέμψαντες
853 933 918 960 κρυ-

131 970 214 1004 φηδιν
225 970 253 1003 ἐξ
265 971 366 1005 ἀγορᾶς
380 971 565 1005 λαμϐάνουσιν
577 971 669 1006 ἄρτον,
695 973 742 998 καὶ
770 972 916 1002 κλάσαντες

131 1015 170 1047 εἰς
190 1014 275 1043 λεπτὰ
306 1016 388 1051 μηδὲν
404 1016 485 1043 εἰδόσι
511 1017 662 1052 μετεδίδονν
680 1016 716 1048 ὼς
737 1016 810 1051 ίεροῦ
834 1017 916 1052 ἄρτου

132 1146 244 1181 quidem
259 1147 292 1174 ad
308 1147 498 1181 imperatorem
514 1153 588 1175 recta
599 1148 664 1186 inde
678 1155 707 1176 se
721 1149 847 1181 contulit,
872 1158 916 1178 ce-

132 1193 288 1221 lebraturus
301 1202 362 1220 cum
381 1202 413 1221 co
429 1194 462 1221 de
488 1202 563 1222 more
583 1195 691 1222 festum.
713 1197 746 1224 At
761 1196 853 1224 clerici
875 1198 915 1224 ni-

131 1239 281 1267 hilominus
300 1240 387 1267 sacris
403 1240 551 1275 synaxibus
562 1242 777 1269 excludebantur
797 1249 812 1269 a
835 1243 913 1270 nihili

130 1286 295 1314 ducentibus
313 1288 471 1315 Sanctioncs
485 1287 597 1321 Josephi
626 1288 786 1323 patriarchas
806 1290 914 1322 nuperi,

130 1337 270 1368 utcunque
282 1338 310 1361 et
325 1334 398 1368 ipsas
413 1342 553 1368 pinnarum
566 1334 810 1362 ecclesiasticarum
822 1335 913 1369 injun-

129 1379 220 1407 ctione
242 1380 371 1407 lirmatas.
397 1380 486 1407 Illuxit
505 1380 623 1408 secunda
646 1380 821 1408 hebdomadas
845 1381 913 1414 dies,

131 1425 260 1459 quaitem
291 1425 473 1453 familiaribus
496 1426 560 1452 novi
578 1426 738 1460 patriarcha:
766 1427 915 1461 permissus

129 1471 269 1507 ingressus
285 1471 312 1498 in
329 1472 459 1506 templum
476 1476 527 1504 est,
544 1472 649 1499 clericis
665 1480 730 1500 vero
750 1473 912 1508 prohibitus.

131 1519 297 1554 Supervenit
322 1523 350 1545 et
383 1519 473 1550 tertia,
499 1525 552 1553 qua
583 1523 611 1545 et
636 1518 692 1553 ipsa
728 1519 853 1546 similiter
874 1523 922 1560 est.

131 1569 232 1592 actum.
255 1565 292 1593 Ut
317 1572 381 1592 vero
395 1568 489 1599 quarta
507 1564 565 1592 dies
578 1563 676 1597 adfuit,
692 1571 745 1599 qua
761 1564 915 1592 decrevisse

130 1611 293 1638 videbantur
307 1611 450 1638 remittere
465 1610 519 1643 iam
531 1610 640 1638 clericis
653 1610 790 1637 interdicti
806 1618 916 1644 pmnam

131 1665 182 1684 nec
197 1665 244 1684 eos
259 1657 293 1684 de
318 1662 418 1684 ca-tcro
435 1657 520 1684 sacris
547 1664 641 1684 arcere
657 1665 664 1682 :
681 1664 776 1684 verum
804 1657 837 1684 ad
864 1657 917 1684 hoc

131 1703 209 1738 prius
222 1702 256 1730 ab
273 1702 340 1737 ipsis
351 1702 498 1737 exigebant
520 1706 625 1730 certum
641 1709 782 1729 assensum
798 1703 831 1729 ad
845 1710 916 1736 quae-

133 1749 196 1776 dam
207 1748 274 1783 ipsis
288 1748 397 1782 placita,
422 1756 503 1783 quem
516 1756 578 1776 cum
604 1749 728 1783 plerique
756 1748 916 1776 clericorum

133 1802 189 1821 non
202 1795 293 1822 statim
305 1793 475 1828 expedirent,
491 1794 539 1821 sed
556 1794 763 1822 deliberabundi
780 1800 918 1822 verentes-

132 1847 185 1875 que
197 1839 397 1871 consultarent,
422 1839 532 1874 quidam
553 1840 635 1868 etiam
655 1840 728 1868 clare
751 1841 915 1872 abnuerent,

132 1887 160 1916 in
176 1887 219 1915 his
240 1886 466 1915 altercationibus
483 1886 550 1914 hora
573 1886 693 1923 legitima
717 1888 786 1914 sacri
802 1895 835 1915 ex
849 1895 918 1922 prm-

132 1933 310 1963 sanctiﬁcatis
328 1933 374 1960 tali
389 1932 433 1960 die
453 1932 583 1960 celebrari
599 1933 671 1960 soliti
687 1933 828 1968 prteteriit.
851 1934 918 1960 Scro

133 1982 255 2014 tandem,
285 1980 356 2007 rein
381 1979 589 2007 conventionem
602 1979 716 2007 adducta
741 1980 918 2014 qualemcun-

133 2035 196 2061 que,
211 2025 353 2061 dispositis
370 2032 469 2060 magno
483 2031 599 2051 numero
613 2024 641 2052 in
659 2025 798 2060 duplicem
818 2025 918 2052 seriem

133 2073 298 2101 altrinsecus
313 2080 329 2099 a
353 2071 459 2099 dextris
473 2075 501 2099 et
514 2071 636 2099 sinistris
646 2075 732 2106 porta:
743 2071 874 2106 speciosae
886 2072 919 2099 iis

133 2129 150 2147 e
162 2120 264 2155 populo
279 2119 331 2147 sibi
347 2119 478 2151 obnoxio,
501 2119 547 2154 qui
569 2119 628 2146 zelo
647 2118 745 2152 majori
765 2126 844 2146 sensa
873 2119 920 2146 de-

965 191 995 223 ἐξ
1009 192 1160 228 ὑπερτέρας
1173 195 1250 224 ἀνίας
1262 195 1308 220 καὶ
1325 196 1454 228 γένοιντο.
1469 195 1564 230 ’Ὅμως
1578 194 1606 221 δέ
1631 195 1698 229 πρὺ;
1721 195 1754 220 τὰ

965 237 1075 269 ἐσαῦθις
1091 238 1254 274 ἐλπιζόμενα
1266 241 1353 266 οἷστδν
1374 241 1485 267 κάκεῖνο
1510 240 1606 273 ἐδόκει,
1634 240 1681 267 καὶ
1705 240 1753 273 φέ-

965 290 1057 317 ροντες
1068 284 1102 309 τὰ
1113 285 1167 310 τῶν
1179 286 1269 311 κακῶν
1295 286 1465 320 προσεδόκων
1496 286 1589 320 μείζω,
1618 285 1648 312 οὐ
1678 286 1755 312 τόσον

964 329 1020 359 τοῖς
1033 329 1150 364 παροῦσι
1159 330 1210 357 ,διὰ
1226 331 1275 367 τὴν
1293 333 1390 366 πεῖραν
1400 332 1461 358 ὅσον
1473 332 1530 363 τοῖς
1560 331 1754 366 προσδοκωμέ-

964 381 1018 404 νοις
1033 373 1076 400 διὰ
1091 374 1141 410 τὴν
1157 375 1252 402 ἐλπίδα
1273 376 1458 411 ὲξανιώμενοι.
1480 377 1525 403 ιΤὸ
1537 377 1592 411 γὰρ
1606 376 1694 410 παρὸν
1710 377 1756 402 λυ-

965 418 1061 451 πηρὸν,
1071 419 1185 447 ἐπιστὰν
1205 421 1361 456 ἀνθρώποις
1382 422 1462 457 φύσιν
1476 422 1566 457 ἔχουσι
1593 422 1685 457 φέρειν
1708 422 1755 448 καὶ

963 463 998 489 τὰ
1009 464 1167 498 ἀνύποιστα,
1187 467 1267 493 λυπεῖ
1282 468 1331 503 μὲν
1346 468 1383 500 ὡς
1395 469 1467 500 είκδς
1487 469 1533 496 καὶ
1547 469 1610 504 ἀνιᾷ
1626 469 1670 494 τὶν
1680 472 1684 476 ”
1696 476 1756 494 πει-

965 508 1100 542 ρασθέντα
1124 511 1177 538 τῶν
1196 512 1344 548 δυσχερῶν,
1371 515 1402 549 τῇ
1429 514 1456 540 δὲ
1484 515 1559 548 παρὰ
1574 514 1628 540 τῶν
1651 513 1756 540 πολλῶν

965 554 1126 590 παραμυθίᾳ
1158 556 1303 584 ἐκλύεσθαι
1339 559 1484 593 πέφυκεν*
1518 559 1695 593 ἐλπιζόμενον
1727 558 1754 584 δὲ

963 596 1134 625 δυσδιάθετον
1163 601 1212 635 τὴν
1241 603 1368 637 φροντίδα
1389 603 1427 637 τῷ
1452 603 1607 638 πεισομένῳ
1629 601 1753 637 παρίκει·

965 641 1047 669 Ταῦτ’
1073 645 1126 680 ἄρα
1146 647 1280 680 κάκείνοις
1305 648 1335 674 τὸ
1357 650 1442 684 παρὸν
1457 649 1511 675 τῶν
1527 649 1631 675 κακῶν.
1645 649 1681 680 ὡς
1694 650 1757 683 ἐνῆν

965 689 1077 722 φέρουσι
1108 691 1195 727 δεινὴν
1223 694 1317 720 ἐλπίδα
1341 695 1370 721 τὸ
1400 695 1610 727 ὲπελευσόμενον
1633 693 1693 731 ἦγε,
1710 697 1755 721 καὶ

964 735 1052 761 οἰστὸν
1064 736 1149 764 ἐδόκει
1162 739 1192 764 τὸ
1206 739 1318 766 ἐπιστὰν
1333 742 1400 776 πρὸς
1415 741 1464 775 τὴν
1477 741 1571 767 ἐλπίδα
1583 740 1630 766 τοῦ
1647 741 1757 775 μέλλον-

965 787 1009 810 τος
1024 779 1157 816 λυπηροῦ.
1173 781 1227 810 Ἦν
1243 785 1339 818 ταῦτα,
1359 787 1406 813 καὶ
1431 788 1446 821 ἡ
1468 787 1550 820 κυρία
1577 787 1676 820 ἐπέστη
1703 787 1756 812 τῶν

931 819 951 845 Β
966 823 1078 859 ἑθρτῶν,
1097 828 1158 854 καθ’
1172 829 1204 866 ἣν
1223 830 1275 857 ἔδει
1293 832 1340 858 καὶ
1364 833 1589 863 συνδεῖσοαιτοὺς
1615 832 1664 863 τῆς
1693 833 1757 858 Ἐκ-

972 872 1095 907 κλησίας,
1110 873 1287 910 Χριστιανούς
1303 886 1333 912 γε
1353 879 1442 910 ὄντας,
1474 879 1583 912 ἀγάπης
1611 879 1756 913 φιλήματι.

972 919 1025 945 Καὶ
1040 920 1072 956 δὴ
1081 923 1295 956 προσεκαλοῠντο
1311 926 1360 960 μὲν
1376 926 1525 961 ἀρχιερεῖς,
1541 925 1757 961 προσεκαλοῦντο

970 964 998 991 δὲ
1014 966 1146 1001 κληρικοὶ,
1160 970 1205 995 καὶ
1220 972 1268 1004 τῆς
1283 971 1328 998 ἐπὶ
1342 973 1374 1006 τῇ
1390 971 1484 1007 πρώτῃ
1508 973 1553 998 καὶ
1566 972 1650 1007 κυρίᾳ
1664 972 1755 997 δευτέ-

971 1019 1020 1046 ρας
1044 1014 1222 1050 συναχθέντες
1246 1016 1306 1052 ἅμα
1333 1017 1482 1053 φιλήμασιν
1510 1018 1607 1052 ἁγίοις,
1629 1018 1666 1049 ὡς
1691 1017 1709 1052 ἦ
1726 1025 1755 1044 τε

969 1147 1036 1176 Cum
1072 1156 1136 1176 vero
1160 1149 1220 1176 luce
1247 1154 1354 1184 postera
1392 1150 1513 1176 solemne
1539 1157 1646 1176 sacrant
1681 1149 1754 1176 ferite

969 1193 1072 1228 quintae
1087 1193 1265 1221 hebdomada:
1282 1195 1392 1229 majoris
1410 1195 1606 1226 celebraretur,
1633 1203 1759 1229 prmsun-t

970 1239 1043 1266 tibus
1053 1240 1108 1274 jam
1129 1240 1248 1271 cunctis.
1265 1241 1365 1276 quippe
1377 1241 1437 1268 sine
1454 1241 1614 1269 discrimine
1626 1241 1754 1268 admissis

969 1285 1117 1318 universis,
1131 1287 1178 1322 qui
1205 1289 1243 1314 rei
1256 1293 1400 1322 praeerant,
1414 1288 1538 1315 frustrari
1559 1289 1753 1315 communione

967 1333 1159 1360 reconciliatos
1183 1333 1270 1368 pridie
1287 1334 1346 1361 sine
1363 1335 1483 1369 ipsorum
1512 1342 1604 1365 sensu,
1630 1334 1702 1368 quod
1717 1334 1752 1360 ita

967 1379 1158 1410 decreverant,
1182 1380 1334 1411 studentes,
1348 1388 1446 1415 panem
1461 1390 1474 1407 e
1488 1380 1546 1408 loro
1557 1381 1625 1407 clam
1642 1380 1752 1407 allatum

967 1429 994 1452 et
1011 1430 1116 1452 sectum
1138 1426 1164 1452 in
1192 1426 1307 1453 frustula
1339 1427 1373 1453 iis
1397 1427 1499 1461 ignaris
1527 1431 1654 1460 tauquam
1683 1427 1753 1453 sacri

965 1472 1045 1507 panis
1057 1472 1203 1506 particulas
1223 1472 1434 1500 distribuerunt.
1464 1472 1542 1506 Quod
1558 1480 1619 1500 cum
1650 1473 1687 1500 illi
1707 1473 1754 1499 de-

968 1517 1032 1545 inde
1051 1518 1239 1550 rescivissent,
1255 1518 1375 1545 immane
1388 1524 1521 1553 quantum
1540 1519 1670 1554 indignati
1688 1518 1754 1545 elle‘~

967 1564 1073 1598 ratique
1093 1569 1167 1592 sunt.
1184 1564 1285 1592 Verum
1312 1565 1349 1592 ita
1377 1565 1402 1591 in
1427 1565 1533 1592 ruinam
1559 1573 1602 1592 res
1633 1565 1753 1600 ipsorum

967 1609 1172 1641 incumbebant,
1197 1615 1227 1637 ut
1243 1610 1432 1644 reputantibus
1447 1611 1512 1645 quid
1529 1610 1714 1637 verisimililer
1726 1610 1752 1638 in

966 1660 1105 1690 posterum
1122 1655 1259 1688 timerent,
1275 1656 1428 1684 tolerabilia
1455 1656 1605 1684 existimari
1634 1664 1753 1690 pragscn-

968 1701 1005 1728 tia
1029 1706 1168 1736 utcunque
1203 1702 1380 1730 acerbissima
1417 1710 1467 1737 par
1492 1708 1575 1730 esset.
1618 1701 1754 1729 Ferebant

967 1747 1049 1783 igitur
1073 1752 1102 1775 ut
1119 1752 1256 1783 poterant,
1285 1753 1314 1775 et
1338 1749 1474 1776 durabant
1493 1755 1522 1775 se
1541 1748 1573 1775 ad
1594 1747 1752 1783 patientiam

967 1795 1138 1829 graviorum,
1156 1794 1247 1821 acrius
1263 1783 1405 1829 inquietati
1426 1794 1572 1821 formidine
1592 1794 1755 1827 impenden-

968 1840 1036 1867 tium
1054 1840 1289 1867 incommodorum
1304 1848 1384 1875 quam
1401 1848 1483 1867 sensu
1498 1841 1751 1875 jamappulsorum.

967 1885 1034 1912 Nam
1057 1885 1156 1912 malum
1171 1886 1299 1921 presenti
1317 1886 1340 1912 vi
1365 1893 1488 1920 pungens
1514 1885 1639 1912 homines
1655 1889 1753 1913 natura

968 1932 1107 1967 expositos
1123 1932 1244 1958 incursui
1262 1931 1341 1966 longe
1357 1931 1443 1966 magis
1460 1931 1593 1958 atrocium
1619 1932 1753 1958 malorum

969 1977 1112 2005 contristat
1125 1978 1234 2012 quidem
1261 1982 1289 2004 et
1304 1977 1406 2004 cruciat
1422 1985 1471 2011 pro
1497 1976 1657 2004 conditione
1678 1985 1751 2003 mor-

969 2023 1084 2051 talitatis
1104 2023 1128 2049 ei
1152 2022 1305 2057 subjectum
1335 2026 1428 2056 caput,
1458 2030 1512 2049 non
1534 2027 1624 2048 tamen
1642 2022 1700 2048 sine
1716 2022 1756 2048 le-

971 2073 1098 2096 vamento
1110 2067 1308 2096 consolationis
1329 2067 1389 2102 ejus
1406 2075 1466 2101 qua:
1480 2075 1513 2094 ex
1529 2067 1668 2094 consortio
1685 2067 1741 2094 mul

970 2119 1061 2142 torttm
1077 2115 1152 2150 paria
1169 2114 1344 2142 tolerantium
1361 2113 1452 2141 olierri
1464 2114 1572 2141 miseris
1593 2114 1680 2141 solt'l:
1696 2123 1756 2148 qme

134 2170 267 2199 cretaque
284 2165 405 2200 ipsorum
423 2164 550 2198 amplecti
571 2164 749 2199 putabantur,
777 2164 920 2198 patefactis
936 2168 958 2195 ι)
972 2166 1063 2189 autem
1082 2161 1227 2189 imminere
1249 2161 1277 2187 in
1291 2165 1431 2194 posterum
1456 2160 1599 2187 calamitas
1623 2161 1754 2192 creditur,

134 2212 240 2239 loribus
251 2211 426 2246 praebuerunt
439 2210 543 2237 aditum
557 2214 633 2237 extra
646 2209 791 2243 stantibus,
809 2218 870 2237 cum
886 2218 919 2238 eo

135 2262 166 2285 ιιι
187 2257 214 2284 in
228 2257 323 2284 lintine
339 2256 512 2291 procidenles
526 2256 634 2283 veniam
648 2262 804 2291 poscerent,
825 2257 920 2292 sicque

135 2304 209 2340 digni
227 2303 356 2338 deinceps
376 2302 432 2338 48
446 2302 612 2329 admissione
640 2302 667 2329 in
682 2311 799 2338 synaxes
811 2303 919 2338 judica-

136 2355 243 2379 rentur.
264 2350 331 2376 Dum
348 2349 405 2376 lucc
413 2349 521 2380 fierent,
541 2348 634 2383 hymni
653 2350 802 2384 vespertini
818 2350 919 2377 decan-

136 2397 275 2428 tabantur,
297 2395 396 2430 quibus
407 2394 547 2428 absolutis,
564 2395 706 2422 nocturnis
716 2395 771 2430 jam
788 2395 918 2428 tenebris,

136 2442 247 2470 dimissa
280 2440 395 2468 ecclesia
431 2446 484 2472 est,
510 2448 586 2468 sacra
613 2441 732 2476 liturgia,
758 2449 818 2476 quae
844 2441 919 2476 juxta

136 2491 277 2521 receptant
303 2486 385 2512 ritum
400 2493 431 2512 ea
449 2485 494 2512 die
512 2484 572 2512 lieri
600 2485 745 2516 debuerat,
774 2484 920 2519 prmterita,

137 2532 210 2561 baud
227 2532 283 2559 scio
301 2539 336 2559 an
353 2531 424 2566 quod
436 2532 496 2566 ejus
513 2531 591 2563 hora,
607 2535 636 2558 ut
653 2531 719 2563 dixi,
736 2530 919 2565 essetelapsa,

138 2588 173 2608 an
189 2579 290 2614 potius,
322 2578 395 2613 quod
413 2578 458 2613 qui
479 2578 558 2605 modo
577 2577 605 2605 in
622 2577 753 2611 templum
783 2577 919 2604 introduci

139 2630 292 2661 cwperaut,
307 2625 427 2652 nondum
444 2624 510 2651 satis
528 2623 634 2659 purgati
663 2623 782 2657 antiquis
806 2623 921 2657 piaculis

139 2672 310 2704 viderentur,
346 2675 375 2698 ut
402 2679 482 2698 sacro
514 2670 665 2704 fragmento
696 2669 919 2703 impertirentuic;

137 2727 219 2753 quam
248 2718 371 2745 ultimam
401 2717 586 2752 suspicionem
615 2715 751 2742 veriorem
772 2716 869 2742 astruit
893 2716 920 2743 id

136 2766 209 2798 quod
227 2765 357 2799 postridie
372 2769 463 2791 actum
484 2767 536 2789 cst.
561 2762 646 2796 Igitur
658 2766 722 2788 tunc
737 2761 847 2796 quidem
863 2769 920 2789 om-

136 2818 183 2839 ιιρη
201 2811 227 2839 in
257 2813 328 2839 hunc
345 2811 454 2838 modum
476 2809 508 2836 ad
525 2817 573 2835 sua
590 2808 704 2843 quisque
730 2812 914 2839 recesserunt.

973 2209 1070 2236 acriori
1084 2207 1140 2236 fere
1164 2215 1229 2236 cura
1244 2210 1272 2234 et
1298 2206 1400 2234 nullius
1426 2211 1576 2242 temperato
1593 2206 1756 2234 admistione

973 2254 1063 2282 solatii
1079 2254 1173 2282 dolore
1186 2257 1333 2281 aestuantes
1351 2253 1426 2288 angit
1441 2252 1547 2279 animos
1575 2257 1603 2279 et
1618 2259 1757 2279 zcrumno-

973 2301 1031 2329 sius
1042 2301 1157 2328 sauciat.
1174 2299 1263 2332 Quare
1273 2299 1341 2327 istos
1355 2299 1396 2326 his
1416 2305 1476 2333 qum
1496 2306 1569 2325 nunc
1586 2298 1759 2333 patiebantur

974 2352 1113 2381 utcunque
1137 2343 1285 2372 tolerandis
1302 2351 1393 2379 pares,
1410 2343 1464 2379 49
1487 2343 1661 2371 exanimabat
1681 2348 1757 2370 atrox

974 2391 1142 2427 exspectatio
1155 2391 1341 2426 sequentium.
1358 2395 1385 2417 ct
1399 2390 1487 2417 minas
1511 2389 1610 2417 futura:
1641 2389 1758 2416 miseriae

975 2439 1105 2467 Str-viores
1122 2437 1156 2465 ad
1187 2445 1220 2464 sc
1239 2436 1439 2464 excruciandos
1466 2436 1677 2471 experiebantur
1713 2436 1758 2462 illo

974 2485 1033 2519 ipso
1042 2492 1096 2519 quo
1114 2488 1170 2511 tum
1191 2483 1310 2510 maxime
1323 2483 1495 2510 vexabantur
1510 2481 1668 2509 interlunio.
1687 2481 1759 2510 inter

975 2533 1036 2559 haec
1051 2530 1170 2557 evolutis
1183 2528 1330 2556 sanctioris
1347 2527 1524 2555 nebdomadze
1539 2527 1616 2554 feriis
1632 2528 1760 2561 princeps

974 2576 1178 2604 solemnitatum
1196 2574 1338 2602 Dominica
1353 2572 1572 2601 Rcsurrectionis
1590 2571 1688 2604 illuxit,
1706 2580 1760 2607 qua

974 2632 1006 2651 ex
1024 2631 1100 2650 more
1113 2621 1257 2657 oportebat
1271 2620 1441 2648 Christianos
1452 2627 1558 2651 omnes,
1580 2619 1681 2646 nedum
1709 2619 1761 2647 Ec-

975 2669 1064 2697 clesia:
1092 2668 1233 2696 ministros
1255 2667 1330 2702 pacis
1342 2666 1458 2694 invicem
1468 2670 1495 2693 ct
1508 2666 1649 2693 charitatis
1667 2666 1760 2694 osculo

975 2719 1096 2743 mutuam
1115 2714 1235 2749 proﬁteri
1248 2712 1465 2748 germanitatem.
1494 2712 1686 2740 Convocantur
1697 2719 1761 2747 ergo

975 2762 1125 2794 antistites,
1155 2763 1340 2787 convocantur
1356 2763 1382 2786 et
1402 2758 1511 2791 clerici;
1538 2765 1689 2792 omnesque
1715 2765 1760 2784 se-

976 2808 1064 2836 cunda
1080 2812 1143 2845 post
1170 2807 1288 2842 primum
1319 2805 1429 2832 l’asrhae
1463 2805 1562 2832 festum
1588 2804 1632 2830 die
1658 2806 1760 2832 sanctis
