1921 3071
159 95 192 127 63
758 97 918 128 GEORGII
942 99 1180 132 PACHYMERJZ
1750 98 1785 129 ﬁt

161 155 309 189 ίστοροῦντι
349 155 376 181 δὲ
410 155 498 189 λέγειν
535 155 581 182 καὶ
611 154 706 186 ταῦτα.

161 201 211 226 κᾶν
247 201 333 227 ἄλλων
369 201 505 234 γένοιντο,
541 202 590 227 οὐκ
613 202 734 236 ἀπᾷδον,
762 199 860 236 οἶμαι,
903 202 945 228 δο-

161 248 213 272 κεῖ.
230 247 341 277 ’Ἄλλους
354 248 443 280 μέντοι
455 255 485 280 γε
504 248 601 273 ἐκεῖνοι
625 249 684 277 ταῖς
708 247 854 282 ἐκκλησίας
873 247 945 274 ἀντι-

163 292 345 325 σηκῶσαντες,
363 293 433 319 κατὰ
447 293 547 327 τρόπον
558 293 592 318 τὰ
608 293 657 327 τῆς
678 293 839 327 Ἐκκλησίας
855 293 891 324 ὠς
910 292 946 319 εἷ-

162 345 208 371 χον
224 337 350 368 ὃιίθυνον,
367 337 559 371 τυραννοῦντες
574 335 630 364 οἷον
643 339 682 369 εις
697 338 734 364 τὰι
749 338 833 364 πολλὰ
845 338 946 364 τούτων

163 384 208 410 καὶ
236 384 283 418 τὴν
312 384 453 418 βασιλικὴν
482 384 649 420 ἡμερότητα,
669 384 728 416 ἑνὸς
755 384 802 411 καὶ
819 384 900 418 μόνου
912 384 947 410 τὰ

162 430 251 455 πάντα
279 429 522 464 καταπροῑεμένου,
547 430 596 464 τῆς
623 431 713 464 κοινῆς
740 430 864 464 ὁμονοίας
899 431 947 456 καὶ

163 483 231 501 κατα
237 475 363 506 στάσεως,
381 475 418 507 ὡς
430 476 587 510 ὑπέσχοντο.

165 554 207 582 LO’.
223 556 293 590 Περὶ
315 556 370 590 τῆς
390 557 566 591 Αὐγούστης
583 557 733 591 Θεοδώρας
751 558 801 585 καὶ
823 557 876 585 τοῦ
893 565 949 584 πα-

357 592 498 628 τριάρχου
515 592 757 626 Ἀλεξανδρείαςε

221 657 354 693 ’Δπῄτουν
375 658 417 694 [Ρ.
434 658 479 694 53]
507 658 555 692 μὲν
577 657 624 684 οὗν
647 659 694 685 καὶ
719 659 768 693 τὴν
788 658 948 693 Αὑγοῦσταν

165 704 305 739 Θεοδώραν
319 703 439 731 λίΰελλον
456 705 504 739 μέν
521 705 650 736 πίστεως,
661 705 798 740 ἀποόολὴν
812 705 833 731 δ’
849 705 950 738 ἔγγραο

166 760 214 784 (ρον
229 750 281 776 τῶν
296 750 359 784 χθὲς
379 750 539 784 γεγονότων,
563 751 712 784 ἀσφάλειαν
731 751 758 777 δὲ
783 752 829 777 καὶ
845 751 892 777 τοῦ
912 751 949 785 μή

166 805 230 823 ποτε
248 797 363 831 ζητῆσαι
379 797 442 832 περὶ
460 797 574 832 τάνδρὸς
586 797 671 831 αὐτῆς
687 797 730 830 ἐφ’
750 794 826 831 ᾧπερ
841 798 869 824 ἐν
885 797 951 832 ψαλ-

168 842 280 877 μῳδίαις
304 843 470 877 ταφήσεται’
486 843 532 869 καὶ
558 843 589 870 τὺ
604 844 650 869 ἐπὶ
675 843 781 875 τούτοις
807 841 897 877 ἆθλον,
914 844 952 875 ὡς

166 888 212 914 ἐπὶ
225 888 273 923 τῆς
285 888 443 922 ἐκκλησίας,
460 889 535 923 φασὶ,
552 889 697 924 βασιλικῶς
712 890 760 916 σὺν
771 890 809 924 τῷ
825 890 873 925 υίῷ
886 898 954 924 μνη-

168 935 316 968 μονεύοιτο.
340 934 472 970 Ἀπῄτουν
486 936 513 962 δὲ
528 936 575 961 καὶ
590 936 634 962 τὺν
656 935 857 971 Ἀλεξανδρείας
876 936 955 963 Ἀθα-

167 980 259 1006 νᾶσιον
287 981 516 1016 ὁμογνωμοσὺνην
535 981 583 1016 μὲν
607 981 652 1007 ἐπὶ
667 983 722 1012 τοῖς
740 975 953 1017 καθαίρεθεῖσιν,

167 1025 303 1060 ἀποϐολὴν
325 1026 352 1051 δὲ
370 1026 417 1052 καὶ
443 1026 525 1052 αὑτὸν
546 1025 601 1052 τῶν
618 1027 805 1061 πραχθέντων,
822 1026 885 1052 ἐπεὶ
906 1027 954 1053 καὶ

167 1071 267 1103 αἰτίαις
288 1073 347 1102 ταῖς
369 1072 584 1107 προρῤηθείσαις
607 1072 714 1106 φθάσας
737 1073 955 1108 συγκεκοινώνη-

167 1126 225 1149 κεν,
240 1118 277 1149 ὠς
291 1118 323 1144 ἂν
335 1119 382 1145 καὶ
398 1111 482 1150 αὐτὸς
496 1119 618 1154 δηλονότι
634 1119 668 1147 τὰ
687 1120 768 1154 ὅμοια
785 1120 954 1154 κατασφαλι-

168 1197 227 1223 nire
237 1202 312 1223 certo
326 1196 495 1224 afﬁrmareve
503 1198 605 1225 ausim.
622 1197 699 1231 Quod
717 1203 807 1226 autem
831 1199 956 1227 historici

168 1242 284 1270 oilirium
298 1244 390 1279 exigit,
402 1252 457 1271 non
472 1245 663 1277 dissimulabo.
682 1246 771 1273 visum
791 1246 955 1280 quibusdam

170 1289 221 1316 hoc
235 1290 375 1323 pertinere
394 1294 450 1316 tum
463 1290 496 1316 ad
512 1297 543 1316 ea
558 1298 618 1324 quae
636 1290 716 1318 modo
733 1291 887 1323 retulimus,
904 1291 956 1327 55

170 1341 224 1362 tum
237 1336 270 1362 ad
286 1336 348 1367 alia,
371 1344 431 1370 qum
454 1336 513 1371 pari
530 1337 705 1364 immanitate
733 1342 799 1364 tunc
824 1345 838 1364 a
864 1345 956 1365 rerum

170 1382 326 1415 petentibus
341 1382 452 1416 impune
461 1382 688 1417 designabantur,
701 1387 761 1410 acta
775 1383 956 1418 reprobanda,

169 1427 247 1460 quasi
269 1427 373 1454 scilicet
393 1427 438 1454 ille
457 1435 538 1454 cruor
554 1428 614 1455 vice
627 1428 760 1456 naturalis
786 1429 884 1464 pluviae
911 1430 958 1456 dc-

173 1473 275 1500 missus
291 1481 306 1500 e
322 1473 442 1501 nubibus
454 1474 631 1501 adumbraret
649 1475 832 1502 intrusionem
853 1476 957 1503 violcu-
970 1493 992 1523 ο

170 1522 225 1544 tam
240 1525 372 1544 novorum
389 1519 544 1545 antistitum
557 1519 583 1546 in
605 1519 685 1546 sedes
710 1527 760 1554 per
775 1520 829 1547 vim
853 1520 956 1555 ejecto~

171 1571 243 1590 rum.
265 1563 410 1598 Utcunque
433 1564 484 1597 sit,
504 1564 548 1591 isti
566 1569 652 1596 certe,
671 1564 734 1591 dunt
752 1572 802 1592 suo
822 1566 956 1594 arbitratu

171 1610 204 1637 ad
222 1609 384 1643 Ecclesiam,
400 1610 485 1645 :sieut
507 1610 595 1639 videri
625 1611 762 1642 volebant,
788 1621 954 1648 componen-

170 1657 232 1682 dam
246 1661 298 1682 tam
315 1656 477 1684 vehemente
494 1657 688 1687 incumbebant
701 1668 795 1695 opera,
818 1660 958 1696 tyrannica

172 1702 200 1729 in
219 1701 312 1728 multis
321 1703 439 1736 grassari
451 1703 561 1730 licentia
575 1711 630 1731 non
652 1705 790 1733 immerito
807 1706 960 1734 censeban-

172 1753 226 1780 tur,
240 1748 387 1776 abutentes
403 1750 613 1777 mansuetudine
632 1751 815 1786 imperatoris,
829 1753 876 1787 qui
892 1761 959 1780 vana

173 1801 221 1828 spe
239 1795 367 1822 inductus
389 1796 488 1823 abillis
500 1796 568 1824 facta
586 1798 660 1832 pacis
672 1806 702 1825 ac
716 1799 868 1826 concordiae
881 1799 960 1834 plene

173 1841 358 1874 restituendae,
384 1842 407 1869 si
432 1851 513 1878 agere
534 1845 607 1877 ipsos
638 1853 699 1879 quae
721 1845 821 1873 vellent
845 1847 959 1880 sineret,

172 1892 269 1914 cuncta
282 1887 308 1914 in
319 1896 413 1915 eorum
425 1889 567 1916 arbitrium
580 1890 743 1925 proiecerat.
755 1892 884 1919 eiiectum
898 1901 962 1920 exo-

174 1935 356 1967 ptatissimum
381 1941 408 1962 et
422 1937 585 1970 promissum
611 1938 727 1972 publica:
758 1939 961 1974 tranquillitatis

179 1980 249 2007 bene
264 1982 359 2015 qu0vis
374 1982 519 2009 emendum
535 1984 624 2017 pretio
642 1989 726 2018 ratus,
747 1989 774 2012 ct
788 1993 802 2012 e
821 1986 867 2012 tali
897 1993 962 2013 con-

172 2027 294 2054 niventia
310 2028 467 2062 prudenter,
482 2034 510 2056 ut
521 2029 573 2063 ipsi
587 2030 735 2064 videbatur,
745 2037 916 2066 exspectans.

175 2095 219 2122 19.
234 2095 270 2122 De
285 2098 401 2131 Augusta
412 2097 553 2124 ‘Tlteodora
566 2103 588 2124 et
599 2099 753 2132 patriarcha
767 2099 959 2130 Alexandrino.

746 156 798 182 κᾶν
834 157 945 183 ἐκείνων
961 161 982 187 Α
999 159 1113 193 σάμενος
1125 160 1153 186 ἐν
1168 161 1223 190 τοῖς
1235 159 1373 194 διπτύχοις
1390 160 1445 190 τοῖς
1457 159 1641 193 πατριάρχαις
1660 167 1784 192 συμμνη-

997 205 1145 238 μονεύοιτο.
1155 205 1200 240 Τῷ
1215 206 1268 239 γὰρ
1285 206 1450 239 Ἀντιοχείας
1461 204 1592 239 Θεοδισῑῳ
1606 204 1643 238 τῷ
1655 206 1786 239 Πρίγκιπι

995 249 1106 284 λεληθὸς
1121 250 1170 284 μὲν
1189 251 1247 282 δέος
1260 250 1392 284 ἐμπίπτει
1407 250 1445 284 μὴ
1460 251 1506 277 καί
1517 259 1544 276 τι
1559 250 1678 284 δράσωσι
1692 251 1788 278 τοῦτον

996 295 1050 320 τῶν
1073 296 1239 330 ἀϐουλήτων,
1256 296 1380 330 φανερῶς
1405 295 1426 320 δ’
1451 296 1622 330 ὑπερηφάνει
1639 296 1685 322 καὶ
1706 297 1789 330 ὑπερ-

997 340 1071 376 εώρα
1093 341 1146 367 τῶν
1175 341 1378 376 πραττομένων.
1402 342 1511 376 ’Δμέλει
1535 351 1576 368 τοι
1599 343 1646 368 καὶ
1666 342 1788 376 πέμψας,

997 386 1044 412 τοῦ
1068 386 1198 420 βασιλέως
1228 386 1264 421 μὴ
1288 387 1400 418 εἰδότος,
1425 388 1575 421 παρῃτεῖτο
1594 387 1664 413 κατὰ
1688 387 1789 420 Συρίαν

998 431 1044 457 καὶ
1059 431 1130 466 ἄλλῳ
1156 431 1311 466 παρεχώρει
1334 432 1380 457 τοῦ
1402 432 1496 466 θρόνου
1509 440 1516 447 ·
1533 431 1573 457 ἔτι
1598 432 1652 466 γὰρ
1673 432 1791 463 ἐσώζετο

1000 477 1049 512 μὲν
1065 477 1204 512 Τρίπολις,
1217 478 1332 509 ἐσώζετο
1348 478 1375 504 δὲ
1391 479 1406 512 ἡ
1421 478 1490 504 κατὰ
1509 478 1610 513 Συρίαν
1626 478 1790 513 Πτολεμαῒς,

999 523 1099 558 περιῆν
1113 523 1141 549 δὲ
1157 523 1278 558 Βηρυτὺς
1297 524 1343 550 καὶ
1361 523 1445 550 Σιδὼν
1458 524 1504 550 καὶ
1520 524 1606 557 Τύρος
1619 525 1663 549 καὶ
1675 523 1710 549 τὰ
1722 532 1792 557 παρ-

999 569 1072 598 άλια.
1093 570 1141 604 τῆς
1162 569 1295 604 Ἰταλικῆς
1310 570 1397 604 ἀρχῆς
1424 570 1622 604 κραταιοτέρας
1640 568 1722 603 οὖσης
1738 569 1792 595 τῶν

1000 615 1145 642 Αἰθιόπων.
1166 615 1197 641 Οἱ
1222 615 1251 641 δὲ
1266 615 1314 649 τῆς
1339 614 1488 649 ἐκκλησίας
1515 614 1623 648 ἐκείνης
1649 613 1793 647 δεξάμενοι

1000 661 1049 696 τὴν
1069 661 1244 696 παραίτησιν,
1267 662 1345 696 κοινῇ
1363 660 1446 696 ψήφῳ
1469 661 1514 686 τὸν
1541 660 1794 694 ’Δγιοευμεωνίτην

1002 708 1167 734 καθιστῶσιν
1188 707 1336 743 Ἀρςένιον,
1355 707 1439 742 ἄνδρα
1463 707 1492 734 τὸ
1507 706 1622 741 ,σύμπαν
1639 707 1794 740 ἁγιοπρεπῆ

1001 756 1047 781 καὶ
1064 755 1222 788 σεϐάσμιον,
1240 754 1268 780 ὃν
1282 755 1314 789 δὴ
1330 755 1377 781 καὶ
1391 754 1459 786 τέως
1482 754 1530 788 μὲν
1542 754 1565 779 οἱ
1584 753 1702 779 ἐνταῦθα
1716 753 1796 785 δεξά-

1004 808 1079 834 μενοι
1095 799 1139 825 ἐπὶ
1153 799 1208 825 τῶν
1222 799 1302 833 ἱερῶν
1316 799 1477 825 ἐκοινώνουν
1502 798 1600 832 ἐκείνῳ
1618 798 1666 832 τῆς
1684 797 1798 832 μνήμης

1004 845 1153 879 διπτύχων,
1170 844 1285 879 ὕστερον
1301 844 1329 869 δὲ
1342 844 1431 870 αἰτίαν
1444 844 1542 878 σχόντα
1556 844 1587 869 ἐκ
1602 844 1696 878 φήμης
1715 842 1797 877 ἠκού-

1005 899 1053 925 σης
1075 891 1112 922 ὡς
1131 890 1203 917 οὕτω
1224 890 1331 925 συμϐὰν
1354 890 1392 924 τῷ
1419 890 1483 924 ῥηγὶ
1510 890 1558 923 τῆς
1587 889 1731 923 Ἀρμενίας
1746 888 1796 922 τῆς

1004 937 1051 964 ἐπὶ
1074 938 1106 971 τῇ
1125 936 1260 972 ἐκκλησίᾳ
1282 936 1447 970 ἐκοινώνησε
1472 937 1602 968 στάσεως,
1621 934 1704 970 μηδὲν
1727 935 1794 960 ἀνα-

1006 984 1147 1018 μείναντες
1160 981 1349 1014 συνεξετάζειν
1361 982 1390 1007 τὸ
1404 983 1514 1015 γεγονὸς
1526 981 1645 1016 εὐχερῶς
1657 979 1795 1015 ἐξαιροῦσι

1004 1028 1135 1063 τοῦνομα.
1158 1027 1279 1054 Ἑκείνου
1298 1027 1325 1053 δὲ
1344 1027 1405 1062 μηδ’
1425 1028 1453 1059 ἐς
1477 1027 1563 1063 βραχὺ
1580 1026 1794 1061 περιγενομένου

1006 1076 1084 1111 (ἴσως
1099 1074 1152 1108 γὰρ
1176 1073 1209 1100 ἂν
1224 1073 1270 1100 καὶ
1292 1073 1401 1108 ἀπήντα
1422 1073 1490 1108 πρδς
1508 1073 1557 1107 τὴν
1577 1073 1757 1106 κατηγορίαν,
1771 1072 1796 1097 εί

1006 1119 1116 1154 περιῆν)
1142 1119 1167 1145 οἱ
1192 1119 1330 1154 ἀρχιερεῖς
1354 1117 1663 1153 ἁμφιγνωμονήσαντες,
1687 1117 1712 1143 οἱ
1746 1116 1796 1151 μὲν

1006 1204 1056 1232 pro
1081 1195 1167 1223 irritis
1183 1199 1211 1223 et.
1236 1203 1379 1231 perperam
1399 1195 1519 1223 decretis
1542 1203 1570 1223 se
1590 1195 1708 1227 habere,
1735 1201 1796 1229 qua:

1006 1250 1094 1278 nuper
1111 1242 1138 1269 in
1153 1250 1234 1269 causa
1252 1250 1328 1277 papae
1353 1250 1385 1269 ac
1398 1241 1602 1270 conciliationis
1614 1241 1716 1269 Grazcze
1731 1249 1794 1268 cum

1007 1289 1102 1316 Latina
1111 1288 1295 1315 Ecclesiarum
1307 1292 1409 1316 statuta
1421 1288 1548 1315 fuissent.
1559 1287 1615 1315 lloc
1626 1292 1797 1323 postremum

1008 1335 1043 1363 ab
1059 1342 1093 1362 eo
1111 1334 1222 1369 petendi
1239 1342 1322 1362 causa
1341 1334 1402 1365 fuit,
1417 1334 1488 1369 quod
1505 1334 1529 1361 is
1546 1338 1659 1369 propter
1676 1334 1798 1361 rationes

1008 1394 1022 1413 a
1037 1385 1116 1412 nobis
1145 1389 1208 1411 ante
1235 1385 1400 1409 memoratas
1426 1381 1660 1407 connnunicasset
1684 1388 1746 1408 cum
1765 1380 1799 1406 iis

1007 1431 1054 1467 qni
1072 1431 1115 1457 illa
1130 1433 1254 1465 egerant.
1277 1427 1447 1459 Addebatur,
1467 1426 1518 1453 hac
1535 1426 1679 1453 dumtaxat
1702 1425 1800 1453 condi-

1009 1477 1093 1508 tione,
1114 1476 1136 1504 si
1166 1476 1224 1503 haec
1241 1474 1344 1508 scripto
1366 1477 1393 1500 et
1411 1472 1595 1507 chirographo
1624 1472 1756 1504 lirmaret,
1773 1471 1799 1498 ci

1009 1522 1184 1550 tribuendum
1203 1525 1232 1548 ut
1248 1528 1264 1546 e
1281 1519 1366 1546 sacris
1381 1519 1518 1554 diptycln‘s
1534 1526 1634 1546 nomen
1649 1518 1709 1553 ejus
1727 1518 1800 1544 inter

1007 1574 1121 1597 caeteros
1134 1567 1305 1603 patriarchas
1319 1570 1527 1593 memoraretur.
1546 1565 1581 1591 At
1610 1564 1800 1592 Antiochenus

1007 1615 1162 1651 patriarcha
1176 1613 1346 1641 Theodosius
1358 1611 1499 1647 Princeps,
1511 1612 1619 1639 occulto
1628 1616 1715 1639 tactus
1724 1616 1799 1639 metu

1009 1670 1043 1690 ne
1054 1661 1118 1696 quid
1134 1660 1161 1688 hi
1184 1659 1294 1695 gravius
1326 1659 1353 1685 in
1377 1666 1438 1686 sese
1463 1657 1651 1690 consulerent,
1678 1657 1800 1684 exterius

1010 1713 1101 1736 tamen
1127 1715 1183 1742 prze
1203 1706 1257 1741 56
1273 1713 1302 1732 se
1318 1705 1423 1732 ferebat
1438 1703 1512 1731 haud
1537 1703 1589 1731 sibi
1613 1703 1735 1738 probari,
1751 1704 1800 1730 sed

1011 1761 1062 1781 nec
1084 1752 1117 1780 ad
1135 1759 1165 1780 se
1179 1751 1328 1787 quidquam
1347 1749 1477 1777 arbitrari
1507 1749 1658 1784 pertinere,
1673 1757 1733 1784 qua:
1752 1749 1801 1776 tie-

1010 1803 1082 1827 rent.
1121 1799 1192 1834 Ergo
1219 1795 1448 1831 aspernabundus
1478 1799 1506 1822 et
1527 1795 1652 1830 speciose
1687 1803 1802 1822 securus

1012 1845 1198 1879 conscriptam
1213 1842 1416 1869 abdicationem
1446 1840 1661 1875 patriarchatus,
1685 1841 1803 1875 impura-

1012 1897 1072 1919 torc
1089 1889 1189 1919 inscio.
1204 1888 1358 1915 Antiochia:
1374 1886 1494 1921 reliquit,
1511 1886 1569 1920 ipse
1584 1883 1610 1913 in
1627 1886 1732 1922 Syriam
1750 1887 1802 1913 mi-

1012 1944 1103 1972 grans,
1127 1935 1171 1962 ubi
1188 1934 1348 1961 Latinorum
1371 1934 1398 1960 in
1424 1937 1559 1967 potestate
1574 1933 1667 1960 multa:
1681 1938 1737 1960 tum
1754 1933 1803 1960 ad-

1014 1984 1068 2011 huc
1082 1988 1109 2010 et
1126 1989 1228 2016 magnae
1238 1980 1365 2008 civitates
1379 1984 1468 2012 erant,
1492 1978 1649 2010 Ptolemais,
1674 1979 1799 2014 Berytus,

1015 2029 1112 2059 Sidon.
1134 2028 1233 2063 Tyrus,
1250 2034 1354 2061 oraque
1381 2026 1427 2054 illa
1452 2025 1592 2053 maritima
1611 2026 1751 2058 universa,
1771 2026 1798 2052 in

1014 2084 1067 2112 qua
1085 2075 1143 2102 ltali
1166 2074 1299 2102 adversus
1326 2081 1394 2108 opes
1409 2073 1568 2108 {Ethioputn
1586 2080 1665 2100 suum
1692 2074 1800 2108 egregie

1015 2121 1160 2156 imperium
1184 2120 1343 2148 tuebantur.
1371 2119 1468 2146 Clerus
1493 2126 1574 2154 porro
1612 2118 1802 2147 Antiochenus

210 2163 262 2190 Sed
280 2169 307 2190 ut
323 2165 356 2190 ad
375 2165 470 2200 synodi
486 2171 545 2193 acta
564 2166 720 2199 redeamus,
737 2167 764 2194 in
778 2167 820 2195 his
846 2174 872 2196 ct
887 2169 957 2196 illud
973 2165 1000 2196 D
1014 2167 1185 2199 abdicatione
1204 2166 1340 2200 Principis
1356 2170 1468 2201 accepta
1490 2165 1674 2192 concordibus
1689 2165 1802 2193 calculis

176 2216 227 2236 est.
240 2209 280 2236 Ab
298 2210 417 2246 Augusta
432 2210 575 2239 Theodora
588 2212 650 2240 ﬁdei
662 2213 783 2240 libellum
797 2220 958 2250 exegerunt,

176 2261 360 2292 praetereaque
378 2263 408 2286 ut
424 2259 527 2292 scripto
544 2260 608 2287 dato
624 2268 654 2288 se
670 2262 828 2289 renuntiare
850 2263 961 2297 profite-

179 2308 254 2330 retur
272 2304 448 2331 conventioni
468 2305 646 2332 ecclesiarum
669 2311 696 2333 et
711 2307 874 2335 obedientim
885 2316 962 2343 papas

176 2350 258 2385 paulo
293 2354 356 2378 ante
391 2351 498 2386 publice
538 2352 675 2386 admissis;
715 2358 809 2384 sancte
840 2354 962 2389 denique

177 2397 352 2432 polliceretur
373 2405 402 2424 se
432 2405 570 2432 nunquam
593 2398 740 2432 petituram
768 2399 886 2434 persolvi
902 2401 962 2427 viro

177 2451 228 2470 suo
244 2443 373 2470 defuncto
395 2442 467 2477 justa
485 2444 611 2471 funebria
625 2444 819 2472 decantatione
845 2446 962 2480 psalmo-

177 2497 238 2516 rum
253 2492 280 2515 et
294 2492 393 2516 caetero
408 2489 592 2516 ecclesiastico
605 2490 658 2517 ritu
671 2490 845 2518 celebranda.
861 2490 962 2518 llarum

178 2542 268 2562 rerum
286 2542 391 2561 merces
408 2535 598 2562 ostentabatur
615 2536 701 2563 honos
723 2538 962 2564 commemoratio-

177 2581 221 2608 nis
235 2580 353 2607 nominis
369 2580 427 2615 ejus
444 2580 471 2607 in
498 2581 624 2614 ecclesia,
647 2581 720 2609 inter
736 2589 813 2608 sacra
844 2583 962 2617 conjun-

177 2627 258 2663 gendi
284 2634 346 2654 eum
376 2627 487 2654 nomine
514 2627 688 2662 imperatoris
722 2628 809 2662 ipsius
831 2628 889 2655 lilii.
921 2628 963 2655 Ab

179 2672 364 2700 Alexandrino
373 2672 436 2698 item
449 2672 603 2707 patriarcha
619 2673 793 2706 postularunt
802 2673 961 2704 Athanasio.

179 2725 208 2747 ut
221 2727 335 2747 assensu
351 2719 542 2753 comprobaret
556 2726 606 2745 suo
621 2718 823 2746 damnationem
841 2723 868 2746 et
889 2719 964 2753 deje-

180 2764 299 2792 ctionem
328 2772 343 2793 c
358 2765 442 2801 gradu
474 2764 641 2799 privatorum
657 2764 714 2791 suis
728 2765 840 2792 sedibus
856 2765 962 2791 antisti-

180 2814 236 2837 tum
253 2818 262 2843 ς
279 2811 390 2846 insuper
415 2816 442 2838 ut
459 2811 517 2845 ipse
543 2819 649 2845 quoque
688 2811 790 2838 diserte
812 2811 960 2837 declararet

1013 2214 1197 2250 patriarebam
1222 2211 1326 2240 ereavit
1342 2211 1628 2247 Hagio-Symeonitem
1643 2211 1800 2244 Arsenium,

1013 2261 1103 2288 virum
1129 2259 1259 2294 praeclara
1274 2258 1465 2285 sanctimoniae
1489 2258 1582 2293 specie
1604 2258 1800 2291 venerabilem,

1012 2311 1093 2339 quem
1119 2304 1212 2331 statim
1239 2302 1535 2337 Constantinopolitani
1564 2308 1747 2338 agnoscentes
1774 2303 1800 2329 in

1013 2351 1234 2377 communionem
1250 2349 1429 2382 admiserunt,
1448 2349 1627 2384 pronuntiato
1637 2349 1723 2382 palam
1741 2349 1800 2384 ejus

1013 2397 1172 2432 ediplychis
1188 2397 1309 2424 nomine.
1325 2395 1504 2424 Postmodqu
1515 2400 1604 2422 tamen
1615 2394 1686 2421 fama
1705 2402 1799 2428 sparsa

1014 2442 1231 2469 communicasse
1246 2442 1334 2476 ipsum
1352 2449 1413 2468 cum
1428 2449 1490 2476 rege
1505 2440 1642 2468 Armeniae
1654 2441 1687 2467 ab
1707 2440 1802 2467 Eccle—

1014 2489 1052 2516 sia
1071 2489 1198 2520 discisso,
1214 2488 1328 2515 minime
1343 2488 1454 2523 sumpto
1468 2488 1501 2515 ad
1520 2486 1728 2522 inquisitionem
1744 2487 1801 2514 veri

1014 2535 1113 2571 spatio,
1128 2535 1229 2569 cupide
1244 2535 1397 2561 multarunt
1425 2535 1530 2561 honore
1554 2534 1606 2560 isto
1620 2537 1648 2560 et
1674 2541 1690 2560 e
1717 2534 1804 2560 sacris

1015 2581 1113 2609 tabulis
1129 2581 1189 2613 ejus
1213 2588 1312 2607 nomen
1329 2584 1533 2615 expunxerunt.
1561 2579 1684 2614 Contigit
1711 2585 1800 2606 autem

1014 2629 1104 2662 ipsum
1121 2628 1172 2654 sub
1200 2627 1253 2654 hoc
1270 2634 1382 2662 tempus
1399 2635 1414 2654 e
1429 2627 1499 2654 vivis
1517 2626 1616 2653 cedere
1632 2634 1639 2653 :
1665 2634 1746 2661 quem
1761 2632 1802 2653 est

1014 2672 1156 2703 credibile.
1171 2673 1194 2700 si
1212 2673 1253 2699 vel
1268 2673 1404 2700 modicum
1419 2671 1604 2706 superfuiSSet
1615 2691 1622 2703 ,
1642 2671 1675 2698 ad
1691 2679 1800 2698 causam

1014 2719 1157 2746 dicendam
1186 2719 1452 2754 Constantinopolim
1481 2724 1640 2745 venturum.
1667 2717 1802 2745 Cancrum

1015 2766 1152 2794 antistites
1167 2766 1201 2793 ad
1220 2767 1244 2793 ei
1260 2773 1451 2793 successorem
1469 2765 1626 2800 eligendum
1643 2764 1799 2800 congregati

1015 2811 1082 2839 duas
1118 2812 1144 2839 in
1169 2813 1318 2840 sententias
1352 2812 1428 2840 scissi
1451 2816 1514 2840 sunt
1546 2820 1552 2838 :
1575 2811 1672 2839 Cilices
1701 2811 1801 2846 quippe
