  <div class='ocr_page' id='page_1' title='image "/cluster/home/n/w/nwhite01/storage/ocr_20150623/144/njp.32101010942892/046.png"; bbox 0 0 1921 3071; ppageno 0'>
   <div class='ocr_carea' id='block_1_1' title="bbox 74 104 1734 149">
    <p class='ocr_par' dir='ltr' id='par_1_1' title="bbox 74 104 1734 149">
     <span class='ocr_line' id='line_1_1' title="bbox 74 104 1734 149; baseline -0.007 0"><span class='ocrx_word' id='word_1_1' title='bbox 74 118 107 149; x_wconf 73' lang='grc' dir='ltr'>(ιὸ</span> <span class='ocrx_word' id='word_1_2' title='bbox 575 114 623 144; x_wconf 84' lang='lat' dir='ltr'>DE</span> <span class='ocrx_word' id='word_1_3' title='bbox 643 110 867 143; x_wconf 79' lang='lat' dir='ltr'><strong>ANDRONICO</strong></span> <span class='ocrx_word' id='word_1_4' title='bbox 888 109 1119 139; x_wconf 64' lang='lat' dir='ltr'><strong>PALEOLOGO</strong></span> <span class='ocrx_word' id='word_1_5' title='bbox 1139 110 1213 140; x_wconf 83' lang='lat' dir='ltr'>LIB.</span> <span class='ocrx_word' id='word_1_6' title='bbox 1235 110 1258 139; x_wconf 93' lang='grc' dir='ltr'><strong>Ι.</strong></span> <span class='ocrx_word' id='word_1_7' title='bbox 1700 104 1734 138; x_wconf 79' lang='lat' dir='ltr'><strong>b6</strong></span> 
     </span>
    </p>
   </div>
   <div class='ocr_carea' id='block_1_2' title="bbox 78 155 1735 205">
    <p class='ocr_par' dir='ltr' id='par_1_2' title="bbox 78 155 1735 205">
     <span class='ocr_line' id='line_1_2' title="bbox 78 155 1735 205; baseline -0.008 -6"><span class='ocrx_word' id='word_1_8' title='bbox 78 172 162 199; x_wconf 69' lang='grc' dir='ltr'>κατὰ</span> <span class='ocrx_word' id='word_1_9' title='bbox 180 171 319 198; x_wconf 74' lang='grc' dir='ltr'><strong>Κιλικίαν</strong></span> <span class='ocrx_word' id='word_1_10' title='bbox 336 171 382 197; x_wconf 63' lang='grc' dir='ltr'><strong>τὸν</strong></span> <span class='ocrx_word' id='word_1_11' title='bbox 402 169 653 205; x_wconf 78' lang='grc' dir='ltr'>Πομπηΐουπόλεως</span> <span class='ocrx_word' id='word_1_12' title='bbox 672 167 819 197; x_wconf 70' lang='grc' dir='ltr'>Διονύσιον,</span> <span class='ocrx_word' id='word_1_13' title='bbox 835 165 858 190; x_wconf 83' lang='grc' dir='ltr'>οἱ</span> <span class='ocrx_word' id='word_1_14' title='bbox 874 163 901 189; x_wconf 85' lang='grc' dir='ltr'><strong>δὲ</strong></span> <span class='ocrx_word' id='word_1_15' title='bbox 916 164 937 191; x_wconf 83' lang='lat' dir='ltr'><strong>A</strong></span> <span class='ocrx_word' id='word_1_16' title='bbox 954 163 1066 190; x_wconf 76' lang='grc' dir='ltr'>καίαθεν</span> <span class='ocrx_word' id='word_1_17' title='bbox 1080 165 1149 198; x_wconf 78' lang='grc' dir='ltr'>(ἐκεῖ</span> <span class='ocrx_word' id='word_1_18' title='bbox 1160 163 1214 198; x_wconf 81' lang='grc' dir='ltr'><strong>γὰρ</strong></span> <span class='ocrx_word' id='word_1_19' title='bbox 1229 164 1275 189; x_wconf 76' lang='grc' dir='ltr'>καὶ</span> <span class='ocrx_word' id='word_1_20' title='bbox 1288 155 1470 196; x_wconf 62' lang='grc' dir='ltr'>συνετηρείτο)</span> <span class='ocrx_word' id='word_1_21' title='bbox 1485 160 1596 187; x_wconf 79' lang='grc' dir='ltr'><strong>ἀπολύει</strong></span> <span class='ocrx_word' id='word_1_22' title='bbox 1612 160 1678 195; x_wconf 77' lang='grc' dir='ltr'><strong>πρὸς</strong></span> <span class='ocrx_word' id='word_1_23' title='bbox 1690 161 1735 187; x_wconf 69' lang='grc' dir='ltr'>τὸν</span> 
     </span>
    </p>
   </div>
   <div class='ocr_carea' id='block_1_3' title="bbox 80 205 1737 253">
    <p class='ocr_par' dir='ltr' id='par_1_3' title="bbox 80 205 1737 253">
     <span class='ocr_line' id='line_1_3' title="bbox 80 205 1737 253; baseline -0.007 -9"><span class='ocrx_word' id='word_1_24' title='bbox 80 219 165 253; x_wconf 65' lang='grc' dir='ltr'>ἀμφὶ</span> <span class='ocrx_word' id='word_1_25' title='bbox 197 217 306 253; x_wconf 79' lang='grc' dir='ltr'>Συρίαν</span> <span class='ocrx_word' id='word_1_26' title='bbox 326 217 373 242; x_wconf 73' lang='grc' dir='ltr'><strong>τὸν</strong></span> <span class='ocrx_word' id='word_1_27' title='bbox 391 216 484 250; x_wconf 78' lang='grc' dir='ltr'><strong>Τύρου</strong></span> <span class='ocrx_word' id='word_1_28' title='bbox 510 214 644 248; x_wconf 74' lang='grc' dir='ltr'>Κύριλλον</span> <span class='ocrx_word' id='word_1_29' title='bbox 667 211 817 239; x_wconf 79' lang='grc' dir='ltr'>καθιστῶσι</span> <span class='ocrx_word' id='word_1_30' title='bbox 830 219 837 226; x_wconf 91' lang='grc'>·</span> <span class='ocrx_word' id='word_1_31' title='bbox 852 209 900 237; x_wconf 75' lang='grc' dir='ltr'>καὶ</span> <span class='ocrx_word' id='word_1_32' title='bbox 952 209 1101 244; x_wconf 81' lang='grc' dir='ltr'>Ἱέρτερῆν,</span> <span class='ocrx_word' id='word_1_33' title='bbox 1120 208 1262 243; x_wconf 73' lang='grc' dir='ltr'><strong>πέμψοντα</strong></span> <span class='ocrx_word' id='word_1_34' title='bbox 1273 209 1398 234; x_wconf 81' lang='grc' dir='ltr'>κάκεῖνον</span> <span class='ocrx_word' id='word_1_35' title='bbox 1414 207 1513 234; x_wconf 78' lang='grc' dir='ltr'>αὐτίκα</span> <span class='ocrx_word' id='word_1_36' title='bbox 1528 207 1577 242; x_wconf 87' lang='grc' dir='ltr'>τὴν</span> <span class='ocrx_word' id='word_1_37' title='bbox 1588 206 1635 233; x_wconf 77' lang='grc' dir='ltr'>τοῦ</span> <span class='ocrx_word' id='word_1_38' title='bbox 1654 205 1737 233; x_wconf 73' lang='grc' dir='ltr'>Ἀσὰν</span> 
     </span>
    </p>
   </div>
   <div class='ocr_carea' id='block_1_4' title="bbox 81 251 1737 300">
    <p class='ocr_par' dir='ltr' id='par_1_4' title="bbox 81 251 1737 300">
     <span class='ocr_line' id='line_1_4' title="bbox 81 251 1737 300; baseline -0.008 -9"><span class='ocrx_word' id='word_1_39' title='bbox 81 251 133 291; x_wconf 56' lang='grc' dir='ltr'><strong>τόδ</strong></span> <span class='ocrx_word' id='word_1_40' title='bbox 147 251 301 290; x_wconf 70' lang='grc' dir='ltr'>Διονυσίου</span> <span class='ocrx_word' id='word_1_41' title='bbox 314 261 531 300; x_wconf 67' lang='grc' dir='ltr'>κραᾷαινομένου</span> <span class='ocrx_word' id='word_1_42' title='bbox 544 260 641 295; x_wconf 69' lang='grc' dir='ltr'>φθάνει</span> <span class='ocrx_word' id='word_1_43' title='bbox 657 258 816 293; x_wconf 72' lang='grc' dir='ltr'>προκριῦεὶς</span> <span class='ocrx_word' id='word_1_44' title='bbox 829 256 900 291; x_wconf 79' lang='grc' dir='ltr'>ὑπὲρ</span> <span class='ocrx_word' id='word_1_45' title='bbox 951 254 1077 289; x_wconf 74' lang='grc' dir='ltr'>ἀδελφὴν,</span> <span class='ocrx_word' id='word_1_46' title='bbox 1094 254 1110 300; x_wconf 51' lang='grc' dir='ltr'><strong>ἑξ</strong></span> <span class='ocrx_word' id='word_1_47' title='bbox 1125 254 1157 290; x_wconf 83' lang='grc' dir='ltr'><strong>δὴ</strong></span> <span class='ocrx_word' id='word_1_48' title='bbox 1183 255 1230 281; x_wconf 72' lang='grc' dir='ltr'>καὶ</span> <span class='ocrx_word' id='word_1_49' title='bbox 1244 254 1350 287; x_wconf 83' lang='grc' dir='ltr'>γέγονε.</span> <span class='ocrx_word' id='word_1_50' title='bbox 1375 254 1431 280; x_wconf 79' lang='grc' dir='ltr'><strong>Καὶ</strong></span> <span class='ocrx_word' id='word_1_51' title='bbox 1458 253 1488 278; x_wconf 83' lang='grc' dir='ltr'>τὸ</span> <span class='ocrx_word' id='word_1_52' title='bbox 1513 251 1649 285; x_wconf 72' lang='grc' dir='ltr'>ἐντεῦθεν,</span> <span class='ocrx_word' id='word_1_53' title='bbox 1676 251 1737 278; x_wconf 75' lang='grc' dir='ltr'>ἐπεὶ</span> 
     </span>
    </p>
   </div>
   <div class='ocr_carea' id='block_1_5' title="bbox 84 301 902 343">
    <p class='ocr_par' dir='ltr' id='par_1_5' title="bbox 84 301 902 343">
     <span class='ocr_line' id='line_1_5' title="bbox 84 301 902 343; baseline -0.011 -7"><span class='ocrx_word' id='word_1_54' title='bbox 84 311 204 336; x_wconf 63' lang='grc' dir='ltr'>ἐκεῖνον</span> <span class='ocrx_word' id='word_1_55' title='bbox 222 311 238 335; x_wconf 83' lang='grc' dir='ltr'>ὁ</span> <span class='ocrx_word' id='word_1_56' title='bbox 251 309 398 343; x_wconf 72' lang='grc' dir='ltr'>Κύριὶλος.</span> <span class='ocrx_word' id='word_1_57' title='bbox 413 308 467 334; x_wconf 80' lang='grc' dir='ltr'><strong>Τὸν</strong></span> <span class='ocrx_word' id='word_1_58' title='bbox 483 307 548 341; x_wconf 80' lang='grc' dir='ltr'>γοῦν</span> <span class='ocrx_word' id='word_1_59' title='bbox 571 304 774 339; x_wconf 76' lang='grc' dir='ltr'><strong>Ἀλεξανδρείας</strong></span> <span class='ocrx_word' id='word_1_60' title='bbox 784 301 902 329; x_wconf 73' lang='grc' dir='ltr'>ἐνταῦθα</span> 
     </span>
    </p>
   </div>
   <div class='ocr_carea' id='block_1_6' title="bbox 85 350 902 389">
    <p class='ocr_par' dir='ltr' id='par_1_6' title="bbox 85 350 902 389">
     <span class='ocr_line' id='line_1_6' title="bbox 85 350 902 389; baseline -0.011 -8"><span class='ocrx_word' id='word_1_61' title='bbox 85 356 227 389; x_wconf 63' lang='grc' dir='ltr'>παρόντα</span> <span class='ocrx_word' id='word_1_62' title='bbox 243 354 300 380; x_wconf 77' lang='grc' dir='ltr'>οὔτ’</span> <span class='ocrx_word' id='word_1_63' title='bbox 324 353 419 379; x_wconf 77' lang='grc' dir='ltr'>ὠδύνα</span> <span class='ocrx_word' id='word_1_64' title='bbox 444 351 474 378; x_wconf 82' lang='grc' dir='ltr'><strong>τὸ</strong></span> <span class='ocrx_word' id='word_1_65' title='bbox 499 352 536 386; x_wconf 82' lang='grc' dir='ltr'>μὴ</span> <span class='ocrx_word' id='word_1_66' title='bbox 550 351 607 382; x_wconf 81' lang='grc' dir='ltr'>τοῖς</span> <span class='ocrx_word' id='word_1_67' title='bbox 625 350 714 380; x_wconf 69' lang='grc' dir='ltr'>ἄλλοις</span> <span class='ocrx_word' id='word_1_68' title='bbox 736 355 902 382; x_wconf 81' lang='grc' dir='ltr'>συμμνημο-</span> 
     </span>
    </p>
   </div>
   <div class='ocr_carea' id='block_1_7' title="bbox 87 391 902 434">
    <p class='ocr_par' dir='ltr' id='par_1_7' title="bbox 87 391 902 434">
     <span class='ocr_line' id='line_1_7' title="bbox 87 391 902 434; baseline -0.011 -9"><span class='ocrx_word' id='word_1_69' title='bbox 87 400 231 425; x_wconf 73' lang='grc' dir='ltr'>νεύεσοαι</span> <span class='ocrx_word' id='word_1_70' title='bbox 246 398 290 434; x_wconf 69' lang='grc' dir='ltr'><strong>μ’.</strong></span> <span class='ocrx_word' id='word_1_71' title='bbox 307 397 352 433; x_wconf 62' lang='grc'><strong>54]</strong></span> <span class='ocrx_word' id='word_1_72' title='bbox 371 397 419 432; x_wconf 76' lang='grc' dir='ltr'>(τὰ</span> <span class='ocrx_word' id='word_1_73' title='bbox 431 397 486 430; x_wconf 83' lang='grc' dir='ltr'>γὰρ</span> <span class='ocrx_word' id='word_1_74' title='bbox 499 398 556 427; x_wconf 82' lang='grc' dir='ltr'>τοῖς</span> <span class='ocrx_word' id='word_1_75' title='bbox 574 395 681 425; x_wconf 75' lang='grc' dir='ltr'><strong>πολλοῖς</strong></span> <span class='ocrx_word' id='word_1_76' title='bbox 709 391 902 428; x_wconf 72' lang='grc' dir='ltr'>συμϐεϐηκότα</span> 
     </span>
    </p>
   </div>
   <div class='ocr_carea' id='block_1_8' title="bbox 88 436 902 477">
    <p class='ocr_par' dir='ltr' id='par_1_8' title="bbox 88 436 902 477">
     <span class='ocr_line' id='line_1_8' title="bbox 88 436 902 477; baseline -0.011 -6"><span class='ocrx_word' id='word_1_77' title='bbox 88 445 122 471; x_wconf 64' lang='grc' dir='ltr'>τὸ</span> <span class='ocrx_word' id='word_1_78' title='bbox 149 445 219 470; x_wconf 76' lang='grc' dir='ltr'>καθ’</span> <span class='ocrx_word' id='word_1_79' title='bbox 244 443 328 470; x_wconf 75' lang='grc' dir='ltr'>αὐτὸν</span> <span class='ocrx_word' id='word_1_80' title='bbox 348 442 474 477; x_wconf 81' lang='grc' dir='ltr'>λυπηρὸν</span> <span class='ocrx_word' id='word_1_81' title='bbox 499 439 687 475; x_wconf 77' lang='grc' dir='ltr'><strong>ἀπέκρυπτεν)</strong></span> <span class='ocrx_word' id='word_1_82' title='bbox 713 438 775 465; x_wconf 78' lang='grc' dir='ltr'>οὔτε</span> <span class='ocrx_word' id='word_1_83' title='bbox 801 437 854 472; x_wconf 83' lang='grc' dir='ltr'>μὴν</span> <span class='ocrx_word' id='word_1_84' title='bbox 873 436 902 462; x_wconf 82' lang='grc' dir='ltr'>τὸ</span> 
     </span>
    </p>
   </div>
   <div class='ocr_carea' id='block_1_9' title="bbox 90 481 903 524">
    <p class='ocr_par' dir='ltr' id='par_1_9' title="bbox 90 481 903 524">
     <span class='ocr_line' id='line_1_9' title="bbox 90 481 903 524; baseline -0.011 -8"><span class='ocrx_word' id='word_1_85' title='bbox 90 490 249 524; x_wconf 62' lang='lat' dir='ltr'><strong>aito-350a:</strong></span> <span class='ocrx_word' id='word_1_86' title='bbox 277 489 404 523; x_wconf 78' lang='grc' dir='ltr'><strong>μετέχειν</strong></span> <span class='ocrx_word' id='word_1_87' title='bbox 430 487 505 521; x_wconf 83' lang='grc' dir='ltr'>σφίσι</span> <span class='ocrx_word' id='word_1_88' title='bbox 521 486 572 520; x_wconf 83' lang='grc' dir='ltr'><strong>τῆς</strong></span> <span class='ocrx_word' id='word_1_89' title='bbox 596 486 707 520; x_wconf 83' lang='grc' dir='ltr'><strong>μνήμης</strong></span> <span class='ocrx_word' id='word_1_90' title='bbox 731 483 849 510; x_wconf 73' lang='grc' dir='ltr'><strong>ἐθιιιλπιε⁹</strong></span> <span class='ocrx_word' id='word_1_91' title='bbox 868 481 903 507; x_wconf 80' lang='grc' dir='ltr'><strong>τά</strong></span> 
     </span>
    </p>
   </div>
   <div class='ocr_carea' id='block_1_10' title="bbox 90 526 903 571">
    <p class='ocr_par' dir='ltr' id='par_1_10' title="bbox 90 526 903 571">
     <span class='ocr_line' id='line_1_10' title="bbox 90 526 903 571; baseline -0.014 -8"><span class='ocrx_word' id='word_1_92' title='bbox 90 537 153 571; x_wconf 69' lang='grc' dir='ltr'><strong>γὰρ</strong></span> <span class='ocrx_word' id='word_1_93' title='bbox 174 536 258 570; x_wconf 79' lang='grc' dir='ltr'>παρὰ</span> <span class='ocrx_word' id='word_1_94' title='bbox 275 535 306 560; x_wconf 82' lang='grc' dir='ltr'>τὸ</span> <span class='ocrx_word' id='word_1_95' title='bbox 333 528 443 568; x_wconf 77' lang='grc' dir='ltr'>πρέπον</span> <span class='ocrx_word' id='word_1_96' title='bbox 464 531 630 567; x_wconf 78' lang='grc' dir='ltr'><strong>πραχθέντα,</strong></span> <span class='ocrx_word' id='word_1_97' title='bbox 653 527 695 561; x_wconf 89' lang='grc' dir='ltr'><strong>οἷς</strong></span> <span class='ocrx_word' id='word_1_98' title='bbox 717 528 854 556; x_wconf 77' lang='grc' dir='ltr'>κοινωνεῖν</span> <span class='ocrx_word' id='word_1_99' title='bbox 870 526 903 561; x_wconf 82' lang='grc' dir='ltr'>ἢν</span> 
     </span>
    </p>
   </div>
   <div class='ocr_carea' id='block_1_11' title="bbox 93 577 636 617">
    <p class='ocr_par' dir='ltr' id='par_1_11' title="bbox 93 577 636 617">
     <span class='ocr_line' id='line_1_11' title="bbox 93 577 636 617; baseline -0.011 -9"><span class='ocrx_word' id='word_1_100' title='bbox 93 591 144 617; x_wconf 54' lang='lat' dir='ltr'><strong>Ta}</strong></span> <span class='ocrx_word' id='word_1_101' title='bbox 152 582 252 613; x_wconf 73' lang='grc' dir='ltr'>ονότα,</span> <span class='ocrx_word' id='word_1_102' title='bbox 268 580 456 613; x_wconf 75' lang='grc' dir='ltr'><strong>συγκάταινον</strong></span> <span class='ocrx_word' id='word_1_103' title='bbox 468 577 636 612; x_wconf 75' lang='grc' dir='ltr'>περιίστατο.</span> 
     </span>
    </p>
   </div>
   <div class='ocr_carea' id='block_1_12' title="bbox 219 641 792 681">
    <p class='ocr_par' dir='ltr' id='par_1_12' title="bbox 219 641 792 681">
     <span class='ocr_line' id='line_1_12' title="bbox 219 641 792 681; baseline -0.01 -6"><span class='ocrx_word' id='word_1_104' title='bbox 219 647 257 676; x_wconf 90' lang='grc' dir='ltr'><strong>κ’.</strong></span> <span class='ocrx_word' id='word_1_105' title='bbox 275 647 345 681; x_wconf 87' lang='grc' dir='ltr'>Περί</span> <span class='ocrx_word' id='word_1_106' title='bbox 358 646 417 680; x_wconf 82' lang='grc' dir='ltr'><strong>τῆς</strong></span> <span class='ocrx_word' id='word_1_107' title='bbox 429 644 573 681; x_wconf 73' lang='grc' dir='ltr'><strong>γυναικὸς</strong></span> <span class='ocrx_word' id='word_1_108' title='bbox 587 644 640 671; x_wconf 84' lang='grc' dir='ltr'>τοῦ</span> <span class='ocrx_word' id='word_1_109' title='bbox 657 641 792 678; x_wconf 79' lang='grc' dir='ltr'>Τερτερῆ.</span> 
     </span>
    </p>
   </div>
   <div class='ocr_carea' id='block_1_13' title="bbox 142 710 904 749">
    <p class='ocr_par' dir='ltr' id='par_1_13' title="bbox 142 710 904 749">
     <span class='ocr_line' id='line_1_13' title="bbox 142 710 904 749; baseline -0.01 -5"><span class='ocrx_word' id='word_1_110' title='bbox 142 717 234 745; x_wconf 75' lang='grc' dir='ltr'>Ἀλλά</span> <span class='ocrx_word' id='word_1_111' title='bbox 261 715 369 742; x_wconf 86' lang='grc' dir='ltr'>τούτων</span> <span class='ocrx_word' id='word_1_112' title='bbox 398 714 596 749; x_wconf 82' lang='grc' dir='ltr'>ἀνηρτημένων</span> <span class='ocrx_word' id='word_1_113' title='bbox 609 714 658 739; x_wconf 69' lang='grc' dir='ltr'>καὶ</span> <span class='ocrx_word' id='word_1_114' title='bbox 684 712 723 739; x_wconf 76' lang='grc' dir='ltr'>ἔτι</span> <span class='ocrx_word' id='word_1_115' title='bbox 739 713 752 738; x_wconf 85' lang='grc' dir='ltr'>ὁ</span> <span class='ocrx_word' id='word_1_116' title='bbox 779 710 904 746; x_wconf 74' lang='grc' dir='ltr'>βασιλεὺς</span> 
     </span>
    </p>
   </div>
   <div class='ocr_carea' id='block_1_14' title="bbox 97 756 904 797">
    <p class='ocr_par' dir='ltr' id='par_1_14' title="bbox 97 756 904 797">
     <span class='ocr_line' id='line_1_14' title="bbox 97 756 904 797; baseline -0.011 -7"><span class='ocrx_word' id='word_1_117' title='bbox 97 763 147 790; x_wconf 71' lang='grc' dir='ltr'><strong>τοῦ</strong></span> <span class='ocrx_word' id='word_1_118' title='bbox 184 762 326 797; x_wconf 76' lang='grc' dir='ltr'>Τερτερῆ,</span> <span class='ocrx_word' id='word_1_119' title='bbox 348 761 378 787; x_wconf 77' lang='grc' dir='ltr'>ὃν</span> <span class='ocrx_word' id='word_1_120' title='bbox 405 760 439 795; x_wconf 89' lang='grc' dir='ltr'><strong>δὴ</strong></span> <span class='ocrx_word' id='word_1_121' title='bbox 466 759 577 794; x_wconf 80' lang='grc' dir='ltr'>βασιλέα</span> <span class='ocrx_word' id='word_1_122' title='bbox 605 758 767 792; x_wconf 78' lang='grc' dir='ltr'>Βονλγάρων</span> <span class='ocrx_word' id='word_1_123' title='bbox 794 757 807 783; x_wconf 85' lang='grc' dir='ltr'><strong>ὁ</strong></span> <span class='ocrx_word' id='word_1_124' title='bbox 826 756 904 790; x_wconf 81' lang='grc' dir='ltr'><strong>λόγος</strong></span> 
     </span>
    </p>
   </div>
   <div class='ocr_carea' id='block_1_15' title="bbox 98 801 905 839">
    <p class='ocr_par' dir='ltr' id='par_1_15' title="bbox 98 801 905 839">
     <span class='ocr_line' id='line_1_15' title="bbox 98 801 905 839; baseline -0.01 -4"><span class='ocrx_word' id='word_1_125' title='bbox 98 809 212 835; x_wconf 71' lang='grc' dir='ltr'>ἐδείκνυ</span> <span class='ocrx_word' id='word_1_126' title='bbox 227 807 278 833; x_wconf 76' lang='grc' dir='ltr'>τοῦ</span> <span class='ocrx_word' id='word_1_127' title='bbox 301 807 386 833; x_wconf 77' lang='grc' dir='ltr'>Ἀσάν</span> <span class='ocrx_word' id='word_1_128' title='bbox 409 805 513 832; x_wconf 79' lang='grc' dir='ltr'>ἐκεῖθεν</span> <span class='ocrx_word' id='word_1_129' title='bbox 528 805 768 839; x_wconf 72' lang='grc' dir='ltr'>ἀναχωρήσαντος,</span> <span class='ocrx_word' id='word_1_130' title='bbox 782 801 905 836; x_wconf 76' lang='grc' dir='ltr'>πέμψαν-</span> 
     </span>
    </p>
   </div>
   <div class='ocr_carea' id='block_1_16' title="bbox 98 847 901 887">
    <p class='ocr_par' dir='ltr' id='par_1_16' title="bbox 98 847 901 887">
     <span class='ocr_line' id='line_1_16' title="bbox 98 847 901 887; baseline -0.01 -6"><span class='ocrx_word' id='word_1_131' title='bbox 98 863 145 886; x_wconf 75' lang='grc' dir='ltr'>τος</span> <span class='ocrx_word' id='word_1_132' title='bbox 165 855 218 880; x_wconf 76' lang='grc' dir='ltr'>καὶ</span> <span class='ocrx_word' id='word_1_133' title='bbox 243 853 390 885; x_wconf 76' lang='grc' dir='ltr'><strong>ἀξιοῦντος</strong></span> <span class='ocrx_word' id='word_1_134' title='bbox 407 852 472 887; x_wconf 75' lang='grc' dir='ltr'>περὶ</span> <span class='ocrx_word' id='word_1_135' title='bbox 487 851 536 886; x_wconf 80' lang='grc' dir='ltr'>τῆς</span> <span class='ocrx_word' id='word_1_136' title='bbox 553 849 680 884; x_wconf 78' lang='grc' dir='ltr'>γυναικὸς</span> <span class='ocrx_word' id='word_1_137' title='bbox 711 850 771 884; x_wconf 80' lang='grc' dir='ltr'>(τὴν</span> <span class='ocrx_word' id='word_1_138' title='bbox 788 850 842 883; x_wconf 83' lang='grc' dir='ltr'><strong>γὰρ</strong></span> <span class='ocrx_word' id='word_1_139' title='bbox 854 847 901 874; x_wconf 80' lang='grc' dir='ltr'>τοῦ</span> 
     </span>
    </p>
   </div>
   <div class='ocr_carea' id='block_1_17' title="bbox 106 894 902 933">
    <p class='ocr_par' dir='ltr' id='par_1_17' title="bbox 106 894 902 933">
     <span class='ocr_line' id='line_1_17' title="bbox 106 894 902 933; baseline -0.01 -6"><span class='ocrx_word' id='word_1_140' title='bbox 106 901 192 927; x_wconf 73' lang='grc' dir='ltr'><strong>Ἀςὰν</strong></span> <span class='ocrx_word' id='word_1_141' title='bbox 228 899 411 933; x_wconf 71' lang='grc' dir='ltr'>αὑταδὲλφην</span> <span class='ocrx_word' id='word_1_142' title='bbox 441 898 478 929; x_wconf 85' lang='grc' dir='ltr'><strong>ὡς</strong></span> <span class='ocrx_word' id='word_1_143' title='bbox 512 897 677 932; x_wconf 80' lang='grc' dir='ltr'><strong>παρανόμως</strong></span> <span class='ocrx_word' id='word_1_144' title='bbox 709 894 902 929; x_wconf 73' lang='grc' dir='ltr'>συζευχθεῖσαν</span> 
     </span>
    </p>
   </div>
   <div class='ocr_carea' id='block_1_18' title="bbox 101 941 902 980">
    <p class='ocr_par' dir='ltr' id='par_1_18' title="bbox 101 941 902 980">
     <span class='ocr_line' id='line_1_18' title="bbox 101 941 902 980; baseline -0.009 -8"><span class='ocrx_word' id='word_1_145' title='bbox 101 947 278 980; x_wconf 78' lang='grc' dir='ltr'>ἀπέστεργε,</span> <span class='ocrx_word' id='word_1_146' title='bbox 300 947 349 972; x_wconf 71' lang='grc' dir='ltr'>καὶ</span> <span class='ocrx_word' id='word_1_147' title='bbox 376 944 466 974; x_wconf 76' lang='grc' dir='ltr'>ἄλλως</span> <span class='ocrx_word' id='word_1_148' title='bbox 487 944 526 970; x_wconf 77' lang='grc' dir='ltr'>ὅτι</span> <span class='ocrx_word' id='word_1_149' title='bbox 547 943 657 977; x_wconf 75' lang='grc' dir='ltr'>καὶτῆς</span> <span class='ocrx_word' id='word_1_150' title='bbox 682 942 740 967; x_wconf 78' lang='grc' dir='ltr'>ἐκεί</span> <span class='ocrx_word' id='word_1_151' title='bbox 756 941 902 975; x_wconf 80' lang='grc' dir='ltr'>ἐκκλησίας</span> 
     </span>
    </p>
   </div>
   <div class='ocr_carea' id='block_1_19' title="bbox 104 986 902 1028">
    <p class='ocr_par' dir='ltr' id='par_1_19' title="bbox 104 986 902 1028">
     <span class='ocr_line' id='line_1_19' title="bbox 104 986 902 1028; baseline -0.01 -9"><span class='ocrx_word' id='word_1_152' title='bbox 104 994 151 1028; x_wconf 20' lang='grc' dir='ltr'><strong>μὴν</strong></span> <span class='ocrx_word' id='word_1_153' title='bbox 165 993 405 1027; x_wconf 77' lang='grc' dir='ltr'>παραδεχομένης</span> <span class='ocrx_word' id='word_1_154' title='bbox 422 990 502 1016; x_wconf 81' lang='grc' dir='ltr'>αὑτὸν</span> <span class='ocrx_word' id='word_1_155' title='bbox 529 990 557 1015; x_wconf 84' lang='grc' dir='ltr'>ὲν</span> <span class='ocrx_word' id='word_1_156' title='bbox 584 989 739 1023; x_wconf 76' lang='grc' dir='ltr'>ἁγιασμοῖς,</span> <span class='ocrx_word' id='word_1_157' title='bbox 763 987 800 1018; x_wconf 83' lang='grc' dir='ltr'><strong>ὼς</strong></span> <span class='ocrx_word' id='word_1_158' title='bbox 816 986 902 1019; x_wconf 68' lang='grc' dir='ltr'>ἔλεγε,</span> 
     </span>
    </p>
   </div>
   <div class='ocr_carea' id='block_1_20' title="bbox 104 1033 902 1074">
    <p class='ocr_par' dir='ltr' id='par_1_20' title="bbox 104 1033 902 1074">
     <span class='ocr_line' id='line_1_20' title="bbox 104 1033 902 1074; baseline -0.01 -9"><span class='ocrx_word' id='word_1_159' title='bbox 104 1040 168 1074; x_wconf 75' lang='grc' dir='ltr'>περὶ</span> <span class='ocrx_word' id='word_1_160' title='bbox 185 1039 239 1074; x_wconf 74' lang='grc' dir='ltr'>τὴν</span> <span class='ocrx_word' id='word_1_161' title='bbox 264 1039 387 1071; x_wconf 72' lang='grc' dir='ltr'>σύζυγον</span> <span class='ocrx_word' id='word_1_162' title='bbox 403 1034 600 1070; x_wconf 83' lang='grc' dir='ltr'>άνομήσαντα),</span> <span class='ocrx_word' id='word_1_163' title='bbox 616 1035 701 1061; x_wconf 82' lang='grc' dir='ltr'>ταῦτα</span> <span class='ocrx_word' id='word_1_164' title='bbox 715 1033 761 1059; x_wconf 83' lang='grc' dir='ltr'>τοῦ</span> <span class='ocrx_word' id='word_1_165' title='bbox 782 1033 902 1068; x_wconf 80' lang='grc' dir='ltr'>Τερτερῆ</span> 
     </span>
    </p>
   </div>
   <div class='ocr_carea' id='block_1_21' title="bbox 101 1076 902 1118">
    <p class='ocr_par' dir='ltr' id='par_1_21' title="bbox 101 1076 902 1118">
     <span class='ocr_line' id='line_1_21' title="bbox 101 1076 902 1118; baseline -0.01 -9"><span class='ocrx_word' id='word_1_166' title='bbox 101 1083 331 1118; x_wconf 71' lang='grc' dir='ltr'>διαμηνιιομένου</span> <span class='ocrx_word' id='word_1_167' title='bbox 348 1082 397 1107; x_wconf 77' lang='grc' dir='ltr'>καὶ</span> <span class='ocrx_word' id='word_1_168' title='bbox 411 1081 459 1112; x_wconf 82' lang='grc' dir='ltr'><strong>τὰς</strong></span> <span class='ocrx_word' id='word_1_169' title='bbox 476 1079 586 1110; x_wconf 73' lang='grc' dir='ltr'>ἐσαῦθις</span> <span class='ocrx_word' id='word_1_170' title='bbox 603 1079 761 1112; x_wconf 81' lang='grc' dir='ltr'><strong>ἀγαπῶντος</strong></span> <span class='ocrx_word' id='word_1_171' title='bbox 777 1076 902 1108; x_wconf 72' lang='grc' dir='ltr'>σπονδὰς,</span> 
     </span>
    </p>
   </div>
   <div class='ocr_carea' id='block_1_22' title="bbox 103 1121 906 1162">
    <p class='ocr_par' dir='ltr' id='par_1_22' title="bbox 103 1121 906 1162">
     <span class='ocr_line' id='line_1_22' title="bbox 103 1121 906 1162; baseline -0.01 -7"><span class='ocrx_word' id='word_1_172' title='bbox 103 1129 278 1159; x_wconf 72' lang='grc' dir='ltr'>ἀποστείλας</span> <span class='ocrx_word' id='word_1_173' title='bbox 292 1129 306 1153; x_wconf 86' lang='grc' dir='ltr'>ὁ</span> <span class='ocrx_word' id='word_1_174' title='bbox 322 1127 454 1162; x_wconf 79' lang='grc' dir='ltr'>βασιλεὺς</span> <span class='ocrx_word' id='word_1_175' title='bbox 470 1126 518 1152; x_wconf 77' lang='grc' dir='ltr'>καὶ</span> <span class='ocrx_word' id='word_1_176' title='bbox 533 1125 645 1159; x_wconf 81' lang='grc' dir='ltr'>ἀγαγὼν</span> <span class='ocrx_word' id='word_1_177' title='bbox 661 1124 710 1157; x_wconf 81' lang='grc' dir='ltr'>τὴν</span> <span class='ocrx_word' id='word_1_178' title='bbox 727 1124 843 1157; x_wconf 83' lang='grc' dir='ltr'>γυναῖκα</span> <span class='ocrx_word' id='word_1_179' title='bbox 858 1121 906 1147; x_wconf 78' lang='grc' dir='ltr'><strong>Νι-</strong></span> 
     </span>
    </p>
   </div>
   <div class='ocr_carea' id='block_1_23' title="bbox 110 1193 930 1242">
    <p class='ocr_par' dir='ltr' id='par_1_23' title="bbox 110 1193 930 1242">
     <span class='ocr_line' id='line_1_23' title="bbox 110 1193 930 1242; baseline -0.009 -8"><span class='ocrx_word' id='word_1_180' title='bbox 110 1206 405 1242; x_wconf 81' lang='lat' dir='ltr'><strong>Pompeiopolitanum</strong></span> <span class='ocrx_word' id='word_1_181' title='bbox 424 1203 592 1239; x_wconf 84' lang='lat' dir='ltr'><strong>Dionysium.</strong></span> <span class='ocrx_word' id='word_1_182' title='bbox 613 1202 673 1238; x_wconf 85' lang='lat' dir='ltr'><strong>Syri</strong></span> <span class='ocrx_word' id='word_1_183' title='bbox 693 1209 758 1229; x_wconf 90' lang='lat' dir='ltr'><strong>vero</strong></span> <span class='ocrx_word' id='word_1_184' title='bbox 773 1201 903 1237; x_wconf 86' lang='lat' dir='ltr'><strong>Cyrillum</strong></span> <span class='ocrx_word' id='word_1_185' title='bbox 925 1193 930 1198; x_wconf 74' lang='grc'><em>’</em></span> 
     </span>
    </p>
   </div>
   <div class='ocr_carea' id='block_1_24' title="bbox 112 1248 904 1288">
    <p class='ocr_par' dir='ltr' id='par_1_24' title="bbox 112 1248 904 1288">
     <span class='ocr_line' id='line_1_24' title="bbox 112 1248 904 1288; baseline -0.009 -8"><span class='ocrx_word' id='word_1_186' title='bbox 112 1253 225 1288; x_wconf 78' lang='lat' dir='ltr'><strong>Tyrium</strong></span> <span class='ocrx_word' id='word_1_187' title='bbox 243 1253 272 1278; x_wconf 90' lang='lat' dir='ltr'><strong>in</strong></span> <span class='ocrx_word' id='word_1_188' title='bbox 289 1250 509 1286; x_wconf 86' lang='lat' dir='ltr'><strong>patriarchalum</strong></span> <span class='ocrx_word' id='word_1_189' title='bbox 545 1252 720 1276; x_wconf 82' lang='lat' dir='ltr'><strong>vocaverunt.</strong></span> <span class='ocrx_word' id='word_1_190' title='bbox 740 1248 814 1274; x_wconf 86' lang='lat' dir='ltr'><strong>Inter</strong></span> <span class='ocrx_word' id='word_1_191' title='bbox 844 1254 904 1280; x_wconf 65' lang='lat' dir='ltr'><strong>quae</strong></span> 
     </span>
    </p>
   </div>
   <div class='ocr_carea' id='block_1_25' title="bbox 115 1293 906 1331">
    <p class='ocr_par' dir='ltr' id='par_1_25' title="bbox 115 1293 906 1331">
     <span class='ocr_line' id='line_1_25' title="bbox 115 1293 906 1331; baseline -0.009 -5"><span class='ocrx_word' id='word_1_192' title='bbox 115 1300 290 1326; x_wconf 85' lang='lat' dir='ltr'><strong>deliberante</strong></span> <span class='ocrx_word' id='word_1_193' title='bbox 321 1305 355 1324; x_wconf 88' lang='lat' dir='ltr'><strong>ac</strong></span> <span class='ocrx_word' id='word_1_194' title='bbox 374 1297 529 1331; x_wconf 85' lang='lat' dir='ltr'><strong>trepidante</strong></span> <span class='ocrx_word' id='word_1_195' title='bbox 546 1295 676 1330; x_wconf 84' lang='lat' dir='ltr'><strong>Dionysio</strong></span> <span class='ocrx_word' id='word_1_196' title='bbox 705 1293 906 1329; x_wconf 65' lang='lat' dir='ltr'><strong>praeoccupavit</strong></span> 
     </span>
    </p>
   </div>
   <div class='ocr_carea' id='block_1_26' title="bbox 116 1340 931 1382">
    <p class='ocr_par' dir='ltr' id='par_1_26' title="bbox 116 1340 931 1382">
     <span class='ocr_line' id='line_1_26' title="bbox 116 1340 931 1382; baseline -0.009 -9"><span class='ocrx_word' id='word_1_197' title='bbox 116 1346 249 1373; x_wconf 77' lang='lat' dir='ltr'><strong>thronum</strong></span> <span class='ocrx_word' id='word_1_198' title='bbox 289 1344 419 1380; x_wconf 83' lang='lat' dir='ltr'><strong>Cyrillus,</strong></span> <span class='ocrx_word' id='word_1_199' title='bbox 446 1347 473 1370; x_wconf 83' lang='lat' dir='ltr'><strong>et</strong></span> <span class='ocrx_word' id='word_1_200' title='bbox 495 1343 523 1369; x_wconf 92' lang='lat' dir='ltr'><strong>in</strong></span> <span class='ocrx_word' id='word_1_201' title='bbox 545 1349 578 1370; x_wconf 80' lang='lat' dir='ltr'><strong>eo</strong></span> <span class='ocrx_word' id='word_1_202' title='bbox 606 1343 729 1368; x_wconf 73' lang='lat' dir='ltr'><strong>firmatus</strong></span> <span class='ocrx_word' id='word_1_203' title='bbox 753 1340 904 1375; x_wconf 67' lang='lat' dir='ltr'><strong>praevaluit.</strong></span> <span class='ocrx_word' id='word_1_204' title='bbox 927 1378 931 1382; x_wconf 38' lang='lat'><strong><em>.</em></strong></span> 
     </span>
    </p>
   </div>
   <div class='ocr_carea' id='block_1_27' title="bbox 117 1387 905 1428">
    <p class='ocr_par' dir='ltr' id='par_1_27' title="bbox 117 1387 905 1428">
     <span class='ocr_line' id='line_1_27' title="bbox 117 1387 905 1428; baseline -0.008 -10"><span class='ocrx_word' id='word_1_205' title='bbox 117 1392 200 1428; x_wconf 73' lang='lat' dir='ltr'><strong>Igitur</strong></span> <span class='ocrx_word' id='word_1_206' title='bbox 211 1391 431 1418; x_wconf 78' lang='lat' dir='ltr'><strong>Alexandrinum</strong></span> <span class='ocrx_word' id='word_1_207' title='bbox 448 1390 492 1416; x_wconf 90' lang='lat' dir='ltr'><strong>hic</strong></span> <span class='ocrx_word' id='word_1_208' title='bbox 509 1387 746 1422; x_wconf 86' lang='lat' dir='ltr'><strong>Constantinopoli</strong></span> <span class='ocrx_word' id='word_1_209' title='bbox 762 1388 905 1421; x_wconf 84' lang='lat' dir='ltr'><strong>degentem</strong></span> 
     </span>
    </p>
   </div>
   <div class='ocr_carea' id='block_1_28' title="bbox 119 1424 941 1474">
    <p class='ocr_par' dir='ltr' id='par_1_28' title="bbox 119 1424 941 1474">
     <span class='ocr_line' id='line_1_28' title="bbox 119 1424 941 1474; baseline -0.009 -9"><span class='ocrx_word' id='word_1_210' title='bbox 119 1439 193 1465; x_wconf 89' lang='lat' dir='ltr'><strong>nullo</strong></span> <span class='ocrx_word' id='word_1_211' title='bbox 222 1438 376 1464; x_wconf 81' lang='lat' dir='ltr'><strong>admodum</strong></span> <span class='ocrx_word' id='word_1_212' title='bbox 400 1437 502 1463; x_wconf 86' lang='lat' dir='ltr'><strong>doloris</strong></span> <span class='ocrx_word' id='word_1_213' title='bbox 519 1435 714 1466; x_wconf 82' lang='lat' dir='ltr'><strong>aﬂ&#39;ccilsensu,</strong></span> <span class='ocrx_word' id='word_1_214' title='bbox 737 1434 810 1468; x_wconf 91' lang='lat' dir='ltr'><strong>quod</strong></span> <span class='ocrx_word' id='word_1_215' title='bbox 835 1424 941 1474; x_wconf 84' lang='lat' dir='ltr'><strong>inter</strong></span> 
     </span>
    </p>
   </div>
   <div class='ocr_carea' id='block_1_29' title="bbox 121 1477 930 1519">
    <p class='ocr_par' dir='ltr' id='par_1_29' title="bbox 121 1477 930 1519">
     <span class='ocr_line' id='line_1_29' title="bbox 121 1477 930 1519; baseline -0.006 -9"><span class='ocrx_word' id='word_1_216' title='bbox 121 1483 296 1519; x_wconf 83' lang='lat' dir='ltr'><strong>patriarchas</strong></span> <span class='ocrx_word' id='word_1_217' title='bbox 315 1491 371 1509; x_wconf 89' lang='lat' dir='ltr'><strong>non</strong></span> <span class='ocrx_word' id='word_1_218' title='bbox 386 1483 548 1509; x_wconf 75' lang='lat' dir='ltr'><strong>recitaretur</strong></span> <span class='ocrx_word' id='word_1_219' title='bbox 575 1488 672 1508; x_wconf 84' lang='lat' dir='ltr'><strong>nomen</strong></span> <span class='ocrx_word' id='word_1_220' title='bbox 693 1482 773 1515; x_wconf 86' lang='lat' dir='ltr'><strong>ejus:</strong></span> <span class='ocrx_word' id='word_1_221' title='bbox 790 1477 930 1519; x_wconf 53' lang='lat' dir='ltr'><strong>sOcietas‘;</strong></span> 
     </span>
    </p>
   </div>
   <div class='ocr_carea' id='block_1_30' title="bbox 919 1503 939 1533">
    <p class='ocr_par' dir='ltr' id='par_1_30' title="bbox 919 1503 939 1533">
     <span class='ocr_line' id='line_1_30' title="bbox 919 1503 939 1533; baseline 0 -1"><span class='ocrx_word' id='word_1_222' title='bbox 919 1503 939 1533; x_wconf 72' lang='grc' dir='ltr'><strong>(ἲ</strong></span> 
     </span>
    </p>
   </div>
   <div class='ocr_carea' id='block_1_31' title="bbox 120 1526 906 1563">
    <p class='ocr_par' dir='ltr' id='par_1_31' title="bbox 120 1526 906 1563">
     <span class='ocr_line' id='line_1_31' title="bbox 120 1526 906 1563; baseline -0.005 -7"><span class='ocrx_word' id='word_1_223' title='bbox 120 1530 191 1556; x_wconf 84' lang='lat' dir='ltr'><strong>enim</strong></span> <span class='ocrx_word' id='word_1_224' title='bbox 209 1530 237 1556; x_wconf 93' lang='lat' dir='ltr'><strong>in</strong></span> <span class='ocrx_word' id='word_1_225' title='bbox 254 1529 311 1563; x_wconf 89' lang='lat' dir='ltr'><strong>pari</strong></span> <span class='ocrx_word' id='word_1_226' title='bbox 330 1533 405 1555; x_wconf 80' lang='lat' dir='ltr'><strong>sorte</strong></span> <span class='ocrx_word' id='word_1_227' title='bbox 424 1527 570 1554; x_wconf 88' lang='lat' dir='ltr'><strong>multorum</strong></span> <span class='ocrx_word' id='word_1_228' title='bbox 588 1528 719 1561; x_wconf 86' lang='lat' dir='ltr'><strong>privatam</strong></span> <span class='ocrx_word' id='word_1_229' title='bbox 745 1526 831 1560; x_wconf 82' lang='lat' dir='ltr'><strong>ipsius</strong></span> <span class='ocrx_word' id='word_1_230' title='bbox 847 1533 906 1552; x_wconf 86' lang='lat' dir='ltr'><strong>ino-</strong></span> 
     </span>
    </p>
   </div>
   <div class='ocr_carea' id='block_1_32' title="bbox 120 1571 909 1608">
    <p class='ocr_par' dir='ltr' id='par_1_32' title="bbox 120 1571 909 1608">
     <span class='ocr_line' id='line_1_32' title="bbox 120 1571 909 1608; baseline -0.005 -6"><span class='ocrx_word' id='word_1_231' title='bbox 120 1576 223 1602; x_wconf 85' lang='lat' dir='ltr'><strong>lestiam</strong></span> <span class='ocrx_word' id='word_1_232' title='bbox 239 1575 357 1602; x_wconf 79' lang='lat' dir='ltr'><strong>levabat.</strong></span> <span class='ocrx_word' id='word_1_233' title='bbox 382 1573 473 1608; x_wconf 75' lang='lat' dir='ltr'><strong>Neque</strong></span> <span class='ocrx_word' id='word_1_234' title='bbox 486 1581 548 1607; x_wconf 84' lang='lat' dir='ltr'><strong>spes</strong></span> <span class='ocrx_word' id='word_1_235' title='bbox 570 1573 607 1599; x_wconf 91' lang='lat' dir='ltr'><strong>illi</strong></span> <span class='ocrx_word' id='word_1_236' title='bbox 619 1573 709 1600; x_wconf 84' lang='lat' dir='ltr'><strong>oblata</strong></span> <span class='ocrx_word' id='word_1_237' title='bbox 727 1571 805 1598; x_wconf 89' lang='lat' dir='ltr'><strong>istius</strong></span> <span class='ocrx_word' id='word_1_238' title='bbox 822 1572 909 1598; x_wconf 89' lang='lat' dir='ltr'><strong>hono-</strong></span> 
     </span>
    </p>
   </div>
   <div class='ocr_carea' id='block_1_33' title="bbox 122 1620 908 1658">
    <p class='ocr_par' dir='ltr' id='par_1_33' title="bbox 122 1620 908 1658">
     <span class='ocr_line' id='line_1_33' title="bbox 122 1620 908 1658; baseline -0.008 -8"><span class='ocrx_word' id='word_1_239' title='bbox 122 1625 158 1652; x_wconf 88' lang='lat' dir='ltr'><strong>ris</strong></span> <span class='ocrx_word' id='word_1_240' title='bbox 179 1622 351 1658; x_wconf 79' lang='lat' dir='ltr'><strong>adipiscendi</strong></span> <span class='ocrx_word' id='word_1_241' title='bbox 368 1621 418 1656; x_wconf 82' lang='grc'><strong>57</strong></span> <span class='ocrx_word' id='word_1_242' title='bbox 440 1629 565 1656; x_wconf 75' lang='lat' dir='ltr'><strong>maguum</strong></span> <span class='ocrx_word' id='word_1_243' title='bbox 580 1620 675 1647; x_wconf 84' lang='lat' dir='ltr'><strong>habuit</strong></span> <span class='ocrx_word' id='word_1_244' title='bbox 699 1620 822 1651; x_wconf 87' lang='lat' dir='ltr'><strong>illieium,</strong></span> <span class='ocrx_word' id='word_1_245' title='bbox 839 1626 908 1652; x_wconf 75' lang='lat' dir='ltr'><strong>pra:-</strong></span> 
     </span>
    </p>
   </div>
   <div class='ocr_carea' id='block_1_34' title="bbox 121 1663 905 1704">
    <p class='ocr_par' dir='ltr' id='par_1_34' title="bbox 121 1663 905 1704">
     <span class='ocr_line' id='line_1_34' title="bbox 121 1663 905 1704; baseline -0.008 -8"><span class='ocrx_word' id='word_1_246' title='bbox 121 1669 381 1704; x_wconf 40' lang='lat' dir='ltr'><strong>sertimquod‘caro</strong></span> <span class='ocrx_word' id='word_1_247' title='bbox 400 1667 516 1693; x_wconf 76' lang='lat' dir='ltr'><strong>emenda</strong></span> <span class='ocrx_word' id='word_1_248' title='bbox 539 1669 747 1700; x_wconf 83' lang='lat' dir='ltr'><strong>proponeretur,</strong></span> <span class='ocrx_word' id='word_1_249' title='bbox 765 1669 861 1690; x_wconf 73' lang='lat' dir='ltr'><strong>exacta</strong></span> <span class='ocrx_word' id='word_1_250' title='bbox 877 1663 905 1690; x_wconf 86' lang='lat' dir='ltr'><strong>in</strong></span> 
     </span>
    </p>
   </div>
   <div class='ocr_carea' id='block_1_35' title="bbox 123 1709 906 1749">
    <p class='ocr_par' dir='ltr' id='par_1_35' title="bbox 123 1709 906 1749">
     <span class='ocr_line' id='line_1_35' title="bbox 123 1709 906 1749; baseline -0.009 -7"><span class='ocrx_word' id='word_1_251' title='bbox 123 1716 148 1743; x_wconf 87' lang='lat' dir='ltr'><strong>id</strong></span> <span class='ocrx_word' id='word_1_252' title='bbox 161 1714 391 1749; x_wconf 81' lang='lat' dir='ltr'><strong>comprobatione</strong></span> <span class='ocrx_word' id='word_1_253' title='bbox 407 1712 660 1740; x_wconf 83' lang='lat' dir='ltr'><strong>inconvenientiuin</strong></span> <span class='ocrx_word' id='word_1_254' title='bbox 677 1715 802 1737; x_wconf 86' lang='lat' dir='ltr'><strong>actorum</strong></span> <span class='ocrx_word' id='word_1_255' title='bbox 812 1709 906 1744; x_wconf 83' lang='lat' dir='ltr'><strong>synodi</strong></span> 
     </span>
    </p>
   </div>
   <div class='ocr_carea' id='block_1_36' title="bbox 122 1757 907 1796">
    <p class='ocr_par' dir='ltr' id='par_1_36' title="bbox 122 1757 907 1796">
     <span class='ocr_line' id='line_1_36' title="bbox 122 1757 907 1796; baseline -0.01 -8"><span class='ocrx_word' id='word_1_256' title='bbox 122 1761 266 1796; x_wconf 69' lang='lat' dir='ltr'><strong>praesentis</strong></span> <span class='ocrx_word' id='word_1_257' title='bbox 282 1769 289 1793; x_wconf 86' lang='lat'><strong>;</strong></span> <span class='ocrx_word' id='word_1_258' title='bbox 306 1766 426 1794; x_wconf 87' lang='lat' dir='ltr'><strong>quorum</strong></span> <span class='ocrx_word' id='word_1_259' title='bbox 450 1758 516 1792; x_wconf 89' lang='lat' dir='ltr'><strong>quin</strong></span> <span class='ocrx_word' id='word_1_260' title='bbox 546 1766 575 1784; x_wconf 88' lang='lat' dir='ltr'><strong>se</strong></span> <span class='ocrx_word' id='word_1_261' title='bbox 595 1757 709 1784; x_wconf 88' lang='lat' dir='ltr'><strong>fundum</strong></span> <span class='ocrx_word' id='word_1_262' title='bbox 726 1760 753 1783; x_wconf 88' lang='lat' dir='ltr'><strong>et</strong></span> <span class='ocrx_word' id='word_1_263' title='bbox 767 1760 907 1783; x_wconf 88' lang='lat' dir='ltr'><strong>auctorem</strong></span> 
     </span>
    </p>
   </div>
   <div class='ocr_carea' id='block_1_37' title="bbox 122 1803 907 1840">
    <p class='ocr_par' dir='ltr' id='par_1_37' title="bbox 122 1803 907 1840">
     <span class='ocr_line' id='line_1_37' title="bbox 122 1803 907 1840; baseline -0.008 -6"><span class='ocrx_word' id='word_1_264' title='bbox 122 1808 217 1840; x_wconf 81' lang='lat' dir='ltr'><strong>ferret,</strong></span> <span class='ocrx_word' id='word_1_265' title='bbox 232 1815 266 1834; x_wconf 90' lang='lat' dir='ltr'><strong>ac</strong></span> <span class='ocrx_word' id='word_1_266' title='bbox 281 1811 488 1840; x_wconf 88' lang='lat' dir='ltr'><strong>consequenter</strong></span> <span class='ocrx_word' id='word_1_267' title='bbox 502 1812 596 1832; x_wconf 90' lang='lat' dir='ltr'><strong>eorum</strong></span> <span class='ocrx_word' id='word_1_268' title='bbox 608 1803 738 1831; x_wconf 85' lang='lat' dir='ltr'><strong>invidiam</strong></span> <span class='ocrx_word' id='word_1_269' title='bbox 756 1803 784 1829; x_wconf 90' lang='lat' dir='ltr'><strong>in</strong></span> <span class='ocrx_word' id='word_1_270' title='bbox 800 1809 830 1829; x_wconf 88' lang='lat' dir='ltr'><strong>se</strong></span> <span class='ocrx_word' id='word_1_271' title='bbox 846 1810 907 1828; x_wconf 87' lang='lat' dir='ltr'><strong>sus-</strong></span> 
     </span>
    </p>
   </div>
   <div class='ocr_carea' id='block_1_38' title="bbox 122 1849 909 1889">
    <p class='ocr_par' dir='ltr' id='par_1_38' title="bbox 122 1849 909 1889">
     <span class='ocr_line' id='line_1_38' title="bbox 122 1849 909 1889; baseline -0.008 -8"><span class='ocrx_word' id='word_1_272' title='bbox 122 1855 238 1888; x_wconf 86' lang='lat' dir='ltr'><strong>ciperet,</strong></span> <span class='ocrx_word' id='word_1_273' title='bbox 255 1854 302 1888; x_wconf 88' lang='lat' dir='ltr'><strong>qui</strong></span> <span class='ocrx_word' id='word_1_274' title='bbox 323 1852 385 1879; x_wconf 88' lang='lat' dir='ltr'><strong>talia</strong></span> <span class='ocrx_word' id='word_1_275' title='bbox 403 1851 562 1886; x_wconf 77' lang='lat' dir='ltr'><strong>gerentibus</strong></span> <span class='ocrx_word' id='word_1_276' title='bbox 578 1849 804 1889; x_wconf 82' lang='lat' dir='ltr'><strong>communicaret,</strong></span> <span class='ocrx_word' id='word_1_277' title='bbox 822 1855 909 1876; x_wconf 79' lang='lat' dir='ltr'><strong>Vitare</strong></span> 
     </span>
    </p>
   </div>
   <div class='ocr_carea' id='block_1_39' title="bbox 123 1896 522 1936">
    <p class='ocr_par' dir='ltr' id='par_1_39' title="bbox 123 1896 522 1936">
     <span class='ocr_line' id='line_1_39' title="bbox 123 1896 522 1936; baseline -0.008 -8"><span class='ocrx_word' id='word_1_278' title='bbox 123 1909 177 1928; x_wconf 90' lang='lat' dir='ltr'><strong>non</strong></span> <span class='ocrx_word' id='word_1_279' title='bbox 199 1908 281 1936; x_wconf 87' lang='lat' dir='ltr'><strong>posse</strong></span> <span class='ocrx_word' id='word_1_280' title='bbox 294 1896 386 1926; x_wconf 62' lang='lat' dir='ltr'><strong>&#39;facile</strong></span> <span class='ocrx_word' id='word_1_281' title='bbox 403 1899 522 1926; x_wconf 84' lang='lat' dir='ltr'><strong>videbat.</strong></span> 
     </span>
    </p>
   </div>
   <div class='ocr_carea' id='block_1_40' title="bbox 347 1968 686 1996">
    <p class='ocr_par' dir='ltr' id='par_1_40' title="bbox 347 1968 686 1996">
     <span class='ocr_line' id='line_1_40' title="bbox 347 1968 686 1996; baseline -0.006 0"><span class='ocrx_word' id='word_1_282' title='bbox 347 1970 393 1996; x_wconf 70' lang='lat'><strong>‘20.</strong></span> <span class='ocrx_word' id='word_1_283' title='bbox 416 1968 452 1996; x_wconf 81' lang='lat' dir='ltr'><strong>De</strong></span> <span class='ocrx_word' id='word_1_284' title='bbox 468 1977 547 1996; x_wconf 78' lang='lat' dir='ltr'><strong>uxore</strong></span> <span class='ocrx_word' id='word_1_285' title='bbox 564 1968 686 1996; x_wconf 77' lang='lat' dir='ltr'><strong>Terteris.</strong></span> 
     </span>
    </p>
   </div>
   <div class='ocr_carea' id='block_1_41' title="bbox 159 2035 907 2068">
    <p class='ocr_par' dir='ltr' id='par_1_41' title="bbox 159 2035 907 2068">
     <span class='ocr_line' id='line_1_41' title="bbox 159 2035 907 2068; baseline -0.007 -2"><span class='ocrx_word' id='word_1_286' title='bbox 159 2039 260 2067; x_wconf 77' lang='lat' dir='ltr'><strong>Verum</strong></span> <span class='ocrx_word' id='word_1_287' title='bbox 283 2038 328 2064; x_wconf 85' lang='lat' dir='ltr'><strong>his</strong></span> <span class='ocrx_word' id='word_1_288' title='bbox 353 2037 443 2064; x_wconf 83' lang='lat' dir='ltr'><strong>adhuc</strong></span> <span class='ocrx_word' id='word_1_289' title='bbox 467 2036 494 2063; x_wconf 90' lang='lat' dir='ltr'><strong>in</strong></span> <span class='ocrx_word' id='word_1_290' title='bbox 511 2036 708 2063; x_wconf 80' lang='lat' dir='ltr'><strong>deliberatione</strong></span> <span class='ocrx_word' id='word_1_291' title='bbox 724 2035 907 2068; x_wconf 78' lang='lat' dir='ltr'><strong>versantibus,</strong></span> 
     </span>
    </p>
   </div>
   <div class='ocr_carea' id='block_1_42' title="bbox 123 2081 908 2119">
    <p class='ocr_par' dir='ltr' id='par_1_42' title="bbox 123 2081 908 2119">
     <span class='ocr_line' id='line_1_42' title="bbox 123 2081 908 2119; baseline -0.008 -7"><span class='ocrx_word' id='word_1_292' title='bbox 123 2085 237 2119; x_wconf 72' lang='lat' dir='ltr'><strong>contigit</strong></span> <span class='ocrx_word' id='word_1_293' title='bbox 255 2083 424 2109; x_wconf 70' lang='lat' dir='ltr'><strong>instauratio</strong></span> <span class='ocrx_word' id='word_1_294' title='bbox 455 2081 566 2108; x_wconf 74' lang='lat' dir='ltr'><strong>fmdcris</strong></span> <span class='ocrx_word' id='word_1_295' title='bbox 586 2082 658 2107; x_wconf 88' lang='lat' dir='ltr'><strong>inter</strong></span> <span class='ocrx_word' id='word_1_296' title='bbox 674 2081 864 2114; x_wconf 76' lang='lat' dir='ltr'><strong>imperatorem</strong></span> <span class='ocrx_word' id='word_1_297' title='bbox 880 2084 908 2106; x_wconf 89' lang='lat' dir='ltr'><strong>et</strong></span> 
     </span>
    </p>
   </div>
   <div class='ocr_carea' id='block_1_43' title="bbox 122 2126 908 2162">
    <p class='ocr_par' dir='ltr' id='par_1_43' title="bbox 122 2126 908 2162">
     <span class='ocr_line' id='line_1_43' title="bbox 122 2126 908 2162; baseline -0.008 -4"><span class='ocrx_word' id='word_1_298' title='bbox 122 2131 280 2158; x_wconf 78' lang='lat' dir='ltr'><strong>&#39;l&#39;ertercm.</strong></span> <span class='ocrx_word' id='word_1_299' title='bbox 297 2128 323 2155; x_wconf 85' lang='lat' dir='ltr'><strong>Is</strong></span> <span class='ocrx_word' id='word_1_300' title='bbox 341 2128 369 2154; x_wconf 93' lang='lat' dir='ltr'><strong>in</strong></span> <span class='ocrx_word' id='word_1_301' title='bbox 399 2135 510 2162; x_wconf 73' lang='lat' dir='ltr'><strong>regnum</strong></span> <span class='ocrx_word' id='word_1_302' title='bbox 524 2127 654 2161; x_wconf 69' lang='lat' dir='ltr'><strong>Bulgaria:</strong></span> <span class='ocrx_word' id='word_1_303' title='bbox 667 2133 728 2161; x_wconf 87' lang='lat' dir='ltr'><strong>post</strong></span> <span class='ocrx_word' id='word_1_304' title='bbox 739 2126 835 2153; x_wconf 76' lang='lat' dir='ltr'><strong>Asanis</strong></span> <span class='ocrx_word' id='word_1_305' title='bbox 846 2127 908 2153; x_wconf 88' lang='lat' dir='ltr'><strong>inde</strong></span> 
     </span>
    </p>
   </div>
   <div class='ocr_carea' id='block_1_44' title="bbox 953 285 1783 334">
    <p class='ocr_par' dir='ltr' id='par_1_44' title="bbox 953 285 1783 334">
     <span class='ocr_line' id='line_1_44' title="bbox 953 285 1783 334; baseline -0.005 -9"><span class='ocrx_word' id='word_1_306' title='bbox 953 285 1082 325; x_wconf 73' lang='grc' dir='ltr'>ἀδύνατον</span> <span class='ocrx_word' id='word_1_307' title='bbox 1097 296 1130 334; x_wconf 86' lang='grc' dir='ltr'>ἦν</span> <span class='ocrx_word' id='word_1_308' title='bbox 1146 285 1191 325; x_wconf 72' lang='grc' dir='ltr'>τὸν</span> <span class='ocrx_word' id='word_1_309' title='bbox 1214 285 1297 325; x_wconf 77' lang='grc' dir='ltr'>Ἀσὰν</span> <span class='ocrx_word' id='word_1_310' title='bbox 1313 297 1465 332; x_wconf 78' lang='grc' dir='ltr'>βασιλεύειν</span> <span class='ocrx_word' id='word_1_311' title='bbox 1491 297 1654 333; x_wconf 79' lang='grc' dir='ltr'>Βουλγάρων</span> <span class='ocrx_word' id='word_1_312' title='bbox 1671 304 1739 331; x_wconf 80' lang='grc' dir='ltr'>κρα-</span> <span class='ocrx_word' id='word_1_313' title='bbox 1772 285 1783 326; x_wconf 29' lang='lat' dir='ltr'><strong>Si</strong></span> 
     </span>
    </p>
   </div>
   <div class='ocr_carea' id='block_1_45' title="bbox 952 342 1739 380">
    <p class='ocr_par' dir='ltr' id='par_1_45' title="bbox 952 342 1739 380">
     <span class='ocr_line' id='line_1_45' title="bbox 952 342 1739 380; baseline -0.005 -9"><span class='ocrx_word' id='word_1_314' title='bbox 952 345 1114 376; x_wconf 78' lang='grc' dir='ltr'>ταιωϐἑντος</span> <span class='ocrx_word' id='word_1_315' title='bbox 1133 345 1181 380; x_wconf 74' lang='grc' dir='ltr'>ἤδη</span> <span class='ocrx_word' id='word_1_316' title='bbox 1198 345 1243 371; x_wconf 82' lang='grc' dir='ltr'>τοῦ</span> <span class='ocrx_word' id='word_1_317' title='bbox 1264 345 1396 380; x_wconf 82' lang='grc' dir='ltr'>Τερτερῆ,</span> <span class='ocrx_word' id='word_1_318' title='bbox 1422 343 1516 378; x_wconf 73' lang='grc' dir='ltr'>ἐκείνῳ</span> <span class='ocrx_word' id='word_1_319' title='bbox 1533 343 1583 376; x_wconf 84' lang='grc' dir='ltr'>μὲν</span> <span class='ocrx_word' id='word_1_320' title='bbox 1598 342 1739 368; x_wconf 80' lang='grc' dir='ltr'>σπένδεται</span> 
     </span>
    </p>
   </div>
   <div class='ocr_carea' id='block_1_46' title="bbox 954 387 1738 424">
    <p class='ocr_par' dir='ltr' id='par_1_46' title="bbox 954 387 1738 424">
     <span class='ocr_line' id='line_1_46' title="bbox 954 387 1738 424; baseline -0.006 -8"><span class='ocrx_word' id='word_1_321' title='bbox 954 390 1013 423; x_wconf 81' lang='grc' dir='ltr'>(τὰς</span> <span class='ocrx_word' id='word_1_322' title='bbox 1030 391 1084 424; x_wconf 74' lang='grc' dir='ltr'>γὰρ</span> <span class='ocrx_word' id='word_1_323' title='bbox 1110 389 1240 424; x_wconf 81' lang='grc' dir='ltr'>δυνάμεις</span> <span class='ocrx_word' id='word_1_324' title='bbox 1269 390 1312 423; x_wconf 77' lang='grc' dir='ltr'><strong>εῆς</strong></span> <span class='ocrx_word' id='word_1_325' title='bbox 1335 387 1484 422; x_wconf 82' lang='grc' dir='ltr'>Ῥωμαῖδος</span> <span class='ocrx_word' id='word_1_326' title='bbox 1505 387 1738 421; x_wconf 77' lang='grc' dir='ltr'>πολεμησειοὺσας</span> 
     </span>
    </p>
   </div>
   <div class='ocr_carea' id='block_1_47' title="bbox 954 432 1740 468">
    <p class='ocr_par' dir='ltr' id='par_1_47' title="bbox 954 432 1740 468">
     <span class='ocr_line' id='line_1_47' title="bbox 954 432 1740 468; baseline -0.006 -8"><span class='ocrx_word' id='word_1_327' title='bbox 954 434 1112 468; x_wconf 74' lang='grc' dir='ltr'>ἐκλείπειν),</span> <span class='ocrx_word' id='word_1_328' title='bbox 1141 434 1186 460; x_wconf 70' lang='grc' dir='ltr'><strong>τον</strong></span> <span class='ocrx_word' id='word_1_329' title='bbox 1211 433 1233 459; x_wconf 87' lang='grc' dir='ltr'><strong>δ’</strong></span> <span class='ocrx_word' id='word_1_330' title='bbox 1253 433 1332 459; x_wconf 77' lang='grc' dir='ltr'><strong>Ἀσὰν</strong></span> <span class='ocrx_word' id='word_1_331' title='bbox 1356 433 1426 458; x_wconf 84' lang='grc' dir='ltr'>κατὰ.</span> <span class='ocrx_word' id='word_1_332' title='bbox 1446 433 1495 462; x_wconf 75' lang='grc' dir='ltr'><strong>τὰς</strong></span> <span class='ocrx_word' id='word_1_333' title='bbox 1521 432 1653 466; x_wconf 79' lang='grc' dir='ltr'><strong>προτέρας</strong></span> <span class='ocrx_word' id='word_1_334' title='bbox 1678 439 1740 456; x_wconf 88' lang='grc' dir='ltr'>σνν-</span> 
     </span>
    </p>
   </div>
   <div class='ocr_carea' id='block_1_48' title="bbox 954 475 1740 513">
    <p class='ocr_par' dir='ltr' id='par_1_48' title="bbox 954 475 1740 513">
     <span class='ocr_line' id='line_1_48' title="bbox 954 475 1740 513; baseline -0.008 -7"><span class='ocrx_word' id='word_1_335' title='bbox 954 480 1047 510; x_wconf 82' lang='grc' dir='ltr'>Οεσίας</span> <span class='ocrx_word' id='word_1_336' title='bbox 1072 479 1118 505; x_wconf 77' lang='grc' dir='ltr'>τοῦ</span> <span class='ocrx_word' id='word_1_337' title='bbox 1148 479 1250 513; x_wconf 72' lang='grc' dir='ltr'>πατρὸς</span> <span class='ocrx_word' id='word_1_338' title='bbox 1275 478 1408 511; x_wconf 82' lang='grc' dir='ltr'><strong>δεσπότην</strong></span> <span class='ocrx_word' id='word_1_339' title='bbox 1432 476 1582 511; x_wconf 77' lang='grc' dir='ltr'><strong>Ῥωμαϊδος</strong></span> <span class='ocrx_word' id='word_1_340' title='bbox 1609 475 1740 501; x_wconf 71' lang='grc' dir='ltr'>ἀποκαθί-</span> 
     </span>
    </p>
   </div>
   <div class='ocr_carea' id='block_1_49' title="bbox 955 533 1061 560">
    <p class='ocr_par' dir='ltr' id='par_1_49' title="bbox 955 533 1061 560">
     <span class='ocr_line' id='line_1_49' title="bbox 955 533 1061 560; baseline 0 -8"><span class='ocrx_word' id='word_1_341' title='bbox 955 533 1061 560; x_wconf 82' lang='grc' dir='ltr'>στησιν.</span> 
     </span>
    </p>
   </div>
   <div class='ocr_carea' id='block_1_50' title="bbox 954 599 1740 636">
    <p class='ocr_par' dir='ltr' id='par_1_50' title="bbox 954 599 1740 636">
     <span class='ocr_line' id='line_1_50' title="bbox 954 599 1740 636; baseline -0.004 -7"><span class='ocrx_word' id='word_1_342' title='bbox 954 602 1008 629; x_wconf 84' lang='grc' dir='ltr'>κα’.</span> <span class='ocrx_word' id='word_1_343' title='bbox 1026 602 1095 636; x_wconf 76' lang='grc' dir='ltr'><strong>Περὶ</strong></span> <span class='ocrx_word' id='word_1_344' title='bbox 1121 601 1177 636; x_wconf 82' lang='grc' dir='ltr'><strong>τῆς</strong></span> <span class='ocrx_word' id='word_1_345' title='bbox 1200 601 1246 628; x_wconf 80' lang='grc' dir='ltr'><strong>ἐπ’</strong></span> <span class='ocrx_word' id='word_1_346' title='bbox 1266 601 1420 636; x_wconf 76' lang='grc' dir='ltr'><strong>ἀνατολὴν</strong></span> <span class='ocrx_word' id='word_1_347' title='bbox 1441 600 1596 633; x_wconf 76' lang='grc' dir='ltr'><strong>,βασιλέως</strong></span> <span class='ocrx_word' id='word_1_348' title='bbox 1616 599 1740 632; x_wconf 78' lang='grc' dir='ltr'><strong>ἐξελεύ-</strong></span> 
     </span>
    </p>
   </div>
   <div class='ocr_carea' id='block_1_51' title="bbox 1301 645 1389 670">
    <p class='ocr_par' dir='ltr' id='par_1_51' title="bbox 1301 645 1389 670">
     <span class='ocr_line' id='line_1_51' title="bbox 1301 645 1389 670; baseline 0 -7"><span class='ocrx_word' id='word_1_349' title='bbox 1301 645 1389 670; x_wconf 80' lang='grc' dir='ltr'>σεως.</span> 
     </span>
    </p>
   </div>
   <div class='ocr_carea' id='block_1_52' title="bbox 991 705 1740 742">
    <p class='ocr_par' dir='ltr' id='par_1_52' title="bbox 991 705 1740 742">
     <span class='ocr_line' id='line_1_52' title="bbox 991 705 1740 742; baseline -0.001 -9"><span class='ocrx_word' id='word_1_350' title='bbox 991 705 1033 741; x_wconf 87' lang='grc' dir='ltr'><strong>[Ρ.</strong></span> <span class='ocrx_word' id='word_1_351' title='bbox 1052 706 1099 742; x_wconf 66' lang='lat'><strong>55]</strong></span> <span class='ocrx_word' id='word_1_352' title='bbox 1113 706 1198 737; x_wconf 80' lang='grc' dir='ltr'>Αὐτὸς</span> <span class='ocrx_word' id='word_1_353' title='bbox 1208 705 1236 731; x_wconf 78' lang='grc' dir='ltr'><strong>δὲ</strong></span> <span class='ocrx_word' id='word_1_354' title='bbox 1248 705 1365 740; x_wconf 74' lang='grc' dir='ltr'>ἔμμονον</span> <span class='ocrx_word' id='word_1_355' title='bbox 1381 705 1515 740; x_wconf 75' lang='grc' dir='ltr'>μέριμναν</span> <span class='ocrx_word' id='word_1_356' title='bbox 1532 705 1599 740; x_wconf 76' lang='grc' dir='ltr'>ἔχων</span> <span class='ocrx_word' id='word_1_357' title='bbox 1615 705 1664 740; x_wconf 83' lang='grc' dir='ltr'><strong>τῆς</strong></span> <span class='ocrx_word' id='word_1_358' title='bbox 1675 706 1740 740; x_wconf 82' lang='grc' dir='ltr'>περὶ</span> 
     </span>
    </p>
   </div>
   <div class='ocr_carea' id='block_1_53' title="bbox 955 750 1740 786">
    <p class='ocr_par' dir='ltr' id='par_1_53' title="bbox 955 750 1740 786">
     <span class='ocr_line' id='line_1_53' title="bbox 955 750 1740 786; baseline 0.001 -10"><span class='ocrx_word' id='word_1_359' title='bbox 955 751 1004 786; x_wconf 83' lang='grc' dir='ltr'>τὴν</span> <span class='ocrx_word' id='word_1_360' title='bbox 1026 750 1187 785; x_wconf 80' lang='grc' dir='ltr'>Ἐκκλησίαν</span> <span class='ocrx_word' id='word_1_361' title='bbox 1208 750 1332 785; x_wconf 77' lang='grc' dir='ltr'>ὁμονοίας</span> <span class='ocrx_word' id='word_1_362' title='bbox 1350 751 1397 776; x_wconf 78' lang='grc' dir='ltr'>καὶ</span> <span class='ocrx_word' id='word_1_363' title='bbox 1425 751 1627 781; x_wconf 79' lang='grc' dir='ltr'>καταστάσεως,</span> <span class='ocrx_word' id='word_1_364' title='bbox 1652 751 1684 777; x_wconf 84' lang='grc' dir='ltr'><strong>δι’</strong></span> <span class='ocrx_word' id='word_1_365' title='bbox 1705 750 1740 785; x_wconf 81' lang='grc' dir='ltr'>ἥν</span> 
     </span>
    </p>
   </div>
   <div class='ocr_carea' id='block_1_54' title="bbox 956 796 1740 832">
    <p class='ocr_par' dir='ltr' id='par_1_54' title="bbox 956 796 1740 832">
     <span class='ocr_line' id='line_1_54' title="bbox 956 796 1740 832; baseline 0 -10"><span class='ocrx_word' id='word_1_366' title='bbox 956 798 1003 823; x_wconf 79' lang='grc' dir='ltr'>καὶ</span> <span class='ocrx_word' id='word_1_367' title='bbox 1018 796 1105 822; x_wconf 78' lang='grc' dir='ltr'>ταῦτα</span> <span class='ocrx_word' id='word_1_368' title='bbox 1120 796 1197 823; x_wconf 78' lang='grc' dir='ltr'>πάντ’</span> <span class='ocrx_word' id='word_1_369' title='bbox 1213 797 1364 832; x_wconf 75' lang='grc' dir='ltr'>ἐπράττετο</span> <span class='ocrx_word' id='word_1_370' title='bbox 1380 798 1408 832; x_wconf 73' lang='grc' dir='ltr'>(ἡ</span> <span class='ocrx_word' id='word_1_371' title='bbox 1424 797 1478 831; x_wconf 79' lang='grc' dir='ltr'><strong>γὰρ</strong></span> <span class='ocrx_word' id='word_1_372' title='bbox 1487 797 1540 822; x_wconf 83' lang='grc' dir='ltr'>τῶν</span> <span class='ocrx_word' id='word_1_373' title='bbox 1560 797 1740 831; x_wconf 75' lang='grc' dir='ltr'>’Δρσενιατῶν</span> 
     </span>
    </p>
   </div>
   <div class='ocr_carea' id='block_1_55' title="bbox 956 841 1741 877">
    <p class='ocr_par' dir='ltr' id='par_1_55' title="bbox 956 841 1741 877">
     <span class='ocr_line' id='line_1_55' title="bbox 956 841 1741 877; baseline -0.001 -9"><span class='ocrx_word' id='word_1_374' title='bbox 956 842 1134 873; x_wconf 77' lang='grc' dir='ltr'>ὲπισύστασις</span> <span class='ocrx_word' id='word_1_375' title='bbox 1155 841 1239 877; x_wconf 85' lang='grc' dir='ltr'>πολλή</span> <span class='ocrx_word' id='word_1_376' title='bbox 1255 851 1296 874; x_wconf 83' lang='grc' dir='ltr'><strong>τις</strong></span> <span class='ocrx_word' id='word_1_377' title='bbox 1311 842 1378 869; x_wconf 76' lang='grc' dir='ltr'>οὖσα</span> <span class='ocrx_word' id='word_1_378' title='bbox 1391 842 1438 868; x_wconf 82' lang='grc' dir='ltr'>καὶ</span> <span class='ocrx_word' id='word_1_379' title='bbox 1457 842 1517 868; x_wconf 81' lang='grc' dir='ltr'>καθ’</span> <span class='ocrx_word' id='word_1_380' title='bbox 1537 843 1655 877; x_wconf 81' lang='grc' dir='ltr'>ἑκάστην</span> <span class='ocrx_word' id='word_1_381' title='bbox 1672 842 1741 877; x_wconf 82' lang='grc' dir='ltr'>πλη-</span> 
     </span>
    </p>
   </div>
   <div class='ocr_carea' id='block_1_56' title="bbox 957 888 1741 924">
    <p class='ocr_par' dir='ltr' id='par_1_56' title="bbox 957 888 1741 924">
     <span class='ocr_line' id='line_1_56' title="bbox 957 888 1741 924; baseline -0.001 -8"><span class='ocrx_word' id='word_1_382' title='bbox 957 889 1074 924; x_wconf 80' lang='grc' dir='ltr'>θυομένη</span> <span class='ocrx_word' id='word_1_383' title='bbox 1087 890 1200 923; x_wconf 78' lang='grc' dir='ltr'>ἠρεμεῖν</span> <span class='ocrx_word' id='word_1_384' title='bbox 1215 889 1264 914; x_wconf 85' lang='grc' dir='ltr'>οὐκ</span> <span class='ocrx_word' id='word_1_385' title='bbox 1282 888 1348 923; x_wconf 71' lang='grc' dir='ltr'>εἶα),</span> <span class='ocrx_word' id='word_1_386' title='bbox 1373 889 1482 924; x_wconf 76' lang='grc' dir='ltr'>ἀπάρας</span> <span class='ocrx_word' id='word_1_387' title='bbox 1500 890 1547 924; x_wconf 77' lang='grc' dir='ltr'><strong>τῆς</strong></span> <span class='ocrx_word' id='word_1_388' title='bbox 1568 889 1741 915; x_wconf 76' lang='grc' dir='ltr'>Κωνσταντί-</span> 
     </span>
    </p>
   </div>
   <div class='ocr_carea' id='block_1_57' title="bbox 956 934 1739 971">
    <p class='ocr_par' dir='ltr' id='par_1_57' title="bbox 956 934 1739 971">
     <span class='ocr_line' id='line_1_57' title="bbox 956 934 1739 971; baseline 0 -11"><span class='ocrx_word' id='word_1_389' title='bbox 956 943 1002 961; x_wconf 87' lang='grc' dir='ltr'><strong>νου</strong></span> <span class='ocrx_word' id='word_1_390' title='bbox 1012 934 1056 960; x_wconf 79' lang='grc' dir='ltr'><strong>ἐπ’</strong></span> <span class='ocrx_word' id='word_1_391' title='bbox 1069 934 1200 968; x_wconf 73' lang='grc' dir='ltr'>ἀνατολῆς</span> <span class='ocrx_word' id='word_1_392' title='bbox 1215 934 1340 969; x_wconf 76' lang='grc' dir='ltr'>ἤλαυνεν,</span> <span class='ocrx_word' id='word_1_393' title='bbox 1356 935 1508 969; x_wconf 73' lang='grc' dir='ltr'>ἐπισκήψας</span> <span class='ocrx_word' id='word_1_394' title='bbox 1520 934 1567 960; x_wconf 76' lang='grc' dir='ltr'><strong>καὶ</strong></span> <span class='ocrx_word' id='word_1_395' title='bbox 1582 935 1739 971; x_wconf 79' lang='grc' dir='ltr'>πατριάρχῃ</span> 
     </span>
    </p>
   </div>
   <div class='ocr_carea' id='block_1_58' title="bbox 957 978 1740 1016">
    <p class='ocr_par' dir='ltr' id='par_1_58' title="bbox 957 978 1740 1016">
     <span class='ocr_line' id='line_1_58' title="bbox 957 978 1740 1016; baseline 0 -10"><span class='ocrx_word' id='word_1_396' title='bbox 957 981 1003 1006; x_wconf 72' lang='grc' dir='ltr'><strong>καὶ</strong></span> <span class='ocrx_word' id='word_1_397' title='bbox 1019 981 1073 1011; x_wconf 82' lang='grc' dir='ltr'>τοῖς</span> <span class='ocrx_word' id='word_1_398' title='bbox 1090 980 1202 1012; x_wconf 65' lang='grc' dir='ltr'>λοιποῖς,</span> <span class='ocrx_word' id='word_1_399' title='bbox 1221 980 1278 1006; x_wconf 72' lang='grc' dir='ltr'>ὅσοι</span> <span class='ocrx_word' id='word_1_400' title='bbox 1295 989 1325 1006; x_wconf 86' lang='grc' dir='ltr'><strong>τε</strong></span> <span class='ocrx_word' id='word_1_401' title='bbox 1342 980 1405 1016; x_wconf 69' lang='grc' dir='ltr'>περὶ</span> <span class='ocrx_word' id='word_1_402' title='bbox 1419 981 1464 1006; x_wconf 81' lang='grc' dir='ltr'>τὸν</span> <span class='ocrx_word' id='word_1_403' title='bbox 1487 982 1658 1015; x_wconf 66' lang='grc' dir='ltr'>πλτριάρχτμ</span> <span class='ocrx_word' id='word_1_404' title='bbox 1670 978 1740 1015; x_wconf 73' lang='grc' dir='ltr'>ἦσαν</span> 
     </span>
    </p>
   </div>
   <div class='ocr_carea' id='block_1_59' title="bbox 957 1021 1740 1063">
    <p class='ocr_par' dir='ltr' id='par_1_59' title="bbox 957 1021 1740 1063">
     <span class='ocr_line' id='line_1_59' title="bbox 957 1021 1740 1063; baseline 0 -10"><span class='ocrx_word' id='word_1_405' title='bbox 957 1028 1003 1053; x_wconf 80' lang='grc' dir='ltr'>καὶ</span> <span class='ocrx_word' id='word_1_406' title='bbox 1024 1027 1080 1054; x_wconf 77' lang='grc' dir='ltr'>ὅσοι</span> <span class='ocrx_word' id='word_1_407' title='bbox 1094 1028 1143 1062; x_wconf 82' lang='grc' dir='ltr'><strong>τῆς</strong></span> <span class='ocrx_word' id='word_1_408' title='bbox 1160 1027 1285 1058; x_wconf 75' lang='grc' dir='ltr'>ἐναντίας</span> <span class='ocrx_word' id='word_1_409' title='bbox 1307 1027 1413 1063; x_wconf 84' lang='grc' dir='ltr'>μοίρας,</span> <span class='ocrx_word' id='word_1_410' title='bbox 1432 1029 1520 1054; x_wconf 77' lang='grc' dir='ltr'>ἐκεῖσε</span> <span class='ocrx_word' id='word_1_411' title='bbox 1544 1028 1608 1063; x_wconf 85' lang='grc' dir='ltr'>περί</span> <span class='ocrx_word' id='word_1_412' title='bbox 1625 1036 1675 1053; x_wconf 82' lang='grc' dir='ltr'>που</span> <span class='ocrx_word' id='word_1_413' title='bbox 1690 1021 1740 1058; x_wconf 73' lang='grc' dir='ltr'>τὰς</span> 
     </span>
    </p>
   </div>
   <div class='ocr_carea' id='block_1_60' title="bbox 961 1073 1756 1108">
    <p class='ocr_par' dir='ltr' id='par_1_60' title="bbox 961 1073 1756 1108">
     <span class='ocr_line' id='line_1_60' title="bbox 961 1073 1756 1108; baseline 0 -9"><span class='ocrx_word' id='word_1_414' title='bbox 961 1073 1163 1104; x_wconf 76' lang='grc' dir='ltr'>Ὑποπλακίους</span> <span class='ocrx_word' id='word_1_415' title='bbox 1174 1073 1265 1108; x_wconf 78' lang='grc' dir='ltr'>Θήϐας</span> <span class='ocrx_word' id='word_1_416' title='bbox 1280 1074 1402 1108; x_wconf 82' lang='grc' dir='ltr'>ἁπαντᾲν</span> <span class='ocrx_word' id='word_1_417' title='bbox 1422 1073 1470 1108; x_wconf 80' lang='grc' dir='ltr'>τὴν</span> <span class='ocrx_word' id='word_1_418' title='bbox 1484 1073 1613 1108; x_wconf 82' lang='grc' dir='ltr'>ταχίστην</span> <span class='ocrx_word' id='word_1_419' title='bbox 1628 1073 1679 1099; x_wconf 84' lang='grc' dir='ltr'><strong>ὑπὸ</strong></span> <span class='ocrx_word' id='word_1_420' title='bbox 1692 1073 1740 1108; x_wconf 62' lang='grc' dir='ltr'><strong>βι-</strong></span> <span class='ocrx_word' id='word_1_421' title='bbox 1752 1084 1756 1093; x_wconf 81' lang='grc' dir='ltr'><strong>ι</strong></span> 
     </span>
    </p>
   </div>
   <div class='ocr_carea' id='block_1_61' title="bbox 958 1119 1740 1155">
    <p class='ocr_par' dir='ltr' id='par_1_61' title="bbox 958 1119 1740 1155">
     <span class='ocr_line' id='line_1_61' title="bbox 958 1119 1740 1155; baseline 0 -10"><span class='ocrx_word' id='word_1_422' title='bbox 958 1119 1076 1150; x_wconf 82' lang='grc' dir='ltr'>σιλικαῖς</span> <span class='ocrx_word' id='word_1_423' title='bbox 1098 1119 1222 1155; x_wconf 74' lang='grc' dir='ltr'>τριήρεσι</span> <span class='ocrx_word' id='word_1_424' title='bbox 1236 1127 1265 1145; x_wconf 88' lang='grc' dir='ltr'><strong>τε</strong></span> <span class='ocrx_word' id='word_1_425' title='bbox 1281 1119 1329 1145; x_wconf 75' lang='grc' dir='ltr'>καὶ</span> <span class='ocrx_word' id='word_1_426' title='bbox 1349 1120 1475 1154; x_wconf 71' lang='grc' dir='ltr'>ὲφοδίοι,,</span> <span class='ocrx_word' id='word_1_427' title='bbox 1494 1119 1530 1150; x_wconf 84' lang='grc' dir='ltr'>ὡς</span> <span class='ocrx_word' id='word_1_428' title='bbox 1547 1120 1604 1145; x_wconf 81' lang='grc' dir='ltr'>ἐκεῖ</span> <span class='ocrx_word' id='word_1_429' title='bbox 1629 1119 1740 1154; x_wconf 76' lang='grc' dir='ltr'>κινηθη-</span> 
     </span>
    </p>
   </div>
   <div class='ocr_carea' id='block_1_62' title="bbox 961 1198 1741 1235">
    <p class='ocr_par' dir='ltr' id='par_1_62' title="bbox 961 1198 1741 1235">
     <span class='ocr_line' id='line_1_62' title="bbox 961 1198 1741 1235; baseline 0.001 -9"><span class='ocrx_word' id='word_1_430' title='bbox 961 1199 1136 1234; x_wconf 84' lang='lat' dir='ltr'><strong>possessione</strong></span> <span class='ocrx_word' id='word_1_431' title='bbox 1157 1198 1324 1228; x_wconf 80' lang='lat' dir='ltr'><strong>validissime</strong></span> <span class='ocrx_word' id='word_1_432' title='bbox 1347 1199 1470 1227; x_wconf 71' lang='lat' dir='ltr'><strong>[innatus</strong></span> <span class='ocrx_word' id='word_1_433' title='bbox 1497 1204 1642 1235; x_wconf 87' lang='lat' dir='ltr'><strong>appareret</strong></span> <span class='ocrx_word' id='word_1_434' title='bbox 1677 1199 1741 1227; x_wconf 85' lang='lat' dir='ltr'><strong>l‘er-</strong></span> 
     </span>
    </p>
   </div>
   <div class='ocr_carea' id='block_1_63' title="bbox 959 1246 1740 1281">
    <p class='ocr_par' dir='ltr' id='par_1_63' title="bbox 959 1246 1740 1281">
     <span class='ocr_line' id='line_1_63' title="bbox 959 1246 1740 1281; baseline 0.001 -8"><span class='ocrx_word' id='word_1_435' title='bbox 959 1251 1044 1279; x_wconf 85' lang='lat' dir='ltr'><strong>teres,</strong></span> <span class='ocrx_word' id='word_1_436' title='bbox 1059 1246 1191 1281; x_wconf 86' lang='lat' dir='ltr'><strong>optimum</strong></span> <span class='ocrx_word' id='word_1_437' title='bbox 1207 1246 1278 1273; x_wconf 90' lang='lat' dir='ltr'><strong>factu</strong></span> <span class='ocrx_word' id='word_1_438' title='bbox 1295 1246 1558 1281; x_wconf 85' lang='lat' dir='ltr'><strong>putavitimperator</strong></span> <span class='ocrx_word' id='word_1_439' title='bbox 1573 1247 1663 1274; x_wconf 75' lang='lat' dir='ltr'><strong>ftedus</strong></span> <span class='ocrx_word' id='word_1_440' title='bbox 1678 1255 1740 1274; x_wconf 92' lang='lat' dir='ltr'><strong>cum</strong></span> 
     </span>
    </p>
   </div>
   <div class='ocr_carea' id='block_1_64' title="bbox 959 1291 1743 1326">
    <p class='ocr_par' dir='ltr' id='par_1_64' title="bbox 959 1291 1743 1326">
     <span class='ocr_line' id='line_1_64' title="bbox 959 1291 1743 1326; baseline 0.004 -8"><span class='ocrx_word' id='word_1_441' title='bbox 959 1291 1011 1318; x_wconf 89' lang='lat' dir='ltr'><strong>hoc</strong></span> <span class='ocrx_word' id='word_1_442' title='bbox 1035 1292 1117 1324; x_wconf 85' lang='lat' dir='ltr'><strong>icere,</strong></span> <span class='ocrx_word' id='word_1_443' title='bbox 1143 1292 1236 1326; x_wconf 88' lang='lat' dir='ltr'><strong>utique</strong></span> <span class='ocrx_word' id='word_1_444' title='bbox 1253 1299 1350 1326; x_wconf 86' lang='lat' dir='ltr'><strong>parum</strong></span> <span class='ocrx_word' id='word_1_445' title='bbox 1373 1293 1406 1319; x_wconf 86' lang='lat' dir='ltr'><strong>ad</strong></span> <span class='ocrx_word' id='word_1_446' title='bbox 1431 1301 1542 1320; x_wconf 89' lang='lat' dir='ltr'><strong>manum</strong></span> <span class='ocrx_word' id='word_1_447' title='bbox 1564 1293 1666 1321; x_wconf 86' lang='lat' dir='ltr'><strong>habens</strong></span> <span class='ocrx_word' id='word_1_448' title='bbox 1691 1295 1743 1321; x_wconf 73' lang='lat' dir='ltr'><strong>lto-</strong></span> 
     </span>
    </p>
   </div>
   <div class='ocr_carea' id='block_1_65' title="bbox 959 1339 1743 1377">
    <p class='ocr_par' dir='ltr' id='par_1_65' title="bbox 959 1339 1743 1377">
     <span class='ocr_line' id='line_1_65' title="bbox 959 1339 1743 1377; baseline 0.005 -13"><span class='ocrx_word' id='word_1_449' title='bbox 959 1345 1102 1365; x_wconf 86' lang='lat' dir='ltr'><strong>manarum</strong></span> <span class='ocrx_word' id='word_1_450' title='bbox 1152 1339 1292 1374; x_wconf 81' lang='lat' dir='ltr'><strong>copiarum</strong></span> <span class='ocrx_word' id='word_1_451' title='bbox 1333 1339 1463 1367; x_wconf 88' lang='lat' dir='ltr'><strong>alaerium</strong></span> <span class='ocrx_word' id='word_1_452' title='bbox 1507 1340 1541 1367; x_wconf 91' lang='lat' dir='ltr'><strong>ad</strong></span> <span class='ocrx_word' id='word_1_453' title='bbox 1575 1348 1680 1377; x_wconf 76' lang='lat' dir='ltr'><strong>pugnas</strong></span> <span class='ocrx_word' id='word_1_454' title='bbox 1715 1346 1743 1368; x_wconf 86' lang='lat' dir='ltr'><strong>et</strong></span> 
     </span>
    </p>
   </div>
   <div class='ocr_carea' id='block_1_66' title="bbox 960 1384 1743 1419">
    <p class='ocr_par' dir='ltr' id='par_1_66' title="bbox 960 1384 1743 1419">
     <span class='ocr_line' id='line_1_66' title="bbox 960 1384 1743 1419; baseline 0.006 -9"><span class='ocrx_word' id='word_1_455' title='bbox 960 1384 993 1410; x_wconf 88' lang='lat' dir='ltr'><strong>ad</strong></span> <span class='ocrx_word' id='word_1_456' title='bbox 1010 1392 1066 1410; x_wconf 90' lang='lat' dir='ltr'><strong>rem</strong></span> <span class='ocrx_word' id='word_1_457' title='bbox 1083 1384 1152 1412; x_wconf 87' lang='lat' dir='ltr'><strong>bene</strong></span> <span class='ocrx_word' id='word_1_458' title='bbox 1166 1386 1314 1419; x_wconf 78' lang='lat' dir='ltr'><strong>gerendam</strong></span> <span class='ocrx_word' id='word_1_459' title='bbox 1334 1393 1396 1413; x_wconf 89' lang='lat' dir='ltr'><strong>cum</strong></span> <span class='ocrx_word' id='word_1_460' title='bbox 1420 1391 1474 1414; x_wconf 86' lang='lat' dir='ltr'><strong>tam</strong></span> <span class='ocrx_word' id='word_1_461' title='bbox 1503 1388 1595 1415; x_wconf 89' lang='lat' dir='ltr'><strong>vicino</strong></span> <span class='ocrx_word' id='word_1_462' title='bbox 1616 1393 1743 1415; x_wconf 91' lang='lat' dir='ltr'><strong>strenuo—</strong></span> 
     </span>
    </p>
   </div>
   <div class='ocr_carea' id='block_1_67' title="bbox 960 1432 1741 1469">
    <p class='ocr_par' dir='ltr' id='par_1_67' title="bbox 960 1432 1741 1469">
     <span class='ocr_line' id='line_1_67' title="bbox 960 1432 1741 1469; baseline 0.008 -13"><span class='ocrx_word' id='word_1_463' title='bbox 960 1438 1013 1465; x_wconf 91' lang='lat' dir='ltr'><strong>quc</strong></span> <span class='ocrx_word' id='word_1_464' title='bbox 1032 1432 1109 1458; x_wconf 83' lang='lat' dir='ltr'><strong>hoste</strong></span> <span class='ocrx_word' id='word_1_465' title='bbox 1133 1437 1320 1466; x_wconf 87' lang='lat' dir='ltr'><strong>promptarum</strong></span> <span class='ocrx_word' id='word_1_466' title='bbox 1339 1433 1416 1460; x_wconf 83' lang='lat' dir='ltr'><strong>satis.</strong></span> <span class='ocrx_word' id='word_1_467' title='bbox 1441 1434 1577 1461; x_wconf 76' lang='lat' dir='ltr'><strong>Convenit</strong></span> <span class='ocrx_word' id='word_1_468' title='bbox 1596 1442 1661 1469; x_wconf 79' lang='lat' dir='ltr'><strong>ergo</strong></span> <span class='ocrx_word' id='word_1_469' title='bbox 1679 1443 1741 1462; x_wconf 92' lang='lat' dir='ltr'><strong>cum</strong></span> 
     </span>
    </p>
   </div>
   <div class='ocr_carea' id='block_1_68' title="bbox 960 1476 1742 1516">
    <p class='ocr_par' dir='ltr' id='par_1_68' title="bbox 960 1476 1742 1516">
     <span class='ocr_line' id='line_1_68' title="bbox 960 1476 1742 1516; baseline 0.01 -13"><span class='ocrx_word' id='word_1_470' title='bbox 960 1476 1088 1511; x_wconf 74' lang='lat' dir='ltr'><strong>Bulgaro,</strong></span> <span class='ocrx_word' id='word_1_471' title='bbox 1110 1478 1204 1511; x_wconf 84' lang='lat' dir='ltr'><strong>Asani,</strong></span> <span class='ocrx_word' id='word_1_472' title='bbox 1230 1479 1307 1513; x_wconf 76' lang='lat' dir='ltr'><strong>juxta</strong></span> <span class='ocrx_word' id='word_1_473' title='bbox 1321 1485 1399 1514; x_wconf 88' lang='lat' dir='ltr'><strong>pacta</strong></span> <span class='ocrx_word' id='word_1_474' title='bbox 1416 1481 1492 1515; x_wconf 88' lang='lat' dir='ltr'><strong>prius</strong></span> <span class='ocrx_word' id='word_1_475' title='bbox 1506 1489 1521 1508; x_wconf 83' lang='lat' dir='ltr'><strong>a</strong></span> <span class='ocrx_word' id='word_1_476' title='bbox 1539 1487 1615 1516; x_wconf 85' lang='lat' dir='ltr'><strong>patre</strong></span> <span class='ocrx_word' id='word_1_477' title='bbox 1631 1491 1692 1510; x_wconf 88' lang='lat' dir='ltr'><strong>cum</strong></span> <span class='ocrx_word' id='word_1_478' title='bbox 1709 1492 1742 1511; x_wconf 93' lang='lat' dir='ltr'><strong>eo</strong></span> 
     </span>
    </p>
   </div>
   <div class='ocr_carea' id='block_1_69' title="bbox 934 1521 1741 1564">
    <p class='ocr_par' dir='ltr' id='par_1_69' title="bbox 934 1521 1741 1564">
     <span class='ocr_line' id='line_1_69' title="bbox 934 1521 1741 1564; baseline 0.01 -15"><span class='ocrx_word' id='word_1_479' title='bbox 934 1521 941 1532; x_wconf 84' lang='lat'>&#39;</span> <span class='ocrx_word' id='word_1_480' title='bbox 957 1523 1037 1556; x_wconf 86' lang='lat' dir='ltr'><strong>inita,</strong></span> <span class='ocrx_word' id='word_1_481' title='bbox 1074 1524 1236 1559; x_wconf 78' lang='lat' dir='ltr'><strong>dignitatem</strong></span> <span class='ocrx_word' id='word_1_482' title='bbox 1269 1525 1390 1560; x_wconf 81' lang='lat' dir='ltr'><strong>despota:</strong></span> <span class='ocrx_word' id='word_1_483' title='bbox 1404 1527 1546 1555; x_wconf 82' lang='lat' dir='ltr'><strong>Romaidis</strong></span> <span class='ocrx_word' id='word_1_484' title='bbox 1568 1530 1595 1556; x_wconf 90' lang='lat' dir='ltr'><strong>in</strong></span> <span class='ocrx_word' id='word_1_485' title='bbox 1617 1531 1741 1564; x_wconf 77' lang='lat' dir='ltr'><strong>qnalem~</strong></span> 
     </span>
    </p>
   </div>
   <div class='ocr_carea' id='block_1_70' title="bbox 958 1571 1704 1607">
    <p class='ocr_par' dir='ltr' id='par_1_70' title="bbox 958 1571 1704 1607">
     <span class='ocr_line' id='line_1_70' title="bbox 958 1571 1704 1607; baseline 0.008 -11"><span class='ocrx_word' id='word_1_486' title='bbox 958 1578 1074 1604; x_wconf 89' lang='lat' dir='ltr'><strong>cumque</strong></span> <span class='ocrx_word' id='word_1_487' title='bbox 1090 1572 1175 1604; x_wconf 83' lang='lat' dir='ltr'><strong>regni-</strong></span> <span class='ocrx_word' id='word_1_488' title='bbox 1188 1571 1282 1598; x_wconf 85' lang='lat' dir='ltr'><strong>amissi</strong></span> <span class='ocrx_word' id='word_1_489' title='bbox 1299 1574 1550 1607; x_wconf 84' lang='lat' dir='ltr'><strong>compensationem</strong></span> <span class='ocrx_word' id='word_1_490' title='bbox 1568 1575 1704 1603; x_wconf 86' lang='lat' dir='ltr'><strong>tribuens.</strong></span> 
     </span>
    </p>
   </div>
   <div class='ocr_carea' id='block_1_71' title="bbox 1019 1638 1674 1675">
    <p class='ocr_par' dir='ltr' id='par_1_71' title="bbox 1019 1638 1674 1675">
     <span class='ocr_line' id='line_1_71' title="bbox 1019 1638 1674 1675; baseline 0.006 -10"><span class='ocrx_word' id='word_1_491' title='bbox 1019 1639 1064 1665; x_wconf 72' lang='lat' dir='ltr'><strong>2L</strong></span> <span class='ocrx_word' id='word_1_492' title='bbox 1079 1638 1118 1665; x_wconf 86' lang='lat' dir='ltr'><strong>De</strong></span> <span class='ocrx_word' id='word_1_493' title='bbox 1135 1639 1297 1674; x_wconf 75' lang='lat' dir='ltr'><strong>profectione</strong></span> <span class='ocrx_word' id='word_1_494' title='bbox 1309 1641 1475 1675; x_wconf 73' lang='lat' dir='ltr'><strong>imperatoris</strong></span> <span class='ocrx_word' id='word_1_495' title='bbox 1489 1642 1516 1668; x_wconf 84' lang='lat' dir='ltr'><strong>in</strong></span> <span class='ocrx_word' id='word_1_496' title='bbox 1531 1641 1674 1670; x_wconf 75' lang='lat' dir='ltr'><strong>Orientem.</strong></span> 
     </span>
    </p>
   </div>
   <div class='ocr_carea' id='block_1_72' title="bbox 995 1707 1742 1746">
    <p class='ocr_par' dir='ltr' id='par_1_72' title="bbox 995 1707 1742 1746">
     <span class='ocr_line' id='line_1_72' title="bbox 995 1707 1742 1746; baseline 0.007 -12"><span class='ocrx_word' id='word_1_497' title='bbox 995 1707 1051 1735; x_wconf 78' lang='lat' dir='ltr'><strong>Hac</strong></span> <span class='ocrx_word' id='word_1_498' title='bbox 1067 1715 1132 1735; x_wconf 88' lang='lat' dir='ltr'><strong>cura</strong></span> <span class='ocrx_word' id='word_1_499' title='bbox 1162 1708 1252 1736; x_wconf 87' lang='lat' dir='ltr'><strong>soluto</strong></span> <span class='ocrx_word' id='word_1_500' title='bbox 1277 1708 1433 1744; x_wconf 88' lang='lat' dir='ltr'><strong>imperatori</strong></span> <span class='ocrx_word' id='word_1_501' title='bbox 1459 1710 1548 1737; x_wconf 81' lang='lat' dir='ltr'><strong>acrior</strong></span> <span class='ocrx_word' id='word_1_502' title='bbox 1562 1711 1614 1739; x_wconf 86' lang='lat' dir='ltr'><strong>alia</strong></span> <span class='ocrx_word' id='word_1_503' title='bbox 1640 1717 1742 1746; x_wconf 86' lang='lat' dir='ltr'><strong>etper-</strong></span> 
     </span>
    </p>
   </div>
   <div class='ocr_carea' id='block_1_73' title="bbox 959 1755 1741 1790">
    <p class='ocr_par' dir='ltr' id='par_1_73' title="bbox 959 1755 1741 1790">
     <span class='ocr_line' id='line_1_73' title="bbox 959 1755 1741 1790; baseline 0.008 -10"><span class='ocrx_word' id='word_1_504' title='bbox 959 1755 1128 1781; x_wconf 87' lang='lat' dir='ltr'><strong>severantior</strong></span> <span class='ocrx_word' id='word_1_505' title='bbox 1156 1755 1239 1782; x_wconf 87' lang='lat' dir='ltr'><strong>altius</strong></span> <span class='ocrx_word' id='word_1_506' title='bbox 1278 1756 1413 1783; x_wconf 85' lang='lat' dir='ltr'><strong>insidebat</strong></span> <span class='ocrx_word' id='word_1_507' title='bbox 1456 1758 1559 1790; x_wconf 89' lang='lat' dir='ltr'><strong>animo,</strong></span> <span class='ocrx_word' id='word_1_508' title='bbox 1587 1760 1741 1786; x_wconf 75' lang='lat' dir='ltr'><strong>concordia:</strong></span> 
     </span>
    </p>
   </div>
   <div class='ocr_carea' id='block_1_74' title="bbox 959 1801 1741 1840">
    <p class='ocr_par' dir='ltr' id='par_1_74' title="bbox 959 1801 1741 1840">
     <span class='ocr_line' id='line_1_74' title="bbox 959 1801 1741 1840; baseline 0.006 -12"><span class='ocrx_word' id='word_1_509' title='bbox 959 1801 1068 1828; x_wconf 87' lang='lat' dir='ltr'><strong>tandem</strong></span> <span class='ocrx_word' id='word_1_510' title='bbox 1083 1801 1239 1836; x_wconf 33' lang='lat' dir='ltr'><strong>injEcclesia</strong></span> <span class='ocrx_word' id='word_1_511' title='bbox 1253 1802 1325 1829; x_wconf 83' lang='lat' dir='ltr'><strong>bona</strong></span> <span class='ocrx_word' id='word_1_512' title='bbox 1340 1803 1391 1830; x_wconf 85' lang='lat' dir='ltr'><strong>[ide</strong></span> <span class='ocrx_word' id='word_1_513' title='bbox 1406 1804 1566 1835; x_wconf 84' lang='lat' dir='ltr'><strong>statuendae,</strong></span> <span class='ocrx_word' id='word_1_514' title='bbox 1591 1803 1646 1840; x_wconf 79' lang='lat'><strong>58</strong></span> <span class='ocrx_word' id='word_1_515' title='bbox 1659 1814 1741 1839; x_wconf 87' lang='lat' dir='ltr'><strong>quam</strong></span> 
     </span>
    </p>
   </div>
   <div class='ocr_carea' id='block_1_75' title="bbox 959 1848 1742 1883">
    <p class='ocr_par' dir='ltr' id='par_1_75' title="bbox 959 1848 1742 1883">
     <span class='ocr_line' id='line_1_75' title="bbox 959 1848 1742 1883; baseline 0.006 -8"><span class='ocrx_word' id='word_1_516' title='bbox 959 1848 1039 1875; x_wconf 83' lang='lat' dir='ltr'><strong>unice</strong></span> <span class='ocrx_word' id='word_1_517' title='bbox 1055 1848 1088 1875; x_wconf 85' lang='lat' dir='ltr'><strong>ad</strong></span> <span class='ocrx_word' id='word_1_518' title='bbox 1100 1855 1155 1875; x_wconf 88' lang='lat' dir='ltr'><strong>rem</strong></span> <span class='ocrx_word' id='word_1_519' title='bbox 1167 1848 1218 1875; x_wconf 88' lang='lat' dir='ltr'><strong>etsi</strong></span> <span class='ocrx_word' id='word_1_520' title='bbox 1236 1853 1332 1876; x_wconf 88' lang='lat' dir='ltr'><strong>cuncta</strong></span> <span class='ocrx_word' id='word_1_521' title='bbox 1349 1856 1409 1883; x_wconf 71' lang='lat' dir='ltr'><strong>qua:</strong></span> <span class='ocrx_word' id='word_1_522' title='bbox 1424 1857 1498 1876; x_wconf 91' lang='lat' dir='ltr'><strong>nunc</strong></span> <span class='ocrx_word' id='word_1_523' title='bbox 1510 1851 1626 1878; x_wconf 61' lang='lat' dir='ltr'><strong>maxime</strong></span> <span class='ocrx_word' id='word_1_524' title='bbox 1645 1855 1742 1880; x_wconf 84' lang='lat' dir='ltr'><strong>tierent</strong></span> 
     </span>
    </p>
   </div>
   <div class='ocr_carea' id='block_1_76' title="bbox 960 1895 1742 1926">
    <p class='ocr_par' dir='ltr' id='par_1_76' title="bbox 960 1895 1742 1926">
     <span class='ocr_line' id='line_1_76' title="bbox 960 1895 1742 1926; baseline 0.005 -5"><span class='ocrx_word' id='word_1_525' title='bbox 960 1895 1160 1926; x_wconf 80' lang='lat' dir='ltr'><strong>referebantur,</strong></span> <span class='ocrx_word' id='word_1_526' title='bbox 1179 1898 1271 1921; x_wconf 89' lang='lat' dir='ltr'><strong>tamen</strong></span> <span class='ocrx_word' id='word_1_527' title='bbox 1292 1895 1358 1921; x_wconf 89' lang='lat' dir='ltr'><strong>nihil</strong></span> <span class='ocrx_word' id='word_1_528' title='bbox 1372 1895 1520 1922; x_wconf 84' lang='lat' dir='ltr'><strong>admodum</strong></span> <span class='ocrx_word' id='word_1_529' title='bbox 1537 1896 1669 1924; x_wconf 84' lang='lat' dir='ltr'><strong>hactenus</strong></span> <span class='ocrx_word' id='word_1_530' title='bbox 1681 1906 1742 1925; x_wconf 77' lang='lat' dir='ltr'><strong>esse</strong></span> 
     </span>
    </p>
   </div>
   <div class='ocr_carea' id='block_1_77' title="bbox 959 1940 1739 1976">
    <p class='ocr_par' dir='ltr' id='par_1_77' title="bbox 959 1940 1739 1976">
     <span class='ocr_line' id='line_1_77' title="bbox 959 1940 1739 1976; baseline 0.006 -10"><span class='ocrx_word' id='word_1_531' title='bbox 959 1940 1112 1974; x_wconf 74' lang='lat' dir='ltr'><strong>profectum</strong></span> <span class='ocrx_word' id='word_1_532' title='bbox 1143 1940 1304 1974; x_wconf 78' lang='lat' dir='ltr'><strong>apparebat.</strong></span> <span class='ocrx_word' id='word_1_533' title='bbox 1332 1940 1403 1976; x_wconf 72' lang='lat' dir='ltr'><strong>Ergo</strong></span> <span class='ocrx_word' id='word_1_534' title='bbox 1421 1941 1566 1968; x_wconf 89' lang='lat' dir='ltr'><strong>sollicitum</strong></span> <span class='ocrx_word' id='word_1_535' title='bbox 1592 1943 1637 1969; x_wconf 88' lang='lat' dir='ltr'><strong>tali</strong></span> <span class='ocrx_word' id='word_1_536' title='bbox 1657 1951 1739 1971; x_wconf 78' lang='lat' dir='ltr'><strong>causa</strong></span> 
     </span>
    </p>
   </div>
   <div class='ocr_carea' id='block_1_78' title="bbox 960 1985 1742 2021">
    <p class='ocr_par' dir='ltr' id='par_1_78' title="bbox 960 1985 1742 2021">
     <span class='ocr_line' id='line_1_78' title="bbox 960 1985 1742 2021; baseline 0.005 -9"><span class='ocrx_word' id='word_1_537' title='bbox 960 1987 1109 2021; x_wconf 82' lang='lat' dir='ltr'><strong>principem</strong></span> <span class='ocrx_word' id='word_1_538' title='bbox 1132 1993 1240 2013; x_wconf 86' lang='lat' dir='ltr'><strong>cessare</strong></span> <span class='ocrx_word' id='word_1_539' title='bbox 1256 1987 1283 2013; x_wconf 94' lang='lat' dir='ltr'><strong>in</strong></span> <span class='ocrx_word' id='word_1_540' title='bbox 1298 1985 1474 2021; x_wconf 83' lang='lat' dir='ltr'><strong>inquisitione</strong></span> <span class='ocrx_word' id='word_1_541' title='bbox 1500 1987 1622 2013; x_wconf 85' lang='lat' dir='ltr'><strong>ulteriori</strong></span> <span class='ocrx_word' id='word_1_542' title='bbox 1640 1990 1742 2016; x_wconf 86' lang='lat' dir='ltr'><strong>medio—</strong></span> 
     </span>
    </p>
   </div>
   <div class='ocr_carea' id='block_1_79' title="bbox 960 2034 1742 2065">
    <p class='ocr_par' dir='ltr' id='par_1_79' title="bbox 960 2034 1742 2065">
     <span class='ocr_line' id='line_1_79' title="bbox 960 2034 1742 2065; baseline 0.004 -5"><span class='ocrx_word' id='word_1_543' title='bbox 960 2041 1019 2060; x_wconf 90' lang='lat' dir='ltr'><strong>rum</strong></span> <span class='ocrx_word' id='word_1_544' title='bbox 1041 2034 1074 2060; x_wconf 90' lang='lat' dir='ltr'><strong>ad</strong></span> <span class='ocrx_word' id='word_1_545' title='bbox 1090 2034 1170 2059; x_wconf 82' lang='lat' dir='ltr'><strong>finem</strong></span> <span class='ocrx_word' id='word_1_546' title='bbox 1191 2037 1245 2059; x_wconf 88' lang='lat' dir='ltr'><strong>tam</strong></span> <span class='ocrx_word' id='word_1_547' title='bbox 1278 2040 1472 2065; x_wconf 83' lang='lat' dir='ltr'><strong>necessarium,</strong></span> <span class='ocrx_word' id='word_1_548' title='bbox 1502 2042 1562 2060; x_wconf 91' lang='lat' dir='ltr'><strong>cum</strong></span> <span class='ocrx_word' id='word_1_549' title='bbox 1581 2035 1693 2062; x_wconf 86' lang='lat' dir='ltr'><strong>minime</strong></span> <span class='ocrx_word' id='word_1_550' title='bbox 1707 2036 1742 2063; x_wconf 83' lang='lat' dir='ltr'><strong>si-</strong></span> 
     </span>
    </p>
   </div>
   <div class='ocr_carea' id='block_1_80' title="bbox 960 2081 1742 2117">
    <p class='ocr_par' dir='ltr' id='par_1_80' title="bbox 960 2081 1742 2117">
     <span class='ocr_line' id='line_1_80' title="bbox 960 2081 1742 2117; baseline 0.004 -9"><span class='ocrx_word' id='word_1_551' title='bbox 960 2086 1038 2109; x_wconf 87' lang='lat' dir='ltr'><strong>neret</strong></span> <span class='ocrx_word' id='word_1_552' title='bbox 1052 2081 1171 2117; x_wconf 72' lang='lat' dir='ltr'><strong>ﬂagrans</strong></span> <span class='ocrx_word' id='word_1_553' title='bbox 1202 2082 1344 2116; x_wconf 83' lang='lat' dir='ltr'><strong>plusquam</strong></span> <span class='ocrx_word' id='word_1_554' title='bbox 1366 2089 1485 2115; x_wconf 88' lang='lat' dir='ltr'><strong>unquam</strong></span> <span class='ocrx_word' id='word_1_555' title='bbox 1515 2086 1541 2108; x_wconf 86' lang='lat' dir='ltr'><strong>et</strong></span> <span class='ocrx_word' id='word_1_556' title='bbox 1563 2083 1669 2117; x_wconf 87' lang='lat' dir='ltr'><strong>pollens</strong></span> <span class='ocrx_word' id='word_1_557' title='bbox 1690 2092 1742 2110; x_wconf 92' lang='lat' dir='ltr'><strong>nu-</strong></span> 
     </span>
    </p>
   </div>
   <div class='ocr_carea' id='block_1_81' title="bbox 961 2127 1742 2162">
    <p class='ocr_par' dir='ltr' id='par_1_81' title="bbox 961 2127 1742 2162">
     <span class='ocr_line' id='line_1_81' title="bbox 961 2127 1742 2162; baseline 0.001 -6"><span class='ocrx_word' id='word_1_558' title='bbox 961 2135 1035 2156; x_wconf 87' lang='lat' dir='ltr'><strong>mero</strong></span> <span class='ocrx_word' id='word_1_559' title='bbox 1061 2128 1142 2162; x_wconf 87' lang='lat' dir='ltr'><strong>inqlie</strong></span> <span class='ocrx_word' id='word_1_560' title='bbox 1160 2127 1218 2154; x_wconf 88' lang='lat' dir='ltr'><strong>dies</strong></span> <span class='ocrx_word' id='word_1_561' title='bbox 1234 2131 1398 2161; x_wconf 76' lang='lat' dir='ltr'><strong>augescente</strong></span> <span class='ocrx_word' id='word_1_562' title='bbox 1422 2128 1596 2155; x_wconf 87' lang='lat' dir='ltr'><strong>multitudine</strong></span> <span class='ocrx_word' id='word_1_563' title='bbox 1632 2137 1742 2157; x_wconf 65' lang='grc' dir='ltr'><strong>θυι-ωὐ-</strong></span> 
     </span>
    </p>
   </div>
   <div class='ocr_carea' id='block_1_82' title="bbox 123 2171 1742 2206">
    <p class='ocr_par' dir='ltr' id='par_1_82' title="bbox 123 2171 1742 2206">
     <span class='ocr_line' id='line_1_82' title="bbox 123 2171 1742 2206; baseline -0.004 -3"><span class='ocrx_word' id='word_1_564' title='bbox 123 2183 275 2206; x_wconf 79' lang='lat' dir='ltr'><strong>secessum,</strong></span> <span class='ocrx_word' id='word_1_565' title='bbox 296 2178 325 2199; x_wconf 92' lang='lat' dir='ltr'><strong>ut</strong></span> <span class='ocrx_word' id='word_1_566' title='bbox 355 2173 421 2198; x_wconf 86' lang='lat' dir='ltr'><strong>alias</strong></span> <span class='ocrx_word' id='word_1_567' title='bbox 436 2173 566 2202; x_wconf 63' lang='lat' dir='ltr'><strong>diximus.</strong></span> <span class='ocrx_word' id='word_1_568' title='bbox 584 2176 706 2204; x_wconf 83' lang='lat' dir='ltr'><strong>evectus,</strong></span> <span class='ocrx_word' id='word_1_569' title='bbox 732 2171 857 2206; x_wconf 80' lang='lat' dir='ltr'><strong>religioni</strong></span> <span class='ocrx_word' id='word_1_570' title='bbox 877 2180 906 2198; x_wconf 87' lang='lat' dir='ltr'><strong>se</strong></span> <span class='ocrx_word' id='word_1_571' title='bbox 923 2172 946 2199; x_wconf 91' lang='lat' dir='ltr'><strong>D</strong></span> <span class='ocrx_word' id='word_1_572' title='bbox 960 2183 1040 2202; x_wconf 80' lang='lat' dir='ltr'><strong>sccns</strong></span> <span class='ocrx_word' id='word_1_573' title='bbox 1056 2174 1205 2202; x_wconf 76' lang='lat' dir='ltr'><strong>Arseniana</strong></span> <span class='ocrx_word' id='word_1_574' title='bbox 1223 2173 1315 2205; x_wconf 82' lang='lat' dir='ltr'><strong>factio,</strong></span> <span class='ocrx_word' id='word_1_575' title='bbox 1333 2180 1446 2200; x_wconf 88' lang='lat' dir='ltr'><strong>movens</strong></span> <span class='ocrx_word' id='word_1_576' title='bbox 1470 2175 1642 2202; x_wconf 58' lang='lat' dir='ltr'><strong>Audi-anim;</strong></span> <span class='ocrx_word' id='word_1_577' title='bbox 1671 2176 1742 2203; x_wconf 71' lang='lat' dir='ltr'><strong>con-</strong></span> 
     </span>
    </p>
   </div>
   <div class='ocr_carea' id='block_1_83' title="bbox 123 2219 908 2255">
    <p class='ocr_par' dir='ltr' id='par_1_83' title="bbox 123 2219 908 2255">
     <span class='ocr_line' id='line_1_83' title="bbox 123 2219 908 2255; baseline -0.005 -6"><span class='ocrx_word' id='word_1_578' title='bbox 123 2226 222 2249; x_wconf 86' lang='lat' dir='ltr'><strong>ducere</strong></span> <span class='ocrx_word' id='word_1_579' title='bbox 248 2221 383 2255; x_wconf 75' lang='lat' dir='ltr'><strong>promens</strong></span> <span class='ocrx_word' id='word_1_580' title='bbox 409 2224 501 2245; x_wconf 87' lang='lat' dir='ltr'><strong>tenere</strong></span> <span class='ocrx_word' id='word_1_581' title='bbox 514 2219 541 2244; x_wconf 89' lang='lat' dir='ltr'><strong>in</strong></span> <span class='ocrx_word' id='word_1_582' title='bbox 572 2219 753 2246; x_wconf 87' lang='lat' dir='ltr'><strong>contubernio</strong></span> <span class='ocrx_word' id='word_1_583' title='bbox 786 2226 908 2246; x_wconf 84' lang='lat' dir='ltr'><strong>sororem</strong></span> 
     </span>
    </p>
   </div>
   <div class='ocr_carea' id='block_1_84' title="bbox 123 2265 910 2304">
    <p class='ocr_par' dir='ltr' id='par_1_84' title="bbox 123 2265 910 2304">
     <span class='ocr_line' id='line_1_84' title="bbox 123 2265 910 2304; baseline -0.005 -8"><span class='ocrx_word' id='word_1_584' title='bbox 123 2271 247 2304; x_wconf 78' lang='lat' dir='ltr'><strong>ejusdem</strong></span> <span class='ocrx_word' id='word_1_585' title='bbox 267 2267 376 2299; x_wconf 78' lang='lat' dir='ltr'><strong>Asanis,</strong></span> <span class='ocrx_word' id='word_1_586' title='bbox 394 2273 474 2300; x_wconf 87' lang='lat' dir='ltr'><strong>quam</strong></span> <span class='ocrx_word' id='word_1_587' title='bbox 490 2265 630 2299; x_wconf 85' lang='lat' dir='ltr'><strong>repudiata</strong></span> <span class='ocrx_word' id='word_1_588' title='bbox 654 2270 747 2292; x_wconf 86' lang='lat' dir='ltr'><strong>contra</strong></span> <span class='ocrx_word' id='word_1_589' title='bbox 763 2265 803 2292; x_wconf 88' lang='lat' dir='ltr'><strong>fas</strong></span> <span class='ocrx_word' id='word_1_590' title='bbox 817 2267 910 2300; x_wconf 84' lang='lat' dir='ltr'><strong>priore</strong></span> 
     </span>
    </p>
   </div>
   <div class='ocr_carea' id='block_1_85' title="bbox 123 2309 910 2352">
    <p class='ocr_par' dir='ltr' id='par_1_85' title="bbox 123 2309 910 2352">
     <span class='ocr_line' id='line_1_85' title="bbox 123 2309 910 2352; baseline -0.005 -8"><span class='ocrx_word' id='word_1_591' title='bbox 123 2317 243 2352; x_wconf 77' lang='lat' dir='ltr'><strong>legitima</strong></span> <span class='ocrx_word' id='word_1_592' title='bbox 273 2321 391 2349; x_wconf 70' lang='lat' dir='ltr'><strong>conjuge</strong></span> <span class='ocrx_word' id='word_1_593' title='bbox 416 2309 547 2346; x_wconf 81' lang='lat' dir='ltr'><strong>duxisset,</strong></span> <span class='ocrx_word' id='word_1_594' title='bbox 571 2320 621 2340; x_wconf 90' lang='lat' dir='ltr'><strong>nec</strong></span> <span class='ocrx_word' id='word_1_595' title='bbox 636 2312 708 2340; x_wconf 86' lang='lat' dir='ltr'><strong>ferre</strong></span> <span class='ocrx_word' id='word_1_596' title='bbox 735 2313 862 2348; x_wconf 87' lang='lat' dir='ltr'><strong>amplius,</strong></span> <span class='ocrx_word' id='word_1_597' title='bbox 879 2317 910 2340; x_wconf 87' lang='lat' dir='ltr'><strong>ut</strong></span> 
     </span>
    </p>
   </div>
   <div class='ocr_carea' id='block_1_86' title="bbox 123 2361 909 2397">
    <p class='ocr_par' dir='ltr' id='par_1_86' title="bbox 123 2361 909 2397">
     <span class='ocr_line' id='line_1_86' title="bbox 123 2361 909 2397; baseline -0.006 -4"><span class='ocrx_word' id='word_1_598' title='bbox 123 2367 225 2395; x_wconf 79' lang='lat' dir='ltr'><strong>aiebat,</strong></span> <span class='ocrx_word' id='word_1_599' title='bbox 249 2364 345 2390; x_wconf 76' lang='lat' dir='ltr'><strong>valens</strong></span> <span class='ocrx_word' id='word_1_600' title='bbox 370 2371 399 2389; x_wconf 88' lang='lat' dir='ltr'><strong>se</strong></span> <span class='ocrx_word' id='word_1_601' title='bbox 415 2363 448 2388; x_wconf 88' lang='lat' dir='ltr'><strong>ab</strong></span> <span class='ocrx_word' id='word_1_602' title='bbox 473 2361 593 2388; x_wconf 86' lang='lat' dir='ltr'><strong>Ecclesia</strong></span> <span class='ocrx_word' id='word_1_603' title='bbox 619 2361 661 2388; x_wconf 91' lang='lat' dir='ltr'><strong>sui</strong></span> <span class='ocrx_word' id='word_1_604' title='bbox 680 2362 754 2397; x_wconf 76' lang='lat' dir='ltr'><strong>regni</strong></span> <span class='ocrx_word' id='word_1_605' title='bbox 767 2369 909 2389; x_wconf 88' lang='lat' dir='ltr'><strong>sacrorum</strong></span> 
     </span>
    </p>
   </div>
   <div class='ocr_carea' id='block_1_87' title="bbox 125 2407 910 2441">
    <p class='ocr_par' dir='ltr' id='par_1_87' title="bbox 125 2407 910 2441">
     <span class='ocr_line' id='line_1_87' title="bbox 125 2407 910 2441; baseline -0.006 -1"><span class='ocrx_word' id='word_1_606' title='bbox 125 2418 263 2440; x_wconf 73' lang='lat' dir='ltr'><strong>exsortem</strong></span> <span class='ocrx_word' id='word_1_607' title='bbox 285 2418 318 2436; x_wconf 91' lang='lat' dir='ltr'><strong>eo</strong></span> <span class='ocrx_word' id='word_1_608' title='bbox 338 2409 450 2435; x_wconf 87' lang='lat' dir='ltr'><strong>nomine</strong></span> <span class='ocrx_word' id='word_1_609' title='bbox 468 2407 574 2435; x_wconf 84' lang='lat' dir='ltr'><strong>censeri</strong></span> <span class='ocrx_word' id='word_1_610' title='bbox 588 2411 669 2441; x_wconf 89' lang='lat' dir='ltr'><strong>atque</strong></span> <span class='ocrx_word' id='word_1_611' title='bbox 685 2415 700 2434; x_wconf 92' lang='lat' dir='ltr'><strong>a</strong></span> <span class='ocrx_word' id='word_1_612' title='bbox 717 2408 910 2441; x_wconf 82' lang='lat' dir='ltr'><strong>communione</strong></span> 
     </span>
    </p>
   </div>
   <div class='ocr_carea' id='block_1_88' title="bbox 127 2454 911 2493">
    <p class='ocr_par' dir='ltr' id='par_1_88' title="bbox 127 2454 911 2493">
     <span class='ocr_line' id='line_1_88' title="bbox 127 2454 911 2493; baseline -0.008 -8"><span class='ocrx_word' id='word_1_613' title='bbox 127 2459 214 2493; x_wconf 79' lang='lat' dir='ltr'><strong>rejici,</strong></span> <span class='ocrx_word' id='word_1_614' title='bbox 243 2456 321 2483; x_wconf 87' lang='lat' dir='ltr'><strong>misit</strong></span> <span class='ocrx_word' id='word_1_615' title='bbox 346 2455 379 2481; x_wconf 86' lang='lat' dir='ltr'><strong>ad</strong></span> <span class='ocrx_word' id='word_1_616' title='bbox 408 2455 612 2488; x_wconf 85' lang='lat' dir='ltr'><strong>imperatorem,</strong></span> <span class='ocrx_word' id='word_1_617' title='bbox 627 2454 674 2488; x_wconf 91' lang='lat' dir='ltr'><strong>qui</strong></span> <span class='ocrx_word' id='word_1_618' title='bbox 701 2456 758 2480; x_wconf 58' lang='lat' dir='ltr'><strong>hate</strong></span> <span class='ocrx_word' id='word_1_619' title='bbox 785 2454 842 2488; x_wconf 86' lang='lat' dir='ltr'><strong>ipsa</strong></span> <span class='ocrx_word' id='word_1_620' title='bbox 863 2461 911 2480; x_wconf 81' lang='lat' dir='ltr'><strong>ex-</strong></span> 
     </span>
    </p>
   </div>
   <div class='ocr_carea' id='block_1_89' title="bbox 127 2500 910 2539">
    <p class='ocr_par' dir='ltr' id='par_1_89' title="bbox 127 2500 910 2539">
     <span class='ocr_line' id='line_1_89' title="bbox 127 2500 910 2539; baseline -0.005 -9"><span class='ocrx_word' id='word_1_621' title='bbox 127 2507 262 2539; x_wconf 78' lang='lat' dir='ltr'><strong>pollerent</strong></span> <span class='ocrx_word' id='word_1_622' title='bbox 293 2506 323 2528; x_wconf 75' lang='grc' dir='ltr'><strong>οι</strong></span> <span class='ocrx_word' id='word_1_623' title='bbox 355 2506 479 2535; x_wconf 84' lang='lat' dir='ltr'><strong>paratum</strong></span> <span class='ocrx_word' id='word_1_624' title='bbox 503 2507 563 2526; x_wconf 85' lang='lat' dir='ltr'><strong>sese</strong></span> <span class='ocrx_word' id='word_1_625' title='bbox 590 2500 623 2527; x_wconf 88' lang='lat' dir='ltr'><strong>ad</strong></span> <span class='ocrx_word' id='word_1_626' title='bbox 654 2507 751 2534; x_wconf 86' lang='lat' dir='ltr'><strong>pacem</strong></span> <span class='ocrx_word' id='word_1_627' title='bbox 782 2507 844 2527; x_wconf 88' lang='lat' dir='ltr'><strong>cum</strong></span> <span class='ocrx_word' id='word_1_628' title='bbox 876 2507 910 2526; x_wconf 69' lang='lat' dir='ltr'><strong>EO</strong></span> 
     </span>
    </p>
   </div>
   <div class='ocr_carea' id='block_1_90' title="bbox 127 2546 909 2578">
    <p class='ocr_par' dir='ltr' id='par_1_90' title="bbox 127 2546 909 2578">
     <span class='ocr_line' id='line_1_90' title="bbox 127 2546 909 2578; baseline -0.006 -1"><span class='ocrx_word' id='word_1_629' title='bbox 127 2549 304 2577; x_wconf 87' lang='lat' dir='ltr'><strong>sanciendam</strong></span> <span class='ocrx_word' id='word_1_630' title='bbox 332 2547 497 2573; x_wconf 76' lang='lat' dir='ltr'><strong>allirmarent</strong></span> <span class='ocrx_word' id='word_1_631' title='bbox 521 2553 553 2573; x_wconf 89' lang='lat' dir='ltr'><strong>ea</strong></span> <span class='ocrx_word' id='word_1_632' title='bbox 570 2547 738 2578; x_wconf 89' lang='lat' dir='ltr'><strong>conditione,</strong></span> <span class='ocrx_word' id='word_1_633' title='bbox 767 2546 789 2573; x_wconf 88' lang='lat' dir='ltr'><strong>si</strong></span> <span class='ocrx_word' id='word_1_634' title='bbox 817 2554 909 2574; x_wconf 85' lang='lat' dir='ltr'><strong>veram</strong></span> 
     </span>
    </p>
   </div>
   <div class='ocr_carea' id='block_1_91' title="bbox 129 2592 910 2628">
    <p class='ocr_par' dir='ltr' id='par_1_91' title="bbox 129 2592 910 2628">
     <span class='ocr_line' id='line_1_91' title="bbox 129 2592 910 2628; baseline -0.004 -5"><span class='ocrx_word' id='word_1_635' title='bbox 129 2596 175 2623; x_wconf 86' lang='lat' dir='ltr'><strong>sibi</strong></span> <span class='ocrx_word' id='word_1_636' title='bbox 191 2603 284 2626; x_wconf 88' lang='lat' dir='ltr'><strong>suam,</strong></span> <span class='ocrx_word' id='word_1_637' title='bbox 305 2601 365 2628; x_wconf 76' lang='lat' dir='ltr'><strong>quae</strong></span> <span class='ocrx_word' id='word_1_638' title='bbox 382 2592 476 2619; x_wconf 68' lang='lat' dir='ltr'><strong>Nicaeae</strong></span> <span class='ocrx_word' id='word_1_639' title='bbox 494 2593 677 2624; x_wconf 85' lang='lat' dir='ltr'><strong>detinebatur,</strong></span> <span class='ocrx_word' id='word_1_640' title='bbox 708 2600 820 2619; x_wconf 78' lang='lat' dir='ltr'><strong>uxorem</strong></span> <span class='ocrx_word' id='word_1_641' title='bbox 846 2593 910 2620; x_wconf 92' lang='lat' dir='ltr'><strong>red-</strong></span> 
     </span>
    </p>
   </div>
   <div class='ocr_carea' id='block_1_92' title="bbox 128 2639 910 2674">
    <p class='ocr_par' dir='ltr' id='par_1_92' title="bbox 128 2639 910 2674">
     <span class='ocr_line' id='line_1_92' title="bbox 128 2639 910 2674; baseline -0.005 -4"><span class='ocrx_word' id='word_1_642' title='bbox 128 2643 213 2670; x_wconf 84' lang='lat' dir='ltr'><strong>deret.</strong></span> <span class='ocrx_word' id='word_1_643' title='bbox 243 2641 286 2668; x_wconf 85' lang='lat' dir='ltr'><strong>Ad</strong></span> <span class='ocrx_word' id='word_1_644' title='bbox 303 2647 365 2674; x_wconf 76' lang='lat' dir='ltr'><strong>qua:</strong></span> <span class='ocrx_word' id='word_1_645' title='bbox 383 2639 529 2674; x_wconf 86' lang='lat' dir='ltr'><strong>imperator</strong></span> <span class='ocrx_word' id='word_1_646' title='bbox 559 2645 682 2666; x_wconf 86' lang='lat' dir='ltr'><strong>annuens</strong></span> <span class='ocrx_word' id='word_1_647' title='bbox 710 2639 836 2666; x_wconf 87' lang='lat' dir='ltr'><strong>eductam</strong></span> <span class='ocrx_word' id='word_1_648' title='bbox 862 2647 910 2666; x_wconf 90' lang='lat' dir='ltr'><strong>cu-</strong></span> 
     </span>
    </p>
   </div>
   <div class='ocr_carea' id='block_1_93' title="bbox 130 2685 911 2720">
    <p class='ocr_par' dir='ltr' id='par_1_93' title="bbox 130 2685 911 2720">
     <span class='ocr_line' id='line_1_93' title="bbox 130 2685 911 2720; baseline -0.005 -3"><span class='ocrx_word' id='word_1_649' title='bbox 130 2690 213 2717; x_wconf 79' lang='lat' dir='ltr'><strong>stodia</strong></span> <span class='ocrx_word' id='word_1_650' title='bbox 230 2687 381 2715; x_wconf 86' lang='lat' dir='ltr'><strong>mulierem</strong></span> <span class='ocrx_word' id='word_1_651' title='bbox 399 2686 433 2713; x_wconf 87' lang='lat' dir='ltr'><strong>ad</strong></span> <span class='ocrx_word' id='word_1_652' title='bbox 457 2685 598 2713; x_wconf 85' lang='lat' dir='ltr'><strong>Terterem</strong></span> <span class='ocrx_word' id='word_1_653' title='bbox 615 2686 729 2718; x_wconf 85' lang='lat' dir='ltr'><strong>remisit,</strong></span> <span class='ocrx_word' id='word_1_654' title='bbox 758 2690 856 2720; x_wconf 85' lang='lat' dir='ltr'><strong>pactus</strong></span> <span class='ocrx_word' id='word_1_655' title='bbox 882 2691 911 2713; x_wconf 90' lang='lat' dir='ltr'><strong>ut</strong></span> 
     </span>
    </p>
   </div>
   <div class='ocr_carea' id='block_1_94' title="bbox 128 2733 909 2767">
    <p class='ocr_par' dir='ltr' id='par_1_94' title="bbox 128 2733 909 2767">
     <span class='ocr_line' id='line_1_94' title="bbox 128 2733 909 2767; baseline -0.004 -3"><span class='ocrx_word' id='word_1_656' title='bbox 128 2737 149 2764; x_wconf 78' lang='lat' dir='ltr'><strong>is</strong></span> <span class='ocrx_word' id='word_1_657' title='bbox 160 2735 283 2764; x_wconf 81' lang='lat' dir='ltr'><strong>vicissim</strong></span> <span class='ocrx_word' id='word_1_658' title='bbox 325 2739 446 2761; x_wconf 85' lang='lat' dir='ltr'><strong>sororem</strong></span> <span class='ocrx_word' id='word_1_659' title='bbox 485 2733 581 2760; x_wconf 80' lang='lat' dir='ltr'><strong>Asanis</strong></span> <span class='ocrx_word' id='word_1_660' title='bbox 608 2733 642 2760; x_wconf 86' lang='lat' dir='ltr'><strong>ad</strong></span> <span class='ocrx_word' id='word_1_661' title='bbox 671 2741 701 2761; x_wconf 88' lang='lat' dir='ltr'><strong>se</strong></span> <span class='ocrx_word' id='word_1_662' title='bbox 729 2734 909 2767; x_wconf 85' lang='lat' dir='ltr'><strong>remitteret;</strong></span> 
     </span>
    </p>
   </div>
   <div class='ocr_carea' id='block_1_95' title="bbox 128 2780 911 2818">
    <p class='ocr_par' dir='ltr' id='par_1_95' title="bbox 128 2780 911 2818">
     <span class='ocr_line' id='line_1_95' title="bbox 128 2780 911 2818; baseline -0.004 -7"><span class='ocrx_word' id='word_1_663' title='bbox 128 2784 194 2818; x_wconf 89' lang='lat' dir='ltr'><strong>quod</strong></span> <span class='ocrx_word' id='word_1_664' title='bbox 214 2787 243 2810; x_wconf 94' lang='lat' dir='ltr'><strong>et</strong></span> <span class='ocrx_word' id='word_1_665' title='bbox 258 2782 365 2808; x_wconf 83' lang='lat' dir='ltr'><strong>factum</strong></span> <span class='ocrx_word' id='word_1_666' title='bbox 385 2784 436 2807; x_wconf 89' lang='lat' dir='ltr'><strong>est.</strong></span> <span class='ocrx_word' id='word_1_667' title='bbox 456 2780 584 2814; x_wconf 71' lang='lat' dir='ltr'><strong>Moxque,</strong></span> <span class='ocrx_word' id='word_1_668' title='bbox 600 2787 661 2807; x_wconf 88' lang='lat' dir='ltr'><strong>cum</strong></span> <span class='ocrx_word' id='word_1_669' title='bbox 675 2781 730 2815; x_wconf 85' lang='lat' dir='ltr'><strong>jam</strong></span> <span class='ocrx_word' id='word_1_670' title='bbox 747 2781 829 2807; x_wconf 87' lang='lat' dir='ltr'><strong>Asani</strong></span> <span class='ocrx_word' id='word_1_671' title='bbox 848 2788 911 2815; x_wconf 79' lang='lat' dir='ltr'><strong>spes</strong></span> 
     </span>
    </p>
   </div>
   <div class='ocr_carea' id='block_1_96' title="bbox 127 2827 904 2864">
    <p class='ocr_par' dir='ltr' id='par_1_96' title="bbox 127 2827 904 2864">
     <span class='ocr_line' id='line_1_96' title="bbox 127 2827 904 2864; baseline -0.005 -6"><span class='ocrx_word' id='word_1_672' title='bbox 127 2830 194 2858; x_wconf 87' lang='lat' dir='ltr'><strong>nulla</strong></span> <span class='ocrx_word' id='word_1_673' title='bbox 210 2834 289 2858; x_wconf 86' lang='lat' dir='ltr'><strong>esset</strong></span> <span class='ocrx_word' id='word_1_674' title='bbox 305 2828 483 2863; x_wconf 82' lang='lat' dir='ltr'><strong>recuperandi</strong></span> <span class='ocrx_word' id='word_1_675' title='bbox 515 2828 590 2864; x_wconf 69' lang='lat' dir='ltr'><strong>regni</strong></span> <span class='ocrx_word' id='word_1_676' title='bbox 605 2827 747 2863; x_wconf 79' lang='lat' dir='ltr'><strong>Bulgarici,</strong></span> <span class='ocrx_word' id='word_1_677' title='bbox 779 2828 858 2862; x_wconf 87' lang='lat' dir='ltr'><strong>cujus</strong></span> <span class='ocrx_word' id='word_1_678' title='bbox 877 2828 904 2855; x_wconf 86' lang='lat' dir='ltr'><strong>in</strong></span> 
     </span>
    </p>
   </div>
   <div class='ocr_carea' id='block_1_97' title="bbox 960 2220 1742 2257">
    <p class='ocr_par' dir='ltr' id='par_1_97' title="bbox 960 2220 1742 2257">
     <span class='ocr_line' id='line_1_97' title="bbox 960 2220 1742 2257; baseline -0.001 -8"><span class='ocrx_word' id='word_1_679' title='bbox 960 2221 1138 2256; x_wconf 79' lang='lat' dir='ltr'><strong>stantinopoli</strong></span> <span class='ocrx_word' id='word_1_680' title='bbox 1149 2227 1244 2247; x_wconf 87' lang='lat' dir='ltr'><strong>versus</strong></span> <span class='ocrx_word' id='word_1_681' title='bbox 1259 2220 1396 2246; x_wconf 82' lang='lat' dir='ltr'><strong>Orientem</strong></span> <span class='ocrx_word' id='word_1_682' title='bbox 1410 2220 1505 2253; x_wconf 85' lang='lat' dir='ltr'><strong>tendit,</strong></span> <span class='ocrx_word' id='word_1_683' title='bbox 1522 2222 1680 2256; x_wconf 82' lang='lat' dir='ltr'><strong>praescripto</strong></span> <span class='ocrx_word' id='word_1_684' title='bbox 1692 2231 1742 2257; x_wconf 88' lang='lat' dir='ltr'><strong>pa-</strong></span> 
     </span>
    </p>
   </div>
   <div class='ocr_carea' id='block_1_98' title="bbox 961 2266 1743 2303">
    <p class='ocr_par' dir='ltr' id='par_1_98' title="bbox 961 2266 1743 2303">
     <span class='ocr_line' id='line_1_98' title="bbox 961 2266 1743 2303; baseline 0.001 -8"><span class='ocrx_word' id='word_1_685' title='bbox 961 2268 1086 2296; x_wconf 72' lang='lat' dir='ltr'><strong>triarchae</strong></span> <span class='ocrx_word' id='word_1_686' title='bbox 1109 2274 1171 2294; x_wconf 92' lang='lat' dir='ltr'><strong>cum</strong></span> <span class='ocrx_word' id='word_1_687' title='bbox 1186 2267 1243 2293; x_wconf 86' lang='lat' dir='ltr'><strong>suis</strong></span> <span class='ocrx_word' id='word_1_688' title='bbox 1261 2266 1376 2300; x_wconf 85' lang='lat' dir='ltr'><strong>aliisque</strong></span> <span class='ocrx_word' id='word_1_689' title='bbox 1393 2267 1570 2298; x_wconf 81' lang='lat' dir='ltr'><strong>antistitibus,</strong></span> <span class='ocrx_word' id='word_1_690' title='bbox 1582 2270 1743 2303; x_wconf 85' lang='lat' dir='ltr'><strong>cunctisque</strong></span> 
     </span>
    </p>
   </div>
   <div class='ocr_carea' id='block_1_99' title="bbox 960 2313 1741 2350">
    <p class='ocr_par' dir='ltr' id='par_1_99' title="bbox 960 2313 1741 2350">
     <span class='ocr_line' id='line_1_99' title="bbox 960 2313 1741 2350; baseline 0.001 -9"><span class='ocrx_word' id='word_1_691' title='bbox 960 2315 1063 2350; x_wconf 89' lang='lat' dir='ltr'><strong>pariter</strong></span> <span class='ocrx_word' id='word_1_692' title='bbox 1075 2315 1120 2349; x_wconf 89' lang='lat' dir='ltr'><strong>qui</strong></span> <span class='ocrx_word' id='word_1_693' title='bbox 1138 2319 1229 2349; x_wconf 86' lang='lat' dir='ltr'><strong>partes</strong></span> <span class='ocrx_word' id='word_1_694' title='bbox 1256 2313 1299 2340; x_wconf 87' lang='lat' dir='ltr'><strong>his</strong></span> <span class='ocrx_word' id='word_1_695' title='bbox 1313 2314 1442 2341; x_wconf 79' lang='lat' dir='ltr'><strong>adversas</strong></span> <span class='ocrx_word' id='word_1_696' title='bbox 1465 2319 1618 2346; x_wconf 83' lang='lat' dir='ltr'><strong>tuerentur,</strong></span> <span class='ocrx_word' id='word_1_697' title='bbox 1644 2322 1671 2342; x_wconf 86' lang='lat' dir='ltr'><strong>ut</strong></span> <span class='ocrx_word' id='word_1_698' title='bbox 1689 2316 1741 2343; x_wconf 84' lang='lat' dir='ltr'><strong>sibi</strong></span> 
     </span>
    </p>
   </div>
   <div class='ocr_carea' id='block_1_100' title="bbox 960 2359 1742 2396">
    <p class='ocr_par' dir='ltr' id='par_1_100' title="bbox 960 2359 1742 2396">
     <span class='ocr_line' id='line_1_100' title="bbox 960 2359 1742 2396; baseline 0.001 -8"><span class='ocrx_word' id='word_1_699' title='bbox 960 2361 1121 2396; x_wconf 87' lang='lat' dir='ltr'><strong>quantocius</strong></span> <span class='ocrx_word' id='word_1_700' title='bbox 1146 2361 1219 2387; x_wconf 87' lang='lat' dir='ltr'><strong>circa</strong></span> <span class='ocrx_word' id='word_1_701' title='bbox 1233 2359 1413 2395; x_wconf 84' lang='lat' dir='ltr'><strong>ilypoplacias</strong></span> <span class='ocrx_word' id='word_1_702' title='bbox 1451 2359 1559 2388; x_wconf 82' lang='lat' dir='ltr'><strong>Thebas</strong></span> <span class='ocrx_word' id='word_1_703' title='bbox 1583 2361 1742 2396; x_wconf 78' lang='lat' dir='ltr'><strong>frequentes</strong></span> 
     </span>
    </p>
   </div>
   <div class='ocr_carea' id='block_1_101' title="bbox 960 2407 1741 2442">
    <p class='ocr_par' dir='ltr' id='par_1_101' title="bbox 960 2407 1741 2442">
     <span class='ocr_line' id='line_1_101' title="bbox 960 2407 1741 2442; baseline 0.001 -7"><span class='ocrx_word' id='word_1_704' title='bbox 960 2413 1146 2439; x_wconf 79' lang='lat' dir='ltr'><strong>occurrerent,</strong></span> <span class='ocrx_word' id='word_1_705' title='bbox 1163 2407 1351 2442; x_wconf 88' lang='lat' dir='ltr'><strong>imperatoriis</strong></span> <span class='ocrx_word' id='word_1_706' title='bbox 1369 2415 1401 2434; x_wconf 89' lang='lat' dir='ltr'><strong>eo</strong></span> <span class='ocrx_word' id='word_1_707' title='bbox 1416 2407 1558 2435; x_wconf 77' lang='lat' dir='ltr'><strong>deferendi</strong></span> <span class='ocrx_word' id='word_1_708' title='bbox 1573 2409 1741 2442; x_wconf 86' lang='lat' dir='ltr'><strong>triremibus,</strong></span> 
     </span>
    </p>
   </div>
   <div class='ocr_carea' id='block_1_102' title="bbox 960 2454 1741 2492">
    <p class='ocr_par' dir='ltr' id='par_1_102' title="bbox 960 2454 1741 2492">
     <span class='ocr_line' id='line_1_102' title="bbox 960 2454 1741 2492; baseline 0 -9"><span class='ocrx_word' id='word_1_709' title='bbox 960 2465 1028 2492; x_wconf 86' lang='lat' dir='ltr'><strong>quas</strong></span> <span class='ocrx_word' id='word_1_710' title='bbox 1043 2455 1238 2490; x_wconf 87' lang='lat' dir='ltr'><strong>copiosissimis</strong></span> <span class='ocrx_word' id='word_1_711' title='bbox 1254 2454 1445 2488; x_wconf 67' lang='lat' dir='ltr'><strong>elquanlmvis</strong></span> <span class='ocrx_word' id='word_1_712' title='bbox 1472 2455 1669 2489; x_wconf 80' lang='lat' dir='ltr'><strong>implicilorum</strong></span> <span class='ocrx_word' id='word_1_713' title='bbox 1697 2457 1741 2483; x_wconf 86' lang='lat' dir='ltr'><strong>isti</strong></span> 
     </span>
    </p>
   </div>
   <div class='ocr_carea' id='block_1_103' title="bbox 960 2501 1742 2537">
    <p class='ocr_par' dir='ltr' id='par_1_103' title="bbox 960 2501 1742 2537">
     <span class='ocr_line' id='line_1_103' title="bbox 960 2501 1742 2537; baseline -0.003 -5"><span class='ocrx_word' id='word_1_714' title='bbox 960 2511 1048 2532; x_wconf 66' lang='lat' dir='ltr'><strong>causae</strong></span> <span class='ocrx_word' id='word_1_715' title='bbox 1066 2502 1206 2530; x_wconf 87' lang='lat' dir='ltr'><strong>hominum</strong></span> <span class='ocrx_word' id='word_1_716' title='bbox 1225 2501 1401 2534; x_wconf 86' lang='lat' dir='ltr'><strong>multitudini,</strong></span> <span class='ocrx_word' id='word_1_717' title='bbox 1418 2501 1458 2528; x_wconf 84' lang='lat' dir='ltr'><strong>vel</strong></span> <span class='ocrx_word' id='word_1_718' title='bbox 1472 2502 1493 2528; x_wconf 89' lang='lat' dir='ltr'><strong>si</strong></span> <span class='ocrx_word' id='word_1_719' title='bbox 1510 2504 1620 2530; x_wconf 79' lang='lat' dir='ltr'><strong>neruine</strong></span> <span class='ocrx_word' id='word_1_720' title='bbox 1632 2504 1742 2537; x_wconf 87' lang='lat' dir='ltr'><strong>dempto</strong></span> 
     </span>
    </p>
   </div>
   <div class='ocr_carea' id='block_1_104' title="bbox 961 2548 1743 2584">
    <p class='ocr_par' dir='ltr' id='par_1_104' title="bbox 961 2548 1743 2584">
     <span class='ocr_line' id='line_1_104' title="bbox 961 2548 1743 2584; baseline -0.003 -6"><span class='ocrx_word' id='word_1_721' title='bbox 961 2549 1079 2578; x_wconf 88' lang='lat' dir='ltr'><strong>universi</strong></span> <span class='ocrx_word' id='word_1_722' title='bbox 1098 2553 1282 2580; x_wconf 82' lang='lat' dir='ltr'><strong>accurrcrent,</strong></span> <span class='ocrx_word' id='word_1_723' title='bbox 1298 2548 1456 2575; x_wconf 77' lang='lat' dir='ltr'><strong>suﬂecturis</strong></span> <span class='ocrx_word' id='word_1_724' title='bbox 1470 2549 1503 2575; x_wconf 87' lang='lat' dir='ltr'><strong>ad</strong></span> <span class='ocrx_word' id='word_1_725' title='bbox 1523 2549 1575 2576; x_wconf 93' lang='lat' dir='ltr'><strong>hoc</strong></span> <span class='ocrx_word' id='word_1_726' title='bbox 1596 2549 1684 2584; x_wconf 89' lang='lat' dir='ltr'><strong>ipsum</strong></span> <span class='ocrx_word' id='word_1_727' title='bbox 1701 2551 1743 2576; x_wconf 89' lang='lat' dir='ltr'><strong>in-</strong></span> 
     </span>
    </p>
   </div>
   <div class='ocr_carea' id='block_1_105' title="bbox 961 2595 1743 2630">
    <p class='ocr_par' dir='ltr' id='par_1_105' title="bbox 961 2595 1743 2630">
     <span class='ocr_line' id='line_1_105' title="bbox 961 2595 1743 2630; baseline 0.001 -6"><span class='ocrx_word' id='word_1_728' title='bbox 961 2597 1029 2624; x_wconf 87' lang='lat' dir='ltr'><strong>strui</strong></span> <span class='ocrx_word' id='word_1_729' title='bbox 1048 2595 1245 2624; x_wconf 85' lang='lat' dir='ltr'><strong>commeatibus</strong></span> <span class='ocrx_word' id='word_1_730' title='bbox 1261 2595 1389 2630; x_wconf 73' lang='lat' dir='ltr'><strong>iusserat.</strong></span> <span class='ocrx_word' id='word_1_731' title='bbox 1407 2595 1442 2622; x_wconf 89' lang='lat' dir='ltr'><strong>Ut</strong></span> <span class='ocrx_word' id='word_1_732' title='bbox 1470 2599 1525 2622; x_wconf 82' lang='lat' dir='ltr'><strong>tam</strong></span> <span class='ocrx_word' id='word_1_733' title='bbox 1553 2596 1654 2624; x_wconf 85' lang='lat' dir='ltr'><strong>mullos</strong></span> <span class='ocrx_word' id='word_1_734' title='bbox 1672 2602 1743 2625; x_wconf 78' lang='lat' dir='ltr'><strong>tam-</strong></span> 
     </span>
    </p>
   </div>
   <div class='ocr_carea' id='block_1_106' title="bbox 961 2641 1742 2679">
    <p class='ocr_par' dir='ltr' id='par_1_106' title="bbox 961 2641 1742 2679">
     <span class='ocr_line' id='line_1_106' title="bbox 961 2641 1742 2679; baseline -0.001 -8"><span class='ocrx_word' id='word_1_735' title='bbox 961 2652 1014 2679; x_wconf 87' lang='lat' dir='ltr'><strong>que</strong></span> <span class='ocrx_word' id='word_1_736' title='bbox 1030 2643 1119 2670; x_wconf 88' lang='lat' dir='ltr'><strong>varios</strong></span> <span class='ocrx_word' id='word_1_737' title='bbox 1134 2641 1282 2669; x_wconf 87' lang='lat' dir='ltr'><strong>convenire</strong></span> <span class='ocrx_word' id='word_1_738' title='bbox 1314 2649 1398 2668; x_wconf 91' lang='lat' dir='ltr'><strong>unum</strong></span> <span class='ocrx_word' id='word_1_739' title='bbox 1430 2641 1457 2667; x_wconf 93' lang='lat' dir='ltr'><strong>in</strong></span> <span class='ocrx_word' id='word_1_740' title='bbox 1479 2641 1567 2668; x_wconf 92' lang='lat' dir='ltr'><strong>locum</strong></span> <span class='ocrx_word' id='word_1_741' title='bbox 1596 2642 1742 2677; x_wconf 89' lang='lat' dir='ltr'><strong>imperator</strong></span> 
     </span>
    </p>
   </div>
   <div class='ocr_carea' id='block_1_107' title="bbox 961 2687 1743 2722">
    <p class='ocr_par' dir='ltr' id='par_1_107' title="bbox 961 2687 1743 2722">
     <span class='ocr_line' id='line_1_107' title="bbox 961 2687 1743 2722; baseline -0.001 -6"><span class='ocrx_word' id='word_1_742' title='bbox 961 2689 1054 2721; x_wconf 79' lang='lat' dir='ltr'><strong>vellet,</strong></span> <span class='ocrx_word' id='word_1_743' title='bbox 1079 2688 1142 2715; x_wconf 86' lang='lat' dir='ltr'><strong>inde</strong></span> <span class='ocrx_word' id='word_1_744' title='bbox 1158 2693 1214 2715; x_wconf 88' lang='lat' dir='ltr'><strong>erat</strong></span> <span class='ocrx_word' id='word_1_745' title='bbox 1230 2687 1302 2722; x_wconf 88' lang='lat' dir='ltr'><strong>quod</strong></span> <span class='ocrx_word' id='word_1_746' title='bbox 1313 2687 1432 2715; x_wconf 88' lang='lat' dir='ltr'><strong>studenti</strong></span> <span class='ocrx_word' id='word_1_747' title='bbox 1448 2687 1596 2722; x_wconf 83' lang='lat' dir='ltr'><strong>perfectam</strong></span> <span class='ocrx_word' id='word_1_748' title='bbox 1613 2687 1743 2716; x_wconf 73' lang='lat' dir='ltr'><strong>Ecclesiae</strong></span> 
     </span>
    </p>
   </div>
   <div class='ocr_carea' id='block_1_108' title="bbox 962 2733 1741 2765">
    <p class='ocr_par' dir='ltr' id='par_1_108' title="bbox 962 2733 1741 2765">
     <span class='ocr_line' id='line_1_108' title="bbox 962 2733 1741 2765; baseline -0.004 -3"><span class='ocrx_word' id='word_1_749' title='bbox 962 2736 1108 2763; x_wconf 88' lang='lat' dir='ltr'><strong>restituere</strong></span> <span class='ocrx_word' id='word_1_750' title='bbox 1125 2733 1469 2765; x_wconf 22' lang='lat' dir='ltr'><strong>concordiam‘necessario</strong></span> <span class='ocrx_word' id='word_1_751' title='bbox 1492 2733 1646 2760; x_wconf 84' lang='lat' dir='ltr'><strong>faciendum</strong></span> <span class='ocrx_word' id='word_1_752' title='bbox 1665 2734 1741 2760; x_wconf 91' lang='lat' dir='ltr'><strong>vide-</strong></span> 
     </span>
    </p>
   </div>
   <div class='ocr_carea' id='block_1_109' title="bbox 961 2778 1741 2816">
    <p class='ocr_par' dir='ltr' id='par_1_109' title="bbox 961 2778 1741 2816">
     <span class='ocr_line' id='line_1_109' title="bbox 961 2778 1741 2816; baseline -0.006 -6"><span class='ocrx_word' id='word_1_753' title='bbox 961 2783 1050 2814; x_wconf 84' lang='lat' dir='ltr'><strong>batur,</strong></span> <span class='ocrx_word' id='word_1_754' title='bbox 1082 2786 1111 2808; x_wconf 92' lang='lat' dir='ltr'><strong>ut</strong></span> <span class='ocrx_word' id='word_1_755' title='bbox 1125 2781 1312 2816; x_wconf 86' lang='lat' dir='ltr'><strong>multiplicium</strong></span> <span class='ocrx_word' id='word_1_756' title='bbox 1327 2785 1453 2807; x_wconf 84' lang='lat' dir='ltr'><strong>auctores</strong></span> <span class='ocrx_word' id='word_1_757' title='bbox 1477 2779 1621 2806; x_wconf 81' lang='lat' dir='ltr'><strong>seclariive</strong></span> <span class='ocrx_word' id='word_1_758' title='bbox 1643 2778 1741 2806; x_wconf 82' lang='lat' dir='ltr'><strong>factio-</strong></span> 
     </span>
    </p>
   </div>
   <div class='ocr_carea' id='block_1_110' title="bbox 959 2824 1742 2859">
    <p class='ocr_par' dir='ltr' id='par_1_110' title="bbox 959 2824 1742 2859">
     <span class='ocr_line' id='line_1_110' title="bbox 959 2824 1742 2859; baseline -0.009 -2"><span class='ocrx_word' id='word_1_759' title='bbox 959 2838 1023 2858; x_wconf 90' lang='lat' dir='ltr'><strong>num</strong></span> <span class='ocrx_word' id='word_1_760' title='bbox 1054 2837 1104 2855; x_wconf 76' lang='lat' dir='ltr'><strong>nnn</strong></span> <span class='ocrx_word' id='word_1_761' title='bbox 1131 2828 1319 2859; x_wconf 83' lang='lat' dir='ltr'><strong>consulerent,</strong></span> <span class='ocrx_word' id='word_1_762' title='bbox 1348 2825 1460 2859; x_wconf 85' lang='lat' dir='ltr'><strong>suisque</strong></span> <span class='ocrx_word' id='word_1_763' title='bbox 1488 2824 1586 2858; x_wconf 74' lang='lat' dir='ltr'><strong>singuli</strong></span> <span class='ocrx_word' id='word_1_764' title='bbox 1615 2824 1742 2859; x_wconf 77' lang='lat' dir='ltr'><strong>allegatis</strong></span> 
     </span>
    </p>
   </div>
  </div>
