1921 3071
142 128 175 162 ’11

143 189 312 218 κλυτούντων
343 187 455 214 ἐκείνων
476 185 523 213 καὶ
539 183 573 210 τὰ
602 182 713 217 θεοφιλῆ
742 182 934 216 ποτνιωμένων
949 183 971 211 Λ

141 236 184 272 ἐφ’
236 235 383 271 προσσχεῖν
395 233 441 261 τὸν
455 232 521 259 Θεδν
538 231 586 257 καὶ
603 229 752 265 ἐμφανίσαι
763 228 813 264 τὴν
829 227 932 254 οἰκείαν

143 282 281 318 βούλησιν,
297 282 346 315 τὴν
372 279 483 315 μακρὰν
502 278 577 312 σφῶν
597 275 785 309 ταλαιπωρίαν
809 274 935 307 δυσωπη-

142 317 236 355 θέντα.
258 327 302 358 Ὧς
325 325 391 360 γοῦν
419 323 616 358 ἐνεῦλήθησαν,
645 321 757 355 καλάμη
773 317 842 354 ἦσαν
866 319 934 354 προς

142 373 259 408 κάμινον
273 371 320 398 καὶ
337 371 498 405 ἀμφότεροι,
520 369 567 395 καὶ
589 367 620 393 τὸ
634 367 690 401 πῦρ
707 366 757 391 οὺκ
777 365 870 399 ἠγνόει
885 364 934 398 τὴν

142 418 240 444 ἑαυτοῦ
255 417 382 451 δύναμιν,
400 415 448 442 καὶ
467 412 698 448 συνεπτυγμένων
719 412 860 446 ἀραρότως
873 411 935 436 ἐπε-

142 463 307 498 λα-μΰάνετο,
324 461 394 487 ὥστε
407 461 455 487 καὶ
473 461 535 495 μιᾶς
550 459 566 493 ἢ
582 458 629 485 καὶ
642 457 770 492 δευτέρας
785 456 858 492 ὥρας
870 464 935 482 σπο-

141 509 186 535 δὸν
211 508 340 543 γενέσθαι
369 508 417 533 καὶ
439 505 621 541 ἀμφοτέρους.
641 503 708 530 Τότε
739 502 805 536 γοῦν
834 501 934 532 τελέως

142 555 455 589 ἀποκαραδοκήσαντες,
485 552 585 587 τρόπον
618 550 673 577 τῶν
701 549 811 583 τὸμων,
840 548 934 582 ὥσπερ

144 603 242 628 ἐκεῖνοι
259 601 338 635 πυρὶ,
353 600 438 631 οὕτως
461 595 534 625 οὗτοι
551 597 658 632 βασιλεῖ
678 595 812 622 ἐνεδίδουν
829 595 877 620 καὶ
890 594 936 628 δῆ-

141 648 182 674 λοι
207 646 277 683 ἦσαν
297 646 505 675 ὑποκλινοῦντες
528 644 567 679 τῷ
595 642 762 678 πατριάρχῃ.
785 641 816 667 '0
845 641 935 676 μέντοι

142 702 175 728 γε
191 693 316 729 βασιλεὺς
328 692 465 726 διαχυθεὶς
480 688 534 716 οἷον
549 689 653 716 ἐκεῖθεν
672 687 709 720 ὥς
725 696 752 713 τι
767 687 868 722 δράσας
880 685 935 712 τῶν

143 739 308 774 θαυμαστῶν
331 737 500 773 (Θαυμαστὸν
516 736 570 770 γὰρ
584 735 671 762 ἐδόκει
695 734 805 768 γνώμας
821 732 935 767 ἰσχυρὰς

143 786 171 812 ἐν
186 785 284 819 ἀκαρεῖ
300 783 493 819 μαλαχθῆναι),
508 782 545 813 ὡς
560 781 610 817 ἤδη
625 781 655 806 τὸ
667 780 728 807 ὅλον
743 777 935 814 κατωρθωκὼς

143 831 173 863 ἐξ
183 831 266 865 αὐτῆς
276 828 562 865 λαφυραγωγηθέντας
572 827 719 862 προσάγειν
727 824 765 860 τῷ
777 824 934 859 πατριάρχῃ

143 878 180 909 ὡς
195 874 269 912 εἶχεν
294 876 386 910 ὥρμα,
411 875 458 901 καὶ
472 873 603 909 κρυμώδη
626 873 821 906 κατανίφοντος
835 872 935 906 ἦφρον-
949 895 971 922 Β

143 924 240 954 τίστει,
256 922 298 958 [Ρ.
316 921 362 957 58]
378 922 424 948 καὶ
447 920 536 947 λαϐὼν
561 919 680 950 ἐκείνους
695 918 753 953 ἅμα
776 918 845 953 πεζῇ
861 917 934 952 βαδί-

140 969 197 1001 ζων
213 969 263 1003 ὀιιέ
279 967 419 996 Σαϐϐάτου
434 967 473 1002 τῷ
492 966 651 1001 πατριάρχῃ
663 965 840 1000 παρίστησιν.
856 963 887 990 Οἳ
903 963 934 999 δὴ

143 1015 192 1042 καὶ
207 1004 320 1041 αὐτόθεν
338 1013 496 1048 προσιόντες
513 1011 638 1046 εὐλογίας
653 1019 683 1037 τε
701 1009 934 1045 μεταλαγχάνουσι

143 1102 323 1138 optatissimam
337 1100 455 1128 libenter
470 1098 666 1134 proﬁigaturus
681 1096 829 1123 videretur.
843 1094 935 1122 Desti-

142 1149 220 1177 navit
245 1153 378 1184 prmterea
409 1146 476 1173 tanti
506 1143 639 1171 momenti
664 1141 833 1169 caeremoniae
862 1141 933 1168 diem

143 1196 268 1223 omnium
285 1193 474 1224 sacerrimam,
496 1191 546 1218 hoc
561 1194 613 1222 est,
629 1188 758 1224 quoniam
779 1188 866 1224 major
878 1187 933 1223 jam

146 1241 294 1269 hebdomas
306 1239 452 1269 institerat,
466 1237 614 1264 Sabbatum
626 1236 714 1270 ipsum
732 1239 867 1265 sanctum,
884 1233 934 1260 Pa-

144 1287 215 1314 schae
225 1287 358 1314 festorum
371 1283 504 1319 principis
513 1282 642 1317 vigiliam.
654 1280 856 1315 Talilergoiuce
866 1287 933 1306 con-

144 1332 262 1368 gregatis
279 1331 398 1360 cunctis,
415 1329 561 1367 propitiato
572 1327 626 1363 62
640 1326 731 1362 longis
752 1324 934 1353 communiter

143 1378 314 1405 orationibus
340 1377 406 1408 Deo,
433 1381 464 1402 ut
484 1378 577 1409 empta
601 1374 744 1400 fortunare
763 1371 933 1405 dignaretur,

145 1425 254 1451 tandem
283 1423 420 1450 universis
457 1419 687 1455 inspectantibus,
712 1419 780 1453 ipso.
800 1421 934 1452 praasente

144 1471 278 1504 Augusto,
295 1470 402 1504 piorutn
416 1467 569 1501 hominum‘j
586 1470 613 1493 et
633 1466 724 1492 neutri
740 1468 810 1498 parti
835 1469 932 1497 suspeo

146 1525 252 1544 ctorum
270 1516 395 1542 manibus
410 1514 550 1542 volumina
575 1512 704 1546 utrinque
726 1510 931 1546 consignantur.

145 1565 182 1590 Ea
198 1564 246 1596 illi,
262 1563 334 1597 quod
355 1563 425 1590 bene
449 1563 578 1592 verteret,
601 1559 629 1586 in
653 1558 742 1593 ignem
758 1557 874 1592 jaeiunt,
892 1555 934 1582 in-
946 1568 969 1599 C

144 1610 322 1638 tundentibus
344 1615 440 1644 preces
456 1615 518 1635 cum
539 1606 657 1634 maxime
676 1612 724 1639 per
745 1609 878 1630 summam

144 1657 252 1684 duciam
272 1654 440 1685 Arsenianis,
460 1658 488 1680 et
509 1652 587 1687 quasi
614 1650 699 1678 Deum
720 1647 933 1676 admonentibus

144 1705 241 1730 adesse
263 1707 371 1736 tempus
393 1699 549 1727 declarandi
571 1697 614 1725 sui
634 1695 756 1723 numinis
775 1695 802 1721 iu
820 1694 932 1728 gratiam

145 1750 266 1785 ipsorum
280 1747 331 1774 zeli
354 1754 403 1781 pro
419 1746 479 1781 ejus
498 1744 582 1780 gloria
600 1742 696 1770 tandiu
718 1741 817 1768 frustra
842 1739 932 1766 tabes-

145 1795 245 1827 eentis,
267 1802 298 1821 ac
321 1793 498 1827 longissimas
515 1789 639 1816 miserias
663 1786 863 1822 patientissime
885 1792 933 1819 pro

146 1842 261 1869 veritate
293 1839 422 1866 toleratas
444 1836 595 1863 clarissima
616 1834 659 1861 sui
686 1832 797 1865 favoris,
815 1831 861 1866 qui
887 1838 932 1858 ca-

147 1888 264 1916 lumnias
298 1887 482 1914 humanorum
509 1889 635 1910 errorum
662 1884 774 1907 cunctas
803 1878 932 1910 dilueret,

147 1935 345 1972 signiﬁcatione
352 1930 523 1961 consolandi.
539 1929 602 1956 Ilaec
617 1928 669 1955 illis
679 1927 819 1955 orantibus
834 1925 932 1959 stipula

147 1971 179 2009 in
191 1983 302 2009 fornace
315 1980 395 2006 ambo
410 1977 512 2013 pariter
530 1976 593 2002 libri
611 1974 698 2002 fuere.
713 1972 788 1999 Nihil
801 1971 932 1999 utriusvis

147 2033 274 2064 respectu
303 2027 375 2054 acris
405 2033 461 2052 sua:
487 2021 596 2050 virtutis
622 2019 728 2048 remisit
756 2018 875 2046 flamma.
900 2018 934 2045 Et

145 2082 302 2110 quanquam
321 2081 370 2108 pro
384 2071 494 2099 modulo
509 2069 606 2097 lcbetis
618 2067 689 2094 haud
701 2065 815 2093 multum
832 2071 933 2100 pruna-

147 2128 207 2146 rum
225 2123 294 2150 erat,
311 2118 393 2152 atque
416 2121 562 2149 utrumque
584 2113 705 2141 codicem
723 2120 772 2147 pro
791 2118 841 2138 suo
857 2119 932 2146 qua:-

146 2174 200 2200 que
214 2173 276 2200 pars
289 2164 379 2191 studio
399 2161 494 2189 s‘edulo
508 2160 697 2195 complicatutu
713 2163 742 2185 et
761 2163 931 2193 compactum

148 2213 244 2240 validis
267 2212 378 2245 insuper
404 2207 554 2235 involucris
575 2210 697 2241 sepscrat
716 2210 742 2232 et
764 2207 931 2240 protexerat,
949 2220 970 2247 ο

148 2264 239 2285 tamen
251 2264 303 2283 una
315 2256 435 2282 alterave
453 2254 520 2280 hora
530 2252 599 2279 nihil
614 2258 647 2278 ex
665 2255 780 2284 utroque
797 2249 850 2277 nisi
860 2249 931 2276 ciuis

148 2305 293 2340 superfuit.
314 2302 363 2329 llic
378 2302 432 2336 jam
449 2300 555 2328 confusi
573 2299 702 2326 frustrata
717 2297 931 2332 exspectatione,

148 2350 293 2379 Arseniaui
313 2348 471 2385 prteSvrtim,
496 2346 594 2374 imitati
615 2353 679 2373 suas
704 2345 821 2375 chartas,
838 2348 866 2369 ut
881 2342 933 2368 illm.

147 2399 215 2434 igni,
229 2397 267 2424 sic
284 2396 334 2430 ipsi
355 2397 477 2430 Augusto
490 2398 641 2426 cesserunt,
659 2399 686 2420 et
700 2391 778 2418 ﬁdem
792 2394 932 2425 pactorum

149 2443 302 2479 reposcenti
325 2443 506 2471 ostenderunt
522 2440 595 2467 haud
617 2447 646 2466 se
675 2442 849 2465 recusaturos
866 2436 932 2463 sub-

146 2490 194 2525 jici
218 2489 349 2523 deinceps
366 2493 450 2522 atque
473 2487 664 2520 obtemperare
687 2482 856 2518 patriarchae.
873 2482 932 2514 Quo

148 2544 278 2563 surcessu
291 2532 632 2562 incredibiliterexsultans
644 2528 834 2565 gratulansque
847 2529 934 2563 impe-

147 2588 222 2610 rator
236 2582 344 2617 (miram
358 2582 459 2616 quippe
473 2587 530 2607 rem
554 2577 686 2606 divinitus
703 2575 933 2610 interpretabatur

147 2631 258 2662 factam,
274 2630 346 2664 quod
364 2634 417 2656 tant
441 2627 553 2658 invicta,
576 2629 631 2652 tam
655 2630 759 2651 annoso
775 2622 849 2650 velut
865 2621 932 2649 callo

148 2678 275 2705 indurata
301 2675 452 2711 pertinacia
469 2676 608 2700 momento
622 2669 742 2697 emollita
757 2669 932 2704 resolutaque

147 2724 329 2757 cerneretur),
348 2720 432 2748 veluti
447 2720 502 2754 jam
519 2718 574 2745 voti
589 2718 633 2744 vix
647 2716 748 2751 sperati
766 2716 845 2751 plene
860 2723 933 2743 com-

147 2779 208 2806 pos,
238 2769 377 2798 festinavit
404 2768 525 2794 victoriw
552 2773 607 2793 sua:
627 2765 705 2799 quasi
733 2764 877 2792 manubias
902 2771 934 2791 ac

147 2818 232 2852 spolia
248 2816 407 2853 patriarcha:
423 2815 532 2842 sistere.
550 2813 704 2847 Eademque
718 2813 794 2843 hora.
813 2812 864 2840 etsi
876 2817 933 2838 tum

148 2864 216 2892 forte
236 2863 350 2899 contigit
367 2869 490 2898 asperant
508 2859 639 2889 desazvire
654 2864 853 2895 tempestatem,
870 2859 933 2886 nin-

751 122 914 153 GEORGH
932 122 1175 153 l‘ACIIY-MEILE

1314 77 1317 89 l

1747 122 1787 150 7‘2

987 181 1035 207 καὶ
1045 180 1125 216 ἱεροῦ
1139 179 1379 216 μεταλαμϐάνουσι
1393 179 1559 212 κλάσματος,
1575 177 1650 213 δῆλοί
1662 186 1691 205 τε
1707 175 1783 213 ἦσαν

985 227 1015 259 ἐξ
1028 224 1065 260 ὦν
1079 227 1172 262 ἔλεγόν
1196 235 1226 253 τε
1244 226 1291 253 καὶ
1317 226 1452 261 ἔπραττον
1468 224 1546 252 πάντ’
1569 223 1668 255 εῶντες
1683 219 1725 258 ἐφ’
1739 221 1783 256 οἳ,

984 272 1014 298 τὸ
1030 272 1137 307 πρῶτον
1159 271 1198 304 ὡς
1221 272 1343 307 ἰσχυροῖς
1358 270 1389 303 ἐξ
1412 270 1535 304 ἀνάγκης
1560 269 1693 305 μεγίστης
1707 270 1787 304 ἐσχί-

986 317 1072 349 ζοντο.
1102 317 1280 351 Ἐπέφωσκεν
1303 317 1320 352 ἡ
1342 317 1443 352 ἡμέρα,
1462 315 1510 342 καὶ
1526 314 1557 342 τδ
1575 314 1675 350 θερμὸν
1690 315 1785 341 ἐκεῖνο

986 363 1033 389 καὶ
1052 362 1158 390 ἔντονον
1183 363 1251 399 πρὸς
1266 353 1569 398 είρήνηνψυχροῢαθαι
1594 362 1642 388 καὶ
1659 369 1783 396 καταχα-

985 409 1034 445 λᾷν
1049 409 1158 445 ἤρχετο,
1176 409 1224 436 καὶ
1248 408 1286 440 ὡς
1308 409 1532 444 κατασοφισθεῐσι
1559 409 1652 442 σφίσιν
1671 408 1782 439 ἑαυτοῖς

985 464 1139 492 προσειχον.
1162 455 1207 482 Ἐν
1232 456 1331 490 ἀφανεῖ
1355 455 1383 482 δέ
1397 455 1466 487 τέως
1491 455 1524 482 τὰ
1549 454 1598 490 τῆς
1626 453 1782 489 μεταϐολῆς

986 502 1092 538 ἔχοντες
1109 503 1214 538 (κτῆμα
1229 503 1283 537 γὰρ
1297 499 1368 528 εἶναι
1386 500 1496 533 πειθοῦς
1514 500 1563 536 τὴν
1584 500 1707 536 εἰρήνην,
1720 499 1782 526 ἀλλ’

985 549 1015 575 οὺ
1042 548 1130 583 τύχης
1157 547 1286 583 ἔκρινον),
1314 548 1391 582 μόλις
1419 548 1466 574 καὶ
1491 548 1522 578 ἐξ
1539 546 1647 581 ἐκείνης
1670 546 1782 581 ἡμέρας

988 596 1120 630 ἑσπέραν,
1137 594 1175 626 ὡς
1193 594 1355 629 ἀφυλάκτως
1372 595 1548 629 ἐμπεσόντες,
1566 595 1594 621 ἐν
1616 594 1695 629 δεινῷ
1706 594 1784 620 τιθέ-

988 650 1064 676 μενοι
1079 641 1186 676 ἔμενον,
1203 642 1310 676 πρωῖας
1325 641 1352 667 δὲ
1368 640 1438 676 πλὴν
1456 641 1555 674 ὀλίγων
1570 640 1670 671 πάντες
1690 648 1780 674 παρε-

986 688 1140 723 κεκίνηντο.
1156 688 1185 716 '0
1199 688 1263 722 γοῦν
1279 688 1398 722 κρατῶν,
1415 688 1475 714 ἐπεὶ
1487 687 1556 722 ἔγνω
1573 687 1603 714 τὸ
1617 688 1672 714 πᾶν
1685 688 1782 723 εἰργα-

987 734 1085 769 σμένος
1116 734 1215 770 μάτην,
1246 734 1356 768 συνάγει
1385 743 1415 760 τε
1444 734 1507 765 τοὺς
1537 733 1707 770 προῦχοντας
1729 734 1781 760 καὶ

985 780 1148 815 δημηγορεῖ.
1165 781 1219 807 Καὶ
1236 781 1281 807 τὸν
1297 781 1345 815 μὲν
1361 781 1533 816 πατριάρχην
1549 780 1603 807 ἔσω
1619 789 1670 806 που
1685 788 1780 815 παρα-

986 825 1071 858 ϐύσας
1087 827 1278 861 ἐστολισμένον
1296 827 1401 859 στολαῖς
1414 828 1498 862 ἱεραῖς
1514 827 1697 861 προσέταττεν
1708 827 1779 862 ἠρε-

987 873 1057 907 μεῖν,
1076 873 1167 904 αὐτοῖς
1181 873 1211 899 δέ
1228 873 1352 908 στρέφων
1367 871 1423 900 οἷον
1437 874 1524 905 διττὰ,
1543 874 1590 900 καὶ
1614 873 1780 909 τεχνιτεύων

986 917 1024 950 ὡς
1038 916 1071 954 ἦν
1097 919 1164 954 πρδς
1190 919 1238 951 τὰς
1251 919 1362 946 ἐκείνων
1388 919 1510 951 διπλόας,
1537 920 1612 952 ὅπως
1634 919 1667 946 ἂν
1688 920 1779 955 ἔχοιεν

986 963 1098 999 γνώμης
1119 964 1164 991 τὸν
1189 965 1411 1001 πατριαρχοῦντα
1437 965 1640 993 διεπυνθάνετο.
1669 967 1732 998 Τοῖς
1748 967 1778 993 δέ

987 1011 1025 1046 μὴ
1040 1011 1181 1046 ὁμολογεῖν
1197 1012 1247 1047 μὲν
1260 1013 1363 1052 ἐκεῖνον
1376 1013 1550 1049 πατριάρχην
1562 1015 1576 1039 ὁ
1587 1013 1653 1049 παρ’
1668 1013 1777 1040 ἐκείνου

986 1097 1076 1134 guidis
1092 1097 1185 1126 lioccis
1197 1098 1267 1126 ctelo
1288 1099 1390 1133 passim
1409 1099 1549 1126 hiemante
1569 1097 1777 1133 depluentibus,

985 1150 1034 1178 per
1055 1143 1133 1170 nives
1147 1148 1174 1170 et
1191 1144 1253 1179 gelu
1265 1144 1348 1178 pedes
1359 1145 1431 1171 viam
1450 1143 1567 1171 mediam
1580 1151 1718 1176 emensus,
1728 1134 1777 1170 ea-

985 1189 1047 1217 dem
1061 1189 1171 1217 Sabbati
1188 1190 1277 1217 sancti
1287 1198 1414 1226 vespera,
1425 1190 1608 1225 patriarcham
1623 1190 1681 1217 adit
1694 1190 1777 1224 eiq‘uc

986 1235 1155 1264 Arsenianos
1170 1236 1252 1264 offert
1266 1236 1328 1270 ;qui
1346 1237 1483 1271 supplices
1492 1236 1724 1273 admotieulogias
1743 1238 1778 1263 ab

985 1289 1017 1314 eo
1033 1287 1058 1309 et
1076 1282 1146 1309 sacri
1157 1282 1234 1317 panis
1248 1282 1432 1318 fragmentum
1451 1282 1600 1317 accipiunt,
1611 1282 1664 1318 63
1683 1283 1777 1318 plane.

985 1332 1014 1355 ut
1040 1332 1098 1355 tum
1131 1328 1312 1363 apparebant,
1343 1328 1529 1364 signiﬁcantes
1562 1330 1719 1356 renuntiare
1748 1336 1778 1356 se

985 1373 1108 1408 pristinis
1131 1374 1368 1409 persuasionibus,
1397 1380 1424 1402 et
1451 1382 1517 1401 vero
1545 1375 1654 1402 tandem
1683 1375 1776 1410 agnito

985 1420 1117 1447 dedoctos
1132 1425 1231 1448 cuneta
1246 1421 1291 1447 illa
1306 1421 1458 1456 superiora,
1476 1428 1536 1455 qua:
1551 1429 1600 1456 pro
1613 1410 1777 1449 necessariis

985 1467 1164 1494 abscindendi
1178 1475 1239 1495 sese
1255 1468 1289 1495 ab
1310 1467 1431 1495 Ecclesia
1447 1470 1538 1495 causis
1552 1468 1715 1500 habuerant,
1733 1476 1771 1495 re-

986 1514 1096 1543 mittere
1115 1521 1146 1541 ac
1160 1515 1230 1541 velle
1253 1514 1379 1542 oblivisci
1397 1515 1467 1542 bona
1489 1515 1550 1542 ﬁde.
1575 1515 1710 1542 Cteterum
1729 1515 1772 1543 vix

987 1565 1102 1596 posterae
1118 1561 1182 1589 inde
1197 1561 1252 1589 diei
1264 1562 1304 1589 sol
1318 1566 1430 1589 exortus
1449 1562 1585 1594 illuxerat,
1601 1570 1663 1589 cum
1676 1562 1773 1589 ltorum

985 1607 1107 1635 studium
1131 1607 1198 1635 illud
1219 1608 1247 1635 in
1270 1615 1363 1643 pacem
1386 1608 1649 1644 pridianum'cwpit
1663 1609 1775 1645 langue-

984 1661 1072 1682 scere.
1090 1654 1130 1682 Ne
1145 1654 1197 1681 sibi
1220 1659 1293 1682 esset
1310 1654 1421 1682 illusum
1443 1660 1580 1682 transacta
1597 1660 1775 1682 retractantes

984 1700 1170 1734 verebantur;
1189 1708 1221 1728 ac
1237 1705 1340 1728 tantam
1358 1701 1399 1728 sui
1419 1701 1494 1728 nictu
1509 1706 1682 1737 properatam
1704 1701 1775 1728 oculi

985 1745 1164 1773 mutationem
1181 1746 1321 1779 admirati,
1344 1747 1427 1774 nullis
1450 1747 1502 1774 sibi
1526 1747 1705 1782 argumentis,
1721 1747 1774 1774 nisi

984 1799 1064 1819 casus
1089 1797 1192 1820 eventu
1213 1793 1331 1826 fortuiti,
1346 1797 1401 1821 tam
1422 1793 1476 1821 alte
1500 1793 1652 1829 insculptas
1673 1794 1773 1821 animis

984 1838 1063 1865 evelli
1081 1839 1205 1873 potuisse
1221 1839 1416 1874 persuasiones
1430 1841 1627 1875 querebantur,
1644 1847 1706 1868 sero
1719 1840 1773 1874 jam

985 1890 1165 1919 agnoscentes
1177 1885 1281 1913 scilicet
1297 1885 1430 1913 doctrinae
1443 1886 1548 1919 solidm,
1567 1894 1623 1914 non
1639 1886 1721 1914 sortis
1732 1886 1773 1913 iu-

985 1931 1090 1959 stabilis
1106 1931 1185 1959 talem
1203 1940 1252 1968 par
1269 1932 1355 1960 fuisse
1370 1932 1500 1960 effectum
1524 1933 1672 1960 exsistere.
1693 1932 1772 1968 (Egre

984 1978 1017 2005 ad
1043 1979 1103 2013 ejus
1124 1978 1178 2005 diei
1205 1986 1348 2014 vesperam
1370 1986 1504 2006 novorum
1528 1979 1685 2007 istiusmodi
1710 1987 1772 2006 sen-

984 2032 1066 2064 suum
1088 2025 1289 2059 qualiscunque
1311 2025 1495 2052 dissimulatio
1527 2026 1654 2061 pervenit
1676 2034 1683 2052 :
1708 2033 1771 2052 ure-

985 2071 1031 2099 bat
1053 2071 1156 2106 quidpe
1185 2072 1296 2106 penitus
1323 2076 1351 2099 et
1378 2071 1589 2107 inquietissime,
1613 2076 1643 2099 ut
1671 2072 1771 2099 indicia

984 2118 1157 2152 erumpentia
1175 2118 1220 2145 vix
1236 2123 1375 2150 tenerent,
1387 2118 1507 2153 agitabat
1521 2118 1653 2152 superbos
1667 2118 1772 2145 anitnos

985 2164 1117 2191 memoria
1140 2164 1344 2199 imprudentiae,
1362 2173 1415 2200 qua
1437 2173 1466 2192 se
1481 2165 1589 2194 incaute
1607 2165 1772 2201 objecisscut

985 2212 1109 2248 periculo
1131 2212 1227 2244 ruium,
1247 2212 1275 2238 in
1297 2217 1421 2247 quamet
1441 2213 1690 2247 prmcipitaverant.
1709 2212 1773 2239 Lar-

985 2267 1045 2286 vam
1063 2263 1152 2286 tamen
1168 2266 1198 2286 ea
1221 2259 1314 2293 utique
1333 2259 1394 2286 luce
1414 2267 1469 2286 non
1491 2260 1655 2295 deposuere.
1672 2258 1774 2286 Postri-

984 2304 1039 2332 die.
1060 2310 1158 2339 pratter
1175 2313 1294 2338 paucos,
1312 2305 1434 2332 universi
1451 2305 1539 2340 palam
1568 2310 1643 2332 motu
1671 2304 1774 2341 ingenti

985 2351 1180 2378 reclamarunt.
1202 2351 1364 2386 imperator,
1379 2350 1427 2380 ubi
1453 2351 1555 2379 frustra
1585 2359 1614 2379 se
1636 2352 1775 2380 laborasse

985 2397 1128 2429 intellexit,
1145 2402 1278 2424 convocat
1294 2398 1384 2432 capita
1397 2398 1455 2433 ipsa
1474 2404 1565 2432 sectzn,
1584 2404 1611 2426 et
1622 2400 1772 2426 orationem

985 2444 1016 2471 ad
1031 2452 1094 2471 eum
1110 2449 1212 2471 emtum
1229 2445 1320 2472 habet.
1337 2445 1391 2472 Sed
1409 2449 1555 2479 antequam
1571 2446 1664 2473 dicere
1679 2454 1773 2481 aggre«

984 2489 1112 2521 deretur,
1143 2489 1325 2524 patriarcharu
1352 2490 1502 2524 pontiﬁcali
1527 2497 1654 2517 ornatum
1679 2491 1772 2519 habitu

984 2540 1083 2570 pnesto
1097 2543 1158 2563 esse
1171 2536 1259 2571 jubet,
1283 2540 1488 2571 exspectantem
1510 2537 1538 2563 in
1559 2537 1651 2564 vicino
1666 2537 1774 2566 cencla-

986 2581 1021 2608 vi.
1037 2581 1204 2609 Arsenianos
1220 2582 1278 2617 ipse
1291 2582 1402 2609 interim
1424 2583 1565 2617 implicare
1579 2583 1677 2611 callide
1692 2593 1773 2612 cona-

986 2634 1039 2662 tur,
1056 2637 1158 2662 anceps
1174 2629 1318 2664 quaesitum
1343 2630 1376 2657 ad
1394 2638 1490 2657 eorum
1512 2630 1651 2665 utrimque
1667 2633 1772 2667 pervias

985 2675 1179 2711 ambiguitates
1192 2684 1345 2711 opponens.
1364 2676 1548 2704 Percontatur
1564 2677 1688 2705 videlicd
1698 2686 1729 2706 ex
1743 2679 1774 2706 iis

984 2721 1050 2756 quid
1074 2722 1108 2749 de
1138 2722 1302 2757 patriarcha,
1322 2722 1369 2757 qui
1393 2730 1467 2750 nunc
1483 2723 1544 2751 talis
1566 2728 1687 2758 vocetur,
1710 2733 1773 2752 scn-

985 2769 1072 2801 tiant;
1086 2769 1181 2803 ecquid
1198 2776 1261 2796 eum
1282 2769 1329 2796 tali
1349 2777 1445 2797 revera
1465 2770 1610 2805 dignitate,
1628 2772 1707 2806 cujus
1724 2780 1772 2799 uo-

986 2815 1060 2842 mine
1077 2814 1214 2850 dignetur,
1229 2820 1382 2850 agnoscant
1402 2816 1559 2850 praeditum.
1587 2817 1732 2845 Htcrcbant
1749 2819 1774 2846 itt

986 2861 1155 2897 expediendo
1169 2869 1311 2897 responso.
1340 2861 1410 2889 Hinc
1428 2862 1501 2890 enim
1516 2862 1614 2890 durum
1638 2864 1775 2891 vidtbttur
