1921 3071
114 137 156 168 89

620 140 670 170 DE
689 139 912 170 ANDRONICO
933 139 1163 170 PAL.'EOLOGO
1186 141 1256 171 LIB.
1280 141 1305 171 ῐ.
1730 138 1765 170 90

116 194 136 227 ἢ
168 192 318 228 παρελθὸν
347 193 364 227 ἢ
401 193 532 228 ἐσόμενον
558 193 594 224 ὡς
632 195 705 226 εἱκδς
735 195 928 229 ἀγνοούμενον.
946 196 966 222 Α
984 204 1032 228 μσς
1046 195 1093 222 οὖν
1116 196 1206 223 ἰδόντα
1228 196 1387 230 παραυτίκα
1403 195 1536 230 λαμόάνει
1555 195 1600 221 τὸν
1615 194 1700 229 ἱερέα,
1721 197 1768 222 καὶ

122 238 248 274 ῚΙμέρα
276 239 328 273 μὲν
353 237 402 266 οὖν
424 240 476 274 πῆς
493 240 526 276 [Ρ
542 239 588 275 49]
614 241 726 275 τυρινῆς
755 241 931 276 κυριώνυμος

117 284 184 310 τότ’
202 284 350 318 ὲφίστατο,
375 285 468 311 ἐκάλει
482 285 510 311 δὲ
526 286 572 311 τὸν
592 285 636 311 ὲπ*
652 286 801 320 ἐκκλησίαις
823 286 929 320 ἱερουρ-

120 329 236 362 γοῦντα.
263 329 295 355 τὺ
322 329 460 364 σύνηθες·
484 330 514 356 τὺ
538 330 560 356 δ’
587 328 620 365 ἦν
646 331 676 357 τὸ
692 331 930 365 προηγιασμέναις

123 375 288 410 ἀναφοραῖς
306 376 339 401 τὸ
352 375 426 409 is.pr
439 377 532 407 πυξίον
543 376 570 407 ἐς
588 377 601 402 ὅ
615 386 641 402 τι
655 377 773 411 μάλιστα
791 377 930 411 summa»

124 422 205 447 κατὰ
233 421 335 455 χρείαν
359 422 416 448 τῶν
440 422 616 456 τεταγμένων
642 422 832 456 λειτουργιῶν.
855 423 930 448 Ἐπεὶ

125 466 198 499 γοῦν
213 467 362 493 τετέλεστο
389 467 438 501 μὲν
456 468 472 501 ὴ
495 469 544 502 τῆς
571 468 644 502 ἱερᾶς
670 468 764 499 θυσίας
782 468 907 503 ἀναφορὰ
921 488 927 499 ,

123 513 322 539 ἀνεπτύσσετο
339 512 367 538 δὲ
382 513 412 538 τὸ
433 513 527 545 πυξῖον
547 514 588 548 ἐφ’
603 511 624 546 ᾧ
639 515 702 544 τοὺς
719 514 810 547 ἱεροὺς
830 514 928 548 ἄρτους

123 558 258 592 τεθῆναι.
276 558 396 594 εὕρηταί
413 568 456 589 τις
470 560 551 590 εὐθὺς
570 560 643 591 ἐντος
659 560 713 586 τῶν
737 560 929 594 προηγιασμέ-

125 614 186 631 νων
208 606 350 640 ἀναφορὰ,
366 606 400 640 ἠν
417 606 449 641 δὴ
470 607 517 633 καὶ
544 607 639 633 εἴκασέ
654 616 695 638 τις
708 607 779 641 ὖρῶν
795 607 860 642 μίαν
874 607 928 633 τῶν

125 650 217 684 τριῶν
235 652 352 677 ἐκείνων
368 649 452 682 εἶναι,
465 652 498 687 ἣν
522 653 569 678 καὶ
582 652 632 686 τῆς
646 652 727 685 ἁγίας
743 653 790 678 καὶ
808 652 929 687 μεγάλης

126 696 270 732 Τετράδος
285 697 438 731 μέλλουσαν
452 697 644 733 ἀναφέρεσθαι,
656 698 763 733 συμὸἁν
775 699 845 732 cite,
861 699 928 725 καθ-

125 742 167 774 ὼς
191 743 341 774 λέλεκται,
358 744 397 778 μὴ
420 744 454 770 τὰ
473 744 523 778 τῆς
548 745 625 779 ἱερᾶς
648 745 809 779 τελεσθῆναι
834 744 930 776 θυσίας

125 788 174 815 διὰ
199 789 252 823 τὴν
279 789 326 814 ἐπ’
343 789 494 824 ἐκκλησίας
516 791 571 816 τῶν
598 789 836 825 ἐκκλησιαστικῶν
865 791 929 826 παρ’

125 835 336 869 οῑυινδηποτοῦν
348 836 399 869 ὀψὲ
416 836 465 871 τῆς
480 837 555 872 ὧρας
573 838 718 872 γεγονυῖαν
739 836 927 872 συγχώρησιν,

127 880 222 906 ἐκεῖσὲ
242 889 295 908 που
313 882 466 916 ἀφεθεῖσαν
475 883 524 918 τῆς
540 883 666 916 πράξεως
683 883 790 910 κεῖσθαι
804 884 928 909 συνέϐαι-

126 935 186 952 νεν.
207 926 242 952 Ἦ
255 927 279 952 δ’
293 928 433 962 ὴχρείωτο
448 929 564 962 πάμπαν
584 930 632 955 καὶ
656 930 777 964 σέσηπτο
788 949 796 961 ,
811 929 848 960 ὡς
866 929 928 965 μηδ’

127 973 223 1000 είκόνα
238 974 339 1009 φέρειν
356 975 454 1010 ἄρτου,
473 976 510 1010 μὴ
528 976 568 1002 ὅτι
585 976 612 1010 γ’
627 977 710 1011 ἄρτον
731 977 780 1004 καὶ
795 977 927 1012 ἀμηγέπη

128 1018 301 1052 φαίνεσθαι,
322 1019 394 1046 ἀλλά
415 1029 476 1046 τινα
499 1020 583 1047 τύπον
609 1019 784 1057 θρυμμάτων
803 1022 928 1056 μελάνων

128 1065 270 1099 θηριακῆς
284 1065 301 1100 ﬁ
315 1074 391 1097 τινος
407 1066 488 1093 ἄλλου
503 1067 626 1093 τοιούτου
642 1068 846 1103 σκευάσματος.
861 1069 929 1104 Τρό-

131 1155 236 1182 fastidii
253 1155 375 1190 etquasi
395 1155 609 1185 abominabundi
634 1158 850 1185 transmiserint.
865 1158 927 1185 Ete—

131 1201 188 1228 nim
207 1201 273 1228 dum
290 1206 391 1237 reputo
416 1211 473 1230 rem
500 1204 642 1235 attentius,
668 1204 748 1231 facile
767 1205 856 1231 sentio
875 1204 927 1231 im-

131 1245 197 1280 pelli
214 1253 257 1274 me
282 1246 317 1274 ad
346 1246 418 1274 idem
446 1249 671 1282 conspirantibus
699 1249 726 1275 in
744 1257 841 1281 unum,
865 1249 928 1276 hinc

136 1296 264 1326 respectu
277 1291 450 1327 judiciorum
466 1294 630 1327 alienorum,
647 1295 712 1322 hinc
728 1295 830 1329 proprii
846 1295 927 1322 ollicii

134 1338 311 1373 praescripto,
333 1346 397 1366 cum
417 1346 465 1366 nec
481 1340 578 1374 utique
602 1348 645 1367 me
661 1339 748 1374 fugiat
774 1341 877 1375 culpari
894 1341 927 1368 ab

135 1383 253 1411 eruditis
270 1384 432 1417 historicos,
447 1385 469 1413 si
486 1393 555 1420 quos
581 1387 813 1421 deprehenderint
839 1387 928 1414 indul-

137 1435 200 1463 gere
214 1429 324 1464 privato
341 1434 446 1465 gustui,
464 1432 562 1457 damno
577 1432 715 1458 memoriae
735 1432 859 1466 publica},
879 1440 926 1460 ac-

137 1476 337 1503 commodanda
355 1477 513 1504 narratione
526 1478 559 1503 ad
577 1485 679 1504 cenam
691 1479 845 1506 adamatam
861 1480 928 1513 ipsis

137 1520 339 1549 concinnitatis
352 1521 454 1549 fucosae
469 1523 599 1557 speciem,
620 1532 701 1558 quam
716 1524 804 1557 quoad
833 1524 927 1551 confc-

137 1568 234 1599 cczint,
256 1568 325 1595 nihil
343 1569 422 1604 pensi
439 1569 558 1596 habeant
588 1570 766 1597 dissimulare
782 1579 813 1597 ac
837 1572 926 1598 detor-

139 1621 222 1648 quere
240 1614 268 1640 in
288 1614 416 1648 subjecto
431 1619 601 1650 argumento,
624 1615 646 1642 si
672 1616 736 1650 quid
764 1616 809 1643 isti
835 1616 929 1643 forma:

140 1661 270 1688 reluctari
301 1662 493 1688 contumacius
519 1661 657 1693 viderint;
684 1670 732 1688 nec
752 1662 929 1689 dissimulare

141 1705 243 1739 possim
257 1705 384 1732 convicia
396 1705 583 1737 conscientia},
594 1707 659 1740 quid
674 1714 763 1733 meum
781 1715 795 1733 a
814 1715 855 1733 me
870 1716 928 1734 nni-

139 1757 190 1776 nus
208 1750 312 1784 exigat,
343 1753 488 1783 monentis,
515 1751 707 1785 edieentisque
736 1753 851 1786 quadam
870 1753 928 1778 ine-

143 1796 259 1822 xorabili
277 1796 428 1823 severitate
442 1803 567 1823 censura:
583 1804 635 1829 me,
654 1797 677 1824 si
694 1797 806 1823 conscio
819 1798 929 1824 silentio

141 1841 301 1869 involverim
327 1841 400 1876 quod
432 1849 504 1868 nunc
536 1841 630 1869 divino
654 1842 724 1869 haud
751 1843 833 1870 dubie
862 1847 928 1870 nutu

141 1887 266 1921 contigit,
280 1886 427 1918 maculam,
440 1886 462 1913 si
479 1886 547 1913 nihil
562 1887 647 1918 aliud,
662 1887 817 1914 inuslurutn
834 1895 929 1922 quam-

141 1931 200 1957 dam
227 1930 368 1958 historica:
391 1930 510 1957 veritati.
543 1931 632 1964 Quare
654 1931 720 1958 illud
744 1936 809 1959 ante
837 1933 928 1959 omnia

144 1978 260 2009 dicatur,
292 1976 393 2004 divinat
418 1977 527 2011 quidem
545 1979 732 2004 characterem
751 1978 929 2012 providentia:

143 2025 309 2058 praeferens;
344 2023 379 2049 de
408 2030 462 2056 quo
486 2028 575 2049 tamen
603 2024 750 2057 prudenter
778 2024 930 2052 aestimetur

144 2070 261 2105 ignorari
278 2069 345 2103 quid
364 2068 472 2095 tandem
501 2069 541 2095 vel
558 2069 687 2103 respiciat
705 2071 872 2104 prteteritum
887 2071 928 2097 vel

144 2119 290 2149 auguretur
304 2121 338 2141 ac
353 2114 497 2149 portendat
515 2118 688 2141 eventurum.
705 2114 849 2154 Dominica
867 2116 928 2143 illu-

145 2166 219 2189 xerat
236 2160 350 2196 proprio
364 2160 496 2187 vocabulo
513 2160 587 2187 dicta
608 2160 710 2195 Tyrine
722 2168 737 2187 a
763 2162 835 2189 casei
865 2167 930 2188 tunc

980 241 994 267 ὅ
1007 249 1034 266 τι
1050 241 1149 276 πράξοι
1166 242 1236 276 (οὐδὲ
1263 242 1318 276 γὰρ
1343 240 1376 276 ἦν
1404 243 1507 268 ἐκεῖνον
1522 242 1601 281 ἑνορν
1622 242 1662 272 είς
1679 241 1766 267 Nati.

980 286 1061 319 ληψιν
1085 288 1139 317 τοῖς
1164 288 1342 321 προσφάτοις)
1370 288 1506 314 διενοεῖτο.
1532 288 1587 314 Καὶ
1604 288 1633 313 τὶ
1649 289 1766 321 πρᾶγμα

980 331 1095 366 φοϐερὸν
1113 333 1211 364 ἔδοξεν,
1226 334 1256 359 οὐ
1273 333 1358 359 παθὸν
1372 334 1451 359 τόσον
1465 334 1526 359 ὅσον
1544 333 1638 367 φανὲν.
1653 334 1767 367 ἐπείπερ

980 377 1014 404 τὰ
1029 379 1079 411 τῆς
1096 379 1265 414 εὑθετήσεως
1275 380 1461 414 ὴμηχάνηται.
1484 380 1580 406 Τοίνυν
1596 381 1640 406 καὶ
1657 382 1697 412 εἰς
1712 389 1770 406 κοι-

980 423 1028 458 νὴν
1039 424 1103 450 θέαν
1114 425 1263 460 προύτέθη.
1273 426 1319 452 καὶ
1329 426 1360 451 τὸ
1373 425 1499 460 ποιητέον
1514 425 1621 458 μεθ’ὅτι
1636 426 1766 460 πλείστης

980 469 1101 503 ἐζητεῖτο
1127 470 1176 504 τῆς
1193 471 1348 502 εὐλαϐείας.
1376 471 1445 497 Ἀλλ’
1468 471 1481 497 δ
1496 469 1530 507 ἦν
1548 473 1594 498 καὶ
1616 472 1702 498 ἐδόκει
1720 474 1766 499 καὶ

980 514 1085 547 πρέπον
1100 513 1144 551 ἦν,
1172 516 1203 542 τὸ
1230 517 1322 551 περιὸν
1343 517 1391 550 τῆς
1417 517 1597 551 παραλλαγῆς
1614 519 1664 543 οὐκ
1681 518 1767 543 ἐδίδου

979 560 1114 593 γίνεσθαι,
1131 562 1176 587 καὶ
1190 561 1221 594 δὴ
1237 561 1306 595 πρὸς
1318 562 1366 596 τὴν
1383 563 1536 597 μετάληψιν
1549 563 1637 589 ὀκνῶν
1651 564 1664 588 ὁ
1679 564 1768 598 ἱερεὺς

980 606 1010 632 οὗ
1035 607 1173 640 προσίετο.
1192 607 1250 640 Θεῷ
1277 608 1301 634 δ’
1322 609 1470 642 ἀναφέρειν
1493 609 1580 641 ἄλλως
1605 610 1654 635 οὐκ
1678 607 1712 644 ἦν
1732 610 1768 644 μὴ

982 651 1166 685 μεταλαϐόντα
1182 653 1215 678 τὰ
1230 653 1313 688 δῶρα.
1328 654 1382 679 Καὶ
1395 653 1471 680 ἔνοεν
1487 654 1537 688 μὲν
1555 654 1647 686 φόῆος,
1665 654 1769 680 ἐκεῖθεν

980 697 1002 723 δ’
1022 697 1124 732 ἀπορία
1140 699 1203 730 τοὺς
1229 700 1386 733 Oed-ptimo;
1402 700 1605 734 διεμεριζέτην,
1624 701 1673 726 οὐκ
1696 701 1771 735 ἕχον-

980 751 1029 773 τας
1057 743 1070 769 ὅ
1094 752 1119 769 τι
1139 743 1186 770 καὶ
1212 744 1353 779 πράξοιεν.
1375 745 1405 771 '0
1428 745 1492 777 γοῦν
1510 746 1593 781 φόϐος
1620 747 1670 777 τὰς
1694 747 1770 780 σφῶν

980 788 1093 823 γνώμας
1114 789 1273 816 συνέστελλε
1292 791 1359 826 πρὸς
1375 791 1441 824 μίαν
1457 793 1502 817 καὶ
1519 791 1567 827 τὴν
1591 792 1676 827 αὐτὴν
1693 792 1767 825 ἄγων

981 834 1088 870 βουλὴν,
1098 835 1128 862 τὸ
1143 837 1188 863 τὸν
1200 837 1287 872 ἱερέα,
1299 837 1351 864 κᾶν
1360 838 1373 864 ὃ
1385 847 1410 864 τι
1423 838 1468 864 καὶ
1479 839 1570 870 πάθοι,
1583 839 1768 874 προσήσεσθαι

978 879 1010 905 τὸ
1033 881 1207 915 φαινόμενον.
1235 882 1288 908 Τοῦ
1314 883 1342 908 δὲ
1358 883 1419 917 μηδ’
1445 884 1513 914 ὅλως
1532 885 1662 918 προσιτὸν
1679 885 1767 911 ἐκεῖνο

978 924 1135 958 νομίζοντος
1160 920 1222 961 μηὸ⁴
1238 927 1333 962 ἄκροις
1347 927 1383 959 ὡς
1399 929 1489 954 εἰπεῖν
1506 928 1608 962 χείλεσι
1627 929 1657 954 τὸ
1680 929 1769 963 παρά-

979 971 1072 1005 παν,ἠ
1091 971 1193 1005 ἀπορία
1211 972 1449 1007 παρατολμήσασα
1477 973 1619 1008 ἑσχεδίαζε
1641 974 1768 1008 μηχανὴν

978 1013 1047 1040 πολὺ
1064 1014 1113 1049 μὲν
1121 1016 1175 1041 τῶν
1188 1015 1271 1049 ἀξίων
1283 1017 1461 1050 ἀποδέουσαν,
1480 1018 1633 1051 ἀναγκαίαν
1647 1018 1669 1044 δ’
1679 1018 1768 1048 ἄλλως

980 1060 1050 1094 ὑπὲρ
1079 1061 1133 1088 πᾶν
1163 1061 1257 1097 ἕτερον
1274 1062 1288 1089 ὅ
1312 1063 1343 1098 δὴ
1370 1064 1418 1090 καὶ
1437 1064 1573 1099 ἐννοήσειέ
1588 1073 1630 1095 τις
1646 1064 1767 1091 πώποτε.

979 1155 1085 1185 tempus
1099 1161 1105 1184 ;
1123 1159 1176 1186 quo
1193 1152 1281 1186 ~spatio
1297 1157 1424 1188 corrupta
1439 1153 1545 1180 scilicet
1568 1160 1601 1180 ac
1617 1153 1695 1188 plane
1706 1153 1764 1188 jam

979 1198 1068 1231 putris
1107 1198 1255 1226 destinatis
1289 1199 1378 1233 inepta
1403 1199 1500 1226 usibus
1526 1198 1614 1225 fuerat
1647 1199 1765 1230 reddita,

978 1241 1079 1277 quippe
1095 1250 1155 1277 qua:
1169 1251 1202 1271 ne
1218 1245 1336 1278 speciem
1350 1245 1459 1279 quidem
1475 1245 1604 1272 retineret
1618 1244 1706 1280 panis,
1720 1245 1766 1272 sed

978 1288 1093 1315 formam
1109 1290 1256 1324 quamdam
1275 1292 1388 1318 haberet
1404 1292 1620 1326 fragmentorum
1643 1295 1765 1318 atrorum

979 1335 1108 1362 theriaca:
1129 1342 1176 1363 aut
1191 1338 1288 1364 similis
1316 1338 1430 1365 alterius
1446 1338 1628 1365 confectionis
1645 1338 1705 1373 ejus
1722 1346 1768 1372 ge-

978 1380 1063 1407 neris.
1086 1379 1202 1416 Diriguit
1223 1383 1280 1409 visu
1304 1388 1417 1418 repente
1440 1383 1657 1418 inopinatissimo
1674 1391 1766 1411 sacer-

979 1426 1041 1465 dos,
1053 1430 1080 1453 et
1095 1431 1214 1454 tremore
1231 1430 1316 1456 totius
1333 1430 1456 1462 Corporis
1469 1431 1610 1456 horrorem
1626 1437 1657 1456 ac
1670 1434 1765 1456 :estmn

979 1472 1064 1500 animi
1083 1473 1235 1507 declarans,
1269 1475 1392 1502 incertus
1416 1475 1482 1508 quid
1501 1480 1604 1510 ageret,
1632 1475 1764 1502 ba‘rebat.

981 1519 1073 1553 Neque
1094 1520 1165 1546 enim
1195 1521 1308 1547 miscere
1335 1529 1364 1548 se
1400 1521 1513 1555 putabat
1541 1528 1621 1555 posse
1646 1525 1764 1548 veterem

981 1564 1052 1591 illam
1077 1566 1237 1599 particulam
1265 1574 1326 1592 enm
1348 1566 1515 1598 recentibus,
1537 1567 1627 1601 quasi,
1655 1572 1684 1593 nt
1710 1567 1764 1598 lue,

980 1610 1019 1637 sic
1035 1610 1078 1636 illa
1092 1610 1182 1637 olTerri
1217 1612 1388 1645 pereeptnris
1416 1617 1507 1646 posset
1525 1617 1552 1639 et
1567 1612 1702 1639 sacrificio
1731 1620 1765 1639 ex

981 1657 1217 1690 przesanctilicatis
1244 1659 1406 1686 relellrundo
1433 1659 1512 1694 digna
1537 1659 1625 1685 hostia
1646 1660 1765 1686 censeri.

980 1703 1047 1729 Cum
1063 1710 1128 1735 ergo
1152 1704 1183 1730 ad
1209 1705 1396 1737 spectaculum
1421 1709 1475 1730 tam
1494 1704 1628 1735 deforme,
1648 1704 1681 1730 ad
1710 1709 1764 1730 tam

980 1755 1080 1783 anceps
1111 1750 1240 1783 utrinque
1257 1750 1422 1784 periculum,
1439 1755 1550 1777 arcente
1571 1750 1635 1776 hinc
1651 1755 1677 1776 et
1703 1750 1767 1776 inde

981 1799 1066 1823 metu.
1081 1799 1109 1821 et
1126 1799 1216 1821 tamen
1241 1795 1340 1830 agendi
1374 1796 1540 1822 necessitate
1555 1796 1680 1821 cunctari
1702 1802 1766 1827 pro-

981 1839 1102 1871 hibente,
1118 1840 1164 1866 diu
1189 1841 1421 1867 deliberabundus
1438 1841 1579 1874 expediret
1608 1839 1695 1872 nihil;
1717 1839 1766 1866 de-

981 1885 1064 1919 nique
1080 1885 1206 1912 adhibuit
1226 1886 1437 1913 circumstantes
1452 1887 1485 1912 ad
1503 1886 1661 1915 consilium,
1682 1893 1767 1912 voca-

983 1930 1071 1963 lisque
1099 1934 1210 1956 ostenso
1235 1931 1305 1964 quod
1343 1931 1462 1963 videbat,
1497 1930 1563 1964 quid
1597 1937 1665 1963 opus
1694 1930 1766 1955 facto

982 1975 1122 2001 videretur
1141 1983 1287 2009 suggerere
1306 1983 1339 2002 ne
1351 1980 1540 2009 gravarentur.
1566 1981 1673 2001 summa
1701 1982 1767 2000 con-

982 2021 1102 2048 tentione
1132 2022 1328 2049 demississime
1344 2022 1443 2048 oravit.
1477 2020 1576 2047 Statim
1603 2020 1767 2047 occurrebat

981 2067 1087 2095 ctmctis
1104 2068 1177 2095 factu
1195 2069 1329 2103 optimum
1343 2069 1412 2100 fore,
1425 2069 1446 2095 si
1464 2069 1586 2103 fragment
1601 2068 1672 2095 sacri
1689 2067 1768 2101 panis

981 2115 1120 2142 mucidum
1150 2115 1216 2142 illud
1242 2120 1268 2143 et
1300 2120 1435 2142 vetustate
1468 2115 1614 2142 alteralum
1639 2113 1768 2144 sacerdos

981 2161 1087 2188 edendo
1106 2167 1289 2194 consumeret,
1310 2169 1449 2197 vacuoque
1462 2161 1518 2195 jam
1541 2161 1598 2188 vasi
1613 2168 1627 2186 a
1643 2168 1672 2188 se
1687 2159 1767 2187 modo

142 2207 229 2234 adhuc
241 2216 294 2235 usu
311 2207 465 2241 permisso;
482 2214 535 2241 qua
554 2207 623 2233 ritus
645 2211 796 2235 consuetus
813 2208 927 2235 vocabat
943 2218 964 2244 ι)
981 2211 1139 2234 consecrata
1171 2208 1291 2235 recentia
1320 2208 1437 2235 inderet.
1468 2206 1521 2233 Sed
1545 2211 1598 2233 tam
1618 2210 1687 2232 tetra
1708 2209 1768 2231 erat

143 2254 312 2280 sacerdotem
327 2253 361 2279 ad
391 2254 583 2287 praeparandas
601 2253 627 2280 in
657 2261 735 2280 sacra
761 2254 858 2288 pyxide
888 2259 926 2281 tot

143 2300 291 2327 oblationes
310 2299 464 2326 consecrati
478 2298 565 2331 panis,
595 2304 662 2334 quot
689 2299 721 2325 ad
746 2299 926 2327 celebrandas

143 2345 217 2381 juxta
234 2353 340 2373 merenti
352 2346 487 2373 instantes
504 2345 628 2380 liturgias
645 2352 677 2371 ex
690 2345 926 2380 praesanctilicalis

144 2391 295 2425 oportebat.
324 2390 374 2417 Ubi
395 2397 461 2425 ergo
490 2394 542 2422 est,
561 2390 698 2417 incruenti
713 2390 767 2424 79
798 2389 926 2417 sacriﬁcii

142 2441 250 2471 peracta
281 2435 444 2467 functione,
470 2439 564 2469 aperta
587 2434 667 2469 pyxis
686 2435 719 2461 ad
750 2435 926 2462 collocandos

144 2483 211 2510 intra
223 2490 283 2510 eam
299 2486 476 2509 cansecratos
501 2489 595 2516 panes,
621 2481 733 2508 inventa
757 2481 832 2508 intus
848 2489 925 2516 qua:«

143 2529 201 2555 dam
227 2528 355 2563 apparuit
375 2534 407 2554 ex
434 2526 668 2562 prazsanctiiicatis
695 2525 814 2558 oblatio,
843 2534 926 2561 quam

145 2575 201 2609 quis
220 2575 333 2602 intuens
357 2573 543 2608 suspicaretur
571 2581 653 2600 unam
668 2579 702 2599 ex
727 2572 761 2600 iis
776 2581 838 2600 esse
867 2581 927 2608 qua:

146 2627 212 2648 anno
228 2620 365 2654 superiori
389 2618 457 2646 feria
485 2623 583 2654 quarta
608 2618 784 2646 hebdomade:
813 2619 926 2654 majoris

145 2672 201 2692 cum
225 2665 319 2693 offerri
346 2665 496 2698 debuisset,
521 2665 612 2692 oblata
637 2665 749 2692 minime
766 2665 875 2698 fuerat,
897 2669 927 2693 ut

146 2711 293 2740 indicatum
313 2715 356 2739 est
370 2712 508 2746 superius,
537 2717 648 2746 propter
669 2719 807 2739 recessum
840 2713 927 2740 eccle-

147 2757 320 2786 siasticorum
340 2765 373 2784 ex
385 2757 511 2790 ecclesia,
527 2758 765 2792 qualibuscunque
784 2757 816 2785 de
835 2758 928 2786 causis

145 2812 307 2838 praeversum
326 2805 496 2831 cteremonim
517 2804 614 2832 debita:
638 2803 685 2831 tali
717 2804 784 2837 diei,
802 2812 834 2831 ac
863 2812 926 2839 pro-

146 2851 280 2883 otereaibi
301 2850 392 2879 fuerat
405 2851 498 2879 relicta
518 2851 694 2887 neglectaque
711 2851 743 2879 ad
772 2851 823 2880 hoc
840 2859 926 2887 usque

979 2254 1039 2288 ejus
1056 2254 1171 2286 species.
1198 2257 1228 2281 ut
1255 2252 1361 2281 tantum
1383 2255 1518 2288 imperare
1533 2253 1674 2280 stomacho
1697 2251 1769 2278 cele-

979 2300 1063 2326 brans
1076 2307 1104 2326 se
1124 2304 1237 2334 negaret
1249 2308 1338 2335 posse.
1354 2308 1385 2327 ac
1405 2308 1437 2327 ne
1451 2300 1567 2328 summis
1592 2298 1703 2333 quidem
1724 2298 1766 2324 la-

978 2345 1035 2372 bris
1058 2345 1124 2373 adeo
1149 2346 1290 2373 rancidum
1321 2347 1438 2373 frustum
1477 2345 1592 2372 omnino
1616 2345 1767 2372 snstinen-t

978 2391 1123 2426 attingere.
1138 2392 1194 2426 80
1208 2392 1319 2420 Absolvi
1344 2397 1435 2419 tamen
1453 2391 1620 2419 sacrificium
1643 2398 1694 2417 non
1716 2397 1767 2425 po-

978 2441 1059 2469 terat,
1073 2437 1125 2464 nisi
1142 2442 1312 2465 statueretur
1325 2438 1398 2465 circa
1427 2437 1480 2464 hoc
1493 2436 1635 2472 quidpiam
1653 2441 1679 2463 et
1695 2443 1764 2470 quo-

979 2484 1168 2519 modocnnqne
1202 2488 1376 2511 amoveretur
1411 2484 1474 2511 inde
1509 2483 1676 2511 nauseabilis
1715 2483 1766 2509 ista

980 2531 1158 2558 Eucharistiaz
1180 2538 1266 2558 sacrae
1294 2530 1394 2565 portio.
1423 2530 1492 2557 Inita
1515 2530 1632 2564 denique
1655 2529 1697 2556 via
1724 2533 1766 2556 cst

979 2576 1065 2611 magis
1087 2578 1180 2612 utique
1203 2577 1359 2604 necessaria
1382 2584 1465 2611 quam
1483 2577 1594 2607 decens.
1623 2575 1656 2602 ad
1681 2582 1764 2608 quam

978 2628 1077 2659 sponte
1092 2623 1221 2651 sacerdos
1244 2624 1330 2650 multo
1343 2631 1444 2659 angore
1456 2622 1609 2650 cruciatmn
1642 2621 1762 2654 animum

979 2670 1088 2696 tandem
1122 2670 1249 2696 advertit.
1279 2668 1382 2696 Divina:
1413 2668 1541 2695 nimirum
1585 2665 1767 2693 Providentia:

980 2715 1190 2750 permittendam
1205 2714 1312 2749 putavit
1333 2713 1573 2747 consumptionem
1590 2711 1714 2738 ultimam
1732 2710 1766 2737 il-

982 2760 1034 2787 lius
1051 2759 1196 2793 l'ragmenti
1210 2761 1292 2792 sacri,
1311 2759 1468 2794 seponendo
1485 2758 1549 2784 illud
1578 2756 1606 2783 in
1621 2755 1764 2783 seductum

980 2805 1081 2838 locum,
1101 2806 1194 2840 qualia
1208 2806 1233 2832 in
1256 2804 1386 2832 sacrariis
1407 2803 1500 2838 parari
1516 2802 1647 2837 antiquus
1672 2802 1764 2830 eccle-

979 2852 1081 2879 siarum
1105 2859 1172 2879 usus
1190 2852 1315 2879 obtinet:
1334 2849 1442 2877 furnum
1463 2853 1586 2877 sanctum
1600 2848 1686 2876 nostri
1714 2855 1763 2876 vo»
