1921 3071
159 100 208 131 123

778 102 941 131 GEORGII
962 102 1205 136 PACHYMEIL‘E

1738 100 1801 132 1Ξῖ-

151 162 219 194 πρ¹νς
236 161 357 195 Μαρῐνον
379 160 496 195 παρὲττη
504 170 537 192 τι,
567 163 596 186 τι
625 161 689 195 γοῦν
713 161 834 186 τοιοῦτον
860 161 941 196 ῥητὸν
955 161 982 191 Α
994 161 1059 188 Υἱοῦ
1071 162 1099 188 δὲ
1107 163 1137 188 οὐ
1146 163 1274 198 λέγομεν,
1288 172 1297 187 ι
1308 163 1360 198 ὃδὴ
1369 161 1584 196 συνεξαιρεϊσθαι
1596 161 1632 195 τῷ
1644 161 1799 195 κεφαλαίῳ

151 207 401 243 ἀντιπεριχώρησιν
427 209 490 238 τοὺς
514 208 670 241 προθέσεων
695 207 777 241 φέρον
804 207 860 233 οὐδ’
874 208 942 238 ὅλως

150 254 282 288 ἐδέχοντο,
295 253 332 283 ὡς
345 253 382 288 μὴ
395 253 444 287 τῆς
460 253 604 286 ἐπιστολῆς
614 253 642 286 ἐξ
652 253 800 287 ὁλοκλήρου
818 254 942 287 εὑρισκο-

152 300 236 332 μένης
250 299 403 334 ὲν⁹βί6λοις.
417 299 483 325 ἀλλὰ
497 307 523 325 τι
534 299 616 332 μέρος
631 299 737 331 ἐκείνης
750 299 814 333 περὶ
829 298 882 324 τῶν
896 299 942 324 δύο

151 344 307 378 κεφαλαίων
322 345 503 379 διαλαμϐάνον
518 344 560 378 ἐφ’
576 343 615 374 οἷς
627 345 651 370 0!
672 345 721 379 τῆς
737 343 870 378 ἀνατολῆς
886 343 941 370 τῶν

151 390 265 416 δυτικῶν
287 391 458 419 ὲπελάὃοντο.
484 391 544 422 ἑνὸς
571 391 618 424 μὲν
635 392 682 416 καὶ
713 390 822 424 πρώτου
840 390 885 416 τοῦ
905 391 942 425 μὴ

152 437 201 470 τὴν
218 436 380 472 ἁμαρτωλὸν
399 437 487 471 σάρκα
507 437 652 464 ἀναλαϐεῖν
683 436 726 472 [Ρ.
752 436 800 472 74]
827 437 871 463 cui
895 438 942 463 τοῦ

152 483 219 509 Θεοῦ
235 483 320 516 Λόγον
333 493 360 510 τε
374 484 420 510 καὶ
434 484 508 512 Υἱὸν.
523 484 590 510 ἀλλὰ
610 484 658 518 τὴν
669 485 721 519 προ
735 484 785 518 τῆς
798 484 942 518 παρακοῆς

151 529 198 554 τοῦ
224 529 310 564 Ἀδὰμ
337 530 538 564 ἀναμάρτητον,
555 530 682 564 δευτέρου
700 531 727 556 δέ
753 539 784 562 γε
800 529 837 560 ὡς
853 531 942 556 αἰτίαν

152 575 190 609 τῷ
206 576 354 610 Μονογενεϊ
372 577 584 612 προσαπτόντων
600 576 645 602 ἐπὶ
659 577 690 611 τῇ
709 576 872 608 ὲκπορεύσει
894 575 940 602 τοῦ

153 621 326 655 Ιίνεύματοτ’
345 620 381 649 ὧν
399 623 427 649 τὸ
443 623 490 657 μὲν
503 623 530 649 ἓν
545 624 590 649 καὶ
604 623 712 657 πρῶτον
725 622 842 653 συνόλως
855 622 940 656 ἠρνή-

153 677 243 696 σαντο.
261 669 290 695 ea
308 669 336 694 δέ
352 677 383 702 γε
403 669 539 703 δεύτερον,
556 668 635 695 τοῦτο
655 669 685 702 δὴ
702 668 732 693 τὸ
746 668 939 702 προκείμενον,

153 715 333 748 ἐθεράπευον,
349 715 387 746 ὡς
405 716 427 741 εἰ
445 715 491 741 καὶ
514 715 617 747 λέγοιεν
633 715 664 740 ὲκ
684 714 791 749 Πατρδς
813 715 859 740 καὶ
877 713 941 740 Υἰοῦ

151 761 180 786 τὸ
197 760 316 794 Πνεῦμα,
326 761 375 786 οὐκ
392 760 478 786 αἴτιον
497 761 604 790 πάντως
621 759 749 794 φρονοῦσι
762 759 806 784 τὸν
819 760 940 791 Μονογε-

152 807 195 839 v71,
213 806 270 832 ἀλλ’
289 807 332 832 ἵνα
345 807 375 832 τὸ
392 806 507 840 συναφὲς
523 806 569 832 καὶ
591 804 804 838 ἀπαράλλακτον
828 806 877 838 τῆς
896 803 940 829 οὐ·

153 853 212 884 σίας
229 853 436 886 πχραστήσωσι.
455 852 508 886 Τὴν
524 851 589 884 γοῦν
614 849 744 884 τοιαύτην
760 848 941 883 ἀντιπεριχώ-

153 907 185 932 ρη
193 907 231 924 τιν
244 899 293 932 τῆς
310 898 477 932 προθέσεως,
495 898 555 924 ἐπεὶ
569 898 619 923 οῦκ
635 896 789 930 ὲνεκρίνετο
805 896 862 926 τοῖς
874 903 942 928 γνη-

153 944 220 974 σίοις
235 943 282 970 τοῦ
308 944 379 969 θείου
397 943 523 976 Μαξίμου
545 943 576 968 τὸ
600 942 651 977 τῆς
670 942 818 976 ἐπιστολῆς
837 942 944 975 ἐκείνης

152 989 291 1023 τεμάχιον,
321 989 508 1022 ἀπαράδεκτον
543 987 664 1021 ἔγνωσαν
691 987 774 1022 ἔχειν.
809 987 891 1021 Μόνῳ
921 986 943 1012 δ’

153 1034 273 1069 ἐχρῶντο
288 1034 327 1060 τῶ
342 1034 389 1060 τοῦ
424 1033 603 1068 Δαμασκόθεν
619 1033 736 1067 Πατρὶς,
753 1032 790 1067 τῷ
811 1042 820 1058 ε
837 1032 885 1058 Ἐκ
897 1031 943 1058 τοῦ

154 1122 230 1149 tibus
248 1130 360 1156 operum
376 1122 463 1150 sancti
482 1121 610 1154 Maximi,
628 1121 675 1148 sed
690 1124 794 1153 partem
812 1119 944 1147 duntaxat

154 1168 214 1202 cius
241 1169 361 1202 aliquant
387 1169 439 1195 duo
462 1168 622 1194 Latinorum
643 1175 656 1193 a
686 1166 790 1193 Gnecis
815 1171 944 1193 accusata

153 1215 272 1248 capitula
288 1220 497 1241 memorantem.
510 1208 632 1247 Quorum
647 1214 725 1248 prius
740 1213 792 1240 ltoc
801 1217 871 1243 erat.
889 1221 943 1239 non

154 1261 335 1295 pcccttll'icettt
352 1269 463 1288 carnem
477 1266 647 1295 assumptam
666 1260 751 1287 fuisse
765 1268 779 1287 a
796 1260 842 1287 Dei
854 1259 944 1287 Verbo

152 1311 180 1332 et
206 1305 286 1336 Filio,
312 1306 358 1332 sed
385 1314 443 1332 eam
471 1313 532 1341 qua:
556 1311 628 1332 esset
646 1305 749 1340 peccati
770 1313 867 1340 expers
884 1310 945 1332 ante

153 1353 366 1379 inobedicntiam
383 1352 479 1379 Adami
501 1362 508 1386 ;
523 1353 638 1379 alterunt
656 1357 758 1384 autem,
774 1359 828 1386 quo
843 1353 946 1379 tribue-

155 1398 235 1423 ltatnr
247 1397 391 1432 Unigenito
404 1398 473 1424 ratio
488 1405 577 1424 causa:
589 1397 615 1424 in
629 1398 804 1432 processioue
813 1397 944 1432 Spiritus.

153 1444 322 1478 Acprimuut
347 1444 457 1478 quidem
486 1444 553 1470 illud
582 1444 696 1471 otnttino
721 1445 865 1479 negabant.
895 1445 946 1472 Se-

154 1491 276 1517 cundum
305 1498 370 1517 vero
395 1490 570 1525 expositione
598 1491 786 1526 temperabant
817 1492 844 1518 in
873 1492 946 1519 hunc

155 1537 264 1563 modum
281 1545 288 1562 :
308 1537 364 1563 Etsi
383 1537 506 1564 dicerent
520 1545 554 1564 ex
574 1537 654 1564 Patre
672 1536 797 1572 Filioque
812 1538 945 1572 Spiritttm

153 1583 373 1614 pl'uceticl't‘..llon
390 1590 480 1610 tamen
499 1583 581 1618 hujus
594 1591 706 1610 causam
723 1592 872 1618 agnoscere
883 1584 948 1612 Uni-

155 1628 291 1661 genitum,
306 1629 352 1654 sed
369 1629 405 1654 ita
421 1628 495 1663 loqui
516 1633 545 1655 nt
568 1629 764 1655 cohmrentiam
784 1630 907 1656 iutitnam
922 1635 949 1657 et

156 1674 408 1701 immutabilitatem
425 1675 553 1702 essentiae
567 1676 753 1702 adstruerent.
770 1676 847 1709 Quod
866 1677 948 1704 verba

157 1728 239 1754 porro
265 1721 394 1747 attineret
410 1721 457 1747 illa
481 1721 582 1755 quibus
600 1722 789 1749 al‘lirmahatur
815 1723 949 1757 sequipol—

154 1766 238 1792 il'lllia
254 1774 279 1792 e'.
291 1767 454 1801 synouymia
474 1768 678 1802 prtepositionis
691 1776 723 1794 ea:
736 1776 798 1795 cum
814 1777 871 1803 per,
882 1777 949 1803 quo-

156 1814 229 1839 niam
251 1814 434 1846 fragmentum
455 1814 588 1848 epistolae,
607 1815 701 1849 inquo
715 1815 759 1841 illa
774 1815 948 1850 legebantur.

157 1866 210 1885 non
243 1860 441 1886 accensehatur
465 1860 592 1894 legitimis
617 1861 726 1895 scriptis
754 1861 828 1888 illius
859 1862 948 1888 sancti

157 1905 292 1937 doctoris,
309 1906 354 1932 sed
371 1907 496 1940 spurium
509 1911 535 1933 ct
551 1907 671 1934 ail‘tctum
685 1908 844 1942 putabatur,
857 1908 951 1935 decrea

159 1958 256 1979 verunt
282 1954 442 1987 neutiquam
461 1953 568 1979 adutitti
586 1958 713 1988 oportere
729 1957 755 1980 et
773 1961 823 1988 pro
839 1954 949 1982 indictis

156 1999 292 2027 habenizt.
314 2000 378 2026 Solo
397 2000 546 2026 utebantur
571 2000 733 2026 Damasceni
760 1999 851 2028 Patris
868 1999 950 2026 etiam

157 2047 214 2079 illo,
239 2053 255 2081 ς
276 2058 293 2073 ι,
323 2050 345 2074 ts
370 2047 487 2081 negabat
504 2054 533 2074 sc
554 2047 645 2074 dicere
670 2047 802 2081 Spiritum
821 2055 852 2074 ex
869 2046 949 2074 Filio.

158 2094 224 2128 Quae
250 2098 332 2121 verba
359 2095 410 2121 sibi
437 2095 569 2127 faventia,
594 2095 657 2129 quia
678 2095 807 2121 videbant
828 2094 950 2128 capitulo

157 2142 253 2168 eodem
281 2142 415 2168 contineri
440 2150 494 2176 quo
509 2141 562 2168 alia
583 2141 628 2168 illa
650 2149 664 2167 a
682 2140 772 2168 Vecco
785 2141 899 2176 jactata,
918 2147 950 2167 ac

157 2195 357 2220 consequenter
391 2186 541 2220 periclitari
569 2194 602 2214 ne
625 2187 773 2222 rejicienda
803 2191 895 2213 essent
921 2190 948 2212 ut

156 2234 261 2267 Spurio,
280 2234 302 2260 si
327 2233 479 2267 capitulum
508 2233 575 2260 illttd
606 2234 814 2267 reprobaretnr,
831 2232 898 2260 illud
918 2240 947 2259 se

157 2280 280 2314 recipere
295 2280 425 2306 dixerunt
441 2287 472 2306 ac
488 2287 537 2313 pro
553 2288 618 2307 vero
632 2280 720 2307 sancti
739 2279 829 2306 Patris
845 2279 948 2312 scripto

159 2327 295 2359 venerari,
307 2331 435 2352 cartorum
457 2326 658 2360 expositionem
676 2333 801 2360 quazrere
817 2333 870 2360 qtta
887 2325 949 2351 rcli-

158 2383 210 2409 qtta
227 2375 271 2401 illa
289 2375 400 2401 duriora
415 2375 555 2401 mollirent
570 2379 597 2401 et
608 2374 641 2401 ad
657 2381 768 2401 sensum
783 2373 947 2400 catholicum

159 2421 225 2449 recti
244 2422 380 2456 dogmatis
405 2423 578 2456 adaptarcnt.
599 2421 687 2454 Quam
709 2421 736 2447 itt
762 2428 818 2447 rem
846 2419 950 2446 consti-

159 2473 268 2495 tuerunt
290 2474 393 2495 tomum
411 2469 533 2496 scribere
552 2476 584 2495 ac
603 2467 759 2494 doctrinam
776 2473 882 2493 sacram
908 2465 950 2492 fu-

148 2514 215 2541 .sius
232 2514 308 2548 111
325 2515 475 2549 explicare.
491 2514 607 2541 Erudito
624 2514 708 2546 igitur
723 2512 880 2544 existimato
898 2519 948 2545 pa-

160 2559 287 2587 triarchre
322 2561 360 2590 (et
388 2567 482 2587 revera
519 2559 564 2586 ille
580 2558 704 2585 doctrina
738 2565 819 2591 supra
848 2558 949 2584 multos

159 2608 322 2642 excellebat)
346 2608 522 2642 scriptionem
549 2607 614 2633 tomi
638 2604 850 2637 dcmandarunt,
868 2612 948 2638 quam

160 2662 279 2688 perenne
296 2654 367 2688 apud
380 2659 503 2688 posteros
518 2657 725 2679 monumentum
744 2651 801 2678 fore
817 2651 951 2685 putabant

159 2706 186 2728 et
209 2701 350 2736 religionis
369 2701 490 2734 ipS'H‘tlll‘l
518 2700 544 2726 in
571 2698 734 2726 rectitudine
757 2697 893 2734 dogmatis
910 2703 950 2725 te-

162 2748 250 2775 nenda
265 2753 292 2775 et
306 2748 410 2774 erroris
427 2747 661 2779 adversariorum,
678 2746 723 2780 qui
741 2745 844 2773 scilicet
858 2752 871 2771 a
887 2743 948 2771 ﬁdei

163 2794 254 2828 regula
270 2794 466 2821 declinassent.
483 2793 609 2820 Admisso
629 2797 810 2826 susceptaque
833 2791 950 2826 patriar-

160 2840 210 2866 cha
228 2841 377 2874 provincia,
397 2846 500 2867 tomum
523 2840 642 2867 validum
670 2838 835 2873 Lﬁmposuit,
851 2842 889 2863 tut
906 2837 950 2864 illa

994 205 1042 232 καὶ
1055 207 1147 242 σφόδρ’
1161 208 1327 234 ἐκινδύνευε.
1352 207 1401 233 Διὰ
1428 206 1508 232 τοῦτο
1524 207 1572 232 καὶ
1595 206 1739 241 δεχόμενοι
1760 206 1798 231 τὸ

993 252 1141 286 κεφάλαιον
1157 252 1203 279 καὶ
1219 253 1256 284 ὡς
1268 253 1345 287 ἁγίου
1359 253 1406 287 τὴν
1418 251 1490 285 λέξιν
1511 251 1620 286 ἔχοντες
1638 252 1687 286 τὴν
1702 251 1730 277 ϐε
1737 259 1798 286 ρα-

995 299 1075 324 πείαν
1096 298 1209 334 ἐζήτουν
1221 299 1291 325 κατὰ
1307 300 1336 325 τὸ
1349 299 1429 333 ὀρθὸν
1456 298 1503 324 τοῦ
1519 298 1664 331 δόγματος,
1679 297 1724 323 καὶ
1743 298 1799 323 τό·

997 353 1045 378 μον
1059 345 1176 378 γράφειν
1191 345 1306 380 ᾑροῦντο
1318 345 1365 372 καὶ
1379 345 1561 379 λογογραφεῖν
1573 345 1622 378 τὴν
1633 344 1796 370 εὐσέϐειαν.

995 390 1072 424 Σοφῷ
1087 391 1151 424 γοῦν
1165 390 1288 417 δοκοῦντι
1303 391 1342 425 τῷ
1368 391 1537 426 πατριάρχῃ.
1556 390 1602 416 καὶ
1630 390 1700 423 ὑπὲρ
1720 389 1797 415 πολ-

994 434 1057 465 λοὺς
1071 437 1129 465 ταῖς
1144 435 1284 470 ἀληθείαις
1299 436 1365 467 ὄντι,
1383 436 1432 470 τὴν
1444 435 1491 461 τοῦ
1508 435 1591 468 τόμον
1604 435 1713 469 γραφὴν
1723 434 1797 460 ἐπέ-

994 488 1094 515 τρεπον
1113 481 1212 516 στήλην
1233 481 1280 508 καὶ
1306 482 1447 509 εὐσεϐείας
1463 481 1572 507 ἔσεσθαι
1601 481 1795 515 νομιζομένην

995 526 1042 551 καὶ
1054 528 1102 560 τῆς
1114 526 1167 552 τῶν
1179 527 1420 561 παρεγκλινάντων
1441 527 1522 561 δῆθεν
1538 527 1635 556 κακίας
1652 529 1708 556 τοῖς
1724 527 1795 560 ὄψιν

995 570 1092 602 γόνοιτ.
1111 571 1165 596 Καὶ
1181 571 1212 605 δὴ
1228 572 1277 606 τὴν
1295 572 1393 606 πρᾶξιν
1410 572 1531 602 ὑποστὰς
1545 573 1559 598 ὁ
1575 571 1795 606 πατριαρχεύων

994 618 1118 649 γενναῖον
1133 618 1216 651 τόμον
1232 619 1383 653 συντίθησι,
1407 618 1526 644 τοσοῖσδε
1547 617 1706 651 κεφαλαίοις
1727 618 1795 651 ἃμα

997 662 1046 695 μὲν
1058 663 1258 697 ἐπειλημμένος
1272 664 1325 689 τῶν
1336 664 1478 696 λεγόντων,
1496 664 1553 698 ἅμα
1568 663 1594 689 δὲ
1612 664 1658 689 καὶ
1674 663 1793 693 τούτους

993 707 1080 739 οὕτως
1092 708 1202 743 ἔχοντας
1215 709 1445 744 ἀποϐιλλόμενος.
1456 704 1610 735 Τοῦτονέπ¹
1621 708 1793 743 Ἐκκληπίας

993 754 1126 788 πρότερον
1146 754 1340 787 ἀνεγίνωσκον,
1365 756 1411 781 καὶ
1436 755 1479 781 ἐπ’
1495 755 1655 789 ὀκρίῦαντος
1683 753 1793 784 ἀναϐάς

993 807 1035 830 τις
1049 800 1108 826 καθ’
1125 800 1240 826 ἕκαστόν
1253 809 1282 826 τε
1298 801 1445 834 κεφάλαιον
1471 801 1520 835 τὴν
1538 800 1674 832 ἀποϐολὴν
1690 800 1792 834 ἐδήλου

956 846 978 874 Β
995 845 1194 880 μεγαλοφώνως
1215 847 1275 872 κατ’
1299 846 1383 880 ὄνομα
1409 847 1462 872 τῶν
1486 846 1557 872 οὕτω
1582 846 1715 879 λεγόντων
1741 847 1794 872 καὶ

994 891 1168 923 δοξαζόντων,
1184 892 1329 926 μετέπειτα
1346 892 1374 918 δὲ
1391 892 1468 923 αὑτὸς
1492 891 1620 926 βασιλεὺς
1635 891 1679 917 διὰ
1696 900 1794 917 κιννα-

996 937 1103 972 ΰάρεως
1117 937 1324 972 καθυπέγραφε,
1345 936 1403 963 εἶτα.
1420 938 1448 964 δὲ
1469 938 1642 972 πατριάρχης
1659 937 1706 962 καὶ
1723 937 1774 969 ὲφε
1785 950 1793 955 -

995 981 1044 1015 ξῆς
1058 982 1083 1007 οἱ
1100 981 1247 1016 ἀρχιερεῖς.
1260 981 1321 1008 Ἐπὶ
1334 982 1362 1009 δὲ
1379 983 1442 1012 τοὺς
1456 983 1504 1016 τῆς
1520 982 1682 1016 Ἐκκλησίας
1698 981 1793 1007 ἐλθόν-

993 1035 1050 1059 τες,
1065 1027 1126 1053 ἐπεὶ
1143 1029 1286 1059 κάκείνους
1300 1028 1536 1063 ὑποσημαίνεσθαι
1552 1030 1597 1054 τὸν
1610 1028 1692 1062 τόμον
1703 1026 1791 1062 ὴὸοὑ-

996 1118 1136 1152 sigillatim
1156 1118 1355 1153 expendentem
1371 1118 1462 1152 capita
1477 1122 1612 1144 motarum
1629 1122 1791 1145 controver-

996 1166 1117 1197 siurttttt;
1143 1166 1168 1191 in
1196 1174 1250 1200 quo
1276 1166 1345 1193 haud
1374 1166 1494 1192 molliter
1513 1165 1644 1200 carpebat
1661 1165 1791 1192 adversa—

1000 1212 1069 1243 rios,
1086 1217 1112 1239 et
1130 1212 1232 1239 diserte
1255 1213 1418 1246 reprobabat
1440 1212 1641 1246 abjiciebatque
1663 1216 1691 1239 ut
1714 1219 1792 1239 sanae

996 1257 1130 1286 ductriuze
1157 1260 1298 1286 contraria
1318 1263 1423 1286 asserta
1453 1259 1587 1293 ipsorum.
1609 1258 1792 1292 Conscriptus

997 1305 1020 1332 is
1038 1310 1129 1333 touuts
1146 1305 1223 1340 prius
1250 1306 1276 1332 in
1305 1306 1422 1333 ecclesia
1459 1305 1546 1333 lectus
1562 1306 1613 1332 hoc
1634 1305 1716 1332 ntodo
1736 1311 1789 1333 est.

996 1351 1191 1379 Conscendens
1216 1353 1279 1386 quis
1306 1352 1334 1379 in
1360 1353 1505 1387 pulpitum.
1534 1353 1598 1380 inde
1622 1360 1791 1387 unoquoque

997 1399 1118 1431 capitulo
1137 1402 1261 1429 recitato,
1276 1398 1333 1433 cjus
1347 1398 1481 1425 continuo
1507 1398 1712 1425 damnationem
1728 1405 1791 1431 pro~

998 1444 1143 1470 nuntiabat
1170 1453 1236 1471 voce
1266 1445 1319 1471 late
1345 1452 1455 1476 sonora,
1472 1445 1613 1479 expressis
1630 1444 1793 1471 nominibus

999 1497 1092 1516 eorum
1108 1497 1178 1524 quos
1206 1489 1246 1516 sic
1268 1490 1340 1524 loqui
1360 1495 1385 1516 et
1403 1490 1507 1517 sentire
1522 1490 1624 1517 aiebat.
1649 1489 1714 1517 Post
1732 1489 1789 1516 haec

1001 1538 1058 1571 ipse
1075 1537 1225 1572 imperator
1241 1538 1350 1565 rubrica
1365 1538 1539 1572 subscripsit,
1558 1537 1655 1564 deinde
1671 1538 1788 1571 patriar-

1000 1583 1063 1614 cha,
1079 1588 1134 1609 tum
1151 1584 1248 1611 ordine
1264 1584 1404 1618 praesules.
1419 1584 1459 1610 Ad
1477 1584 1580 1611 clerum
1598 1583 1714 1610 subinde
1726 1591 1788 1610 vcn-

1000 1635 1058 1658 tutn
1076 1640 1082 1658 :
1105 1640 1166 1658 nam
1181 1637 1207 1659 et
1219 1632 1475 1659 ecelcsiasticorum
1495 1632 1608 1658 secundi
1630 1631 1733 1658 ordinis
1746 1631 1787 1657 ﬁr-

1001 1678 1070 1704 mari
1085 1678 1335 1712 subscriptimtilms
1352 1683 1457 1705 tomutn
1472 1678 1612 1710 volebant,
1632 1677 1687 1704 imo
1702 1677 1736 1704 ab
1748 1677 1788 1704 ltis

1000 1725 1138 1758 pnecipue
1151 1725 1300 1759 cupiebant
1312 1725 1469 1759 approbari,
1485 1725 1616 1758 quoniam
1636 1731 1689 1751 non
1707 1731 1786 1755 vana,

1003 1769 1040 1795 uti
1055 1769 1177 1802 aiebant,
1190 1770 1312 1804 suspicio
1335 1770 1500 1802 erathorum
1522 1777 1577 1796 non
1595 1778 1698 1804 paucos
1713 1777 1727 1797 a
1740 1770 1787 1797 d0-

1000 1816 1088 1842 ctrina
1108 1820 1183 1842 tomo
1211 1815 1335 1850 exposita
1359 1817 1518 1843 abhorrere.
1542 1815 1678 1849 Quocirca
1700 1816 1786 1852 expri-

1002 1861 1130 1888 mendum
1146 1862 1179 1888 ab
1195 1862 1238 1888 his
1256 1862 1450 1889 existimabant
1464 1867 1570 1890 mature
1584 1870 1748 1890 consensum
1762 1863 1787 1890 in

1001 1908 1111 1935 decreta
1126 1909 1264 1935 communi
1282 1909 1385 1935 calculo
1402 1903 1568 1936 antistitum.
1588 1909 1622 1936 At
1641 1917 1695 1936 tton
1710 1909 1786 1938 facile

1002 1954 1028 1982 id
1053 1954 1192 1989 negotium
1221 1963 1270 1981 usu
1289 1955 1490 1989 deprehensum
1512 1960 1574 1984 est:
1593 1962 1691 1992 praeter
1716 1957 1785 1984 enim

1002 2009 1116 2035 paucos,
1142 2009 1212 2037 quos
1237 2006 1264 2029 et
1289 2003 1464 2030 observatum
1481 2008 1567 2030 estex
1584 2003 1618 2030 iis
1641 2003 1726 2030 fuisse
1741 2004 1785 2037 qui

1001 2048 1186 2075 secessionem
1210 2048 1288 2082 prius
1305 2048 1438 2080 iecerant,
1457 2057 1553 2076 omnes
1580 2049 1670 2075 caeteri
1696 2049 1784 2076 clerici

1002 2094 1090 2128 prima
1105 2094 1196 2121 statim
1212 2095 1433 2128 interpellatione
1447 2095 1480 2122 de
1495 2095 1695 2122 subscribendo
1711 2095 1785 2130 plane

1002 2140 1182 2167 ostenderunt
1197 2148 1225 2167 se
1241 2141 1428 2168 inﬂexibiliter
1452 2141 1612 2168 obﬁrmatos
1636 2141 1668 2168 ad
1692 2149 1785 2177 negan.

963 2204 989 2232 Β
1003 2186 1064 2213 dam
1087 2186 1144 2213 sive
1160 2187 1394 2221 subscriptionem
1413 2187 1470 2214 sive
1494 2187 1574 2214 aliam
1601 2188 1727 2222 quamvis
1741 2195 1785 2215 no-

1002 2239 1062 2259 vam
1075 2233 1287 2260 declarationem
1302 2240 1357 2260 Sua:
1373 2233 1406 2260 de
1423 2234 1465 2260 Itis
1482 2234 1636 2261 sementim.
1653 2233 1746 2269 Neque
1756 2234 1786 2261 de

1001 2278 1051 2305 hae
1066 2278 1223 2306 inductione
1239 2279 1323 2306 animi
1340 2280 1481 2307 blanditiis
1504 2280 1602 2307 deduti
1621 2281 1695 2313 ullis,
1712 2288 1743 2308 ac
1756 2289 1786 2308 ne

1001 2325 1083 2352 minis
1097 2325 1208 2360 quidem
1224 2325 1357 2353 dimoveri
1375 2331 1500 2360 potuere.
1510 2326 1629 2353 Causam
1646 2328 1790 2354 recusandi

1002 2371 1198 2398 validissimam
1228 2372 1367 2400 ducebant
1399 2380 1431 2400 ex
1461 2373 1608 2408 asperitate
1642 2381 1728 2408 nuper
1754 2374 1777 2400 in

1001 2418 1075 2452 ipsos
1103 2419 1234 2451 exercita.
1246 2419 1310 2446 dum
1329 2419 1406 2447 fuere
1423 2419 1598 2454 sacri5112
1608 2420 1712 2447 exclusi
1730 2425 1784 2446 tan-

1002 2467 1084 2496 taque
1105 2462 1256 2497 ignominia
1281 2463 1410 2494 traducti.
1443 2468 1525 2498 prout
1549 2464 1733 2491 narravimus.
1759 2464 1783 2491 Si

1002 2510 1085 2542 enim,
1114 2510 1234 2542 aiebant,
1266 2518 1327 2537 cum
1354 2518 1404 2537 nec
1431 2510 1556 2545 benignis
1580 2511 1786 2539 invitatiouibus

1003 2556 1095 2583 omnis
1122 2557 1230 2590 generis
1255 2565 1305 2584 nec
1332 2557 1605 2589 comminationibus,
1627 2566 1660 2585 ne
1681 2558 1784 2586 inﬂictis

1002 2602 1110 2637 quidem
1125 2602 1214 2638 poenis
1231 2603 1361 2638 gravibus
1377 2605 1491 2638 perpelli
1509 2610 1590 2631 antea
1603 2605 1783 2639 potuissemus

1003 2649 1035 2675 ad
1053 2649 1256 2684 subscriptione
1267 2649 1321 2676 ulla
1336 2657 1428 2678 nostra
1441 2651 1626 2678 roborandum
1643 2652 1783 2687 quidquam

1003 2704 1035 2723 ex
1066 2696 1100 2723 iis
1124 2697 1306 2732 quaépublice
1336 2698 1541 2730 statuebantur,
1573 2703 1663 2726 tamen
1697 2702 1784 2725 secuta

1004 2744 1175 2778 postmodum
1194 2745 1376 2772 conversione
1392 2754 1484 2773 rertnn
1503 2750 1558 2773 tam
1574 2746 1716 2773 atrocibus
1729 2753 1785 2780 sup-

1006 2789 1094 2823 pliciis
1106 2789 1208 2818 luimus
1223 2798 1327 2817 meram
1342 2792 1559 2825 cunniveutiam,
1576 2792 1617 2819 his
1631 2791 1698 2826 ipsis
1714 2791 1785 2825 judi-

1005 2836 1129 2862 t‘autibus
1152 2842 1177 2863 ct
1197 2836 1452 2864 immiwricorditer
1484 2838 1696 2873 t‘VSt‘qttt‘ttliiHlS
1719 2837 1785 2872 judi-
