1921 3071
183 126 198 156 1
207 127 240 158 43

185 185 276 217 λογείν
291 183 391 217 εὐσεϐῆ
409 182 453 208 τὸν
465 181 628 217 Γρηγόριον,
643 181 681 213 ὥς
696 181 758 216 μηδ’
771 182 802 207 ὲκ
816 180 863 207 τοῦ
887 179 972 215 τόμου
988 181 1009 209 Α

186 231 265 256 τόπον
292 228 541 258 σκανδαλισθέντας
561 227 622 253 ὅσον
643 227 675 253 ὲκ
702 226 759 256 τοῦ,
775 226 823 252 τοῦ
850 225 969 260 μοναχοῦ

187 276 302 309 Μάρκου
330 273 504 308 γράμματος,
533 272 613 307 μόνον
637 273 741 298 ἐκεῖνον
766 271 876 305 ἕτοιμον
901 268 970 297 εἶναι

187 320 283 354 ἠξίουν
297 320 429 354 παρέχειν
444 319 490 344 τὸν
502 318 551 352 τῆς
564 318 759 352 παραιτήσεως
769 316 902 343 λίὸελλον.
916 316 971 342 Καὶ

186 366 283 402 ἤθελον
297 364 388 396 τοῦτο,
407 365 431 390 εἰ
445 361 501 390 οἶόν
515 363 539 390 τ’
554 360 598 398 ἦν,
615 363 799 398 πληροφορεω
817 363 866 389 καὶ
880 363 972 398 γράμ-

189 420 255 446 μασι
271 411 317 436 τὸν
330 410 492 445 Γρηγόριον.
509 410 540 437 ’0
556 410 584 436 δὲ
603 410 759 444 πέμψαντος
772 408 819 435 τοῦ
838 409 972 444 βασιλέως

187 458 277 490 λόγοις
293 455 477 490 ὲπληροφόρει
499 455 567 481 Θεοῦ
590 455 724 487 ἐναντίον,
751 454 789 486 ὡς
816 454 906 489 ἔλεγε,
935 454 973 489 μὴ

188 502 289 536 φθάσαι
305 500 417 533 τούτους
432 501 575 536 ὁμολογεῖν
588 501 682 535 ἐκείνῳ
696 501 727 526 τὸ
740 501 831 532 σέδας,
845 501 973 527 κάκεῖνον

187 548 287 574 διδόναι
307 548 337 573 τὸ
355 547 404 581 τῆς
420 547 614 581 παραιτήσεως
636 546 785 581 ἔγγραφον.
811 547 842 572 Cl
861 548 910 581 μὲν
927 546 973 573 οὖν

189 593 254 628 περὶ
272 592 319 619 τὸν
337 592 451 626 Ἑφέσου
464 592 520 618 οὐδ’
536 593 603 623 ὅλως
615 591 677 618 οὔτε
693 592 738 618 τδν
753 591 832 626 λόγον
852 592 975 627 ἐδέχοντο

187 639 250 665 οὐδὲ
265 639 294 665 τὸ
312 639 429 673 πρᾶγμα
448 638 587 673 εὔσχημον
610 639 733 671 ἔκρινον·
750 639 774 666 οι
791 638 820 665 δὲ
842 638 906 673 περὶ
929 638 974 664 τὸν

187 684 385 718 Φιλαδελφείας
399 683 445 710 καὶ
466 684 540 718 μάλα
555 683 600 710 τὸν
622 683 700 716 λόγον
713 682 825 718 ἔνορκον
851 680 923 716 εἶχον
937 682 975 713 ὼς

188 730 309 756 ἐναντίον
327 729 451 764 γίνεσθαι
467 729 615 763 λεγόμενον
630 729 679 755 τοῦ
690 728 769 761 Θεοῦ,
785 728 838 756 κᾶν
855 728 976 763 μεταῦὰ-

189 776 231 802 λοι
249 777 299 810 τὴν
317 776 432 810 γνώμην
457 777 571 807 ἐκεῖνος,
594 775 693 806 αὐτοὺς
719 775 792 809 ἔχειν
814 774 976 801 τούντεῦθεν

189 821 307 856 δύναμιν
324 821 466 856 καθαιρεῖν
479 821 516 852 ὡς
531 821 673 855 ἐπιορκίας
683 821 784 847 ἁλόντα
795 819 974 847 διεῦεὸαίουν.

189 866 252 893 Τῶν
265 866 330 900 γοῦν
348 867 413 902 περὶ
438 867 483 892 τὸν
505 866 620 900 Ἑφέσου
636 874 666 892 τε
689 866 737 892 καὶ
761 864 883 897 Κυζίκου
910 865 971 900 μηδ’

189 913 258 943 ὅλως
276 911 502 946 καταδεχομένων
517 912 566 944 τὴν
589 911 735 938 κοινωνίαν
760 911 879 944 ἐκείνην,
904 911 974 938 ἀλλὰ

189 958 294 991 κρίνειν
311 947 443 983 θελόντων
467 957 498 983 ὃν
521 956 620 983 ειδέναι
637 956 732 990 ἔλεγον
747 956 938 991 ἁλισκόμενον,
959 958 973 982 ὁ

189 1003 317 1038 βασιλεὺς
335 1003 404 1038 πρὶς
421 1003 543 1033 ἐκείνους
557 1003 645 1036 λέγων
659 1001 707 1029 καὶ
727 1003 765 1038 μὴ
781 1003 894 1035 πείθων,
911 1004 972 1029 ἐπεὶ

188 1050 262 1084 ἑώρα
277 1049 499 1084 ἀνασοϐουμένην
520 1050 570 1083 τὴν
589 1048 677 1083 θήραν
699 1049 745 1075 ἀπὶ
767 1048 805 1083 τῷ
825 1048 908 1084 μηδὲν
925 1049 974 1080 τὰς

188 1130 342 1166 clesiastico
358 1138 456 1166 debere
470 1138 574 1172 judicio
588 1145 699 1165 causam
714 1137 848 1172 Gregorii,
865 1138 976 1171 permit-

190 1186 264 1219 tique
288 1184 425 1218 suﬂ‘n-agiis
449 1184 599 1218 peritorum
626 1189 699 1210 recte
724 1184 768 1210 ille
795 1191 880 1210 necne
904 1179 976 1211 circa

190 1233 287 1267 dogma
309 1231 437 1262 sentiret,
460 1239 509 1258 nec
532 1231 763 1258 rcformidandum
786 1231 841 1258 litis
862 1231 974 1258 exitum.

190 1277 256 1304 Sese
272 1278 345 1304 cnim
363 1281 475 1304 eventus
491 1277 755 1312 qualiscunquejam
773 1284 844 1303 nunc
861 1277 913 1304 sibi
932 1285 977 1311 pe-

191 1324 307 1350 riculum
334 1324 492 1357 deposcere.
520 1322 653 1349 Praestare
680 1323 780 1356 quippe
807 1322 872 1348 illud
899 1323 978 1357 longe

190 1378 271 1403 quam
286 1368 501 1396 dissolutissima
516 1358 620 1395 ratione
635 1369 741 1402 plagam
760 1368 910 1394 incuratant
926 1367 980 1394 fas-

191 1417 241 1444 ciis
257 1416 373 1446 solvere,
392 1415 444 1441 alia
461 1415 571 1442 conscie
587 1415 708 1442 celantes
725 1413 776 1440 alia
791 1413 916 1446 effutire;
934 1414 980 1440 dc-

191 1462 273 1496 nique
292 1461 385 1488 fucum
406 1468 536 1487 vanarum
559 1461 768 1487 excusationum
790 1460 982 1486 inexcusabili-

193 1508 242 1534 bus
263 1507 331 1534 actis
352 1511 379 1533 et
399 1505 509 1540 scriptis
532 1506 688 1540 appingere.
712 1505 779 1532 llnic
802 1504 924 1539 opposita
946 1512 977 1531 ex
993 1515 1014 1544 ο

191 1553 307 1579 adtcrso
323 1551 508 1579 invalescebat
522 1551 614 1586 opinio
630 1551 787 1581 multorum,
802 1550 978 1584 compositio»

192 1600 236 1626 nis
249 1599 317 1625 viam
334 1597 417 1632 quaeri
432 1601 557 1632 oportere
570 1596 806 1628 contendentium,
822 1603 869 1623 nec
884 1603 976 1630 asper-

192 1645 310 1672 nandam
331 1643 414 1670 videri
436 1643 618 1669 conditionem
640 1642 769 1668 oblatam.
789 1641 884 1668 Cavcri
907 1642 979 1668 enim

192 1693 262 1717 satis
275 1697 354 1725 posse
367 1687 683 1722 certitndinipromissm
697 1688 831 1714 cessionis
847 1696 853 1713 :
867 1695 921 1721 qua
937 1695 981 1714 sa-

194 1741 228 1762 t;s
252 1735 411 1766 constituta,
434 1733 500 1768 quid
527 1733 634 1760 tandem
662 1733 724 1759 mali
749 1737 821 1759 cssct
844 1733 980 1760 consolari

194 1780 355 1815 Gregorium
370 1779 461 1806 dando
475 1779 512 1806 illi
528 1779 599 1813 quod
615 1778 722 1812 petebat
736 1778 905 1810 testimonio,
919 1785 979 1804 cum

195 1827 262 1853 satis
285 1830 421 1853 constaret
442 1832 495 1852 non
519 1829 572 1852 tam
594 1832 626 1851 cx
647 1825 707 1858 eius
727 1829 801 1851 tomo
823 1824 979 1851 scandalum

194 1873 343 1899 multorum
359 1876 451 1899 ortutn
469 1879 549 1905 quam
566 1878 598 1897 ex
615 1871 718 1904 scripto
735 1869 817 1896 Marci
837 1869 984 1896 monachi?

197 1919 344 1946 Exhiberet
360 1925 389 1945 se
404 1917 485 1945 modo
497 1916 644 1951 Gregorius
660 1921 782 1950 paratum
799 1915 889 1942 dando
904 1915 981 1942 abdi-

196 1965 312 1993 cationis
335 1963 426 1991 libello
451 1963 495 1989 ubi
523 1962 710 1989 testimonium
737 1961 887 1996 acceperit;
910 1967 937 1988 et
959 1961 981 1988 si

197 2017 278 2047 queat
296 2010 330 2037 ab
348 2010 407 2044 ipso
425 2007 579 2042 impetrari,
597 2007 677 2033 [idem
697 2007 722 2032 in
740 2006 767 2033 id
785 2014 862 2033 suam
880 2007 984 2045 scripto

198 2058 248 2085 rite
263 2056 424 2089 consignato
437 2054 492 2088 jam
510 2061 583 2080 nunc
596 2053 704 2087 obliget.
720 2051 789 2078 Tum
804 2060 870 2079 sane
886 2060 984 2079 consu-

197 2103 269 2129 latur
282 2101 342 2135 ejus
357 2100 451 2130 famae,
468 2098 666 2126 conscribendo
682 2097 763 2132 quale
777 2098 897 2132 postulat
912 2106 985 2125 sanae

197 2154 254 2173 sum
263 2144 395 2173 doctrina:
405 2144 574 2171 testimonio.
585 2143 769 2177 Compellatus
777 2143 860 2177 igitur
868 2143 985 2171 amissis

198 2192 233 2219 ab
259 2192 423 2225 imperatore
446 2189 479 2216 ad
503 2189 555 2216 hoc
581 2189 670 2223 ipsum
697 2187 845 2223 Gregorius
866 2190 899 2216 de
921 2196 984 2223 pro-
1002 2185 1022 2211 ο

200 2238 284 2266 misso
302 2236 482 2263 abdicationis
499 2234 599 2268 dando,
617 2234 661 2262 ille
676 2235 709 2262 ad
728 2234 754 2261 id
771 2235 874 2269 scripto
891 2235 982 2262 conci-

200 2282 327 2318 piendum
345 2281 417 2308 haud
434 2285 576 2315 promptus
591 2280 665 2308 omni
682 2280 825 2307 verborum
842 2287 984 2307 assevera-

201 2329 274 2355 tione
289 2334 380 2354 coratn
397 2325 463 2358 Deo,
479 2325 519 2353 sic
533 2325 605 2352 enim
621 2329 663 2352 est
678 2325 796 2356 locutus,
812 2324 985 2352 continuavit

202 2382 255 2401 non
277 2373 354 2408 prius
373 2372 447 2407 ipsos
468 2371 591 2399 edituros
609 2371 741 2405 scriptum
757 2378 812 2405 quo
829 2370 881 2397 sibi
902 2372 985 2398 decus

202 2421 366 2454 incorrupta:
382 2418 407 2445 in
424 2417 550 2452 dogmate
566 2417 625 2444 ﬁdei
642 2415 813 2448 asscrcreitt,
830 2423 912 2450 quam
929 2416 986 2450 ipse

204 2466 322 2493 vicissim
345 2464 395 2492 rite
413 2463 598 2497 conscriptum
620 2461 800 2489 abdicationis
820 2462 988 2495 patriarcha-

204 2516 246 2537 tns
261 2509 383 2536 libellum
398 2508 483 2535 daret.
500 2506 557 2534 Hoc
573 2506 660 2533 relato
674 2513 805 2540 responso
820 2506 985 2540 Ephesinus,

202 2562 229 2583 ct
242 2557 287 2590 qui
303 2556 326 2583 ei
342 2555 525 2586 adhaerebant,
541 2552 612 2580 haud
627 2552 855 2586 acquiescendum
870 2553 991 2579 arbitra-

204 2606 311 2634 bantur,
327 2601 469 2636 ntultaque
481 2600 636 2634 allegabaut
649 2598 683 2625 ob
696 2605 757 2632 qua:
771 2605 820 2624 nec
834 2601 923 2625 tutum
939 2607 989 2626 nec

204 2651 348 2677 lmnestnm
375 2648 401 2675 id
426 2654 486 2675 esse
511 2645 719 2672 contenderent.
745 2643 990 2678 Philadelphiensis

202 2703 297 2724 contra
315 2703 375 2722 cum
391 2693 460 2724 suis,
476 2693 546 2719 illam
563 2690 750 2724 interpositam
765 2697 779 2716 a
794 2689 926 2724 Gregorio
942 2690 989 2717 Dei

205 2748 368 2770 mentionem
386 2741 412 2766 in
429 2737 581 2773 pollicendo
595 2743 644 2770 pro
660 2743 723 2762 vero
734 2736 892 2770 juramcnto
908 2735 993 2762 inter-

205 2793 357 2823 pretantes,
379 2787 447 2813 satis
470 2791 528 2811 nam
553 2780 763 2816 promissionem
785 2781 870 2808 videri
893 2781 993 2809 debere

205 2836 382 2863 amt-manant,
405 2828 483 2864 129
501 2828 600 2863 quippe
621 2836 634 2854 ιι
655 2835 709 2861 qua
729 2826 752 2854 si
776 2826 880 2855 rcsiiit'e
898 2833 992 2861 pestes

779 122 941 154 GEORGII
956 123 1051 154 PACH
1057 122 1193 155 YMERIE

1761 117 1820 149 1-H.

1024 180 1166 216 προερορὰς
1186 179 1334 212 παύεσθαι,
1361 180 1411 215 μιᾷ
1439 179 1544 206 νυκτῶν
1574 177 1744 212 συγκαλέσας
1765 179 1822 205 καὶ

1022 227 1088 261 περὶ
1105 226 1159 253 τῶν
1177 226 1366 261 προκειμένων
1386 226 1436 252 οὐκ
1457 226 1536 260 ὀλίγα
1561 225 1716 258 διεξελθὼν,
1732 224 1820 256 τέλος

1024 273 1061 307 μὴ
1085 272 1260 307 πειθομένοις
1278 272 1429 307 ὀργίζεται,
1443 271 1620 306 σκληρότητα
1637 270 1729 304 σφίσιν
1742 270 1823 296 ὀνει-

1022 319 1104 351 δίζων
1122 320 1169 346 καὶ
1183 320 1414 353 ἀνοικονομησίαν
1427 318 1464 350 ὠς
1482 318 1686 353 ἀναταράσσειν
1705 317 1749 343 ἀεὶ
1763 316 1824 350 τὴν

1030 365 1198 401 Ἐκκλησίαν
1225 366 1402 400 ὀρεγομένοις
1424 366 1471 391 καὶ
1496 364 1650 398 ἀνεγείρειν
1675 363 1823 394 κλύδωνας

1027 411 1111 446 μήπω
1130 410 1371 442 κατευνασθέντας
1387 410 1494 436 τέλεον.
1517 409 1672 440 Κάκείνους
1701 409 1751 444 μὶν
1768 409 1824 435 καὶ

1024 456 1109 491 ἄμφω
1137 457 1192 483 ἀπὸ
1218 456 1366 491 προσώπου
1394 457 1526 487 ποιεῖται,
1553 455 1712 489 ἐπισκήψας
1738 454 1822 488 σφίσι

1027 503 1085 536 μετ’
1108 502 1269 537 ὲμῦριϐείας
1287 501 1483 537 ὲγκλεισθῆναί
1508 509 1538 528 τε
1557 502 1619 532 ταῖς
1644 500 1822 535 καταμοναϊς

1025 548 1073 573 καὶ
1090 548 1239 582 ἁπροϊτους
1255 547 1358 581 μένειν,
1376 547 1430 578 ἕως
1451 545 1482 574 οὗ
1499 546 1741 577 ἀποκαταστάντος
1762 553 1824 571 πα-

1024 593 1154 628 τριάρχου
1168 594 1202 628 τῇ
1228 592 1378 628 Ἐκκλησία
1395 593 1430 619 τὰ
1455 593 1516 619 κατ’
1542 592 1644 624 αὐτοὺς
1669 590 1823 626 ἐξετασθή-

1027 642 1130 670 σονται,
1151 639 1200 665 καὶ
1220 638 1321 674 μᾶλλον
1345 638 1380 665 τὰ
1397 639 1469 666 κατὰ
1491 639 1537 666 τὸν
1557 638 1683 672 Ἐφέσου,
1706 637 1767 664 ἐπεί
1785 645 1822 671 γε

1026 685 1073 712 καὶ
1089 684 1191 719 ἔφθασε
1220 684 1331 719 γράψας
1354 684 1490 716 ’Δσιανοῖς
1515 684 1588 710 κατὰ
1611 683 1768 719 Γρηγορίου
1784 683 1824 710 τὰ

1026 731 1163 766 χείριστα.
1193 730 1247 757 Καὶ
1263 731 1328 761 τοὺς
1356 729 1406 764 μὲν
1431 729 1519 761 οὕτως
1542 729 1781 764 ἀποπεμψάμενος
1808 729 1824 755 ὁ

1028 777 1148 811 κρατῶν,
1168 776 1225 807 τοῖς
1245 775 1295 802 σὺν
1317 776 1434 807 ἐκείνοις
1455 775 1616 811 μονωθεῐσιν
1639 774 1825 811 ἐμϐριθέστε-

1030 828 1077 856 ρον
1102 821 1329 857 προσφερόμενος
1351 821 1510 856 πειθηνίους
1532 826 1562 848 τε
1587 821 1746 856 παραυτίκα
1763 820 1823 858 δεί-

1031 875 1113 894 κνυσι
1129 867 1177 893 καὶ
1191 868 1297 893 συνενοῖ
1312 868 1369 898 τοῖς
1390 867 1506 898 λοιποῖς.
1529 867 1561 893 Ο¹ί
1582 866 1614 902 δὴ
1631 866 1678 894 καὶ
1699 866 1771 893 κατὰ
1790 866 1825 893 τδ

1027 913 1102 948 μέγα
1122 913 1256 941 παλάτιον
1283 913 1480 948 συναχθέντες,
1508 912 1645 947 παρόντος
1674 910 1723 947 μὲν
1743 911 1824 944 βασι-

1026 959 1106 991 λέως,
1127 959 1271 994 παρούσης
1293 959 1315 985 δ’
1339 959 1448 992 ἁπάσης
1470 959 1624 993 συγκλήτου
1648 959 1695 985 καὶ
1715 958 1821 993 κλήρηυ

1030 1006 1078 1032 καὶ
1094 1006 1221 1041 μοναχῶν
1240 1005 1334 1040 σχεδὸν
1353 1005 1483 1032 ἁπάντων
1499 1005 1546 1031 καὶ
1563 1004 1683 1036 λαώδους
1702 1004 1753 1031 οὐκ
1766 1003 1824 1030 ὀλί-

1031 1060 1082 1086 γης
1101 1052 1210 1086 μοίρας,
1232 1051 1366 1078 συνόντων
1379 1050 1426 1077 καὶ
1442 1050 1531 1077 αὐτῶν
1546 1050 1578 1085 δὴ
1592 1050 1646 1077 τῶν
1667 1050 1737 1076 κατὰ
1750 1049 1825 1086 Γρη-

1028 1138 1178 1173 Gregorius
1196 1142 1324 1170 tentaret,
1341 1139 1446 1171 statim,
1462 1139 1501 1165 uti
1519 1137 1630 1174 periurii
1647 1141 1818 1172 compertus,

1029 1184 1149 1218 legitime
1163 1183 1243 1219 dejici
1257 1185 1444 1219 patriarchatu
1458 1189 1484 1211 et
1496 1184 1629 1212 canonice
1643 1184 1742 1217 deponi
1757 1192 1822 1219 pos-

1029 1235 1080 1256 Set.
1094 1229 1254 1257 Perstabant
1269 1231 1449 1258 nihilominus
1464 1230 1617 1266 Epltesinus
1629 1235 1656 1257 et
1668 1230 1822 1266 Cyzicenus

1030 1276 1056 1301 in
1074 1276 1214 1303 contraria
1232 1277 1366 1303 sententia
1379 1297 1386 1307 ,
1404 1277 1603 1304 contendentes
1620 1276 1693 1303 nulla
1713 1277 1822 1304 ratione

1030 1326 1083 1349 tam
1102 1323 1201 1349 merito
1219 1323 1354 1350 lncreseos
1371 1328 1529 1357 suspectum
1549 1323 1687 1350 hominem
1705 1322 1825 1350 crimine

1030 1369 1150 1394 nondum
1174 1373 1288 1402 purgato
1312 1369 1338 1394 in
1362 1370 1581 1403 qualemcunque
1602 1368 1824 1396 communionem

1031 1413 1131 1440 debere
1144 1413 1261 1444 admitti,
1276 1415 1520 1448 necessariumque
1532 1415 1645 1442 omnino
1659 1415 1824 1449 perlcndeu-

1033 1464 1073 1486 les
1087 1467 1197 1486 causam
1215 1459 1272 1494 ejus
1287 1461 1426 1494 cognosci,
1443 1467 1474 1487 ac
1490 1460 1559 1487 nihil
1575 1467 1604 1488 se
1621 1461 1743 1495 praeverti
1759 1469 1824 1495 pas—

1032 1512 1112 1531 suros
1125 1504 1240 1539 judicio,
1253 1511 1308 1538 quo
1322 1509 1428 1532 certum
1442 1505 1497 1540 jam
1513 1505 1645 1533 haberent
1658 1513 1720 1533 eum
1735 1513 1825 1541 pravae

1031 1551 1163 1578 doctrinm
1185 1550 1332 1578 manifeste
1354 1551 1586 1578 convincendum.
1610 1551 1670 1586 Egit
1693 1559 1755 1578 cum
1780 1552 1824 1579 his

1032 1596 1191 1630 imperator,
1205 1601 1231 1623 et
1247 1603 1374 1623 sermone
1387 1600 1518 1623 accurato
1531 1601 1574 1624 est
1587 1601 1702 1623 conatus
1717 1597 1778 1624 illos
1790 1599 1823 1625 ab

1032 1641 1084 1668 hac
1103 1641 1254 1676 pertinacia
1271 1641 1406 1668 deducere
1423 1650 1431 1667 :
1450 1641 1496 1668 sed
1514 1641 1630 1676 profecit
1648 1642 1727 1670 nihil.
1747 1641 1824 1670 Unde

1032 1687 1182 1722 angebatur
1196 1688 1305 1720 animo,
1324 1686 1408 1713 feram
1425 1687 1451 1713 in
1467 1694 1561 1714 casses
1579 1694 1641 1714 mox
1658 1687 1822 1715 induendam

1033 1733 1231 1767 intempestivis
1247 1733 1318 1760 tnale
1335 1737 1477 1760 cantorum
1496 1737 1659 1760 venatorum
1679 1733 1751 1768 abigi
1767 1735 1824 1761 cla-

1034 1779 1166 1805 tnorilms'
1179 1778 1287 1810 dolens,
1310 1778 1503 1813 inﬁnitumque
1525 1779 1586 1807 'duci
1610 1780 1824 1808 tumultuosissi-

1035 1831 1140 1851 ntarnm
1163 1824 1286 1851 rixarum
1309 1823 1401 1852 funem
1422 1824 1512 1851 ferens
1531 1825 1683 1860 aegerrime.
1710 1825 1766 1854 Hac
1785 1827 1825 1853 in-

1031 1871 1150 1897 stinctus
1167 1869 1353 1897 sollicitudine
1369 1870 1402 1896 ad
1419 1870 1516 1898 ambos
1533 1871 1584 1898 hos
1598 1871 1728 1906 prasulcs
1746 1876 1824 1899 nocte

1033 1917 1152 1951 quadam
1171 1921 1284 1944 vocatos
1307 1916 1499 1950 copiosissime
1522 1916 1773 1952 instantissitneqne
1791 1918 1823 1945 de

1033 1968 1090 1991 toto
1108 1963 1217 1997 negotio
1233 1961 1383 1994 disseruit,
1402 1962 1551 1990 ostendens
1567 1970 1650 1997 quam
1668 1963 1825 1990 conveniret

1035 2009 1144 2036 unicam
1158 2008 1237 2035 istam
1251 2007 1368 2035 oblatam
1383 2008 1504 2042 arripere
1517 2009 1706 2036 conventionis
1719 2016 1822 2036 ansam.

1035 2057 1073 2082 Ac
1087 2062 1150 2082 cum
1167 2054 1233 2081 nihil
1247 2053 1283 2080 ab
1298 2054 1353 2081 illis
1370 2054 1545 2088 impetraret,
1560 2054 1765 2081 cxcandcscens
1779 2061 1823 2081 ex-

1035 2100 1174 2135 probravit
1195 2100 1370 2127 durissimam
1394 2100 1503 2134 utrique
1524 2099 1716 2134 pervicaciam,
1737 2100 1823 2127 incre-

1037 2153 1104 2180 pans
1115 2153 1176 2173 esse
1190 2145 1251 2172 illus
1262 2144 1471 2180 compositionis
1484 2144 1621 2178 inimicos,
1635 2146 1709 2179 pacis
1721 2145 1822 2179 hostes.

1037 2199 1138 2227 cupere
1159 2191 1256 2226 jactari
1279 2191 1387 2219 aeternis
1410 2191 1636 2219 contentionibus
1660 2186 1822 2221 Ecclesiam.

1039 2244 1180 2272 novasque
1192 2237 1265 2264 ciere
1278 2241 1454 2271 tempestates
1464 2237 1603 2264 veteribus
1614 2238 1735 2264 nondum
1747 2237 1823 2272 plane

1039 2282 1209 2317 compositis.
1235 2281 1281 2309 Sic
1306 2281 1440 2309 iracunde
1466 2281 1628 2316 objurgatos
1653 2281 1786 2310 facessere
1808 2290 1822 2309 a

1040 2331 1188 2361 conspectu
1206 2333 1257 2354 suo
1271 2325 1373 2361 jussit,
1393 2325 1578 2353 Ininacissime
1595 2326 1654 2353 suis
1672 2326 1822 2361 imperans,

1041 2373 1123 2404 irent,
1141 2372 1308 2399 abducerent
1323 2377 1511 2405 contumaces,
1526 2372 1711 2407 abderentque
1725 2373 1824 2407 disjun-

1042 2422 1101 2444 ctos
1114 2417 1230 2445 invicem
1247 2418 1273 2445 in
1290 2423 1431 2452 separatas
1444 2417 1597 2451 custodias,
1610 2418 1746 2452 prohibito
1759 2426 1825 2453 quo-

1042 2463 1146 2490 rumvis
1170 2463 1205 2490 ad
1229 2471 1277 2490 eos
1301 2471 1426 2490 accessu.
1453 2462 1492 2490 lta
1519 2467 1667 2498 utrumque
1689 2469 1825 2492 servarent

1042 2509 1131 2543 quoad
1156 2510 1300 2543 praeposito
1325 2509 1451 2536 Ecclesiae
1474 2509 1628 2544 patriarcha
1649 2516 1720 2536 novo
1741 2517 1825 2537 causa

1043 2556 1164 2590 ipsorum
1192 2555 1316 2589 legitimo
1343 2555 1448 2589 judicio
1474 2554 1687 2589 subjicerentur,
1712 2557 1824 2583 Inarime

1045 2605 1133 2626 autem
1150 2599 1279 2634 Ephesini
1290 2621 1296 2631 ,
1313 2601 1360 2635 qui
1374 2600 1431 2635 jam
1447 2600 1553 2627 litteras
1570 2600 1726 2628 foedissima
1739 2602 1824 2628 obtre-

1045 2646 1173 2672 ctationis
1198 2649 1223 2672 in
1247 2645 1408 2681 Gregorium
1434 2646 1529 2680 plenas
1550 2646 1661 2673 Asianis
1685 2647 1825 2681 inscriptas

1046 2691 1185 2718 edidissst.
1202 2690 1250 2718 llis
1268 2692 1295 2718 in
1315 2692 1386 2717 hunc
1403 2690 1515 2718 modum
1534 2697 1549 2717 a
1566 2698 1595 2718 se
1611 2691 1731 2718 dimissis
1749 2692 1826 2726 impe-

1047 2745 1131 2770 rator,
1147 2745 1278 2772 sequaces
1292 2737 1410 2771 ipsorum
1424 2736 1578 2763 vehementi
1593 2736 1705 2764 adortus
1720 2737 1824 2771 impetu.

1047 2784 1171 2810 absentia
1192 2784 1253 2817 jam
1271 2783 1373 2810 ducum
1397 2783 1564 2810 inﬁrmiores
1585 2782 1666 2810 facile
1687 2784 1824 2817 deterruit,

1049 2835 1254 2865 pertractusque
1271 2830 1297 2857 in
1314 2830 1476 2858 sententiam
1492 2829 1601 2858 caeteris
1617 2830 1755 2866 adiunxit;
1772 2832 1825 2867 qui-
