1944 3061
157 138 208 170 16³1

754 137 919 168 GEORGII
933 136 1180 169 PACIIYMERE

1743 139 1796 171 N8

156 195 228 224 εἶναι
240 197 269 224 ὲν
284 195 360 231 φόϐῳ
371 195 418 222 καὶ
429 195 547 231 ἀγωνίᾳ,
559 194 621 226 τοὺς
637 194 782 227 πλείστους
805 196 833 222 δὲ
860 195 907 222 καὶ
921 196 948 221 ὲν
963 199 987 227 Α
1003 204 1064 230 μαι,
1084 196 1120 227 ὡς
1153 194 1344 230 μέσον’κακοῦ
1370 204 1399 222 τε
1417 196 1461 223 καὶ
1475 195 1579 230 ἀγαθοῦ
1595 195 1625 222 τὸ
1650 196 1796 232 ﬁta-portu

155 242 328 277 καταγνώσει
354 242 523 276 λογίζεσθαι.
555 242 647 269 Πάντα
673 241 696 267 δ’
726 242 875 277 ᾁνέτρεπον
905 243 951 268 καὶ

156 289 282 323 συνέχεον
307 288 352 315 διὰ
373 287 421 324 τὴν
445 287 627 322 νομιζομένην
647 287 794 322 ἀκρίϐειαν
819 288 891 314 κατὰ
916 288 952 314 τὰ

162 334 355 369 Ἀναξαγόρεικ
392 334 530 369 χρήματα.
556 334 586 360 Οί
609 333 636 360 δέ
661 342 692 367 γε
722 335 771 368 τῆς
790 334 952 370 Ἐκκλησίας

155 380 274 414 ὁρῶντες
293 379 327 406 τὰ
340 379 452 405 πλεῖστα
470 379 519 414 μὲν
529 379 590 406 καθ’
604 379 718 410 ἑαυτοὺς
731 380 951 414 κατεμέμφοντο,

159 425 414 459 ὑπομιμνήσκοντες
427 425 454 450 δὲ
482 425 580 460 καὶτῷ
600 425 758 460 πατριάρχῃ
778 426 951 460 προσαναφέ-

159 479 255 505 pay-ra;
272 470 312 495 in
325 470 417 496 πολλοὶ
435 469 511 504 παρὰ
525 470 579 496 τῶν
604 470 707 505 ἀγρίων
725 470 869 506 ὑπηρετῶν
885 470 953 505 πλη-

156 517 209 549 γᾶς
224 515 344 550 ἀνηλεῶς
357 515 523 550 ὲλάμὸανον,
553 515 590 547 ὡς
615 515 697 549 δῆθεν
713 515 748 542 τὰ
775 515 861 541 πολλὰ
890 515 952 550 μηδ’

156 561 251 590 εἰδότι,
269 559 505 594 κατεγινώσκοντο
534 561 572 591 ὡς
588 561 819 596 ἀταλαιπωρήτως
846 561 953 596 Emi/te;

160 608 222 641 περὶ
240 605 270 632 τὸ
285 606 377 636 καλὸν,
390 605 460 632 ὥστε
473 606 511 641 τῷ
540 606 576 642 μὴ
589 603 619 633 τὸ
647 607 732 633 κακὸν
760 607 882 638 ἐκτόπως
910 616 954 641 μια-

157 654 217 678 σείν
236 652 303 688 μηδὲ
318 653 348 678 τι
365 652 447 678 καλὸν
462 654 518 684 τοῖς
532 653 623 684 αὐτοῖς
638 653 819 688 ὑποδέχεσθαι
831 653 951 688 μέτροις.

155 695 212 724 Ἦν
232 698 295 733 γὰρ,
309 698 347 730 ὡς
360 698 453 734 ἐῴκει,
469 699 483 725 ό
497 699 598 731 σκοπὸς
609 699 647 733 τῷ
677 699 905 734 πατριαρχεύοντι
921 700 953 726 ἐκ

161 745 244 779 μέσου
256 744 342 770 θεῖναι
356 744 385 770 τίι
398 744 555 780 ἀδιάφορον,
568 744 622 770 εἴτε
632 744 663 770 ὃν
674 745 730 771 εἴτε
747 744 893 776 δοκοῦν,ὲκ
902 752 953 771 παι

160 790 236 817 λαιοῦ
250 791 438 825 ὲπεισςορῆσαν
446 790 489 816 διὰ
500 789 549 825 τὴν
566 791 620 817 τῶν
631 790 826 826 πνευματικῶν
836 799 954 825 προστει-

160 836 270 868 τῶν,ὠ;
283 836 364 872 ᾤετο,
374 837 425 871 ἀτη
431 836 586 872 μελησίανῆ
598 837 645 863 καὶ
658 836 954 871 συνήθειανπυοενκὰα

161 884 247 910 κεῖνοι
262 883 460 919 ἐπειλημμένοι
472 883 637 918 προφάσεως
653 882 833 918 εὐπροσώπου
849 883 950 910 τοιαῦτ’
968 881 991 910 Β

159 931 301 966 ἔδτυ›ν,ἶῆν
311 931 361 958 πού
372 940 412 962 τις
426 932 519 958 αἰτίαν
527 930 691 967 ἀδιαφορίας
708 932 829 965 εἰλήφει.
842 932 916 963 Τέως
924 932 952 958 δὲ

161 976 227 1012 περὶ
241 976 288 1011 τη.
307 977 437 1011 τοιαύτην
451 977 602 1003 αίτίανοὺκ
619 976 722 1010 ὀλίγοις
738 977 784 1003 καὶ
801 975 883 1008 αὐτὸς
895 978 953 1003 ἑνε-

158 1023 321 1057 πιγριίιετο
335 1023 364 1048 τὸ
380 1023 526 1058 ἀδιάφορον
543 1023 693 1056 ὀνειδίζων,
714 1022 752 1058 μὴ
771 1023 882 1057 κρίνων,
912 1021 953 1049 υἷ-

158 1103 379 1137 ιιυρτθιιι-ιιιὶίεεο
393 1103 419 1129 in
435 1103 515 1138 culpa
533 1103 585 1130 sibi
606 1102 780 1135 videbantur,
795 1103 846 1130 hoc
864 1103 953 1138 ipsum

156 1154 300 1176 ostentare
333 1150 366 1175 ad
393 1149 435 1176 sui
465 1149 579 1184 gloriam
599 1149 759 1185 gaudentes.
787 1150 864 1183 Quod
893 1149 956 1176 inde

165 1195 353 1222 intellecturos
366 1202 464 1222 omnes
483 1195 654 1222 confiderent
669 1199 771 1229 quanta
790 1196 816 1222 in
830 1195 953 1229 ipsorunt

159 1242 263 1269 animis
279 1242 472 1268 cxardeseerct
487 1242 528 1269 vis
553 1241 636 1268 divini
655 1241 715 1272 zeli.
734 1250 796 1277 quae
826 1242 954 1268 cohibere

162 1289 229 1315 istas
247 1287 327 1322 150
343 1288 470 1322 nequiret
484 1287 644 1322 eruptiones
664 1288 689 1314 in
718 1288 823 1315 subitas
840 1293 866 1314 et
881 1287 955 1314 nullo

163 1339 291 1368 respectu
305 1334 427 1360 tat-datas
446 1333 641 1369 castigationes
655 1340 798 1368 perperam
816 1338 954 1360 actorum.

165 1380 260 1407 Mmsta
276 1379 339 1407 hinc
355 1381 447 1406 otnnia
464 1385 537 1407 metu
553 1380 680 1412 sollicito,
706 1384 775 1407 aestu
800 1382 956 1408 animorum

164 1426 378 1460 inquietissimo,
395 1427 515 1459 videres,
527 1427 679 1462 plerisque,
701 1427 765 1454 dum
780 1431 807 1454 et
838 1427 957 1462 ἱιιύίειιῑ.

166 1477 248 1498 tatem
269 1472 444 1506 prtcsentium
458 1476 485 1499 et
496 1472 647 1507 perniciem
677 1471 880 1499 imminentium
894 1479 957 1499 cum

165 1517 281 1544 horrore
310 1522 456 1552 reputant,
483 1525 572 1553 usque
594 1518 629 1546 ad
652 1518 872 1553 desperationem
893 1518 958 1545 effe-

167 1565 245 1591 ratis.
272 1564 475 1597 Crescebatque
503 1563 530 1591 in
557 1565 616 1592 dies
632 1564 748 1596 tnalum,
777 1564 843 1591 dttm
872 1554 994 1590 nihiloc

165 1611 258 1638 setius
295 1610 422 1637 monachi
456 1618 511 1644 quo
541 1618 590 1645 per
619 1617 740 1645 praecps
779 1610 960 1638 incubuerant

168 1660 292 1688 ruentes,
310 1656 388 1683 novis
402 1656 518 1684 subinde
533 1656 754 1691 l'tequentattdis,
785 1656 962 1684 simulatione

166 1707 213 1728 aut
232 1707 364 1736 prtetextu
379 1708 482 1729 exacta!
493 1702 644 1737 religionis,
670 1703 829 1730 inhumana:
852 1702 961 1730 acerbi-

167 1748 230 1774 tatis
244 1748 387 1780 exetuplis,
405 1748 598 1782 pervertebant
617 1748 881 1784 confundebantque
898 1756 961 1783 pas-

167 1794 218 1818 sim
243 1792 356 1825 omnia,
384 1796 413 1819 ut
439 1797 512 1820 esset
538 1792 594 1828 jam
620 1793 675 1821 illic
705 1802 825 1828 prtesens
856 1794 962 1829 species

169 1837 299 1865 Ecclesiae
317 1843 343 1865 ct
363 1838 439 1865 urbis
460 1838 541 1873 plane
556 1839 668 1874 qualem
697 1840 878 1874 Anaxagoras
905 1840 963 1867 ori-

167 1885 245 1919 εἰμι-ε
275 1885 369 1912 utttndi
385 1885 545 1913 describens
567 1886 652 1914 fuisse
676 1886 828 1914 afﬁrmabat
858 1890 963 1913 naturae

167 1931 285 1965 partium
313 1931 415 1958 mistim
446 1939 479 1959 ac
508 1937 611 1959 temere
637 1937 875 1965 coacervatarum;
900 1937 963 1959 ante

167 1979 279 2010 utentis,
292 1986 353 2012 quae
371 1979 495 2006 ordinem
513 1978 617 2011 intulit,
647 1986 801 2006 accessum.
818 1978 896 2005 Talia
920 1987 964 2007 ec-

168 2024 315 2051 clesiastici
333 2032 396 2051 cum
415 2029 571 2056 cernerent,
588 2024 719 2059 pleraque
734 2024 843 2058 quidem
860 2025 964 2059 impro-

168 2072 270 2098 babant
285 2071 372 2104 ιιιι·ἱιί,
389 2075 417 2098 et
431 2079 525 2098 secum
542 2071 709 2098 restimantes
727 2075 756 2097 ut
774 2070 859 2097 nimia
874 2075 900 2097 et
912 2070 964 2097 im-

170 2117 260 2143 mania
289 2117 467 2143 damnabant.
485 2117 523 2144 Ac
548 2124 626 2148 cum,
654 2116 780 2143 arbitrati
807 2116 963 2151 patriarcha

169 2163 252 2189 multa
272 2163 467 2190 horuminseio
489 2162 558 2194 ﬁeri,
585 2170 647 2189 eum
662 2163 795 2190 adeuntes
811 2162 965 2189 iudicarent

168 2217 230 2243 quae
244 2209 362 2236 maxime
379 2208 563 2235 intolerabilia
578 2207 736 2240 credebant,
756 2216 852 2242 nempe
868 2213 964 2235 contra

168 2255 383 2282 ecclesiasticam
399 2255 539 2281 lenitatem
568 2254 648 2281 etiam
665 2255 717 2281 riui
738 2261 770 2280 ae
786 2255 899 2282 verbera
914 2262 962 2289 per

169 2301 243 2328 feros
261 2301 321 2335 ejus
342 2301 485 2327 ministros
513 2300 640 2335 plurimis
672 2300 820 2328 crudeliter
854 2300 960 2332 inferri,

168 2347 242 2381 quod
259 2354 307 2380 pro
329 2347 371 2373 sui
388 2346 532 2373 atrocitate
546 2353 642 2372 omnes
654 2346 844 2374 existimarent
864 2351 962 2380 praeter

169 2397 288 2420 tuentem
303 2398 330 2419 ct
343 2393 411 2419 citra
427 2392 552 2419 notitiam
575 2392 660 2426 ipsius
687 2392 721 2418 ab
737 2392 797 2419 istis
821 2392 960 2424 attentari,

170 2439 216 2466 ille
241 2437 504 2473 inexspectatissime
521 2445 577 2464 rem
594 2438 777 2471 comprobans
792 2438 874 2465 etiam
891 2439 962 2466 ultro

170 2486 320 2513 monitores
336 2485 496 2519 increpabat
512 2488 542 2511 ut
559 2484 647 2511 hebeti
663 2484 697 2510 ad
715 2485 778 2511 mali
800 2492 911 2512 sensum
936 2490 963 2512 ct

169 2533 380 2560 detestationem
399 2532 503 2563 anitno,
520 2538 652 2565 apparere
667 2530 708 2557 vel
729 2530 792 2558 inde
809 2531 885 2558 aiens
903 2532 962 2559 cal-

169 2580 225 2606 lum
253 2579 401 2606 obductum
437 2577 559 2612 religioni
594 2584 626 2604 ac
653 2576 713 2604 zelo
743 2577 888 2612 ipsoruut,
916 2576 963 2613 qui

169 2630 281 2660 aspectu
301 2624 480 2659 culpabilium
499 2622 656 2650 defeetuum
671 2627 726 2650 tam
751 2631 848 2658 parum
877 2623 964 2650 oﬂen-

169 2672 311 2699 derentur.
329 2671 356 2697 Si
371 2670 443 2697 enim
460 2670 574 2696 horrore
589 2676 645 2704 quo
674 2676 722 2704 par
735 2668 826 2696 fuerat
856 2670 889 2696 ad
915 2676 963 2696 oc-

169 2724 281 2744 cursum
294 2723 375 2750 prare
391 2721 516 2742 actorum
530 2719 783 2748 commoverentur,
798 2714 858 2749 ipso
871 2713 965 2749 utique

170 2762 234 2789 ntali
252 2762 313 2787 odio
328 2761 361 2787 ad
375 2759 438 2786 boni
463 2759 515 2794 ipsi
531 2759 660 2794 oppositi,
680 2765 787 2793 ,nempe
808 2758 966 2793 castigatio-

170 2809 213 2835 nis
227 2815 280 2843 qua
297 2807 470 2839 emendatur,
487 2806 657 2833 honestatem
686 2803 886 2837 agnoscendam
902 2811 965 2838 pcr-

172 2855 290 2882 ducendi
306 2855 426 2886 fuerant,
443 2861 492 2881 nec
511 2858 614 2880 temere
630 2856 659 2878 ut
687 2850 803 2877 nimium
827 2851 964 2885 culpaturi

170 2899 346 2935 supplicium,
366 2899 440 2935 quod
466 2906 500 2927 ex
531 2897 738 2933 comparatione
761 2903 793 2924 ac
818 2902 958 2926 commen-

1004 242 1132 276 κείμενον
1147 242 1214 276 πρὸς
1227 243 1360 277 ἑκάτερον
1378 242 1548 270 ἐναντιοῦται
1561 242 1616 268 τῶν
1626 241 1729 277 ἄκρων,
1747 243 1796 269 καὶ

1003 287 1061 321 εἴγε
1075 288 1142 322 πρὸς
1153 287 1271 322 τάγαθὸν
1283 288 1366 315 κακὸν
1379 287 1529 324 νομίζεται,
1544 286 1656 315 ἁλλόὗν
1664 288 1711 314 καὶ
1728 288 1796 323 πρὸς

1004 334 1035 360 τὸ
1050 334 1134 361 κακὸν
1150 333 1263 368 ἀγαθὸν,
1283 335 1330 364 καὶ
1341 335 1484 370 ἀγαπητὸν
1501 334 1534 361 ἃν
1552 335 1794 369 μετριοπαθοῖιιεν,

1006 380 1044 415 μὴ
1059 380 1105 406 τοῦ
1119 380 1242 412 ἀπαθοῦς
1256 380 1457 416 ἐφικνούμενοι.
1480 381 1565 412 Αὐτὸς
1589 380 1611 406 δ’
1632 381 1682 407 ὑπο
1703 382 1796 407 κανενι

1003 428 1036 461 τῇ
1052 428 1204 463 φαινομένῃ
1237 426 1291 462 ίδίᾳ
1315 427 1381 460 ἔξει,
1406 427 1460 454 εἴτε
1474 428 1520 455 καὶ
1535 427 1665 462 γνώμονι,
1685 428 1718 455 τὰ
1743 429 1796 455 τῶν

1004 472 1093 500 ἄλλων
1109 473 1206 508 ἤθελεν
1227 473 1403 500 ἀπευθύνειν.
1421 473 1576 500 Κάντεῦθεν
1590 474 1636 500 καὶ
1655 475 1680 501 οι
1704 475 1797 502 πολλοὶ

1003 516 1174 550 διυπνίξοντο
1191 521 1239 547 καὶ
1266 521 1295 547 ὲν
1322 519 1462 552 ὗποκοίαις
1490 518 1557 554 ἦγον
1589 521 1731 555 μεγίσταις
1750 522 1796 547 τὴν

1004 565 1200 593 ἀπευθύνοντα.
1217 564 1324 602 [1³101]
1346 563 1401 592 Ἦν
1420 565 1443 592 δ’
1457 565 1578 598 ἐκείνους
1606 567 1636 592 τὸ
1660 566 1796 602 ἒφορμοῦν

1004 612 1114 646 πρῶτον
1141 612 1190 647 μὲν
1211 612 1240 638 τὸ
1268 612 1315 638 ἀπ’
1333 612 1438 639 ἐκείνου
1455 612 1555 648 ἀτηρὸν
1574 613 1619 639 καὶ
1638 614 1705 648 πρὸς
1723 613 1797 640 ἅπαν

1002 658 1208 691 δυσέντευκτον,
1221 661 1277 691 τοῖς
1297 659 1346 694 μὲν
1361 659 1389 691 ἐξ
1403 659 1505 695 ἀρετῆς
1520 659 1628 691 δοκοῦν,
1642 661 1699 691 τοῖς
1727 659 1748 686 δ’
1765 661 1797 687 ὲκ

1004 705 1118 740 γνώμης
1135 705 1268 740 ἐμφύτου,
1285 707 1341 738 τοῖς
1359 705 1387 732 δὲ
1400 707 1446 732 καὶ
1459 706 1492 732 ὲκ
1509 705 1652 741 συνηθείας
1668 707 1716 740 τῆς
1729 706 1798 742 πρὶς

1004 753 1053 786 τὴν
1067 753 1183 787 ἄσκησιν
1197 752 1242 779 καὶ
1257 751 1402 786 μονώσεως
1421 751 1505 786 (ἅπαν
1530 751 1584 786 γὰρ
1603 751 1744 778 δύσοιστον
1768 752 1797 779 τδ

1008 798 1045 835 μὴ
1075 798 1224 834 σύνηθες),
1251 796 1316 825 εἶτα
1344 798 1371 824 δέ
1394 806 1426 831 γε
1459 797 1507 824 καὶ
1535 797 1566 824 τὸ
1585 797 1629 823 ἐπὶ
1649 799 1706 829 τοῖς
1726 797 1799 829 ὅλοις

1006 845 1126 879 κρυπτάν
1151 853 1179 870 τε
1195 844 1242 870 καὶ
1257 844 1360 878 ἀφανὲς
1382 844 1430 870 καὶ
1443 843 1590 877 ψάλλοντος
1613 843 1661 869 καὶ
1693 843 1768 870 ὲσθὶο
1783 857 1799 865 -

1005 899 1050 922 τος
1082 890 1129 917 καὶ
1166 890 1235 917 κατὰ
1269 890 1351 924 μόνας
1384 889 1534 923 διάγοντος,
1568 888 1663 923 ὥσπερ
1693 888 1798 924 ἤσκητὸ

1006 945 1034 962 τε
1056 937 1104 962 καὶ
1120 936 1232 964 είθιστο,
1257 933 1353 971 Ὅμως
1376 935 1417 970 (τὺ
1432 936 1486 970 γὰρ
1507 935 1557 971 τῆς
1582 935 1706 970 ἀνάγκης
1724 934 1799 960 ἐστὶν

1006 981 1144 1016 ἀδήριτον)
1166 980 1215 1016 τὴν
1241 981 1362 1016 σκληρὰν
1381 979 1489 1014 ἐκείνην
1508 979 1556 1006 καὶ
1581 979 1619 1011 ὡς
1644 980 1675 1005 ἐν
1700 978 1800 1014 σιδηρᾷ

1007 1028 1097 1064 ράῦδῳ
1128 1027 1250 1062 διέφερον
1286 1026 1451 1062 ποίμανσιν,
1481 1025 1506 1052 οῑ
1543 1025 1592 1060 μὲν
1628 1024 1799 1058 εὐγνωμονί-

1007 1107 1149 1135 suratione
1162 1114 1225 1134 cum
1246 1110 1362 1140 peccato
1379 1105 1453 1140 quod
1467 1106 1553 1140 pttuit,
1565 1105 1671 1140 justum
1696 1112 1757 1132 esse
1768 1111 1800 1131 ac

1007 1154 1177 1180 moderatum
1200 1157 1273 1179 recte
1284 1151 1463 1178 censentibus
1491 1151 1667 1186 intelligitur.
1690 1149 1737 1178 His
1753 1158 1801 1185 pa-

1007 1199 1126 1225 triarcha
1154 1198 1391 1232 objurgationibus
1416 1197 1639 1232 insperatissimis
1658 1197 1726 1224 istos
1748 1198 1800 1223 ric-

1008 1245 1098 1272 tlesiac
1112 1245 1247 1278 primores
1265 1243 1310 1278 qui
1323 1251 1386 1271 eutn
1411 1243 1577 1270 adtnonituri
1602 1243 1800 1270 conveniebant

1009 1297 1066 1316 use
1082 1289 1205 1323 abigens,
1222 1295 1331 1315 omnem
1358 1289 1414 1322 jam
1430 1289 1480 1315 sibi
1497 1289 1568 1322 apud
1598 1295 1645 1315 eos
1673 1288 1800 1315 detnebat

1008 1336 1214 1362 excusationem
1234 1335 1268 1361 ab
1289 1335 1418 1369 opinione
1446 1334 1607 1369 ignorantiae
1632 1342 1723 1361 rerum
1740 1342 1800 1368 qua:

1009 1382 1162 1414 fiebant,et
1178 1387 1262 1409 totatn
1290 1382 1316 1408 in
1336 1389 1415 1408 suum
1447 1387 1527 1415 caput
1551 1380 1705 1408 altraltebat
1728 1381 1802 1407 invi-

1010 1428 1096 1461 diam,
1117 1427 1185 1454 nihil
1202 1428 1277 1462 pensi
1290 1427 1440 1461 quidquam
1469 1426 1584 1457 habens,
1616 1426 1680 1452 dum
1710 1427 1798 1461 palam

1008 1478 1159 1501 ostentaret
1174 1481 1206 1500 co
1221 1472 1302 1508 plane
1319 1481 1349 1501 se
1364 1477 1489 1507 spectare
1504 1481 1536 1500 ac
1552 1477 1624 1499 recta
1644 1472 1720 1502 ferri.
1742 1477 1771 1498 ut
1786 1479 1800 1498 e

1006 1520 1103 1547 *tnedio
1136 1520 1245 1546 tolleret
1277 1519 1464 1554 radicitusqne
1497 1519 1659 1553 exstirparet
1687 1519 1799 1544 omnino

1010 1565 1247 1600 qualemcunque,
1263 1571 1310 1591 seu
1341 1571 1434 1591 veram
1452 1571 1499 1590 seu
1517 1568 1691 1598 apparentem
1718 1563 1798 1590 disci-

1013 1611 1094 1646 plina:
1110 1611 1311 1643 remissionem,
1330 1610 1412 1645 vulgo
1424 1609 1633 1637 indiﬂerentiam
1663 1615 1798 1641 vocatam.

1011 1663 1094 1691 quam
1109 1664 1142 1683 ex
1162 1656 1241 1691 longo
1257 1655 1370 1691 putabat
1397 1656 1552 1691 Obrepsisse
1578 1661 1689 1691 propter
1717 1656 1799 1690 spiri-

1011 1701 1127 1729 tualium
1155 1701 1300 1737 pra-.sidum
1327 1702 1474 1734 incuriam,
1509 1702 1632 1729 inolitam
1657 1709 1721 1728 vero
1740 1709 1801 1729 sese

1010 1748 1066 1783 jam
1081 1747 1150 1775 tueri
1168 1748 1287 1782 quadam
1304 1748 1469 1775 auctoritate
1496 1755 1530 1775 ex
1546 1747 1707 1783 pra-judicio
1733 1756 1800 1775 cou-

1012 1792 1175 1824 suetudinis,
1192 1797 1288 1819 contra
1303 1792 1376 1826 quod
1394 1792 1446 1819 rite
1470 1797 1553 1827 atque
1571 1793 1666 1820 ordine
1688 1792 1731 1819 sui
1749 1794 1800 1819 ilii-

1014 1839 1094 1866 nistri
1109 1838 1186 1873 151
1202 1839 1357 1870 tenderent,
1381 1838 1517 1874 plausibili
1535 1839 1576 1866 usi
1593 1844 1735 1874 praetextu,
1751 1846 1801 1873 pu-

1013 1884 1120 1911 niendis
1134 1885 1351 1917 inexorabiliter,
1368 1893 1539 1920 quaecunque
1569 1886 1741 1912 deferrentur
1753 1890 1802 1912 aut

1014 1937 1044 1957 se
1059 1931 1131 1958 ultro
1147 1931 1173 1957 iu
1193 1931 1460 1959 animadversionem
1476 1930 1617 1964 offerrent,
1644 1937 1800 1967 transgres-

1014 1976 1139 2004 sionihus
1155 1978 1276 2012 antiqua:
1291 1977 1453 2011 disciplinae,
1477 1985 1594 2012 quarum
1616 1979 1720 2005 mentio
1734 1979 1802 2005 sole-

1014 2023 1057 2049 ret
1078 2022 1267 2050 ittdiﬁcrentia:
1285 2023 1420 2051 vocabulo
1437 2023 1546 2050 molliri.
1566 2023 1606 2049 Ae
1623 2031 1684 2050 esse
1701 2023 1728 2050 in
1749 2025 1802 2050 isto

1013 2069 1116 2104 judicio
1130 2071 1282 2098 concordes
1298 2071 1483 2106 patriarcltam
1499 2076 1525 2098 et
1541 2071 1600 2106 ejus
1617 2071 1748 2098 satellites
1767 2079 1801 2097 ex

1015 2123 1046 2142 eo
1059 2116 1147 2149 palam
1165 2117 1301 2149 exstabat,
1315 2117 1387 2150 quod
1418 2117 1476 2152 ipse
1500 2123 1610 2152 quoque
1625 2124 1674 2150 per
1698 2123 1728 2143 se
1745 2124 1801 2144 non

1015 2169 1116 2196 paucos
1136 2162 1233 2190 obvios
1248 2163 1430 2190 contristabat
1447 2164 1549 2190 amaris
1582 2163 1672 2195 dictis,
1691 2161 1800 2189 indiﬁ'e-

980 2227 1003 2255 υ
1017 2207 1133 2234 rentiam
1145 2208 1211 2242 ipsis
1225 2209 1407 2243 exprobrans,
1422 2216 1476 2235 non
1489 2209 1653 2243 intelligens,
1669 2214 1800 2243 quantum

1017 2251 1147 2284 arbitror,
1165 2252 1324 2280 indifferens
1337 2253 1364 2279 in
1380 2253 1443 2280 boni
1461 2257 1488 2280 et
1503 2253 1567 2280 mali
1582 2255 1670 2280 medio
1685 2253 1802 2288 positutn

1013 2307 1028 2325 e
1050 2299 1124 2325 varia
1149 2299 1192 2326 sui
1221 2299 1426 2334 comparatione
1451 2307 1513 2327 cum
1539 2300 1668 2326 extremis
1695 2304 1804 2326 contra-

1016 2343 1070 2371 rias
1099 2344 1229 2378 utrinque
1243 2343 1344 2371 ducere
1366 2344 1522 2378 qualitates,
1543 2348 1573 2370 ut
1601 2344 1703 2370 malum
1735 2352 1802 2371 cen-

1013 2390 1249 2417 seaturcollattttn
1278 2390 1362 2421 bono,
1391 2389 1511 2416 vicissim
1541 2393 1645 2420 autem,
1666 2389 1712 2416 ubi
1739 2396 1802 2415 cum

1015 2438 1087 2464 malo
1103 2442 1292 2471 componatur,
1315 2436 1447 2463 bonitatis
1475 2436 1593 2470 aliquam
1622 2436 1717 2462 induat
1740 2443 1804 2469 spe-

1014 2484 1094 2510 ciem.
1113 2482 1189 2510 Unde
1209 2483 1255 2510 ille
1269 2483 1409 2510 moderate
1429 2482 1593 2516 sapientium
1611 2482 1691 2517 vulgo
1703 2483 1805 2516 proba-

1014 2529 1077 2556 bilis
1092 2536 1189 2556 sensus
1207 2533 1261 2559 est,
1297 2529 1427 2564 praeclare
1454 2529 1495 2563 agi
1519 2529 1675 2560 nobiscum,
1703 2529 1732 2555 in
1753 2528 1805 2556 hoc

1014 2576 1076 2602 vita:
1089 2575 1179 2610 labilis
1212 2579 1285 2602 statu
1316 2575 1388 2602 haud
1412 2575 1567 2609 pertingere
1592 2574 1747 2602 valentibus
1773 2575 1805 2602 ad

1015 2624 1095 2656 plane
1110 2620 1365 2656 itnperturbabilem
1384 2621 1620 2655 tranquillitatem,
1652 2621 1674 2647 si
1703 2621 1806 2648 medio-

1015 2668 1108 2695 cribus
1125 2668 1260 2695 duntaxat
1281 2667 1535 2702 perturbationibus
1559 2669 1707 2702 agitentur.
1722 2667 1806 2694 Porro

1015 2714 1060 2742 ille
1077 2713 1186 2748 propria
1205 2713 1254 2740 illa
1272 2720 1334 2746 sua,
1352 2720 1435 2747 quam
1453 2720 1508 2747 prae
1526 2719 1556 2740 se
1572 2721 1708 2748 nusquam
1724 2713 1808 2740 dissi-

1015 2761 1124 2788 mulans
1151 2759 1266 2794 ferebat,
1296 2760 1461 2787 rectitudine
1489 2759 1584 2793 rigidae
1622 2761 1732 2787 virtutis
1759 2767 1808 2794 pro

1016 2815 1110 2834 norma
1126 2807 1266 2840 utebatur,
1298 2806 1331 2834 ad
1347 2814 1430 2842 quam
1457 2806 1572 2834 omnino
1604 2806 1710 2834 volebat
1736 2814 1808 2834 exle-

1017 2860 1103 2887 quare
1117 2860 1210 2880 mores
1224 2853 1360 2885 omnium,
1379 2857 1407 2880 et
1423 2852 1556 2888 quidquid
1571 2853 1600 2880 in
1618 2853 1716 2888 quavis
1729 2853 1764 2881 ab
1778 2861 1808 2880 ea

980 2937 984 2941 ι
1021 2899 1188 2934 declinaret,
1213 2899 1342 2936 dirigere.
1363 2897 1424 2928 Non
1451 2903 1558 2935 poterat
1583 2900 1623 2928 sic
1649 2907 1731 2934 agens
1757 2908 1808 2928 non
