1944 3061
106 229 197 256 στεροι
217 222 311 255 σφίσιν
324 221 430 253 ἑαυτοῖς
438 222 487 257 τὴν
499 222 589 249 αἰτίαν
603 223 823 258 προστρίΰοντες,
833 223 908 254 ὅσοις

105 267 209 302 δηλαδὴ
225 268 265 303 μὴ
278 265 313 302 ἦν
327 268 356 294 ὲν
369 267 409 302 νῷ
423 269 456 295 τὰ
467 268 520 294 τῶν
535 269 624 296 ἄλλων
651 269 765 303 κρίνειν,
785 269 844 296 ἀλλ’
868 270 907 300 εἰς

106 314 221 345 ἑαυτοὺς
234 313 338 345 νεύειν,
354 315 401 340 καὶ
417 315 530 346 ἑαυτοὺς
544 315 615 342 κατά
625 315 655 341 τὸ
669 316 808 351 προσῆκον
823 324 907 342 κατα-

105 361 187 392 νοεῖν,
201 361 227 386 εἰ
245 360 276 386 δὲ
291 361 339 386 καὶ
352 360 482 396 ἀλλήλους
502 362 656 393 κατανοεῖν,
671 362 712 392 εἰς
733 361 907 397 παροξυσμὸν

106 406 220 440 ἀγάπης
235 406 283 432 καὶ
299 406 392 439 μόνον,
409 406 581 441 συγχωροῦσι
606 406 674 438 τέως
690 407 745 438 τοῖς
775 406 906 441 γιγνομὲ-

107 461 176 484 vote.
191 452 250 478 ἀλλ’
265 452 297 478 οὐ
316 452 578 487 περιεργαζομένοις
607 453 671 484 τοὺς
694 451 906 488 ἐργαζομένους,

108 498 161 525 κᾶν
174 498 191 524 ὃ
210 506 238 524 τι
250 499 366 524 ποιοῖεν.
382 497 446 529 Τοῖς
461 498 489 524 δὲ
511 498 558 525 καὶ
580 497 817 532 πολυπραγμονεῖν
828 498 908 533 ἐπῄει

109 545 156 571 καὶ
186 543 396 577 ἀπαμύνεσθαι
427 545 560 579 πάσχουσι
576 544 622 570 καὶ
645 544 794 578 λαμῦάνειν
810 544 908 578 λόγους

110 589 139 621 ἐξ
170 589 278 621 ἄλλων,
313 588 445 620 πιθανοὺς
475 590 562 621 ἄλλως
597 591 629 617 ἐκ
656 590 711 616 τῶν
738 590 850 617 εικότων
871 591 908 622 ὡς

109 635 233 667 ἀγνῶτος
249 634 357 666 πολλοῖς
368 634 446 666 ὃντος
463 635 569 662 ἐκείνου
584 635 629 661 διὰ
639 635 688 670 τὴν
703 635 749 661 ἐπὶ
768 637 801 670 τῇ
819 636 908 670 ἀσκή-

111 690 152 708 σει
164 682 297 716 μόνωσιν.

112 736 158 769 ιζ’.
182 736 320 769 Θάνατος
346 737 401 764 τοῦ
422 737 720 772 πητριαρχεύσαντος
741 738 908 773 Γρηγυρίου

407 773 461 799 τοῦ
476 775 624 807 Κυπρίου.

146 818 180 854 [Ρ
194 818 258 855 102]
276 818 387 846 Τούτων
400 811 485 849 οὕτως
496 819 611 853 ἐχόντων
624 820 639 846 ὁ
658 819 707 854 μὲν
723 819 909 860 πατριαρχεύ-

112 874 161 897 σας
178 865 335 900 Γρηγόριος
349 865 421 900 νόσῳ
443 865 611 900 πολυημέρῳ
638 865 846 900 κατεργασθεὶς,
870 866 908 897 ὡς

109 911 139 938 δέ
154 920 229 943 τινες
243 911 349 945 ἔλεγον,
367 911 413 937 καὶ
426 910 470 937 διὰ
498 911 547 945 τὴν
577 911 731 946 παρόρασιν
755 912 787 938 ὲκ
809 919 907 946 μικρο-

111 958 223 993 ψυχίας,
243 958 348 993 μετόὐ
371 957 438 984 πολὺ
452 958 566 993 τελευτᾷ
580 958 624 984 τὸν
639 957 707 993 βίον.
728 958 783 984 Καὶ
804 957 834 984 τδ
860 958 910 992 μὲν

112 1004 141 1030 ὲν
154 1003 331 1038 ψαλμῳδίαις
353 1002 466 1029 θάπτειν
478 1002 548 1030 κατά
562 1002 592 1029 τὸ
610 1003 681 1035 εἰκὸς
694 1003 815 1037 ιὲδίδουν,
844 1003 874 1029 τὸ
887 1003 910 1030 δ’

113 1100 235 1127 pungere
253 1091 352 1119 crebro
386 1091 529 1126 plurimos,
552 1093 598 1127 qui
615 1100 696 1120 sensu
724 1093 835 1121 excitati
852 1093 910 1120 evi-

115 1138 240 1173 gilabant
258 1138 286 1164 in
303 1138 461 1172 suspicaces
493 1138 645 1173 importuni
676 1140 799 1166 censoris
817 1139 911 1166 obser-

113 1185 251 1217 vationes,
273 1184 454 1219 explorantes
484 1184 583 1218 ecquid
612 1185 638 1211 in
661 1191 695 1211 eo
723 1184 911 1219 deprehende-

113 1235 174 1257 rent
191 1231 266 1265 quod
282 1230 346 1264 jure
373 1230 494 1257 vicissim
511 1234 680 1265 carperetur,
712 1235 740 1257 et
763 1231 840 1257 valde
865 1238 912 1258 su-

114 1280 273 1310 spectantes
305 1283 360 1302 non
388 1275 491 1302 frustra
522 1275 548 1302 id
580 1283 610 1303 se
635 1276 810 1310 quasituros.
842 1274 912 1303 Huic

113 1326 204 1356 capto
218 1326 248 1348 ut
260 1321 409 1352 instarent,
438 1321 525 1356 magis
549 1329 596 1348 eos
623 1321 650 1348 in
676 1322 734 1349 dies
769 1322 912 1356 magisque

114 1367 296 1401 impellebant
310 1374 380 1393 nova
399 1367 519 1394 subinde
533 1366 650 1394 feritatis
678 1366 737 1401 ejus
754 1370 781 1393 et
812 1366 912 1393 admis—

114 1413 226 1439 sionum
244 1412 537 1439 inhumanissimarum
562 1412 686 1447 exempla
705 1413 843 1440 exstantia
870 1420 912 1440 re-

117 1460 231 1492 latuque
247 1458 370 1492 vulgata.
387 1457 453 1490 Quae
473 1457 536 1484 lieet
552 1457 636 1486 aliqui
653 1457 847 1485 moderatiores
865 1465 912 1484 ex-

116 1508 258 1537 cusarent,
275 1504 375 1538 partim
394 1504 486 1531 virtuti
510 1504 675 1537 tribuentes,
696 1505 794 1540 partim
813 1505 913 1532 innata:

117 1550 337 1576 inclinationiac
353 1550 433 1584 genio
453 1555 569 1577 austerae
590 1550 702 1583 indolis,
727 1551 846 1585 denique
864 1551 910 1578 alii

118 1601 202 1623 totam
217 1597 281 1630 ejus
294 1596 455 1623 acerbitatis
469 1596 576 1631 culpam
592 1596 759 1632 imputarent
772 1597 909 1624 diuturna:

119 1642 296 1670 assuetudini
313 1643 434 1669 hominis
449 1651 462 1668 ιι
476 1650 562 1677 puero
591 1643 617 1669 in
635 1650 747 1670 secessu
764 1650 796 1670 ac
812 1643 910 1670 solitu-

117 1690 181 1717 dine
196 1689 312 1721 versati,
324 1696 356 1715 ac
371 1697 404 1716 ne
431 1697 504 1716 nunc
520 1689 631 1724 quidem
650 1689 676 1716 in
703 1690 759 1716 vita
786 1690 909 1724 exposita

117 1734 328 1769 «egressibus,
339 1733 411 1768 quod
425 1741 504 1761 omne
519 1734 660 1761 insolitum
683 1742 755 1769 aegre
768 1734 908 1766 toleretur,

119 1788 134 1807 a
148 1780 264 1807 latebris
277 1788 309 1807 ac
322 1780 433 1806 silentio
447 1780 599 1814 repetendis
612 1780 728 1807 subinde
747 1780 910 1814 temperanti

121 1828 130 1862 (
144 1826 417 1854 animadvertebatur
428 1827 500 1853 enim
513 1834 587 1853 nunc
614 1834 723 1861 quoque
739 1827 867 1854 aﬁectare
882 1827 909 1854 in

120 1873 250 1899 omnibus
282 1877 430 1902 secretum,
454 1873 610 1906 vitareque,
632 1877 763 1907 quantum
792 1878 908 1908 poterat,

120 1919 287 1946 arbitrorum
303 1918 512 1950 conscientiam,
521 1919 597 1946 solus
609 1919 733 1953 psallere,
749 1920 824 1948 solus
836 1928 910 1948 com-

120 1966 212 1997 edere,
245 1965 325 1999 152
355 1964 424 1992 clam
439 1969 466 1991 et
479 1973 589 1998 arcano,
619 1971 700 2000 prout
715 1968 802 1994 ascesi
831 1967 910 2002 longa

121 2012 292 2041 insueverat,
306 2016 405 2037 cuncta
422 2010 483 2037 vita:
499 2011 586 2038 oﬂicia
610 2012 761 2046 transigere
777 2013 797 2045 ),
821 2019 910 2040 tamen

124 2057 233 2084 nonnisi
251 2057 342 2083 adacti
375 2064 471 2090 magna
486 2057 510 2082 vi
529 2058 712 2090 necessitatis,
731 2066 812 2092 quam
832 2066 912 2086 nemo

130 2103 195 2130 ’aiet
207 2103 336 2133 eluctari.
353 2102 451 2129 durum
463 2103 536 2130 istud
553 2108 578 2129 et
596 2104 670 2130 velut
686 2104 712 2130 in
733 2105 806 2138 virga
822 2104 912 2132 ferrea

126 2150 247 2184 regimen
265 2149 400 2175 ferebant.
424 2148 482 2181 Quo
496 2149 523 2175 in
552 2149 689 2176 communi
715 2157 798 2178 sensu
822 2152 913 2186 gravis

124 2195 254 2221 omnibus
277 2193 445 2219 incommodi
460 2194 584 2220 elucebat
610 2195 772 2228 exquisitior
799 2195 913 2230 aequitas

122 2240 306 2275 quorumdam
323 2239 377 2266 sibi
398 2239 459 2266 uuis
475 2240 538 2265 mali
562 2247 673 2267 causam
706 2242 910 2275 imputantium.

123 2285 227 2320 Nempe
241 2285 282 2312 sic
311 2285 415 2311 dudum
438 2288 603 2318 statuerant,
631 2294 684 2313 non
711 2295 837 2321 arrogare
861 2288 912 2315 sibi

121 2332 258 2366 judicium
277 2338 371 2357 rerum
390 2331 421 2356 ad
435 2331 503 2357 alios
530 2332 724 2364 spectantium,
757 2333 804 2360 sed
828 2334 854 2360 in
883 2341 914 2361 se

124 2379 198 2412 ipsos
210 2377 393 2403 attentionem
411 2376 512 2403 mentis
523 2384 638 2404 omnem
663 2383 777 2410 vertere,
799 2379 849 2405 sibi
860 2386 914 2405 ca—

123 2432 186 2451 vere
199 2429 282 2457 atque
297 2422 442 2456 invigilare
457 2423 651 2457 promovendis
662 2423 694 2451 ad
707 2429 823 2456 rectum,
834 2425 915 2453 unice

124 2478 239 2498 securos
253 2470 387 2501 aliorum,
406 2469 457 2496 nisi
477 2474 626 2503 quatenus,
649 2471 781 2498 suadente
796 2472 836 2499 sic
851 2479 915 2499 con-

124 2517 227 2543 diti0ne
241 2522 338 2542 comm
351 2522 413 2548 quae
428 2515 605 2548 gerebantur,
621 2516 767 2543 observare
796 2525 826 2544 se
845 2517 915 2544 invi-

124 2569 181 2588 cem
199 2559 328 2594 proderat
343 2559 376 2586 ad
395 2559 616 2593 provocationem
632 2561 784 2593 charitatis,
802 2561 914 2590 minime

125 2615 187 2635 vero
203 2606 250 2634 ubi
267 2614 321 2633 non
351 2610 495 2640 appareret
511 2605 617 2633 fructus
643 2606 703 2641 ejus
735 2608 915 2642 inspectionis

123 2655 193 2681 anus
221 2660 305 2687 quam
342 2652 470 2678 solatium
508 2652 679 2680 curiositatis
709 2654 860 2688 prurientis
887 2655 914 2681 in

123 2701 239 2726 otiosam
258 2703 285 2725 et
304 2697 404 2731 ligendi
422 2697 511 2723 locum
526 2697 613 2724 aculei
627 2703 794 2732 quaerentem
821 2699 915 2734 explo—

124 2747 257 2772 rationem
272 2743 410 2770 factorum
434 2743 598 2775 alienorum,
635 2744 773 2779 plerisque
802 2745 913 2773 interim

125 2792 194 2818 haud
210 2799 240 2818 se
255 2790 330 2816 intra
351 2788 417 2815 lines
433 2788 506 2822 paris
530 2789 670 2817 modestiae
697 2791 912 2824 continentibus,

123 2844 216 2864 venint
230 2840 258 2862 et
269 2834 382 2861 curiose
397 2833 588 2867 indagantibus
604 2842 663 2868 quae
677 2841 913 2870 suspectaverant,

123 2888 148 2911 et
161 2882 258 2910 ulcisci
271 2879 440 2908 conantibus
454 2880 477 2907 si
489 2887 570 2907 secus
592 2888 672 2914 quam
697 2883 796 2910 vellent
811 2888 912 2912 tracta-

310 2929 446 2958 PATROL.
461 2928 518 2960 Gn.
539 2929 668 2962 CXLIV.

576 165 628 196 DE
642 165 865 197 ANDRONICO
884 164 1128 196 PAL/EOLOGO.
1148 165 1225 197 LIB.
1243 165 1284 195 Ιῐ.

1697 166 1746 199 1ἴο

921 225 946 253 Δ
959 223 996 255 ὼς
1008 223 1150 258 ἀρχιερέα,
1166 223 1261 258 ὥσπερ
1279 222 1310 258 δὴ
1323 223 1446 256 κάκεῖνος
1461 223 1529 260 ᾤετο
1552 224 1603 260 τὴν
1628 225 1748 259 ἱερωσὺ-

961 277 1009 303 νην
1034 270 1246 304 παρακατέχων,
1259 269 1375 304 συχνοὺς
1400 271 1414 296 ὁ
1431 271 1541 305 κρατῶν
1575 271 1749 298 ἀποστέλλων

960 315 1088 349 ἀπέλεγε,
1102 316 1149 342 καὶ
1165 317 1198 350 τῇ
1217 315 1367 351 αὑτανεψίᾳ
1395 316 1569 352 ἐπέσκηπτεν
1595 317 1748 343 ἐπιτάττων

960 361 1020 396 ἥτις
1036 359 1069 396 ἧν
1088 362 1260 394 Ῥαούλαινα,
1274 362 1310 398 μή
1325 370 1352 388 τι
1366 361 1496 397 ἱτοιοῦτον
1513 363 1657 395 ἐπιτελεῖν,
1683 362 1696 389 ὂ
1715 361 1747 397 δὴ

960 406 1008 433 καὶ
1021 407 1136 440 γίνεται.

979 456 1024 488 ιη’.
1039 453 1211 486 Ἐξέλευσις
1229 453 1282 480 τοῦ
1299 453 1454 486 βασιλέως
1472 454 1546 487 πρὸς
1561 455 1728 488 Νύμφαιον.

995 499 1081 530 Αὐτὸς
1096 499 1124 525 δὲ
1139 498 1245 534 φθάσας
1257 500 1301 525 ἐπ’
1318 500 1467 534 ἀνατολῆς,
1491 500 1537 526 τὸν
1559 500 1748 535 πορφυρογὲν-

960 553 1040 580 νητον
1053 545 1216 576 ἀποστείλας
1231 545 1328 580 ἔχοντα
1338 545 1384 572 καὶ
1395 545 1444 581 τὴν
1461 545 1639 572 συνοικοῦσαν
1653 547 1684 572 ὲκ
1694 546 1749 572 τῶν

960 590 1008 617 τοῦ
1028 592 1124 617 Ῥαοὺλ
1150 592 1219 618 κατά
1239 591 1328 625 γένος,
1351 591 1521 625 ἐξεληλακώς
1551 591 1594 618 ἐπ’
1617 591 1750 626 ἀνατολῆς

960 636 1052 671 ὥρμα.
1072 638 1127 663 Καὶ
1147 637 1258 664 διελθὼν
1274 637 1307 664 τὰ
1324 638 1373 672 τῆς
1399 637 1522 668 Βιθυνίας
1541 638 1621 672 μέρη,
1639 638 1686 664 καὶ
1700 638 1750 664 ὅσοι

960 683 1015 717 πρὸ
1030 682 1128 718 μικροῦ
1144 684 1243 719 ὲρῤἐϐη
1255 683 1301 709 ἐπί
1314 691 1343 709 τε
1356 683 1395 717 τῷ
1408 683 1505 717 Βέκκῳ
1518 683 1630 713 καὶτοῖς
1644 683 1750 714 λοιποῖς

961 729 1151 762 εἰργασμένος,
1170 728 1208 763 τῷ
1222 728 1361 763 Νυμφαίῳ
1375 728 1528 762 ἐφίσταται,
1543 729 1632 764 φέρων
1645 730 1691 755 καὶ
1702 729 1750 756 ctu

961 772 1130 804 Μουζάλωνα
1145 773 1212 808 πρὸς
1223 773 1262 808 τῷ
1276 772 1322 799 τοῦ
1338 773 1458 808 μεγάλου
1481 773 1623 807 λογοθέτου
1643 773 1750 809 σεμνώ-

963 826 1028 853 ματι
1044 818 1091 844 xal.
1116 818 1367 853 πρωτοόεστιάριον
1393 819 1578 854 κλεῑζόμενον.
1604 817 1642 847 ὓῦ
1657 821 1689 855 δὴ
1704 821 1752 847 καὶ

963 866 1111 899 σκηνήσας,
1133 865 1239 890 ἐκεῖθεν
1266 865 1300 892 τὰ
1322 866 1381 891 κατ’
1410 866 1541 902 ἀνατολὴν
1555 866 1750 901 διοικούμενος,

922 898 945 926 Β
961 898 1074 945 [Ρξίθῦ]
1083 910 1232 936 ἐσκέπτετο
1243 911 1289 936 καὶ
1303 911 1369 946 περὶ
1381 911 1427 937 τοῦ
1443 912 1502 938 υἱοῦ
1515 898 1635 948 Μιχαὴλ,
1646 898 1752 947 ὲτπαγα-

961 958 1019 991 γεῖν
1034 958 1132 993 ἐκείνῳ
1144 958 1177 984 ὲκ
1197 958 1242 984 τοῦ
1267 958 1350 994 ρηγδς
1379 959 1496 991 Πουλίας
1514 960 1562 994 τὴν
1575 962 1752 996 συνοικήσου-

961 1011 1022 1037 σαν,
1036 1004 1052 1039 ἡ
1064 1004 1096 1030 ὲκ
1110 1003 1158 1031 τοῦ
1172 1004 1231 1031 υῑοῦ
1243 1004 1290 1031 τοῦ
1309 1005 1468 1033 Βαλδουῖνου
1481 1007 1528 1034 καὶ
1549 1008 1598 1043 τῆς
1613 1007 1750 1043 θυγατρὸς

962 1097 1070 1126 rentur,
1083 1099 1110 1121 et
1126 1102 1180 1129 qua
1195 1103 1286 1123 serere
1307 1096 1392 1131 ipsos,
1417 1105 1471 1132 qua
1499 1105 1610 1132 sparsos
1633 1098 1667 1125 ab
1688 1098 1750 1126 aliis

962 1140 1086 1174 accipere
1104 1141 1205 1169 liberos
1223 1142 1257 1169 de
1278 1143 1319 1170 his
1331 1151 1474 1172 sermones
1489 1149 1517 1172 et
1532 1145 1636 1179 judicia
1654 1145 1751 1173 verisi-

962 1186 1072 1214 milibus
1085 1187 1178 1215 innixa
1192 1189 1370 1223 conjecturis,
1405 1191 1536 1226 pleraque
1567 1191 1748 1219 Athanasium

962 1233 1130 1261 traducentia
1143 1242 1192 1269 pro
1204 1235 1329 1263 funditus
1345 1237 1442 1271 ignaro
1467 1238 1536 1265 artis
1549 1239 1690 1265 hominum
1707 1246 1751 1266 re-

962 1280 1122 1314 gendorum,
1149 1288 1231 1316 quam
1260 1282 1286 1309 in
1314 1283 1463 1311 solitudine
1491 1285 1604 1312 ascetici
1623 1292 1751 1313 secessus

962 1325 1068 1352 discere
1083 1325 1155 1353 haud
1171 1328 1315 1360 potuisset.

1052 1382 1096 1409 17.
1113 1383 1187 1410 Mora
1207 1386 1401 1420 erpalriarchw
1413 1386 1535 1422 Gregorii
1558 1387 1661 1424 Cyprii.

1001 1438 1048 1466 His
1068 1439 1104 1467 ita
1120 1447 1149 1467 se
1180 1440 1354 1475 habentibus,
1384 1445 1577 1478 expatriarcba
1600 1445 1749 1480 Gregorius

963 1485 1093 1520 languore
1108 1486 1214 1514 dierum
1239 1489 1389 1516 multorum
1419 1491 1580 1522 exhaustus,
1599 1497 1628 1518 ut
1658 1497 1750 1520 autem

963 1531 1074 1565 quidam
1090 1533 1210 1565 aiebant,
1234 1534 1395 1569 rcgritudine
1419 1536 1504 1562 animi
1523 1537 1666 1565 confectus
1687 1539 1751 1566 inde

923 1567 946 1598 (ἶ
964 1582 1025 1604 nata
1041 1578 1111 1612 quod
1127 1586 1159 1605 ex
1177 1579 1242 1606 olim
1257 1583 1311 1607 tam
1325 1580 1460 1608 honorato
1478 1586 1531 1609 tam
1544 1590 1574 1609 se
1589 1583 1670 1610 hodie
1681 1591 1750 1611 con—

963 1629 1096 1658 temptum
1111 1629 1246 1658 cerneret,
1260 1626 1343 1660 paulo
1362 1631 1421 1661 post
1453 1627 1544 1656 vivere
1569 1628 1661 1656 desiit.
1683 1630 1751 1665 Ejus

961 1671 1108 1706 exsequias
1124 1671 1290 1705 psalmomm
1308 1677 1389 1700 cantu
1401 1673 1434 1701 de
1448 1681 1524 1701 more
1536 1675 1666 1703 celebrari
1684 1684 1753 1704 con-

961 1724 1068 1744 cessum
1084 1722 1141 1745 est:
1159 1722 1185 1745 at
1200 1726 1261 1745 eum
1279 1719 1388 1754 δειροιὶτί
1408 1725 1437 1747 ιιι
1462 1721 1658 1756 patriarcham.
1675 1723 1750 1758 quod

936 1773 944 1781 -
962 1769 1087 1795 sperasse
1104 1763 1161 1798 ipse
1177 1763 1319 1791 videbatur
1335 1765 1399 1792 dum
1425 1766 1452 1792 in
1467 1767 1593 1794 cessione
1620 1770 1751 1796 saecrdo~

963 1808 1029 1834 tium
1047 1807 1166 1835 retinere
1180 1810 1277 1843 voluit,
1296 1811 1410 1838 omnino
1423 1817 1516 1840 vetare
1535 1821 1564 1840 se
1576 1822 1623 1848 per
1638 1816 1749 1842 crebros

964 1853 995 1880 ad
1013 1854 1038 1880 id
1051 1854 1149 1882 missos
1165 1856 1276 1884 nuntios
1288 1857 1454 1891 significavit
1469 1858 1634 1893 imperator;
1649 1865 1675 1887 et
1692 1870 1748 1889 suae

964 1901 1134 1928 consobrina:
1151 1902 1272 1930 defuncti
1297 1904 1475 1938 perstudiosze
1490 1905 1625 1934 Rat‘tlaame
1650 1909 1750 1935 diserte

964 1946 1105 1974 interdixit
1121 1956 1153 1975 ne
1165 1949 1230 1983 quid
1246 1949 1298 1976 tale
1313 1953 1470 1978 attentaret.
1486 1950 1595 1979 Privato
1612 1961 1677 1987 ergo
1695 1954 1751 1981 ela-

965 1996 1008 2019 tus
1021 1996 1064 2019 est
1078 1993 1183 2021 funere.

1054 2051 1097 2079 18.
1113 2051 1249 2086 Profectio
1273 2054 1441 2089 imperatoris
1468 2056 1657 2092 Nymphazum.

1003 2109 1081 2144 153
1093 2109 1153 2144 ipse
1167 2118 1250 2145 porro
1265 2113 1417 2147 Augustus,
1428 2115 1514 2141 misso
1527 2115 1603 2149 prius
1614 2115 1640 2142 in
1650 2115 1753 2143 Orien-

967 2158 1020 2179 tem
1042 2153 1278 2189 Porphyrogenito
1295 2164 1389 2184 secum
1406 2165 1519 2185 uxorem
1544 2159 1673 2191 ducente.
1691 2167 1751 2194 qua:

966 2201 994 2223 et
1009 2197 1067 2231 ipsa
1084 2203 1144 2224 erat
1160 2206 1192 2225 ex
1206 2198 1301 2227 natiiis
1317 2202 1413 2234 stirpe,
1432 2208 1544 2231 secutus
1560 2203 1619 2238 ipso
1644 2212 1752 2239 quoque

927 2247 952 2276 ι)
967 2248 1065 2269 versus
1080 2242 1176 2270 Ortum
1196 2245 1293 2271 movit.
1317 2245 1573 2283 Transgressusque
1591 2254 1683 2283 partes
1708 2251 1753 2277 lii-

967 2289 1077 2321 thyniae,
1099 2297 1130 2316 ac
1151 2290 1184 2316 iis
1205 2291 1305 2324 obiter,
1322 2301 1383 2327 quae
1403 2295 1483 2328 paulo
1509 2300 1571 2322 ante
1600 2302 1752 2324 memorata

966 2335 1041 2364 sunt,
1078 2340 1141 2360 cum
1166 2334 1254 2363 Vecoo
1284 2337 1452 2372 reliquisque
1484 2341 1640 2372 transactis.
1670 2341 1753 2377 Nym-

965 2377 1072 2412 phaeum
1090 2380 1212 2413 pervenit
1227 2382 1355 2409 comitem
1382 2383 1488 2412 habens
1505 2385 1688 2419 Muzalonem,
1705 2395 1752 2414 su-

966 2431 1013 2457 per
1030 2425 1173 2458 antiquum
1192 2426 1322 2454 honorem
1339 2430 1428 2463 magni
1444 2430 1588 2465 logothetae
1603 2439 1672 2459 nova
1691 2441 1752 2468 pro-

966 2470 1118 2496 tovestiarii
1134 2471 1267 2505 dignitate
1285 2473 1456 2502 decoratum.
1471 2477 1522 2504 Hic
1533 2478 1681 2512 imperator
1700 2480 1752 2506 lixo

965 2515 1108 2550 Augustali
1136 2519 1279 2545 attendere
1301 2519 1365 2547 inde
1390 2521 1552 2550 ordinandis
1577 2525 1750 2553 orientalium

966 2562 1049 2588 rebus
1064 2567 1198 2590 tractuum
1215 2565 1333 2598 institit;
1349 2566 1486 2601 simulque
1505 2569 1628 2597 incubuit
1653 2571 1679 2598 in
1704 2579 1754 2598 cu-

967 2615 1024 2634 ram
1042 2608 1278 2637 conﬁciendarum
1296 2613 1456 2647 nuptiarum
1472 2614 1613 2643 Michaelis
1628 2617 1687 2649 ﬁlii,
1706 2618 1752 2645 Cui

967 2661 1096 2689 sponsam
1126 2656 1229 2691 legerat
1255 2658 1327 2692 regis
1349 2660 1454 2694 Apulia:
1471 2660 1566 2694 filiam,
1579 2670 1612 2689 ex
1626 2662 1751 2690 Balduiui

966 2700 1022 2727 ﬁlio
1033 2706 1061 2728 et
1079 2701 1131 2728 lilia
1148 2702 1238 2729 Caroli
1263 2708 1365 2731 natam.
1384 2705 1447 2734 Haec
1464 2707 1623 2735 Ecaterina'
1642 2717 1750 2736 nuncu-

965 2750 1029 2781 pata
1049 2755 1096 2781 per
1109 2749 1275 2776 avunculum
1290 2750 1376 2778 lilium
1397 2751 1491 2780 Caroli
1505 2758 1682 2780 materteram
1705 2755 1749 2782 ha-

966 2794 1025 2821 buit
1041 2793 1125 2821 ﬁliam
1147 2797 1219 2830 regis
1243 2795 1400 2832 Hnngarite,
1428 2807 1488 2833 qua:
1511 2804 1655 2827 matertera
1686 2801 1750 2828 item

965 2844 1026 2867 erat
1041 2839 1180 2868 Michaelis
1196 2841 1319 2876 ejusdem
1336 2843 1451 2878 Augusti
1475 2843 1598 2872 Junioris
1619 2853 1652 2873 ex
1669 2846 1751 2881 hujus

967 2893 1063 2914 sorore
1079 2888 1175 2922 geniti.
1197 2888 1288 2921 Quare
1311 2889 1358 2916 illa
1372 2889 1531 2925 conjugium
1548 2892 1619 2921 istud
1633 2883 1757 2923 duorum.

1529 2940 1548 2970 6
