1944 3061
189 173 240 206 175

775 170 800 199 G
809 166 940 199 EORGII
960 163 1203 195 ΡΑΕΗΥΜΕΗᾹΞ

1772 154 1821 188 176

189 235 228 268 τῷ
253 231 429 267 συναγομένῳ
461 230 569 265 πλούτῳ
595 230 643 257 καὶ
669 231 701 264 τῇ
724 229 800 264 χλιδῇ
829 227 980 263 ἐντρυφῶν.
997 226 1018 254 Δ
1034 224 1138 250 ἐκείνου
1154 222 1319 258 φροντίζειν,
1335 222 1385 268 κᾶν
1411 221 1498 268 παρῇ,
1515 218 1567 268 κᾶν
1581 217 1660 268 et?
1673 215 1753 268 ρῦτιι)
1767 215 1822 249 γὰρ

197 279 283 313 ’Υπὲρ
299 279 353 313 γὰρ
365 278 500 313 ἑξήκοντα
515 276 628 312 χρυσίου
642 276 764 311 χιλ.άδας
782 276 810 302 αἰ
825 274 976 308 οἰκονομίαι

189 325 278 360 τούτῳ
304 324 510 359 ἀπεκληροῦντο
539 322 615 357 παρὰ
640 322 751 356 πατρὸς,
768 322 814 348 καί
829 330 860 355 γε
879 321 978 351 σκοπὸς

190 369 235 405 ἦν.
251 371 275 396 εἰ
291 370 401 404 πῑριῆν,
415 370 462 395 καὶ
473 370 500 399 ἐς
513 368 609 394 ἑκατὸν
624 366 761 399 ὲπαύξειν.
779 367 834 393 Καὶ
852 365 980 400 μεγάλοις

192 416 320 450 ἀνδράσιν
336 416 448 450 ἄρχουσι
462 415 518 445 τοῖς
531 415 562 440 ὲκ
575 413 621 440 τοῦ
635 413 766 439 παλατίου
779 414 818 443 εἰς
830 410 979 444 θεραπείαν

192 464 295 492 ἐκεῖνος
311 461 445 487 ὑπέταττέ
458 462 493 492 οἱ,
505 461 553 486 καὶ
567 460 610 486 διὰ
622 459 693 486 τοῦτ’
706 460 810 489 ἐκεῖνος
826 458 913 484 πολλὰ
930 456 980 491 μὲν

193 508 331 542 προσόδων
346 507 426 541 ἔχων,
439 506 517 540 ὀλίγα
528 506 550 532 δ’
565 505 712 538 ἐξαντλῶν,
723 505 747 530 εἰ
760 505 796 538 μή
811 512 862 529 που
878 504 917 533 εἰς
932 502 981 532 τὰς

193 554 253 581 κατ’
270 553 429 587 εὐεργεσίαν
455 551 622 585 εριλοτιμίσς,
639 551 652 577 ὃ
664 550 711 577 καὶ
724 550 790 576 αὐτὸ
806 551 845 580 εις
863 547 981 582 ὑποψίαν

194 601 283 626 ἔκειτο
299 599 393 634 μείζω,
412 599 517 629 πολλοῖς
531 597 665 632 ὲνετρύφα
690 597 738 622 καὶ
758 594 982 630 ὑπερηφανεύετο

195 649 234 678 εἰς
247 646 384 680 ὑποταγὴν
401 646 449 681 τὴν
465 646 492 677 ἐς
507 645 621 679 βασιλέα
640 641 982 677 πρέπουσαν.’ἲαῦθ’ὁρῶν

196 693 334 726 βασιλεὺς,
352 691 398 717 και
418 699 448 723 γε
467 690 515 724 τῆς
533 689 563 721 ἐξ
583 687 703 722 ὑπογύου
715 687 822 722 ἐκείνης
839 685 983 720 συμϐάσης

195 739 284 769 αἰτίας
298 737 377 772 χάριν
390 735 657 769 παρακεκνισμένος,
674 732 863 767 διενυκτέρευέ
872 740 900 757 τε
915 732 984 765 μετὰ

195 784 242 810 τοῦ
255 782 505 818 πρωτοϐεστιαρίου
524 782 552 806 ἑν
565 780 634 813 νόσῳ
653 779 817 814 πολυημέρῳ
832 777 961 812 κειμένου
974 788 981 795 ·

195 829 341 863 τὼνεφρὼ
369 829 424 863 γὰρ
454 827 633 857 πολυωδύνοις
661 826 752 856 πόνοις
781 823 920 855 ἐϐάλλετο,
938 823 985 848 καὶ

197 877 273 903 οὐδὲν
300 873 333 909 ἦν
356 874 386 900 τὺ
407 875 446 904 εἰς
475 871 624 908 θεραπείαν
639 871 845 905 προσαγόμενον
869 869 937 903 ὅπερ
953 867 983 894 οὐ

198 919 384 957 προσεξημζου
397 919 441 944 τδν
456 918 604 952 πάσχοντα.
619 917 671 942 Καὶ
687 915 731 942 διὰ
745 914 825 940 τοῦτο
844 913 880 948 μὴ
894 913 942 946 οἴῳ
960 911 983 937 τ’

199 970 256 995 llum
268 967 341 1001 αὐτῷ
355 965 392 1000 τῷ
405 964 550 1000 κρατοῦντι
565 963 615 994 τὰς
630 961 777 997 προσόδους
789 961 887 991 ποιεῖν,
897 959 985 993 τούτῳ

200 1012 318 1048 προσιὼν
338 1010 462 1046 βασιλεὺς
473 1008 609 1044 ὁσημέραι
624 1007 689 1042 περὶ
715 1006 769 1032 τῶν
796 1005 894 1032 κοινῶν
910 1012 986 1030 συνε-

200 1058 337 1092 φρόνιιζε.
357 1056 423 1081 Τότε
436 1054 527 1081 τοίνυν
547 1053 643 1087 ἐκείνῳ
667 1051 756 1077 συνὼν
771 1050 919 1077 διεπονεῖτο
937 1048 986 1082 τὴν

196 1101 331 1136 τάδελφοῦ
349 1101 395 1127 καὶ
424 1099 493 1134 ὑπὲρ
521 1099 554 1124 τὰ
572 1097 735 1132 ἐσκαμμένα
762 1094 922 1130 ὑπέραλσιν,
940 1094 987 1120 καλ¹

200 1147 346 1175 ταπεινοῦν
361 1146 498 1180 συμφέρον
509 1143 674 1178 ἀμφοτέροις
684 1142 780 1168 ἐδόκει.
793 1141 829 1168 Τὸ
842 1141 863 1167 δ’
872 1139 905 1175 ἦν
918 1139 987 1170 τέως

202 1193 454 1228 ἁποπροσποιήσεσι
470 1190 517 1216 καὶ
529 1189 713 1223 ἀποστροφαῖς
725 1187 771 1214 καὶ
787 1186 825 1222 τῷ
842 1186 923 1221 μηδὲν
933 1185 987 1211 τῶν

207 1291 272 1311 vera
288 1281 457 1317 splendidius
470 1280 550 1307 etiam
565 1286 646 1314 quam
662 1284 711 1312 pro
726 1275 847 1304 secundo
863 1282 877 1302 ο
891 1282 989 1309 supre-

209 1337 255 1356 mo
275 1328 382 1363 imperii
407 1328 483 1361 apice
516 1324 659 1360 potestatis
676 1323 774 1356 gradu.
806 1321 987 1350 obnoxiorum

206 1376 436 1407 edilictorumqne
472 1372 523 1399 sibi
559 1371 640 1397 rariis
665 1368 823 1396 nominibus
848 1367 989 1393 hominum

211 1429 327 1450 numero
351 1419 489 1451 affliiebat,
511 1418 609 1451 partim
632 1414 783 1442 domestico
797 1412 849 1440 sibi
866 1412 991 1439 ministe-

206 1470 249 1495 rio
268 1466 471 1496 l'emulaniiuni,
487 1463 583 1498 partim
608 1461 687 1488 statis
702 1458 916 1487 exhibitionibus
931 1456 992 1483 ofﬁ-

206 1514 240 1540 cii
269 1513 427 1540 continuam
460 1508 631 1536 devotionem
667 1505 834 1535 testantium,
872 1509 991 1538 quorum

1032 269 1235 304 ὑπομαλάστειν
1266 268 1299 294 τὰ
1326 267 1378 302 ἢθη
1406 264 1544 300 καὶπρὸς
1563 263 1594 290 τὸ
1627 260 1823 295 δουλικώτερον

1032 316 1189 342 ὐποκλίνειν
1209 314 1302 350 ᾤοντο,
1326 314 1444 343 Ἐκεῖνος
1456 311 1484 338 δὲ
1501 310 1578 337 ταῦθ’
1598 309 1670 345 ὀρῶν
1689 307 1820 343 βασιλέως

1032 361 1209 395 πράττοντος,
1225 360 1335 394 συχναῖς
1358 367 1387 384 τε
1406 357 1546 392 προσόδοις
1570 354 1671 390 μᾶλλον
1688 352 1755 387 πρὸς
1773 351 1820 386 βα-

1032 406 1136 441 σιλέαῆ
1152 406 1284 441 πρότερον
1299 404 1463 440 Θεραπεύειν
1478 401 1683 438 προσεποιεῖτο,
1713 399 1760 425 καὶ
1788 399 1820 432 τῇ

1032 452 1173 478 παιδεύσει
1189 450 1439 477 καθυποκλίνεσθαι
1454 448 1543 474 δοκεῖν
1561 447 1668 481 ἢθελεν.
1680 444 1760 470 Ὅθεν
1773 443 1822 469 καὶ

1033 498 1102 532 πρὸς
1129 497 1174 523 τὸν
1201 496 1450 532 πρωτοϐεστιάριον
1476 493 1594 528 πέμπων
1610 487 1820 527 [Ρ.106]ὴξίου

1033 543 1081 569 καὶ
1107 543 1188 569 αὑτὸν
1202 542 1400 578 προσλιπαρεῖν
1430 539 1543 575 βασιλέα
1568 538 1606 573 μὴ
1624 537 1716 572 χολᾷν,
1729 535 1780 561 κᾶν
1794 541 1820 560 τι

1034 590 1081 616 καὶ
1093 590 1124 615 ὲκ
1141 588 1318 623 συναρπαγῆς
1334 586 1458 622 ἐπράχθη
1476 586 1636 621 νικήσαντος
1657 583 1704 609 τοῦ
1720 579 1819 615 θυμοῦ,

1035 635 1188 669 συμπαθεῖν
1197 643 1227 660 τε
1239 635 1285 660 καὶ
1302 635 1339 669 μὴ
1355 632 1523 668 ὀργίζεσθαι.
1543 632 1587 658 Ἐν
1602 629 1704 661 τούτοις
1717 626 1762 655 οὖν
1772 627 1820 653 τοῦ

1035 680 1131 714 καιροῦ
1144 680 1317 715 τριϐομένου,
1333 680 1379 705 καὶ
1389 679 1435 705 τοῦ
1447 677 1693 713 πατριαρχεύοντος
1704 673 1820 709 μοναχδς

1035 726 1125 756 Σάϐας
1142 726 1200 751 ἐκεῖ
1219 726 1319 760 παρῆν,
1337 725 1382 751 καὶ
1406 726 1441 750 τὰ
1465 723 1568 758 συνήθη
1591 723 1640 757 τῆς
1654 719 1821 749 ἀτασθαλίας

1036 771 1105 805 ἔργα
1119 771 1351 806 διαπραττόμενος
1363 770 1412 796 οὐκ
1427 769 1509 800 ἀνίει,
1528 769 1660 804 βασιλέως
1676 767 1723 793 ἐπὶ
1738 767 1821 792 πᾶσιν

1036 817 1168 850 ἐφιέντος,
1188 817 1225 851 μὴ
1242 816 1380 851 κρίνοντος
1393 817 1458 846 ἴσως
1474 815 1578 849 πρέπον
1595 813 1655 848 μηδ’
1674 812 1761 844 ἄλλως
1777 810 1822 837 εὖ·-

1038 871 1141 897 σχημον
1155 862 1279 897 ἐμποδὼν
1293 862 1417 888 ἵστασθαι
1432 863 1487 893 τοῖς
1500 862 1575 895 παρά
1588 860 1642 886 τῶν
1662 858 1708 885 τοῦ
1723 865 1821 893 πατρι-

1036 908 1121 943 άρχου
1135 908 1334 944 πραττομένοις
1363 908 1453 941 λόγοις
1481 907 1635 938 εὐλαϐείας,
1651 907 1697 932 καὶ
1710 905 1757 931 τοῦ
1783 904 1822 939 μὴ

1035 953 1124 980 δοκεῖν
1137 953 1294 988 ἐμποδίζειν
1306 954 1362 984 τοῖς
1374 954 1412 984 εἰς
1426 953 1566 987 διόρθωσιν
1582 952 1636 977 τῶν
1663 950 1768 977 πολλῶν
1779 957 1823 976 vo-

1039 997 1206 1034 μιζομένοις.
1234 999 1281 1025 Ἀε
1292 999 1347 1033 γὰρ
1364 1000 1378 1024 6
1394 998 1482 1029 Σάϐας
1507 998 1636 1032 ἔπραττε,
1656 996 1760 1032 θέλημα
1774 994 1822 1022 τοῦ

1037 1043 1208 1078 πατριάρχου
1227 1043 1295 1074 ὅλως
1323 1045 1426 1078 ἡγεῖτο,
1457 1043 1494 1075 ὡς
1517 1043 1598 1074 αὐτὸς
1615 1043 1727 1078 ὕστερον
1739 1041 1823 1076 ἕφηνι

1038 1089 1106 1124 πρός
1121 1097 1181 1115 τινα
1205 1089 1258 1114 τῶν
1282 1088 1434 1124 ἀρχιερέων
1457 1088 1693 1122 ἁπολογούμενος⁸
1719 1086 1824 1113 ἐκείνου

1038 1135 1091 1168 γὰρ
1105 1133 1144 1168 τῷ
1157 1133 1262 1168 βασιλεῖ
1271 1134 1394 1167 λέγοντος
1404 1134 1441 1165 ὡς
1453 1134 1525 1165 εἰκὸς
1540 1131 1574 1169 ἦν
1585 1135 1617 1161 ἂν
1628 1132 1824 1168 ἐμποδίζεσθαι

1038 1179 1103 1215 παρ’
1116 1178 1198 1206 αὑτοῦ
1220 1178 1352 1214 βασιλέως
1374 1180 1449 1211 ὄντος
1473 1180 1518 1206 τὸν
1540 1180 1724 1214 πατριάρχην,
1744 1179 1824 1215 εἴπερ

1040 1269 1169 1302 habebat.
1192 1270 1272 1297 istam
1287 1270 1443 1297 cﬂ‘erentem
1461 1277 1522 1297 sese
1540 1269 1742 1297 immodestiam
1763 1277 1825 1303 ger-

1040 1317 1113 1343 mani
1140 1320 1166 1342 et
1186 1323 1268 1350 supra
1293 1315 1427 1342 cancellos
1448 1315 1618 1342 exsilieiilem
1646 1314 1760 1341 fastum.
1780 1313 1818 1340 De

1041 1361 1093 1387 hoc
1116 1359 1300 1387 deliberantes
1326 1359 1405 1386 facile
1420 1359 1446 1386 in
1464 1367 1544 1386 unam
1558 1360 1721 1386 sententiam
1739 1358 1820 1385 ambo

1041 1410 1236 1436 convenerant,
1251 1405 1420 1439 deprimendi
1440 1405 1558 1432 hominis
1571 1409 1597 1432 et
1614 1405 1672 1440 ejus
1689 1410 1824 1431 tumorem

1043 1452 1227 1479 conlundeudi
1244 1452 1370 1486 repulsis,
1394 1451 1589 1486 rejectionibus
1604 1460 1619 1479 a
1633 1459 1781 1486 congressu
1799 1456 1826 1478 et

1043 1498 1185 1525 aversione
1204 1497 1298 1524 vultus
1323 1498 1350 1524 in
1376 1498 1556 1530 occursibus,
1576 1497 1699 1533 neglectu
1724 1505 1778 1532 prae
1796 1506 1826 1525 se

207 1560 268 1587 illos
282 1558 399 1588 salariis,
428 1556 477 1583 hos
496 1552 672 1589 pensionibus
685 1559 716 1578 ac
732 1550 926 1585 largitionibus
938 1548 989 1576 sibi
1006 1557 1026 1586 ο
1044 1541 1156 1569 ferendo
1172 1541 1234 1589 eius
1250 1546 1276 1570 et
1291 1542 1325 1569 ad
1345 1550 1408 1570 eum
1431 1544 1617 1589 attinentiuin.
1642 1552 1691 1570 nee
1708 1551 1826 1578 pi‘a'sen-

206 1604 346 1639 alligabat,
375 1602 407 1628 ad
435 1601 483 1628 has
507 1604 534 1626 et
562 1598 652 1625 caiteri
679 1597 839 1632 principalis
858 1596 948 1623 cultus
965 1601 992 1623 et

207 1647 475 1677 luxusnecessarial
492 1651 626 1679 expensas
640 1642 741 1670 affatim
767 1642 897 1669 hauriens
911 1649 993 1676 pecu-

208 1697 259 1722 nia:
273 1703 304 1721 ex
321 1692 469 1720 uberrimis
483 1690 521 1716 illi
536 1688 675 1715 attributis
691 1695 705 1713 a
719 1692 796 1721 patre
809 1686 909 1713 annuis
925 1693 991 1713 cen-

208 1742 296 1771 sibus,
316 1745 453 1766 summam
478 1742 627 1762 aui-eorum
653 1733 798 1767 sexaginta
814 1732 927 1758 millium
947 1739 990 1758 ex-

208 1786 363 1822 plentibiis;
389 1790 459 1818 quos
480 1781 562 1808 etiam
588 1779 660 1806 idem
680 1778 742 1812 ejus
768 1785 866 1812 parens
878 1776 994 1804 Michael

209 1839 308 1866 augere
327 1836 412 1863 usque
429 1828 462 1854 ad
492 1832 601 1854 centum
625 1831 718 1852 annua
743 1823 827 1850 millia
848 1827 993 1854 statuerat,

211 1878 264 1905 nisi
303 1880 466 1911 praauiatura
507 1881 579 1900 mors
618 1873 752 1899 destinata
782 1870 991 1897 intervertisset.

210 1923 281 1957 Qiiia
294 1929 357 1949 vero
369 1921 446 1955 jussit
460 1919 582 1953 ejusdem
596 1918 712 1953 Augusti
727 1917 769 1945 sui
786 1916 871 1951 patris
889 1917 994 1950 gratui-

211 1971 246 1997 tis
266 1970 288 1996 is
316 1967 455 2002 obsequiis
473 1965 558 1992 etiam
577 1971 737 1998 magnorum
761 1963 830 1990 aulae
855 1962 995 1988 ministro-

209 2024 271 2043 iiini
290 2015 428 2046 utebatur,
449 2019 565 2047 quorum
579 2011 606 2038 in
622 2010 762 2037 mercedes
777 2009 886 2036 abunde
902 2013 994 2034 aucto-

211 2066 334 2088 ratorum
349 2058 477 2094 palatinis
493 2056 639 2091 stipendiis
656 2060 794 2090 sumptum
810 2062 864 2080 nun
882 2053 993 2086 faceret,

211 2105 367 2134 necessario
394 2103 536 2131 eveniebat
564 2106 593 2128 ut
629 2101 675 2136 qui
703 2100 818 2128 multum
847 2100 994 2132 acciperet,

211 2159 308 2187 parum
335 2149 513 2182 expenderet,
537 2154 650 2174 acervos
667 2154 749 2179 opum
778 2145 849 2173 domi
869 2149 996 2173 cuntitrtt-

212 2204 272 2224 eius
290 2197 460 2225 intueretur;
484 2201 499 2219 ο
523 2192 624 2227 quibus
649 2192 671 2219 si
698 2191 826 2218 donativa
852 2190 997 2218 clientibus

214 2241 371 2276 largiretur,
387 2239 460 2274 quod
479 2237 614 2263 interdum
632 2235 760 2266 faciebat,
786 2235 996 2261 insimulabatur

214 2285 381 2316 ambitionis,
415 2288 442 2310 et
461 2282 533 2317 quod
550 2281 665 2315 superbe
688 2280 824 2307 videretur
847 2278 998 2305 veneratio-

215 2340 275 2359 nem
302 2330 347 2357 uni
372 2337 479 2356 summo
502 2328 621 2355 debitam
642 2326 757 2361 principi
776 2333 790 2352 a
807 2326 857 2353 sibi
873 2326 999 2352 obnoxiis

214 2380 332 2412 exigere,
351 2375 523 2410 suspirioues
550 2373 693 2408 imperanti
715 2373 851 2403 movebat,
871 2377 999 2405 tanquam

216 2421 287 2449 haud
302 2426 448 2448 contentus
467 2426 516 2446 sua
543 2423 617 2445 sorte
640 2418 791 2451 majOribus
807 2418 935 2444 initiaret.
953 2417 1000 2444 llis

216 2469 248 2494 de
263 2468 345 2495 fratre
361 2466 445 2497 curis.
458 2473 527 2500 quas
541 2472 637 2491 recens
653 2464 712 2498 ejus
725 2463 844 2495 facinus,
858 2464 1000 2490 audaciam

218 2516 343 2542 indicans
373 2513 485 2540 subesse
513 2511 717 2544 dedignantem,
754 2511 932 2542 intendebat,
959 2510 1001 2536 iii-

218 2559 307 2593 qziiete
323 2557 403 2592 158
419 2556 537 2586 agitatus
553 2555 702 2588 imperator
721 2561 769 2588 per
789 2558 881 2579 noctes
899 2553 1002 2579 asside-

219 2606 263 2632 bat
288 2602 500 2637 protovcsliario
523 2601 602 2635 longo
620 2605 676 2626 tum
704 2599 774 2625 forte
798 2606 892 2626 renum
909 2599 1003 2625 dolore

219 2647 413 2679 ileciiinbeuii;
438 2654 492 2681 quo
513 2646 607 2672 inorbo
622 2652 688 2671 sane
710 2644 814 2670 difficili
828 2649 855 2670 ct
876 2644 1003 2670 remediis

221 2698 279 2725 viso
303 2695 370 2729 ipsis
404 2699 554 2728 aegrescere
577 2699 638 2717 cum
665 2691 709 2717 ille
736 2690 926 2725 prohiberetur
949 2690 1004 2716 Au—

222 2747 329 2778 gustum
347 2739 422 2766 adire
440 2737 562 2765 consiliis
580 2737 640 2770 cjus
665 2737 826 2763 tribuentem
844 2736 1002 2770 plurimum,

221 2791 277 2824 ipse
295 2788 367 2815 tiltro
391 2785 423 2811 ad
449 2792 511 2811 eum
537 2782 662 2817 quotidie
678 2782 825 2809 ventitabat
847 2783 1003 2815 imperator,

221 2843 283 2860 nitu
313 2832 365 2858 alia
400 2830 533 2861 referens,
568 2835 686 2862 quorum
715 2827 851 2861 expeditio
882 2828 1002 2860 urgebat,

221 2880 327 2914 negotia
351 2877 467 2913 pulilirri,
484 2880 539 2902 tum
557 2882 614 2909 quae
631 2873 747 2901 maxime
759 2873 835 2900 illum
855 2873 1002 2899 sollicitum

1045 1593 1098 1613 tem
1123 1588 1245 1614 curando
1271 1596 1322 1615 nec
1351 1587 1515 1622 requirendo
1544 1589 1695 1619 absentem.
1711 1597 1744 1616 ac
1769 1590 1826 1624 pari

1042 1633 1278 1668 contemptu,sive
1295 1633 1401 1660 adesset
1415 1633 1473 1660 sive
1488 1633 1610 1666 abesset,
1627 1640 1753 1662 cunctam
1767 1635 1828 1669 ejus

1046 1679 1211 1705 mentionem
1241 1680 1463 1707 transmittendo.
1498 1679 1548 1707 llis
1576 1688 1631 1708 uno
1659 1686 1752 1708 tenore
1782 1682 1830 1709 ali—

1044 1725 1166 1760 quandiu
1190 1725 1357 1752 continuatis
1386 1726 1568 1760 opinabantur
1595 1734 1676 1761 pOsse
1706 1728 1827 1762 mitigari

1044 1770 1173 1798 ferociam
1189 1771 1296 1805 juvenis
1310 1775 1335 1798 et
1354 1771 1387 1798 :id
1409 1772 1569 1805 patientiam
1587 1773 1829 1808 subjectionis_in-

1045 1816 1125 1843 ﬂecti.
1156 1816 1201 1843 Sic
1225 1822 1350 1851 agentem
1372 1825 1465 1844 secum
1494 1818 1685 1852 imperatorem
1709 1820 1828 1854 quodam

1043 1866 1166 1896 tempore
1196 1861 1448 1897 Porpliyi'ogcuilus
1470 1869 1610 1896 expertus.
1638 1865 1744 1891 studuit
1769 1866 1830 1899 ejus

1046 1908 1112 1934 iram
1141 1909 1248 1942 placare
1277 1910 1384 1937 crebris
1415 1916 1442 1937 et
1469 1910 1662 1937 humilioribus
1688 1910 1767 1937 solito
1796 1911 1829 1938 ad

1044 1962 1106 1981 cuni
1128 1956 1297 1986 acceSsibus,
1313 1956 1475 1991 egregiaque
1499 1957 1673 1983 simulatione
1693 1957 1828 1992 obsequii,

1046 2007 1105 2033 qua:
1129 2001 1262 2035 patuitere
1287 2002 1376 2036 ipsum
1406 2003 1557 2029 declararet
1580 2003 1666 2037 culp-re
1688 2004 1724 2030 ob
1748 2012 1831 2038 quam

1046 2048 1132 2081 gratia
1149 2048 1299 2080 exciderat,
1318 2053 1344 2075 et
1362 2048 1532 2082 profundiori
1549 2049 1717 2076 deinissione
1736 2058 1832 2077 emen-

1046 2092 1110 2119 dare
1127 2094 1197 2121 velle
1219 2094 1244 2121 id
1259 2095 1330 2129 quod
1355 2095 1408 2121 isto
1424 2102 1486 2130 erga
1507 2103 1537 2122 se
1557 2094 1659 2129 frigore
1684 2096 1832 2131 castigaret

1047 2138 1206 2174 imperator.
1224 2141 1261 2167 Ac
1278 2148 1331 2175 quo
1351 2140 1384 2167 ad
1405 2148 1516 2175 scopum
1533 2141 1659 2169 eumdem
1685 2143 1833 2177 impetran-

1048 2185 1089 2211 (ιω
1101 2193 1114 2210 a
1128 2184 1212 2212 fratre
1224 2187 1347 2220 Augusto
1360 2186 1446 2213 venia:
1459 2187 1562 2214 certius
1584 2188 1749 2222 perveniret,
1760 2189 1834 2216 misit

1052 2231 1085 2257 ad
1115 2232 1357 2264 protovestiarium
1383 2232 1430 2267 qui
1460 2240 1522 2259 eum
1551 2240 1565 2260 a
1592 2241 1621 2260 se
1644 2240 1773 2269 rogarent
1800 2242 1834 2262 ne

1051 2282 1209 2310 gravaretur
1222 2277 1413 2311 imperatorem
1431 2286 1510 2305 orare
1527 2283 1554 2306 ut
1579 2279 1619 2306 ira
1641 2281 1755 2307 remissa
1781 2281 1834 2308 sibi

1052 2321 1212 2355 ignosceret,
1237 2322 1259 2348 si
1284 2323 1348 2356 quid
1370 2324 1460 2350 subito
1484 2324 1613 2358 abreptus
1638 2324 1835 2360 indignationis

1052 2367 1153 2401 impetu
1182 2367 1290 2395 fecisset
1314 2368 1479 2402 inconsulte,
1514 2370 1660 2398 miseratus
1685 2371 1835 2398 humanum

1052 2414 1242 2447 imprudentia:
1262 2415 1378 2448 lapsum,
1400 2423 1449 2443 nec
1471 2416 1678 2444 iiiexorabiliter
1700 2417 1727 2444 in
1750 2418 1837 2451 paeni-

1055 2461 1154 2484 tentcm
1179 2458 1263 2485 errati
1280 2459 1377 2486 saevire
1400 2467 1528 2495 pergens.
1552 2461 1622 2488 Dum
1648 2462 1689 2489 bis
1710 2463 1838 2497 utrinque

1053 2504 1200 2531 actitandis
1217 2509 1325 2539 tempus
1339 2506 1446 2539 teritur,
1458 2507 1620 2534 versabatur
1634 2507 1773 2542 Nynipbaei
1790 2516 1837 2542 pa-

1055 2549 1181 2576 triarcha:
1197 2552 1347 2578 monachus
1371 2552 1469 2585 Sabas,
1484 2557 1510 2580 et
1534 2554 1673 2581 consuetis
1685 2554 1838 2589 obsequens

1054 2594 1222 2630 inteinperiis
1237 2596 1308 2624 haud
1321 2599 1447 2624 cessabat
1466 2599 1548 2625 inulta
1566 2600 1659 2626 multis
1675 2608 1766 2634 gravut
1786 2602 1838 2627 im-

1053 2645 1170 2675 portune
1181 2649 1212 2669 ac
1228 2650 1368 2676 perperam
1387 2651 1478 2677 agere,
1496 2644 1660 2671 connivente
1677 2646 1710 2672 ad
1732 2646 1839 2680 quidvis

1054 2688 1187 2721 Augusto,
1207 2688 1279 2721 quod
1301 2687 1373 2714 forte
1388 2688 1469 2723 159
1486 2697 1535 2716 nec
1564 2697 1671 2723 aequum
1689 2698 1739 2718 nec
1758 2691 1841 2718 hone-

1055 2736 1125 2758 stum
1136 2731 1271 2764 judicarct
1286 2732 1395 2760 obstare
1412 2742 1441 2761 se
1458 2735 1492 2760 iis
1505 2742 1565 2768 qua
1578 2743 1592 2762 a
1614 2737 1776 2770 patriarcha:
1790 2745 1841 2764 im-

1055 2770 1148 2806 nisiris
1178 2780 1283 2812 tierent,
1305 2785 1331 2806 et
1352 2781 1478 2816 religioni
1505 2781 1618 2810 duceret
1647 2783 1781 2818 impedire
1806 2792 1841 2812 ne

1055 2832 1210 2851 successum
1230 2826 1361 2854 baberent
1378 2834 1422 2853 res
1441 2827 1474 2854 ad
1499 2829 1700 2856 restitutionem
1720 2829 1842 2863 discipli-

1057 2880 1096 2897 μω
1111 2877 1133 2897 ci
1159 2873 1355 2900 correctionem
1374 2873 1522 2900 multorum
1544 2874 1682 2901 abusuum
1704 2877 1840 2910 pertineie
