1944 3061
116 130 166 162 177

113 191 257 224 ὲὸυύλετο,
271 193 356 226 αὐτὸς
366 194 529 230 ἀπελογεῖτο
540 196 578 229 ὡς
588 197 637 224 οὐκ
651 197 726 230 ἄξιον
739 198 914 234 πατριάρχην

113 237 154 268 ὼς
172 237 374 276 Τζυκανδύλην
390 240 523 276 Νικήταν,
543 244 590 270 καὶ
602 243 670 270 αὐτὸ
683 244 716 279 δὴ
737 244 816 271 τοῦτο
828 244 915 279 ὄνομα

115 284 354 321 ὕπωοοριζόμενος
369 287 400 324 (6
415 288 438 315 δ’
454 287 489 324 ἦν
501 289 516 316 6
534 290 581 316 τοῦ
595 290 729 317 παλατίου
742 290 913 326 ἐλάχιστος),

113 331 193 364 παρὰ
210 331 349 366 βασιλέως
364 335 595 369 προστάσσεσθαι.
609 337 654 369 Ὠς
665 336 730 371 γοῦν
740 336 814 364 οὕτω
827 336 914 363 ταῦτα

114 374 166 400 καὶ
180 375 195 400 ὁ
212 377 333 412 μοναχὸς
348 378 438 411 Σάϐας
455 380 573 416 συνήθης
587 380 626 407 ὢν
652 382 751 416 ἐκείνῳ
772 382 867 413 πιστὸς
886 382 915 409 ἐν

115 419 227 451 nonat;
237 423 434 457 κατεφαίνετο,
443 417 574 459 ἀκούσας,
582 426 619 458 ὡς
631 426 717 462 ἔλεγε,
731 428 797 463 παρ’
807 427 914 454 ἐκείνου

118 464 227 499 βασιλεῖ
236 469 456 504 προσήγγελλεν,
466 470 504 502 ὡς
512 471 594 506 δῆθεν
607 473 676 508 πρὺς
691 472 773 500 αὺτδν
788 473 914 507 λέγοντος

117 511 148 537 ιν
162 512 337 548 ἀπορῤήτοις
365 514 412 541 τοῦ
437 517 694 552 πορφυρογεννήτου
714 517 752 549 ὡς
778 517 837 552 ἅμα
865 518 915 552 μὲν

118 557 435 596 βασιλεὺςὲπιδημήσει
449 563 482 596 τῇ
506 563 724 595 Κωνσταντίνου,
744 563 803 599 ἅμα
823 564 851 590 δὲ
871 564 915 591 τὸν

118 605 299 641 πατριάρχην
312 607 437 635 ἐκϐαλὼν
450 608 496 635 τὸν
514 610 630 644 μοναχὸν
647 610 760 644 Κοσμᾶν
785 611 915 637 ἀντεισά-

119 648 185 680 Esne.
200 651 272 676 Τότε
289 651 356 685 γοῦν
372 653 419 679 καὶ
437 653 538 688 μᾶλλον
552 655 565 680 ὁ
580 654 708 689 βασιλεὺς
730 655 914 691 ὲξηγρίαινεν,

117 697 143 722 si
158 697 189 729 γέ
207 698 233 723 οἱ
263 698 429 734 ὲκπολεμῴη
444 701 548 732 ἐκεῖνος
568 702 616 728 καὶ
634 702 716 728 αὐτὸν
740 702 915 738 πατριάρχην

117 741 300 776 ψευδόμενος,
330 745 391 776 τοὺς
412 747 529 778 οἰκείους
562 747 659 784 ἐκείνῳ
687 748 913 783 ὑποποιούμενος,

118 788 167 814 καὶ
185 788 309 824 ὑποψίας
321 791 372 817 οὐκ
386 791 493 825 ἀγαθὰς
516 794 669 827 συνέλεγεν.
696 795 803 829 Ὀλίγον
818 796 848 821 τὸ
865 804 915 829 με-

119 835 200 867 ταξὺ,
230 835 279 862 καί
308 845 381 869 τινες
407 838 463 865 τῶν
483 839 590 866 ἐκείνου
622 840 728 874 βασιλεῖ
756 841 916 876 προσιόντες

121 880 221 914 μεγάλ’
236 881 307 908 ἄττα
320 883 367 909 καὶ
379 884 420 915 είς
433 884 561 912 ἀπιστίαν
574 885 624 921 τὴν
635 886 706 912 κατὰ
721 886 854 922 βασιλέως
870 888 918 922 φέ-

121 934 205 960 ροντα
220 927 315 962 λέγειν
329 937 359 955 τε
374 930 422 956 καὶ
439 931 548 966 φρονεῖν
565 933 668 959 ἐκεῖνον
686 932 794 966 σύναμα
810 941 918 967 πρωτο-

121 972 502 1012 πράτοριΣτρατηγοπούλῳ
526 977 762 1013 διανυκτερεύοντί
784 979 809 1005 οἰ
834 987 918 1014 προσ-

122 1019 270 1053 ήγγελλον,
300 1021 348 1048 καί
365 1022 390 1056 γ’
405 1022 528 1058 ἐλέγχειν
550 1025 620 1059 σφᾶς
648 1025 775 1060 ἑτοίμους
804 1026 919 1057 ἑαυτοὺς

123 1067 260 1100 παρεῖχον
279 1066 480 1102 ἀναδεχομένου
494 1067 542 1095 τοῦ
559 1068 702 1103 βασιλέως.
721 1069 802 1096 Ταῦτ’
820 1069 919 1096 ἐκεῖνοι

123 1111 175 1145 μὲν
206 1111 313 1146 ἔλεγον,
346 1113 455 1140 ἐδόκουν
471 1114 499 1141 δὲ
521 1115 630 1147 πάντως
656 1115 688 1142 ὲκ
703 1114 757 1142 τῶν
769 1115 920 1150 γινομένων

123 1157 173 1183 καὶ
193 1158 227 1184 τὰ
244 1158 297 1191 τῆς
313 1159 482 1194 κατηγορίας
499 1159 603 1187 πιθανὰ
626 1161 683 1192 τοῖς
709 1160 849 1188 ἀκούουσι.
870 1160 920 1187 Διὰ

123 1202 214 1229 ταῦτα
241 1203 274 1238 δὴ
294 1203 395 1239 πολλὴν
423 1205 471 1231 καὶ
493 1206 626 1241 μεγίστην
641 1206 769 1242 πρόνοιαν
781 1207 795 1232 ὁ
810 1205 919 1241 κρατῶν

124 1291 230 1327 passim
262 1293 383 1321 creditae.
410 1293 495 1321 Plane
507 1294 609 1329 quippe
627 1301 777 1330 persuasus
795 1299 854 1322 erat
869 1294 922 1322 im-

123 1343 250 1372 perator,
284 1346 456 1373 quaecunque
493 1340 580 1368 Sabas
616 1346 726 1376 ageret,
757 1341 921 1377 patriarcha;

125 1382 270 1411 voluntate
284 1383 355 1415 ﬁeri.
370 1389 451 1419 prout
464 1385 615 1413 declaravit
628 1386 685 1420 ipse
701 1392 796 1422 postea
810 1387 919 1415 cuidam

125 1428 273 1462 episcopo,
297 1436 433 1457 excusans
449 1430 520 1465 quod
541 1431 629 1458 facere
643 1431 744 1459 Sabam
763 1440 824 1467 qua
840 1432 922 1460 vellet

127 1474 242 1501 sineret.
262 1475 302 1501 Ac
317 1481 379 1501 cum
408 1475 578 1510 reposuisset
601 1477 756 1512 episcopus,
780 1483 922 1513 utcunque

128 1518 180 1545 ista
211 1519 294 1553 jussu
319 1520 483 1554 patriarcha:
507 1527 679 1556 gererentur,
707 1529 798 1551 tamen
824 1524 922 1551 debere

128 1564 219 1599 ipsum
236 1571 331 1599 utpote
347 1566 539 1601 imperatorem
556 1576 610 1595 non
629 1569 788 1603 permittere
804 1571 922 1605 patriar-

127 1611 210 1638 cbam
240 1612 428 1646 imprudenter
455 1621 545 1645 ruere,
562 1615 644 1641 etiam
669 1616 692 1642 si
707 1616 800 1647 vellet.
831 1616 865 1643 ad
890 1624 922 1644 ea

128 1658 275 1692 Augustus
291 1665 376 1684 unum
391 1658 458 1686 illud
473 1659 500 1686 in
513 1659 555 1686 sui
575 1659 763 1688 defensionem
783 1660 921 1695 allegavit,

129 1703 208 1737 atqui
233 1704 402 1730 conveniens
421 1711 473 1730 non
496 1709 538 1732 est
556 1706 739 1739 patriarcham
763 1706 864 1740 pariter
891 1714 924 1734 ac

129 1749 332 1784 ’l‘zycandelam
361 1749 483 1777 Nicetam
512 1751 577 1784 (hoc
604 1751 692 1786 ipsum
716 1753 790 1779 enim
823 1760 922 1780 nomen

129 1794 313 1827 contemptim
333 1795 444 1828 protulit
468 1794 588 1823 hominis
610 1800 681 1823 notae
705 1786 818 1824 vilitatis
842 1802 923 1831 atquc

130 1842 201 1868 adeo
238 1841 422 1875 palatinorum
464 1841 588 1869 omnium
631 1843 728 1876 inﬁmi)
763 1843 922 1877 imperatori

129 1887 242 1921 subjici.
266 1888 334 1914 Cum
352 1895 383 1915 ea
409 1888 490 1923 igitur
513 1888 554 1916 sic
576 1896 606 1916 se
626 1889 766 1922 baberent,
784 1894 811 1917 et
829 1898 923 1917 mona-

130 1934 201 1965 chus
225 1932 314 1960 Sabas
333 1933 430 1960 crebro
443 1933 638 1968 imperatorem
662 1934 804 1970 alloquens
830 1936 924 1963 multis

130 1981 155 2007 ei
170 1987 205 2007 ex
223 1987 288 2006 vero
309 1980 445 2007 nuntiatis
463 1979 622 2015 opinionem
635 1981 688 2008 sibi
701 1981 774 2016 apud
787 1989 850 2008 eum
865 1982 923 2009 sin-

131 2034 203 2054 cerae
217 2025 279 2053 fidei
293 2031 428 2060 parasset.
441 2026 538 2053 detulit
553 2027 576 2053 is
587 2027 619 2054 ad
632 2027 783 2062 Augustum
796 2029 923 2056 eumdem

131 2073 245 2099 audisse
261 2080 292 2099 se
315 2079 330 2098 e
345 2072 593 2108 Pcrphyrogenito,
615 2074 640 2100 id
661 2074 713 2101 sibi
741 2078 771 2101 ut
800 2082 857 2101 rem
881 2082 925 2102 ar-

131 2126 230 2145 canam
259 2117 410 2150 indicante,
438 2118 641 2153 imperatorem,
659 2120 742 2147 simul
765 2119 924 2148 Constanti-

132 2163 255 2199 nopolim
282 2164 463 2198 pervenisset,
491 2164 646 2198 ejecturum
675 2166 775 2192 throno
802 2167 923 2200 patriar-

132 2209 212 2236 cham
231 2213 258 2236 et
283 2208 411 2236 Cosmam
437 2209 602 2236 monachum
624 2209 649 2236 in
668 2210 728 2244 ejus
744 2209 835 2237 locum
860 2218 923 2245 pro-

132 2259 284 2281 moturum.
309 2253 366 2280 Hoc
389 2261 452 2281 vero
487 2255 580 2281 audito
619 2254 706 2288 magis
742 2255 924 2283 exacerbatus

133 2300 285 2334 imperator
300 2303 352 2329 est,
367 2298 511 2332 indignans
528 2299 628 2326 armari
653 2300 798 2327 adversum
816 2308 845 2328 se
860 2301 922 2327 irri-

135 2346 245 2380 tarique
271 2353 286 2372 a
305 2344 389 2372 fratre
406 2345 588 2379 patriarcham
610 2345 686 2373 falsis
712 2345 821 2373 iudiciis
840 2346 925 2373 conﬁ-

134 2397 244 2419 ctarum
281 2398 384 2422 rerum,
413 2398 445 2417 ac
475 2390 694 2418 insusurratione
723 2391 923 2419 calumniarum

133 2439 253 2467 istarum
280 2436 414 2464 demereri
443 2444 506 2463 eum
540 2436 591 2463 sibi
621 2436 772 2465 familiares
801 2437 923 2472 ejusdem

136 2483 267 2515 studere;
291 2484 318 2509 in
334 2490 389 2517 quo
407 2482 482 2509 illum
497 2487 621 2516 spectare
638 2483 805 2510 invasioncm
819 2483 925 2519 imperii

137 2537 190 2557 non
207 2529 300 2556 inanis
316 2528 454 2555 videretur
467 2535 527 2555 esse
542 2528 674 2563 suspicio.
687 2528 745 2556 Non
761 2530 878 2556 multum
892 2530 926 2556 ab

137 2576 187 2603 hoc
205 2580 317 2610 tempus
338 2575 494 2606 effluxerat,
522 2583 583 2602 cum
610 2576 693 2610 aliqui
710 2584 725 2603 e
745 2575 926 2604 familiaribus

136 2620 369 2656 Porphyrogeniti
398 2620 520 2653 ejusdem
552 2620 704 2654 Augustum
739 2620 869 2648 adeuntes
901 2621 925 2648 ei

138 2672 219 2695 noctu
240 2665 402 2694 nuntiarunt
430 2673 527 2698 magna
557 2665 633 2692 illum
651 2665 774 2700 quaedam
791 2671 818 2693 et
833 2666 866 2693 ad
885 2675 928 2694 re-

138 2713 296 2744 bellionem,
313 2716 342 2738 ut
365 2711 523 2746 apparebat,
546 2711 626 2746 160
642 2712 793 2746 spretantia
809 2713 883 2747 loqui
901 2717 928 2740 et

139 2759 295 2787 machinari
324 2766 388 2785 cum
412 2762 609 2792 protostratore
627 2758 836 2793 Strategopulo;
857 2767 889 2785 ac
905 2759 927 2786 si

140 2811 276 2834 annueret
300 2806 460 2837 imperator,
488 2810 597 2839 paratos
614 2813 673 2832 sese
688 2805 720 2832 ad
737 2813 784 2832 eos
812 2806 928 2832 convin-

140 2852 247 2881 ccndos
271 2851 448 2880 exhibebant.
483 2849 546 2878 ilzcc
577 2851 614 2878 illi
647 2851 756 2886 quidem
782 2842 927 2878 dixerunt:

573 137 622 167 DE
645 137 871 169 ANDRONICO
898 137 1130 170 PAL/EOLOGO
1151 140 1227 170 LIB.
1248 140 1289 169 Il.

1705 139 1766 170 178*

928 200 953 230 Α
967 199 1130 234 ποιούμενος
1147 198 1195 225 τοῦ
1205 208 1235 225 τε
1252 198 1345 225 λαθεῖν
1357 197 1462 225 ἐκεῖνον
1480 197 1522 232 ἐφ’
1539 193 1561 231 ᾧ
1576 196 1759 232 προσκαλοῖτο

968 244 1016 271 τοῦ
1032 244 1056 271 θ’
1071 244 1186 277 ἁλῶναι,
1199 244 1246 271 καὶ
1261 244 1297 280 μή
1311 253 1337 270 τι
1350 245 1397 271 καὶ
1409 243 1600 278 νεωτερισθείη
1611 241 1676 277 παρ’
1688 242 1759 268 ὲκεί-

965 298 1022 322 νου,
1036 289 1074 322 ὡς
1085 289 1163 326 ᾤετο,
1175 290 1286 324 πέμψας
1301 289 1363 323 ἄγει
1379 290 1443 324 παρ’
1453 288 1543 323 ἑαυτῷ
1552 288 1600 319 τὰς
1616 287 1756 320 δυνάμεις,

966 335 1014 362 καὶ
1026 337 1083 367 τοῖς
1097 336 1209 368 οἰκείοις
1221 337 1304 362 πᾶσιν
1313 335 1359 361 ὑπ’
1373 336 1461 368 αὐγὰς
1471 335 1508 362 ἕω
1520 333 1672 368 ἐπήγγελλε
1686 331 1759 358 κατὰ

966 380 996 407 τὸ
1011 380 1142 407 παλάτιον
1162 380 1400 416 συναθροίζεσθαι.
1414 380 1468 407 Καὶ
1483 379 1544 405 τότε
1558 387 1591 404 πε
1598 379 1624 412 pl.
1640 377 1692 412 nisi
1702 375 1752 402 lou-

967 434 1016 453 σαν
1030 426 1132 461 ἀγορὰν
1150 426 1262 461 πέμψας
1276 427 1470 461 προσκαλεῖται
1492 425 1537 452 τὸν
1559 425 1619 455 ταῖς
1637 431 1759 456 κατηγο-

968 472 1039 506 ρίαις
1063 472 1234 507 ἐνεχόμενον,
1265 472 1350 507 μηδὲν
1369 471 1491 507 ἀκριΰῶς
1516 470 1614 498 εἰδότα..
1632 469 1674 504 [1).
1694 467 1757 503 107]

970 519 1003 544 '0
1020 519 1068 545 κιιδ⁸
1095 519 1139 545 διὰ
1154 519 1262 554 ταχέων
1290 519 1513 552 παραγενόμενον
1529 519 1542 544 ὁ
1563 517 1611 551 μὲν
1629 515 1760 551 βασιλεὺς

967 564 1058 596 εὐθὺς,
1071 565 1108 599 μὴ
1120 562 1174 595 οἷός
1184 563 1255 590 τ’ὼν
1265 563 1391 598 κατέχειν
1401 563 1447 594 τὰ;
1464 562 1523 588 κατ’
1538 561 1644 588 ἐκείνου
1663 559 1759 594 ὀργὰς,

967 611 1025 644 ἅμα
1047 611 1096 646 μὲν
1114 611 1228 642 ἐκεῖνον,
1250 611 1309 645 ἅμα
1334 610 1362 636 δὲ
1377 609 1484 636 καὶτὸν
1501 606 1759 643 Στρατηγόπουλον,

969 657 1026 692 μετ’
1044 656 1075 682 οὐ
1091 656 1158 683 πολὺ
1171 658 1219 683 καὶ
1234 657 1328 682 τοῦτον
1342 657 1398 687 τοῖς
1414 656 1507 686 αὐτοῖς
1520 654 1662 687 ἐνέχεσθαι
1677 660 1761 678 κατα⁸

967 702 1147 736 γνωσθέντα,
1180 702 1346 736 ὀνειδισμοῖς
1375 710 1404 728 τε
1433 701 1480 727 καὶ
1516 698 1761 735 προπηλακισμοῖς

967 748 1073 780 ἔϐαλλε,
1095 748 1153 780 καὶ,
1180 757 1188 774 ι
1218 748 1250 773 Τί
1276 747 1419 778 παθόντες,
1437 743 1459 773 ὧ
1476 742 1588 778 obeat,»
1618 742 1761 778 παρούσης

968 793 1016 820 καὶ
1033 793 1124 828 πάσης
1139 793 1188 827 τῆς
1201 793 1356 827 συγκλήτου
1373 792 1447 824 ἐϐόα,
1472 800 1481 817 ι
1501 791 1549 817 xui.
1567 789 1758 827 xazﬁav‘dxt-

968 847 1037 870 στοι,
1053 839 1131 865 αὐτοὶ
1147 838 1255 864 τοσαῦτ’
1276 838 1383 873 ἔχοντες
1399 837 1488 872 ἀγαθὰ
1508 836 1573 871 παρ’
1590 835 1668 870 ἐμοῦ,
1680 835 1710 860 τὸ
1722 835 1762 866 εἰς

969 885 1105 916 ὰναὸολὰς
1124 885 1241 920 ὀφθῆναι
1267 884 1335 919 πρὸς
1361 884 1406 910 τὸν
1433 884 1582 918 εὐεργέτην
1610 882 1688 908 κακοὶ
1717 880 1762 907 οὔ·

971 941 1069 968 μενουν
1089 931 1185 958 θέσθαι
1208 931 1428 966 προεθυμήθητε,
1445 931 1502 957 ἀλλ’
1515 930 1545 962 ἐξ
1570 930 1655 964 αὐτῆς
1681 929 1694 954 ὁ
1713 928 1763 963 μὲν

969 978 1097 1005 δεσπότου
1117 978 1165 1004 καὶ
1177 977 1358 1012 αὑταδέλφου,
1374 978 1388 1003 ὁ
1401 977 1429 1004 δὲ
1446 976 1577 1011 πρότερον
1597 975 1648 1008 μὲν
1672 975 1761 1000 αἰτίου

969 1024 1016 1050 τοῦ
1028 1025 1076 1051 καὶ
1091 1024 1130 1051 ἔτι
1149 1024 1258 1059 βλέπειν
1273 1024 1319 1050 τὸν
1335 1023 1423 1058 ἣλιον,
1445 1023 1557 1058 ὕστερον
1571 1021 1600 1048 δὲ
1616 1021 1662 1047 καὶ
1681 1020 1762 1054 edep-

970 1071 1061 1104 γέτου,
1073 1070 1186 1097 τοιαῦτα
1197 1069 1489 1105 καταμεμελετηκοτες
1499 1067 1644 1102 ἐλέγχεσθε
1657 1075 1663 1099 ;
1681 1076 1690 1093 ι
1699 1067 1763 1097 Τοῖς

970 1116 993 1143 δ’
1006 1116 1184 1151 ἀρνουμένοις
1208 1116 1327 1150 πάμπαν
1342 1116 1391 1142 καὶ
1414 1116 1476 1146 τοὺς
1490 1114 1622 1148 ἐλέγχους
1634 1112 1763 1147 ζητοῦσιν

971 1161 1049 1193 εὐθὺς
1066 1162 1090 1188 οι
1106 1162 1282 1199 κατειπόντες
1299 1162 1477 1196 παρίσταντο,
1488 1162 1535 1187 καὶ
1552 1160 1588 1190 ὡς
1605 1157 1638 1194 ἦν
1651 1158 1763 1189 ἐκείνοις

973 1207 1051 1243 ίσχὺς
1066 1207 1125 1243 ἅμα
1136 1208 1183 1235 καὶ
1194 1208 1234 1239 εἰς
1248 1207 1365 1240 σπουδὴν
1378 1206 1517 1243 πρόθεσις,
1528 1206 1652 1240 ἤλεγχον.
1662 1204 1765 1230 Αὐτίκα

973 1304 1099 1332 magnam
1115 1301 1205 1324 autem
1231 1296 1479 1324 verisimilitudinis
1500 1295 1617 1329 speciem
1635 1301 1668 1321 ex
1684 1297 1765 1321 caete-

975 1343 1013 1371 ris
1029 1351 1090 1378 quae
1114 1344 1202 1378 palam
1220 1344 1276 1378 geri
1296 1343 1491 1374 cernebantur,
1505 1349 1599 1369 eorum
1625 1340 1778 1368 accusatio-

973 1390 1046 1424 apud
1073 1389 1218 1417 audientes
1234 1390 1386 1417 obtinebat.
1406 1390 1521 1423 Propter
1537 1388 1588 1415 ista
1603 1390 1702 1414 cuncta
1719 1386 1767 1414 de-

973 1435 1059 1462 crevit
1077 1435 1228 1469 imperator
1254 1435 1516 1470 Porphyrogenitum
1534 1432 1767 1468 comprehendere

973 1481 1094 1507 accitum
1115 1480 1149 1506 ad
1169 1487 1199 1507 se
1217 1480 1358 1515 postridie.
1374 1481 1412 1506 Ad
1429 1479 1500 1513 quod
1518 1478 1572 1505 duo
1588 1477 1712 1511 quaedam
1738 1476 1767 1504 in

936 1541 958 1571 ο
973 1525 1069 1561 primis
1089 1525 1211 1553 curanda
1227 1525 1280 1553 sibi
1305 1525 1421 1560 putavit,
1447 1524 1525 1559 prius
1542 1523 1580 1550 sic
1597 1523 1690 1549 haberi
1708 1528 1766 1549 rem

974 1579 1101 1599 arcanam
1119 1575 1149 1598 ut
1165 1571 1239 1598 nulla
1256 1571 1362 1598 ratione
1388 1569 1522 1605 suspicari
1549 1567 1768 1603 Porphyrogenir

974 1621 1019 1645 tus
1047 1621 1139 1652 posset
1166 1625 1252 1651 quare
1281 1620 1436 1647 vocaretur,
1464 1615 1579 1642 alterum
1607 1614 1707 1641 habere
1732 1613 1766 1640 ad

974 1669 1086 1688 manum
1101 1669 1147 1689 eas
1167 1661 1273 1695 copias,
1287 1660 1388 1695 quibus
1411 1660 1466 1692 ille,
1483 1660 1505 1687 si
1527 1659 1596 1686 forte
1613 1665 1767 1693 repugnare

975 1707 1171 1742 prensantiqu
1182 1711 1339 1737 conaretur,
1354 1706 1481 1733 resistere
1495 1705 1622 1739 nequiret
1634 1712 1683 1730 nec
1697 1704 1769 1729 liber

975 1753 1108 1787 eﬂ'ugere.
1136 1751 1227 1779 Jussis
1247 1759 1312 1787 ergo
1326 1751 1474 1779 convenire
1491 1751 1525 1777 ad
1551 1757 1579 1776 se
1595 1748 1769 1784 prmtmianis

976 1798 1145 1829 cohortibus,
1162 1802 1190 1825 et
1214 1797 1303 1825 edicto
1321 1796 1482 1824 domesticis
1499 1796 1607 1823 cunctis
1622 1799 1650 1822 ut
1669 1794 1702 1820 ad
1720 1802 1768 1828 pa-

977 1844 1074 1871 latium
1104 1848 1203 1878 prmsto
1227 1847 1320 1871 essent
1350 1843 1402 1870 sub
1427 1842 1620 1876 crepusculum
1649 1847 1772 1870 θυι-ωιτν,

977 1889 1067 1916 forum
1085 1889 1243 1916 universum
1262 1892 1429 1915 armatorum
1453 1887 1630 1914 multitudine
1646 1885 1767 1919 Comple-

974 1935 1024 1962 vit.
1040 1936 1118 1962 Tunc
1136 1935 1210 1962 misit
1224 1935 1270 1968 qui
1290 1934 1341 1961 sibi
1358 1934 1485 1960 sisterent
1509 1940 1570 1958 eum
1592 1932 1638 1966 qui
1653 1938 1769 1958 accusa-

976 1987 1021 2009 tus
1038 1982 1138 2014 fuerat,
1156 1981 1223 2008 nihil
1239 1985 1315 2007 certo
1331 1981 1464 2007 scientem
1482 1980 1515 2006 de
1530 1986 1612 2005 causa
1633 1978 1667 2004 ob
1685 1985 1768 2012 quam

975 2031 1130 2056 vocaretur.
1156 2027 1216 2060 Quo
1248 2026 1376 2054 celeriter
1399 2026 1528 2056 adducto,
1559 2024 1598 2051 uti
1629 2028 1656 2050 et
1687 2023 1768 2056 paulo

975 2078 1038 2109 post
1056 2071 1263 2107 Strategapulo,
1283 2072 1309 2097 in
1335 2071 1431 2098 ambos
1447 2074 1477 2097 ut
1493 2070 1548 2104 jam
1566 2069 1768 2104 pra-damnatos

976 2119 1043 2146 iram
1060 2126 1113 2145 non
1128 2118 1274 2145 continens
1297 2117 1471 2144 stomachum
1496 2116 1597 2150 erupit,
1611 2114 1768 2150 opprobriis

976 2169 1120 2198 utrumque
1138 2171 1170 2191 ac
1192 2163 1326 2191 conviciis
1359 2162 1548 2197 proscindens,
1569 2161 1610 2187 his
1633 2167 1681 2187 eos
1694 2167 1769 2186 com-

940 2209 964 2237 D
978 2210 1083 2244 pellans
1099 2209 1190 2236 verbis
1204 2215 1270 2236 voce
1286 2212 1426 2239 contenta,
1445 2213 1541 2234 senatu
1566 2209 1675 2233 astante
1706 2205 1767 2230 uui-

975 2262 1074 2283 verso:
1091 2264 1100 2281 ι
1119 2255 1196 2288 Quae,
1222 2254 1337 2287 malum,
1369 2255 1436 2281 heus
1452 2261 1500 2280 vos
1525 2254 1551 2280 in
1579 2258 1768 2279 transversum

976 2302 1097 2337 abripuit
1115 2301 1252 2334 vecordia,
1283 2300 1417 2327 malorum
1447 2299 1570 2334 pessimi,
1597 2303 1627 2324 ut
1643 2302 1708 2325 tota
1725 2304 1769 2324 me

976 2347 1055 2374 bonis
1071 2347 1191 2380 acceptis
1205 2353 1258 2372 non
1274 2346 1339 2372 satis
1356 2345 1498 2376 habentes,
1511 2344 1582 2376 quod
1602 2345 1690 2377 ipsum
1707 2347 1768 2369 erat

975 2393 1168 2428 vituperabile,
1188 2392 1258 2420 tardi
1281 2398 1412 2426 apparere
1430 2391 1456 2416 in
1485 2390 1627 2417 referenda
1644 2389 1768 2423 largitori

976 2442 1075 2478 gratia,
1085 2442 1167 2469 etiam
1179 2440 1344 2468 atl‘ectarelis
1357 2438 1491 2466 maleficia
1504 2437 1656 2465 benefactis
1672 2445 1770 2471 repun-

977 2487 1050 2519 dcre,
1069 2491 1122 2514 tam
1148 2485 1254 2513 atrocia
1282 2484 1400 2512 convicti
1433 2483 1516 2511 fuisse
1543 2482 1703 2514 machinati,
1727 2482 1770 2509 hic

977 2532 1086 2566 quidem
1107 2532 1133 2558 in
1158 2531 1300 2557 dominum
1326 2529 1508 2564 eumdcmquc
1534 2535 1691 2562 germanum
1714 2526 1770 2553 fra-

979 2583 1061 2610 trem,
1078 2576 1122 2603 ille
1140 2580 1231 2603 autem
1260 2576 1286 2602 in
1304 2583 1367 2602 eum
1388 2576 1431 2602 cui
1452 2575 1571 2609 primum
1588 2574 1666 2600 debet
1693 2573 1767 2607 quod

979 2623 1068 2659 adhuc
1102 2622 1178 2658 161
1207 2622 1273 2649 solis
1299 2622 1393 2648 lumen
1420 2621 1520 2650 videat.
1547 2619 1645 2647 deinde
1670 2618 1716 2652 qui
1745 2618 1770 2643 ci

979 2667 1140 2694 beneficium
1161 2664 1225 2694 lvita:
1246 2672 1360 2693 servatae
1387 2666 1467 2693 donis
1492 2666 1562 2692 ultro
1588 2663 1702 2698 adjectis
1724 2670 1771 2689 cu-

979 2713 1105 2741 mulavit.
1127 2722 1137 2738 )
1158 2713 1197 2739 Ad
1226 2713 1298 2740 hanc
1323 2713 1573 2748 inopiuati'ssimam
1605 2709 1768 2737 invectivam

980 2766 1042 2786 cum
1059 2758 1140 2785 ambo
1155 2766 1204 2794 pro
1219 2767 1248 2786 se
1261 2760 1379 2794 quiSque
1392 2763 1571 2793 pet-negarent
1587 2764 1616 2782 se
1630 2754 1767 2787 conscios,

981 2806 1081 2833 nedum
1107 2805 1248 2833 convictos
1271 2805 1351 2833 ullius
1377 2805 1411 2831 in.
1427 2805 1620 2838 imperatorem
1647 2800 1770 2827 meditati

981 2851 1104 2884 sceleris,
1129 2856 1156 2879 ct
1188 2851 1315 2886 proferri,
1346 2859 1406 2885 qua:
1434 2855 1549 2884 purgare
1576 2846 1723 2875 rcfcllcndo
1741 2853 1772 2873 se
