1944 3061
169 69 222 102 179

736 76 899 107 GEORGII
920 76 1162 108 ΡΑΟΗΥΜΕΒΕ

1733 78 1790 111 180

166 130 266 159 τοίνυν,
285 127 329 156 οἷα
346 129 419 164 φιλεῖ
444 130 490 157 ἐπὶ
510 133 641 164 τοιοῦτοις
660 133 801 168 γίνεσθαι,
818 134 899 167 θροῦς
917 132 950 168 ἦν
965 134 989 163 Α
1004 133 1053 169 τῆς
1068 133 1233 172 ’Ἐκκλησίας
1254 138 1416 169 ἀαυνθεσίας
1444 139 1509 173 πρδς
1539 137 1651 172 βασιλέα
1664 137 1790 172 ἔγκλημα

165 174 219 201 τῶν
238 175 287 210 μὲν
316 176 554 212 ἐκπληττομένων,
587 179 641 206 τῶν
654 179 744 206 δὲκαὶ
766 180 947 214 στυγούντων,

165 221 254 247 ἄλλων
268 221 296 248 δὲ
310 223 357 249 καὶ
373 222 454 249 πλέον
463 223 510 250 τοῦ
521 224 624 256 εἰκότος
639 226 710 252 κατά
727 234 787 252 τινα
800 226 949 260 θεραπείαν

165 270 431 304 παρακεκινημένων
459 271 505 296 καὶ
532 271 622 304 λέγειν
647 272 694 298 καὶ
710 273 849 307 πράττειν.
867 271 949 302 Τέλος

163 314 227 346 τοὺς
244 315 292 349 μὲν
306 316 354 345 τὰς
378 317 491 343 ἐκείνων
508 317 597 348 οἰκίας
613 318 777 349 πολυόλῦους
793 317 886 350 οὖσας,
902 318 949 344 καὶ

165 359 266 393 μᾶλλον
279 361 329 396 τὴν
344 362 390 387 τοῦ
407 364 676 398 πορφυρογεννὴτου,
702 363 865 395 καθέξοντας
881 364 949 390 dmo-

166 405 282 438 στέλλει,
308 407 405 438 αὐτοὺς
422 408 450 434 δὲ
472 410 517 434 τδν
538 409 587 443 μὲν
601 409 733 444 φυλακαῖς
747 409 843 440 ἐδίδου,
863 410 908 435 τὸν
926 409 948 435 δ’

165 451 280 485 ἀδελφὸν
296 454 459 486 συγκλείσας
472 454 513 480 ἑνὶ
530 455 584 480 τῶν
598 455 667 481 κατὰ
684 456 718 481 τὶι
734 456 853 482 παλατισι
870 455 948 490 βασι-

164 498 248 524 λικῶν
259 499 417 534 οἰκημάτων
434 501 462 527 ὲν
481 501 599 533 ἀσφαλεῖ
610 501 797 537 καθείργνυσι.
816 502 948 536 Προνοίας

163 543 187 569 δ’
199 543 305 576 ὲκείνας
318 546 364 571 καὶ
376 546 475 580 ἀγέλας
498 546 546 572 καὶ
562 547 705 583 ἀποθήκας
721 548 854 574 παντοίων
870 549 949 575 εἰδῶν

164 591 211 616 καὶ
225 592 336 626 χρυσὸν,
353 592 397 618 τὶν
415 592 464 626 μὲν
489 593 518 619 ἐν
534 594 684 628 νομίσμασι
706 596 888 629 κεκομμένον,
904 595 948 621 τὸν

163 635 186 663 δ’
201 638 229 663 ὲν
247 638 408 672 ἐκπώμασιν
424 641 615 674 εἰργασμένον,
634 642 680 667 καὶ
700 641 819 675 ἄργυρον
837 641 883 668 καὶ
898 641 948 666 πέ-

163 682 219 709 πλα
234 684 392 711 παντοδαπὰ
418 684 457 720 τῷ
479 686 561 720 κοινῷ
577 687 693 720 ταμιείῳ
709 686 947 721 προσανετίθεντε),

164 729 210 755 καὶ
225 729 241 763 ὴ
259 730 334 765 χλιδὴ
350 731 441 766 ἐκείνη
453 732 500 758 καὶ
518 733 681 767 περιφάνεια
695 734 760 767 μιᾶς
774 732 847 767 ὥρας
863 733 948 768 σκηνὴ

166 772 355 809 καὶᾝίγνιον
371 774 414 811 ἦν.
439 777 494 804 Καὶ
521 777 613 812 θαῦμα
633 775 667 812 ἦν
682 779 738 809 τοῖς
754 778 853 814 ὁρῶσιν
867 777 947 812 ὄγκος

164 819 291 851 τοσοῦτος
312 821 418 856 τρυιρῆς
443 822 489 848 καὶ
522 823 609 853 οἰκίας
639 824 769 857 τοιαύτης
798 822 950 857 φιλοτιμία.

167 866 229 901 μηδ’
243 867 327 902 αὐτῆς
344 868 478 903 βασιλείου
495 871 565 896 κατὰ
583 869 648 896 πολὺ
661 869 834 904 λειπομένης,
847 869 905 900 πῶς
921 869 950 893 ἐν

164 911 264 946 ἀκαρεῖ
279 913 326 953 ⁵εἰς
347 915 378 939 τὸ
407 914 489 949 μηδὲν
518 915 683 949 κατήντησε,
714 915 761 941 καὶ
787 914 820 940 τὰ
835 913 950 948 λαμπρᾶ

163 958 254 983 ἐκεῖνα
279 959 326 985 καὶ
353 960 423 991 τέως
450 960 605 996 περίπυστα
623 961 778 996 πνευσάσης
801 960 950 995 δυσχεροῦς

164 1003 212 1029 καὶ
227 1003 402 1039 τελχινώδους
416 1005 503 1040 αὔρας
515 1006 693 1034 κατέσῦεστο.

199 1049 255 1076 Καὶ
270 1050 344 1078 ταῦτ’
358 1051 509 1085 ἐπράττετο
526 1053 642 1087 Κρονίου
657 1053 751 1087 μηνὸς,
764 1052 807 1079 ὅτε
823 1051 870 1078 καὶ
888 1051 949 1078 πολ-

161 1095 218 1127 λοῖς
240 1096 289 1131 μὲν
302 1097 356 1124 τῶν
371 1097 419 1124 τοῦ
437 1097 579 1130 παλατίου,
592 1098 642 1124 οὐκ
667 1098 766 1131 ὀλίγοις
790 1097 818 1124 δὲ
834 1097 949 1123 καὶτῶν

163 1189 278 1220 paratos
307 1186 427 1216 aiebant.
456 1187 638 1216 accusationis
666 1193 825 1222 argumenta
854 1195 949 1222 posce-

163 1234 234 1262 rent,
255 1231 346 1258 statim
365 1231 512 1260 adfuerunt
534 1233 581 1267 qui
600 1241 647 1260 eos
664 1234 828 1264 detulerant.
849 1237 876 1259 et
898 1240 948 1267 pro

164 1283 214 1301 sua
233 1276 350 1311 quisque
378 1276 506 1304 facultate
529 1285 561 1304 ac
589 1279 680 1305 studio
697 1279 860 1306 convincere
886 1278 947 1304 inli-

164 1320 265 1348 tiantes
292 1327 355 1349 sunt
383 1323 487 1350 conati.
518 1322 585 1350 Dum
612 1323 668 1350 hrec
691 1329 836 1359 geruntur,
866 1328 947 1358 prout

164 1366 235 1393 solet
259 1367 286 1394 in
309 1368 418 1401 talibus,
447 1377 572 1396 murmur
599 1369 734 1396 increbuit
761 1369 946 1397 tumultuariis

164 1413 295 1446 susurris,
322 1423 390 1448 quos
405 1414 439 1441 ab
461 1415 511 1441 ista
535 1415 721 1449 spectantibus
744 1416 842 1449 partim
863 1423 946 1442 verus

163 1459 276 1486 affectus
290 1459 458 1493 exprimebat
475 1460 577 1488 favoris
595 1465 642 1486 aut
658 1460 712 1486 odii
726 1461 799 1487 varie
818 1461 944 1494 propensi

163 1506 190 1532 in
209 1509 383 1532 accusatores
396 1505 436 1532 vel
451 1506 476 1531 in
496 1513 567 1538 reos,
586 1506 682 1539 partim
697 1506 844 1533 artificiosa
861 1506 947 1533 simu-

164 1552 229 1578 latio
248 1555 274 1578 ct
292 1559 357 1579 cura
376 1556 530 1585 qu:estu05a
556 1552 605 1578 hos
624 1557 670 1578 aut
694 1551 756 1578 illos
780 1552 945 1583 demetendi,

165 1606 213 1632 pro
229 1599 334 1625 ratione
354 1599 462 1625 ambitae
487 1599 579 1634 gratim
592 1598 633 1624 vel
652 1597 805 1625 formidatae
822 1597 949 1624 oti-usin-

165 1644 208 1671 nis
220 1644 299 1677 longe
314 1644 384 1671 ultra
399 1651 508 1671 sensum
522 1644 648 1670 intimum
661 1644 687 1670 in
701 1643 948 1670 demonstrationes

166 1689 306 1716 atl'cctatas
318 1690 421 1722 agendo
435 1688 582 1715 dicendove
598 1689 736 1722 prudicns.
753 1687 873 1714 Tandem
893 1689 948 1714 int-

169 1740 279 1770 perator
297 1735 372 1761 misit
388 1735 434 1768 qui
452 1735 548 1761 domos
567 1735 709 1768 utriusque
726 1735 806 1761 bonis
833 1735 950 1762 refertas

169 1782 348 1809 exhaurirent
363 1782 470 1808 cunctis
492 1781 518 1807 in
538 1781 631 1808 fiscum
658 1781 821 1815 rcdigcndis,
836 1789 950 1815 ρεπεατ-

167 1829 216 1855 tim
233 1832 323 1855 autem
339 1827 575 1862 Porphyrogeuiti.
592 1826 715 1861 Ipsm-um
730 1832 819 1853 autem
836 1827 950 1853 alterunt

168 1873 278 1909 quidem
305 1873 423 1908 publicis
451 1873 585 1900 custodiis
613 1873 733 1905 tradidit,
756 1874 868 1899 fratrem
889 1880 951 1899 veru

169 1929 249 1948 suum
271 1929 325 1948 ttno
342 1928 356 1947 e
388 1921 467 1954 regiis
494 1920 587 1954 palatii
615 1919 791 1946 conclavibus
815 1919 951 1945 inclu:um

169 1975 267 1994 securo
281 1966 407 2002 praesidio
425 1972 563 1993 serratum
579 1965 706 1992 detinuit.
731 1965 882 1992 Pcusiones
900 1972 950 1990 au-

169 2019 220 2040 tern
239 2014 299 2048 ejus
316 2013 375 2040 illas
388 2018 414 2039 el
432 2020 526 2047 greges
541 2012 744 2046 aputliecasquc
760 2011 834 2038 omni
852 2018 952 2046 genere

169 2059 350 2094 pretiosarum
369 2058 490 2093 oppletas
513 2059 678 2092 specierum,
708 2065 804 2084 aurum
824 2062 952 2091 praetcrea

170 2105 267 2140 partim
293 2105 428 2139 signatum
454 2105 480 2130 in
508 2104 626 2130 nunttttis
656 2104 754 2138 partim
790 2103 890 2129 factum
924 2103 951 2129 in

171 2150 245 2177 vasis
262 2158 293 2177 ac
310 2150 424 2184 poculis,
442 2150 568 2176 similiter
584 2154 609 2176 et
624 2156 767 2183 argentum
788 2150 901 2183 velaque
922 2156 953 2175 ac

169 2197 255 2224 vestis
270 2196 337 2222 varii
353 2200 442 2222 textus
458 2203 488 2222 ac
503 2195 607 2225 format.
624 2195 741 2230 iungentis
754 2195 845 2230 pretii,
856 2201 952 2221 cuncta

170 2243 196 2269 izt
215 2241 340 2268 mrariuut
356 2240 546 2268 conferuntur.
562 2241 720 2275 Tantusque
745 2241 787 2268 ille
808 2246 954 2274 apparatus

171 2287 342 2319 deliciarum,
357 2287 438 2314 luxus
461 2286 526 2313 illud
550 2286 616 2320 regii
634 2285 794 2319 choragium
811 2289 838 2312 et
852 2284 956 2319 specio-

169 2333 295 2360 sissimus
320 2337 494 2368 conspectus,
520 2333 595 2359 hora}
621 2333 701 2359 uttitts
730 2339 811 2359 scena
837 2332 862 2357 in
883 2330 955 2356 ludi-

169 2378 257 2405 brium
280 2378 340 2412 fuit,
366 2386 420 2406 non
452 2386 546 2413 parum
574 2377 774 2404 admirantibus
798 2375 843 2410 qtti
861 2383 955 2402 cerne-

170 2430 240 2457 rent,
256 2430 360 2452 tantam
379 2425 431 2451 vim
446 2425 568 2451 delicatae
588 2422 764 2468 supellec’tilis
779 2429 812 2448 ac
827 2422 954 2455 volupta-

169 2472 216 2499 ria:
232 2472 316 2506 σειρῆσι
334 2479 415 2498 unam
443 2471 468 2497 in
496 2470 607 2497 domutn
629 2477 685 2496 non
706 2472 876 2503 regnantem.
893 2475 954 2501 qua:

169 2523 259 2545 tamen
286 2517 312 2543 itt
341 2517 391 2543 hoc
414 2515 616 2550 regnatricivix
633 2513 751 2543 cederet.
773 2512 884 2546 congeri
903 2520 950 2546 po-

170 2565 266 2596 tuisse,
283 2567 309 2589 et
330 2567 384 2589 tam
410 2565 573 2595 exaggerato
590 2560 635 2588 isti
649 2559 760 2587 cumulo
783 2558 952 2592 dissipando,

169 2608 302 2639 tollendo,
320 2607 492 2640 exportanda
510 2605 646 2632 tantulum
663 2604 778 2638 spatith
803 2603 954 2631 suffecisse.

171 2654 244 2680 Adeo
258 2653 326 2679 nihil
345 2654 381 2678 ita
403 2651 590 2686 splendidum,
607 2650 686 2686 162
701 2651 737 2676 ita
760 2649 866 2676 illustre
888 2649 956 2676 lates

171 2707 223 2734 que
237 2698 361 2725 inclitum
382 2697 479 2731 fulget,
502 2697 574 2731 quod
601 2695 738 2731 pestilenti
767 2695 859 2722 afﬂatu
877 2694 955 2721 mali-

171 2752 231 2778 gna:
262 2751 335 2771 aura:
362 2743 504 2771 obscurari
530 2751 560 2771 ac
587 2742 695 2777 penitus
723 2741 860 2776 exstingui
880 2741 954 2768 brevi

176 2795 296 2825 tempore
310 2798 363 2818 non
380 2796 472 2826 queat.

1005 184 1039 210 δι’
1051 186 1154 213 ἐκεῖνον
1166 186 1202 216 ὡς
1221 185 1301 220 δῆθεν
1319 184 1498 219 βασιλειῶντα
1513 185 1642 218 ἐφῆπται.
1656 181 1711 210 Ἦν
1735 184 1790 219 γὰρ

1005 231 1065 262 ταῖς
1079 231 1220 266 ἀληθείαις
1235 232 1248 257 ὁ
1262 231 1331 266 ἀνὴρ
1346 232 1374 262 ἐς
1388 231 1472 266 ἄκρον
1498 230 1722 265 φιλοδωρότατος,
1742 229 1790 256 καὶ¹

1005 277 1120 309 πολλοὺς
1135 279 1306 312 συνυπήγετο
1317 278 1371 310 τοῖς
1388 277 1634 312 φιλοφρονήμασιν,
1655 275 1727 302 ὥστε
1744 277 1790 303 καὶ

1004 324 1113 359 ἀγαπᾷν
1125 324 1383 358 εὑεργετουμένους.
1397 323 1427 349 οὐ
1443 322 1494 358 μὴν
1510 322 1538 348 δὲ
1551 321 1621 349 ὥστε
1635 322 1682 349 καὶ
1698 329 1789 348 συνει-

1004 369 1078 395 δέναι
1093 370 1117 396 οἰ
1132 370 1148 405 ἢ
1164 369 1196 404 δὴ
1210 368 1410 403 συμὸούλεσθαι
1432 367 1450 394 ὃ.
1462 368 1495 402 δὴ
1521 367 1625 398 ἐκεῖνος
1650 365 1727 398 εἰδὼς
1743 366 1790 392 καὶ

1006 416 1179 451 βουλόμενος,
1207 415 1244 448 ὡς
1268 416 1291 442 οἱ
1319 416 1378 441 κατ’
1401 414 1507 441 ἐκείνου
1519 414 1645 448 λέγοντες
1657 413 1789 439 δεικνύειν

1004 460 1087 497 εἶχον,
1116 462 1287 497 ἐξηλέγχετο.
1316 461 1378 492 Τοῖς
1394 458 1440 487 οὖν
1461 459 1507 487 τοῦ
1524 459 1655 486 παλατίου
1680 458 1789 489 πολλοῖς

1003 517 1073 534 τισιν
1090 507 1147 534 οὖσι
1171 509 1224 538 τοῖς
1251 507 1315 541 παρ’
1343 507 1447 534 ἐκείνου
1470 505 1710 541 εὑεργετουμένοις
1725 513 1789 531 συν-

1003 553 1150 588 εγνωμόνει
1163 554 1176 579 ὁ
1193 553 1329 587 βασιλεὺς,
1359 551 1400 588 [Ρ.
1418 552 1480 588 108]
1497 552 1566 585 ὑπὲρ
1582 550 1659 583 ἀξίαν
1675 551 1723 586 μὲν
1738 549 1786 576 τοῦ

1003 599 1131 629 διδόντος.
1149 598 1210 630 ἀξια
1223 597 1251 624 δὲ
1271 600 1327 629 τοῖς
1350 597 1520 632 λαμὸάνουσι
1535 597 1569 623 τὰ
1585 596 1710 630 διδόμενα
1726 595 1788 630 κρί-

1004 653 1068 671 νων.
1087 643 1206 670 Ἐκεῖνον
1221 643 1271 677 μὲν
1282 643 1337 678 γὰρ
1348 643 1462 677 ἀδελφὸν
1474 641 1607 675 βασιλέως
1620 641 1686 667 ὄντα
1696 639 1789 666 τοσού-

1003 699 1059 721 τοις
1078 690 1220 724 δωρεῖσοαι
1248 690 1320 720 ὅσοις
1339 689 1406 723 μηδὲ
1422 688 1534 723 βασιλέα
1559 687 1651 722 σχεδὸν
1667 686 1740 716 εἰκὸς
1754 683 1789 720 ἦν

1003 737 1093 764 αἰτίας
1107 737 1225 761 ἐποιεῖτο
1236 735 1330 771 δῆθεν·
1346 735 1409 766 τοὺς
1424 734 1451 760 δέ
1464 742 1495 766 γε
1507 733 1694 767 λαμϐάνοντας
1710 738 1790 765 μεγι-

1005 783 1104 813 στᾶνας
1130 782 1219 814 δντας,
1237 783 1261 808 ει
1289 781 1335 808 καὶ
1361 781 1431 815 ὑπὲρ
1456 780 1487 806 τὸ
1509 779 1608 814 μέτρον
1624 777 1787 813 ἐλάμϐανον,

986 822 989 823 ν
1003 827 1061 853 ἀλλ’
1074 826 1119 853 οὖν
1134 826 1254 858 δικαίους
1270 824 1338 853 εἶναι
1351 826 1463 852 τοιαῦτα
1485 825 1532 851 καὶ
1555 824 1621 850 τόσα
1638 822 1789 857 λαμϐάνειν

1002 871 1304 906 ὑποκατακλινομένους
1315 871 1413 906 ἐκείνῳ
1424 872 1455 897 ὲκ
1465 870 1519 896 τῶν
1531 870 1644 895 εἰκότων
1657 868 1788 894 ἑδικαὶου.

1002 919 1063 949 Τοῖς
1077 917 1105 944 δὲ
1129 918 1180 952 τῆς
1205 917 1369 952 Ἐκκλησίας
1402 917 1438 951 μὴ
1465 916 1538 947 ὅπως
1555 916 1611 945 τοῖς
1637 913 1666 945 ἐξ
1683 913 1788 939 ἐκείνου

1001 964 1232 998 εὐεργετηθεῖσιν,
1252 963 1320 990 ἀλλὰ
1335 963 1382 990 καὶ
1398 963 1537 997 ξύμπασιν
1565 961 1654 990 αἰτίας
1668 961 1681 985 ὁ
1699 958 1789 988 Σᾶιόας

1000 1011 1202 1046 ἐπειλημμένος
1232 1011 1416 1045 εὖσχήμονας,
1444 1009 1480 1040 ὡς
1497 1007 1576 1042 δῆθεν
1601 1006 1660 1032 κατ’
1679 1005 1790 1032 ἐκείνων

1000 1057 1048 1084 καί⁸
1068 1057 1138 1092 ὑπὲρ
1167 1056 1300 1092 βασιλέως
1328 1055 1429 1090 ζηλῶν,
1452 1055 1500 1080 καὶ
1516 1053 1569 1088 πρὸ
1583 1052 1630 1078 τοῦ
1645 1052 1701 1081 τοῖς
1718 1050 1787 1076 πᾶσι

999 1103 1174 1134 κακοποιοὺς,
1196 1102 1294 1137 ἀνέδην
1306 1110 1335 1128 τε
1350 1101 1462 1132 δύσνους
1476 1099 1610 1134 ὠνόμαζε.

1034 1191 1114 1218 Gesta
1133 1194 1197 1218 sunt
1220 1190 1277 1217 haec
1309 1197 1403 1217 mense
1429 1189 1535 1220 Martio.
1558 1187 1666 1221 quando
1693 1190 1720 1214 et
1740 1193 1788 1221 pa-

999 1236 1090 1263 latinis
1116 1236 1211 1262 multis
1232 1240 1259 1262 et
1279 1243 1331 1262 non
1354 1235 1449 1270 paucis
1477 1233 1667 1261 ecclesiasticis
1686 1232 1788 1260 crimen

998 1281 1146 1314 majestatis
1171 1281 1318 1315 impactum
1348 1285 1405 1313 cst,
1433 1279 1658 1315 Porphyrogeniti
1693 1284 1788 1309 causa,

997 1326 1075 1361 quasi
1099 1326 1123 1353 ci
1152 1326 1290 1353 beneficiis
1321 1325 1443 1353 obstricti
1475 1325 1556 1352 etiam
1591 1323 1622 1350 ad
1640 1322 1790 1351 aﬂ'ectatio-

998 1379 1058 1398 nem
1087 1371 1193 1407 imperii
1219 1371 1359 1399 favissent.
1384 1370 1449 1398 Erat
1478 1370 1549 1397 enim
1569 1377 1662 1397 revera
1681 1369 1721 1395 vir
1745 1368 1791 1396 ille

998 1416 1125 1451 proquus
1149 1417 1175 1443 in
1204 1417 1373 1450 largiendum
1400 1421 1429 1444 ut
1453 1415 1499 1450 qui
1527 1415 1656 1446 maxime.
1675 1414 1791 1441 multos-

961 1476 982 1503 ε
998 1471 1051 1497 quc
1078 1462 1128 1489 sibi
1151 1470 1181 1488 ea
1200 1462 1357 1489 devinxerat
1385 1462 1581 1495 beneﬁcentia;
1617 1468 1671 1487 non
1700 1464 1790 1486 tamen

1001 1513 1030 1535 ut
1056 1508 1180 1534 convinci
1202 1512 1293 1542 posset
1316 1508 1377 1543 plus
1396 1507 1464 1534 istos
1483 1507 1506 1534 ei
1530 1505 1686 1541 rependisse
1708 1512 1789 1540 quain

1001 1557 1106 1587 gratum
1133 1556 1160 1578 et
1189 1557 1311 1579 mutuutn
1341 1560 1473 1585 antorem,
1495 1552 1607 1579 minime
1623 1555 1714 1578 autem
1748 1550 1790 1576 fa-

1002 1600 1117 1626 ctiosum
1146 1599 1266 1626 studiunt
1294 1599 1447 1626 velificaudi
1482 1599 1583 1633 spebus
1611 1599 1670 1633 ejus
1702 1605 1790 1632 usque

1003 1645 1036 1672 ad
1065 1644 1205 1671 consciam
1238 1645 1470 1679 conspirationem
1504 1645 1530 1671 itt
1556 1645 1701 1670 ambitiosa
1728 1648 1790 1671 vota

1005 1690 1173 1725 principatus
1203 1691 1370 1725 usurpandi;
1417 1691 1507 1725 qualia
1547 1694 1636 1718 mente
1666 1697 1791 1718 versasse

1005 1736 1079 1762 i'lum
1107 1735 1226 1766 nondum
1241 1735 1495 1762 demonstraveram
1511 1735 1555 1770 qui
1576 1735 1741 1762 detulerant.
1759 1734 1788 1761 In

1005 1782 1142 1809 communi
1171 1789 1253 1815 porro
1278 1781 1434 1816 suspicione
1465 1782 1552 1809 sacris
1583 1781 1739 1808 hominibus
1765 1785 1792 1808 et

1006 1827 1083 1854 laicis
1098 1827 1204 1854 diversa
1221 1832 1400 1862 utrorumque
1419 1836 1478 1855 sors
1496 1828 1558 1854 fuit.
1575 1827 1644 1855 Nam
1661 1827 1714 1854 illis
1729 1827 1791 1862 qui-

1007 1873 1079 1903 dem.
1108 1881 1176 1907 quos
1203 1873 1281 1905 dixi,
1309 1873 1436 1908 palatinis
1466 1873 1592 1908 plurimis
1623 1872 1750 1900 munifice
1775 1881 1792 1900 a

1007 1917 1241 1953 Porphyrogenito
1255 1919 1366 1946 donatis
1383 1919 1576 1954 ignoscendum
1589 1918 1724 1954 judicavit
1739 1918 1792 1945 im-

1008 1969 1127 1997 perator,
1145 1963 1223 1990 aiens
1251 1964 1312 1997 plus
1333 1964 1443 1998 quidem
1466 1964 1540 1991 illum
1558 1963 1642 1990 fuisse
1664 1963 1791 1998 largitum

1008 2016 1088 2042 quam
1106 2008 1208 2042 gradus
1231 2009 1290 2043 ejus
1307 2009 1401 2039 ferret.
1417 2017 1465 2036 eos
1481 2014 1571 2036 tamen
1587 2009 1688 2044 quibus
1703 2009 1793 2037 dedis-

1008 2058 1058 2085 set,
1085 2061 1146 2079 cum
1178 2054 1343 2087 megistancs
1365 2058 1457 2081 essent
1486 2054 1630 2085 nobilitate
1648 2063 1679 2082 ac
1696 2055 1793 2082 merito

1009 2103 1179 2132 prn‘stantcs,
1201 2099 1297 2133 dignos
1325 2098 1409 2126 fuisse
1424 2099 1470 2134 qui
1497 2104 1605 2127 tantum
1623 2100 1793 2135 acciperent;

972 2151 993 2177 ι)
1009 2149 1097 2177 neque
1123 2142 1196 2169 illam
1226 2143 1336 2170 nimiam
1356 2144 1441 2171 videri
1461 2145 1560 2172 debere
1577 2146 1730 2173 mercedem
1745 2147 1794 2172 ob-

1010 2189 1097 2223 sequii
1114 2197 1169 2223 quo
1182 2197 1210 2215 se
1228 2190 1332 2216 homini
1351 2198 1404 2216 nott
1431 2191 1578 2225 imperanti
1594 2199 1721 2226 proceres
1739 2197 1792 2219 tant

1010 2236 1131 2262 illustres
1156 2236 1286 2263 inclinare
1313 2237 1513 2266 sustinuerant.
1535 2238 1564 2265 In
1582 2238 1795 2270 ecclesiasticos.

1011 2289 1064 2308 non
1087 2288 1134 2308 eos
1159 2282 1246 2308 solum
1261 2289 1331 2316 quos
1355 2282 1436 2310 donis
1459 2284 1548 2312 cultos
1571 2291 1585 2311 a
1609 2284 1795 2321 Porphyroge-

1010 2327 1068 2354 nito
1090 2328 1246 2359 constabat,
1262 2328 1307 2354 sed
1332 2328 1483 2356 universim
1504 2334 1531 2357 et
1554 2330 1794 2358 indiscriminatim

1010 2381 1126 2405 omnes,
1157 2374 1216 2400 dira
1249 2374 1375 2402 monachi
1403 2374 1479 2402 Sabat
1502 2377 1637 2410 grassatiu
1667 2377 1794 2410 incurrit,

1010 2425 1101 2453 aptam
1117 2419 1220 2445 scilicet
1244 2419 1401 2454 arripientis
1415 2423 1644 2455 opportunitatem
1663 2423 1793 2452 commis-

1011 2473 1071 2492 sum
1087 2465 1139 2492 sibi
1151 2466 1289 2500 negotium
1304 2467 1412 2501 agendi,
1426 2467 1476 2495 hoc
1492 2473 1534 2495 est
1547 2469 1705 2496 exercendae
1717 2469 1795 2504 plau-

1010 2511 1124 2538 sibiliter
1139 2511 1165 2537 in
1189 2511 1263 2537 illum
1276 2512 1379 2544 pridem
1396 2521 1509 2541 exosum
1542 2514 1593 2541 sibi
1611 2514 1733 2541 ordinem
1754 2515 1795 2542 in-

1010 2556 1153 2592 explebilis
1180 2557 1358 2586 immanitatis
1375 2568 1456 2592 .su:e,
1478 2562 1601 2595 specioso
1627 2569 1699 2589 nunc
1727 2569 1798 2596 prte-

1011 2609 1086 2631 textu
1107 2605 1158 2632 zeli
1183 2605 1326 2633 laudabilis
1351 2614 1400 2641 pro
1416 2607 1589 2643 imperatoris
1615 2609 1703 2637 salute
1717 2609 1795 2646 163

1011 2659 1042 2677 ac
1057 2654 1139 2678 statu.
1169 2651 1221 2677 Eus
1237 2651 1318 2686 igitur
1339 2652 1441 2685 pariter
1464 2659 1580 2681 cunctos
1605 2663 1659 2682 uno
1682 2655 1797 2684 crimine

1011 2695 1135 2728 involvit,
1167 2696 1264 2724 infidos
1291 2701 1318 2724 et
1349 2698 1419 2726 clam
1448 2698 1572 2729 infensos
1597 2701 1720 2736 Angusto
1749 2709 1798 2729 no-

1011 2750 1126 2770 llllllaIIS.
