1944 3061
194 111 244 144 183

781 125 943 158 GEORGII
962 129 1202 161 PACHYMERE

1768 136 1820 169 184

193 178 257 228 {1:51
267 170 350 228 ¹αὗξεῷ
368 174 505 228 ‘uo‘tvtovb'v
532 176 624 228 {corrui
643 179 696 215 γὰρ
719 181 816 218 ἐκείνῳ
840 185 886 211 καὶ
905 185 977 220 μόνῳ
992 187 1014 215 Δ
1029 184 1120 214 Ἦσαν
1136 188 1259 215 δὲταῦτα
1277 189 1424 217 δεσποτικὰ
1441 190 1541 226 μᾶλλον
1552 191 1568 228 ἢ
1581 192 1680 228 ἀληθῆ,
1698 193 1821 222 θέλοντος

332 220 434 247 καὶτὸν
449 222 496 249 ἐπὶ
513 223 567 251 τῶν
582 225 702 261 δεήσεων
717 215 823 256 Γλυκυν
839 215 977 265 Ἰωάννην.

193 261 249 288 Καὶ
260 263 290 298 δὴ
303 265 350 291 τοῦ
369 266 453 294 αὐτοῦ
468 268 554 301 ἔτους,
571 272 770 307 ἐπιφερόμενος
793 275 914 308 καὶτοὺς
930 261 978 303 θία-

163 349 165 355 ν
192 310 348 359 τακρίτους,
358 314 404 359 τὸν
417 315 468 359 μὲν
484 316 598 352 ἀδελφὸν
607 319 635 345 ὲν
648 320 746 355 κλωσῷ
757 321 862 358 (εἱρκτῇ
873 325 978 359 φορητῇ

164 394 166 397 γ
248 355 335 391 ετπῃ),
352 357 398 384 τὸν
413 358 441 385 δὲ
464 360 703 396 Στρατηγὸπου),ον
718 355 838 400 δέσμιον,
849 355 978 399 ..ἐξελθὼν

164 423 167 448 ᾖ
193 399 340 449 Νυμφαίου
357 404 466 440 εἰκοστῇ
487 406 571 443 ὀγδόῃ
587 399 839 445 Μαιμακτηριῶνοξ
861 413 910 448 ’τὴν
928 422 978 449 με-

165 445 168 455 ‘
194 445 340 478 γαλόπολιν
358 449 480 477 εἴσεισιν.
501 449 556 479 Ἦν
578 451 624 480 οὖν
651 456 811 483 τούντεῦθεν
836 457 913 494 κωφή
937 468 978 490 τις

191 490 261 525 ὀργὴ
290 493 364 528 παρὰ
392 494 524 529 βασιλέως
550 500 606 530 τοῖς
630 500 679 535 τῆς
696 490 978 537 summitate

194 536 244 570 μὲν
261 539 430 574 ἐπαγόμενον
447 542 573 579 ἔγκλημα
588 545 709 579 δύσνοια,
726 549 754 574 αἱ
774 549 803 575 δὲ
816 549 883 584 πρὸς
898 549 978 576 τοῦτο

191 585 361 611 κατασκευαὶ
377 587 405 612 αι
418 587 472 614 ἀπὸ
485 589 530 615 τοῦ
550 592 720 627 πατριάρχου
737 594 812 627 σφῶν
828 592 899 629 ἦσαν
913 595 979 621 ὐπο-

192 629 285 674 στοὶαὶ
304 650 312 662 ,
343 631 381 663 ὡς
411 634 503 666 κακῶς
530 635 610 671 δῆθεν
636 637 685 673 τὴν
716 639 764 673 τῆς
794 640 918 674 δυσνοίας
933 643 977 669 αι-

189 673 262 722 τίαν,
278 675 311 709 ἦν
323 678 370 703 καὶ
384 679 458 713 παρὰ
472 681 520 707 τοῦ
536 681 610 709 Σάὸα
627 685 823 720 κατηγόρηντο,
835 673 978 722 δυσχεραι-

192 719 301 748 υόντων.
313 722 394 749 Ὥστε
411 725 458 751 καὶ
475 727 525 762 μιᾷ
539 730 700 762 συναγαγὼν
721 732 843 763 ἐκείνους
854 732 886 758 ἔκ
897 741 977 760 τινων

191 765 421 803 ὑποπτευομένων
435 771 485 806 τὴν
499 774 570 801 κατὰ
587 776 696 802 πάντων
715 777 827 804 συνίστα
838 778 976 812 δύσνοιαν,

191 814 418 860 περιποιούμενος
435 817 515 852 δῆθεν
534 819 660 846 ἐντεῦθεν
679 820 724 848 τὸν
742 822 789 848 τοῦ
806 825 976 860 πατριάρχου

191 857 355 905 θεράποντα.
378 861 521 890 Θάλασσαν
548 864 602 900 γὰρ
628 866 742 901 συνόλην
768 868 815 894 καὶ
839 853 1015 905 ἀέτορβἓὴνδ

190 904 299 939 ἐκείνης
310 907 567 943 παρεδειγμάτιζεν,
582 910 619 942 ὡς
631 911 713 945 φύσιν
727 913 835 947 ἔχοντος
852 915 899 941 τοῦ
913 924 984 942 παν·

189 949 236 994 to;
251 951 283 977 ἐκ
308 953 353 979 τοῦ
368 954 503 989 γεύματος
515 954 570 983 οἷόν
585 958 659 984 ἐστιν
671 959 769 994 ἐκείνῳ
783 961 980 994 γινώσκεσθαι.

189 993 267 1022 Εἶναι
286 997 314 1023 δὲ
330 998 376 1024 καὶ
391 1000 503 1033 τούτους
517 1002 547 1028 οὐ
565 1003 680 1037 πάντας,
696 993 760 1031 an"
771 993 804 1033 sic
816 1006 898 1033 τινῶν
916 1007 982 1039 ἴσως

190 1039 419 1078 ὑποπτευομένων
431 1048 494 1079 τοὺς
507 1050 610 1081 πάντας
628 1051 781 1085 ὑπάγεσθαι
794 1054 855 1085 ταῖς
867 1055 979 1084 αἰτίαις.

188 1140 277 1164 torem
291 1137 451 1167 admovens.
464 1139 503 1167 Ac
515 1148 576 1168 cum
590 1142 710 1169 nondum
723 1150 845 1178 speraret
858 1145 981 1174 sufﬁcere

190 1182 256 1209 moli
273 1190 364 1210 rerum
380 1192 465 1211 unum
483 1185 560 1212 illum
577 1184 669 1220 posse,
696 1187 828 1216 Joannem
850 1195 980 1225 pra‘terea

191 1234 375 1261 cognomento
405 1230 506 1265 Glycyn
528 1231 706 1266 petitionibus
731 1235 886 1269 supplicum
909 1236 981 1264 refe-

192 1275 287 1302 rendis
317 1276 494 1310 praepositum
521 1278 584 1305 huic
607 1279 756 1314 adjutorem
775 1281 853 1317 165
874 1283 978 1310 tribuit.

191 1320 297 1353 Quibus
323 1322 452 1356 provisis,
478 1323 529 1350 hoc
557 1324 617 1356 ipso
640 1333 728 1358 anno,
756 1326 860 1355 ducens
887 1336 978 1357 secum

189 1367 398 1401 condemnatos,
423 1369 534 1397 fratrem
560 1371 670 1405 quidem
687 1372 714 1399 in
728 1372 824 1400 lectica
847 1375 978 1402 clathrata

188 1416 339 1448 (carcerem
354 1416 508 1449 portalilem
520 1417 643 1452 dixeris),
657 1418 876 1454 Strategopulum
888 1427 977 1448 autem

188 1462 321 1494 vinetum,
347 1461 577 1490 duodetricesima
613 1463 687 1491 Junii
723 1465 767 1493 die
787 1466 979 1495 Constantino-

1031 233 1196 268 θεραπεύειν
1213 234 1259 261 τδν
1277 235 1464 271 πατριάρχην.

1030 294 1084 319 xa’.
1101 291 1202 330 ’ρπῳς
1214 293 1249 330 ρι-
1261 293 1410 330 κληρικοι,
1427 294 1537 330 ἔπειτα
1554 295 1588 322 δὲ
1601 296 1649 322 καὶ
1661 296 1820 330 ἀρχιερεῖς,

1127 326 1177 353 ἐπὶ
1190 326 1230 359 τῷ
1242 326 1408 362 Ἀθανασίῳ
1419 326 1722 364 ἐσκανδαλίσθησᾶὗῖ.

1065 371 1123 399 Κᾶν
1141 373 1187 399 ἐπὶ
1201 373 1281 400 πλέον
1295 374 1344 408 τῆς
1365 375 1417 401 ἀπὸ
1433 375 1565 410 βασιλέως
1578 377 1622 403 διὰ
1638 377 1724 404 ταῦτα
1740 378 1818 404 ἐπει-

1030 418 1116 454 ρῶντο
1133 419 1359 455 ἀγανακτήσεως,
1374 420 1417 456 [Ρ.
1433 421 1496 457 lli]
1512 423 1535 448 et
1555 423 1590 457 μὴ
1602 424 1649 450 καὶ
1668 423 1738 458 ἕτερ’
1750 424 1819 450 ἄττα

1029 464 1185 500 πραχθέντα
1205 465 1318 500 βασιλέα
1340 466 1388 500 μὲν
1406 467 1707 502 ἔθορύόει,·ᾶρχιερέας
1721 468 1744 494 δ’
1760 469 1818 494 Exi.

1028 519 1068 537 vet
1085 511 1177 545 ζητεῖν
1196 510 1286 542 αἰτίας
1298 511 1360 538 καθ’
1377 511 1409 543 ἃς
1420 512 1508 539 ταῦτα
1523 514 1672 548 πράττεται
1688 512 1750 545 ξένα
1763 513 1817 539 τῶν

1027 556 1077 591 τῆς
1092 556 1255 591 Ἐκχλησίας
1274 557 1364 592 νόμων
1390 557 1535 585 δοκοῦντα·
1555 560 1623 593 μήτε
1646 559 1700 594 γὰρ
1725 560 1819 594 ἰατρὸν

1029 602 1126 637 χρῆναι
1140 604 1282 637 τιμωρεῖν,
1295 603 1353 629 ἀλλ’
1370 604 1505 638 ίατρεύειν
1519 605 1565 631 τὸν
1580 605 1730 639 πάσχοντα.
1753 606 1820 640 μήτ’

1028 649 1159 684 ἀρχιερέα
1176 650 1312 683 κολάζειν,
1326 650 1395 677 ἀλλὰ
1408 651 1571 686 θεραπεύειν
1583 652 1629 677 τδν
1646 651 1819 685 ἁμαρτάνον-

1027 704 1072 722 τα.
1087 696 1136 730 Διᾴ
1153 696 1233 722 τοῦτο
1247 697 1295 723 καὶ
1307 696 1486 731 συναχθέντες
1497 698 1572 732 κοινῇ
1588 696 1761 727 σκέπτονται,
1772 697 1820 723 καὶ

1028 740 1188 775 διαμηνύειν
1215 741 1313 776 ἐκείνῳ
1338 742 1385 768 καί
1402 749 1434 776 γε
1450 741 1677 769 διαπυνθάνεσθαι
1703 742 1819 776 (ἥψαντο

1027 786 1083 820 γὰρ
1102 786 1137 812 τὰ
1151 786 1224 813 δεινὰ
1240 786 1286 813 καὶ
1303 786 1464 822 ἀρχιερέων)
1490 787 1657 821 ἐγνώκεσαν.
1673 787 1709 814 Τὸ
1723 788 1750 814 δὲ
1764 788 1819 823 μή-

1028 839 1112 865 νυμα,
1124 831 1287 866 καθημένων
1297 833 1326 860 ἐν
1340 832 1379 867 τῷ
1393 833 1621 869 ὲκκλησιαρχείῳ,
1638 835 1681 868 ἐφ’
1694 831 1716 868 ᾧ
1728 834 1819 868 σφίσιν

1034 876 1113 910 ἐφείη
1133 877 1269 904 συνελθεῖν
1284 877 1380 913 ἐκείνῳ
1399 878 1536 913 ἐρωτῆσαί
1548 887 1577 905 τε
1591 879 1638 905 καὶ
1649 879 1744 914 μαθεῖν
1759 878 1818 908 πῶς

1033 922 1120 949 ταῦτα
1132 924 1293 959 πράττοιντο
1304 931 1313 939 ⁶
1329 924 1397 959 μηδὲ
1414 925 1468 959 γὰρ
1495 925 1709 960 ὲκκλησιαστικὰ
1736 923 1817 956 εἷναι,

1032 967 1100 995 ἀλλὰ
1118 969 1268 1004 τυραννικὰ
1299 969 1334 995 τὰ
1362 970 1549 1005 πραττόμενα.
1572 970 1664 996 Ταῦτα
1691 970 1818 1003 λέγοντες

1035 1006 1276 1049 προσετίθουνκαὶ
1301 1015 1335 1042 τὰ
1349 1015 1516 1050 πραχθέντα,
1533 1016 1585 1042 ὅσα
1606 1024 1637 1042 τε
1655 1015 1707 1049 ἔξω
1721 1016 1773 1042 ὅσα
1787 1023 1817 1041 τε

1033 1061 1107 1092 ὲντὺς
1127 1060 1300 1096 ὲπράττοντο.
1330 1061 1382 1088 Τὸν
1407 1061 1428 1087 δ’
1455 1061 1609 1089 ἀκούσαντα
1626 1061 1656 1088 τὸ
1685 1062 1818 1096 παράπαν

1033 1152 1112 1178 etiam
1127 1151 1340 1186 eomprobandis
1355 1151 1415 1186 ejus
1432 1151 1548 1180 ministri
1563 1151 1643 1186 actis,
1659 1159 1776 1187 quorum
1789 1159 1819 1180 se

1034 1198 1091 1232 ipse
1106 1202 1246 1225 auctorem
1261 1205 1316 1225 non
1331 1198 1450 1226 obscure
1464 1198 1556 1226 ferret.

1031 1256 1075 1282 2|.
1095 1255 1128 1282 Ut
1153 1255 1224 1289 apud
1246 1255 1354 1283 clericos
1377 1257 1502 1291 primum,
1529 1257 1622 1284 deinde
1648 1256 1720 1289 apud
1747 1257 1819 1290 ipsos

1067 1291 1146 1317 etiam
1166 1292 1298 1325 episcopos
1316 1292 1432 1327 graviter
1454 1293 1617 1319 Athanasius
1631 1291 1780 1326 offenderit.

1067 1336 1099 1363 Et
1110 1345 1302 1371 processurum
1313 1338 1401 1364 fuerat
1411 1338 1481 1364 haud
1493 1337 1574 1364 dubie
1584 1338 1608 1364 in
1618 1337 1817 1365 diuturniorem

1031 1382 1239 1417 gravioremque
1256 1382 1418 1409 clericorum
1447 1383 1617 1410 vexationem
1645 1383 1696 1409 hoc
1718 1383 1755 1409 ita
1773 1383 1820 1410 de-

1030 1430 1161 1457 claratum
1182 1431 1354 1465 imperatoris
1369 1431 1395 1457 in
1410 1438 1457 1458 eos
1471 1431 1576 1461 odium.
1598 1430 1678 1465 166
1696 1430 1747 1456 nisi
1766 1430 1818 1456 alia

1030 1476 1154 1509 quaedam
1183 1484 1197 1503 a
1226 1477 1296 1504 Saba
1331 1484 1411 1504 ruere
1445 1485 1499 1512 qua
1534 1483 1654 1512 cmperat
1690 1482 1819 1512 pergente

189 1507 273 1558 polim
294 1506 456 1558 ingreditur.
474 1507 591 1558 lbi-eum
608 1517 728 1558 coquere
742 1512 834 1539 animo
850 1514 978 1547 apparuit
993 1518 1014 1545 ο
1033 1527 1134 1550 [emere
1156 1527 1298 1555 ειιρηιεω,
1323 1531 1383 1558 qua;
1408 1506 1472 1550 licet
1497 1506 1646 1558 prmsc'nim
1661 1524 1687 1550 in
1704 1524 1818 1551 clericos

189 1553 305 1581 surdum
336 1555 483 1588 quemdam
518 1555 545 1582 in
578 1555 782 1585 ecclesiasticos
813 1566 977 1592 rancorem,

188 1600 397 1634 erumpentibus
410 1601 525 1627 subinde
541 1601 589 1628 irae
606 1602 712 1630 ultricis
728 1603 835 1631 indiciis
851 1605 979 1632 dissimu-

189 1645 305 1672 lationes
329 1646 508 1673 eluctantem.
524 1646 614 1674 Causa
630 1648 684 1675 odii
703 1649 903 1677 obtendebatur
917 1656 977 1678 stu-

189 1691 264 1718 dium
283 1691 309 1718 in
328 1692 360 1719 iis
378 1700 468 1719 rerum
487 1700 619 1720 novarum
635 1699 660 1720 et
676 1695 800 1729 cogitata:
815 1695 978 1723 defectionis

190 1739 313 1770 crimen;
328 1739 406 1773 cujus
427 1738 454 1766 in
473 1744 663 1773 argumentum
682 1740 839 1774 rapiebatur
853 1749 946 1768 eorum
962 1749 977 1769 a

190 1785 344 1818 patriarcha
375 1786 505 1813 secessio.
541 1785 617 1813 Hanc
644 1787 716 1814 enim
748 1787 978 1821 interpretabatur

190 1835 279 1858 ortam
304 1839 336 1858 ex
364 1831 552 1865 indignatione
576 1832 740 1867 deprehensi
765 1833 903 1868 delatique
930 1842 977 1869 per

191 1878 290 1905 Sabam
308 1877 400 1904 iudicii
414 1877 582 1905 occultarum
601 1886 669 1912 quas
685 1878 737 1912 ipsi
755 1879 978 1906 machinarentur

187 1925 216 1951 in
234 1931 264 1951 se
283 1924 467 1950 molitionum.
485 1923 578 1958 Itaque
599 1923 653 1951 illis
668 1924 785 1958 quadam
808 1923 851 1951 die
873 1932 976 1952 convo-

188 1971 257 1998 catis
265 1971 373 1998 locutus
384 1975 426 1998 est
437 1970 463 1997 in
475 1971 639 1998 sententiam
649 1971 772 2006 apprime
781 1975 975 2007 congruentem

190 2018 317 2045 sensibus
340 2017 420 2045 Saba:
445 2022 472 2044 et
494 2018 538 2045 isti
555 2018 716 2052 patriarchae
731 2018 857 2046 ministro
871 2019 976 2053 gratiﬁ-

189 2067 297 2091 cantem
311 2073 318 2090 :
331 2064 419 2099 palam
431 2064 504 2091 enim
517 2065 635 2092 ostendit
649 2065 726 2099 signa
745 2066 869 2100 quaedam
885 2066 976 2094 minus

188 2110 343 2137 constantis
359 2110 386 2137 in
400 2117 429 2137 se
443 2110 518 2142 fidei,
530 2110 556 2137 in
569 2110 735 2145 quibusdam
749 2111 872 2145 ipsorum
881 2112 976 2139 obser-

187 2161 250 2183 vata
275 2164 335 2183 sese
359 2156 386 2183 in
409 2164 504 2184 omnes
529 2158 686 2190 extendere,
712 2163 795 2192 atque
818 2158 974 2185 universum

187 2203 290 2237 pariter
305 2202 428 2230 ordinem
447 2211 523 2230 reum
538 2211 667 2238 peragere
682 2212 785 2232 aversa
797 2213 813 2233 a
832 2213 862 2232 se
876 2206 971 2233 volun-
992 2194 1013 2222 θ

188 2249 252 2275 tatis
274 2248 491 2284 defectionisque
504 2250 637 2284 cogitataz.
655 2250 727 2277 Dixit
742 2251 875 2285 videlicet,
898 2260 976 2288 aquae

187 2295 279 2322 rivulo
293 2302 308 2322 e
323 2295 391 2322 mari
408 2295 495 2322 ductae
519 2296 583 2323 dum
601 2301 681 2331 gustu
697 2297 807 2332 salsugo
822 2298 976 2333 deprehen-

187 2342 275 2374 ditur,
297 2346 371 2369 certo
393 2347 553 2376 argumento
569 2343 659 2379 colligi
675 2345 753 2379 cujus
768 2345 878 2372 demum
897 2353 976 2381 sapo—

188 2390 227 2416 ris
237 2389 272 2415 sit
283 2396 356 2416 mare
371 2389 459 2423 ipsum
471 2394 569 2422 totum,
579 2390 650 2424 quod
662 2396 755 2418 natura
770 2391 839 2419 ferat
851 2393 974 2421 eamdem

188 2435 216 2462 in
237 2435 309 2462 stilla
333 2434 499 2469 deprehendi
526 2443 610 2463 sensu
633 2437 805 2471 qualitatem,
828 2446 889 2473 qua:
912 2440 974 2466 uni-

189 2489 297 2508 versum
323 2489 354 2508 ex
378 2489 432 2516 quo
452 2481 498 2509 illa
521 2487 563 2509 est
588 2483 673 2510 libata
696 2484 830 2519 liquorem
859 2486 972 2513 inflciat.

188 2526 278 2558 Quare
295 2526 357 2554 licet
372 2534 450 2561 aeque
461 2526 495 2554 de
505 2527 620 2563 singulis
632 2529 752 2563 ipsorum
768 2537 821 2557 non
835 2537 974 2560 exstarent

188 2577 349 2607 argumenta
378 2573 488 2607 propria
513 2581 650 2608 quemque
679 2575 874 2611 insitnulandi,
901 2583 974 2606 recte

188 2624 279 2646 tamen
311 2619 335 2646 ci
362 2625 476 2647 cunctos
504 2620 654 2654 suspicioni
685 2622 827 2657 suhjacere
856 2631 917 2658 quae
945 2624 972 2651 in

186 2665 348 2700 quibusdam
372 2665 492 2693 residere
514 2673 684 2694 cerneretur.
700 2667 773 2695 Talis
786 2670 909 2704 quasdam
925 2679 974 2697 au-

185 2713 241 2739 dita
270 2716 336 2739 tunc
367 2717 409 2740 est
440 2713 612 2748 imperatoris
638 2715 744 2747 oratio,
772 2716 875 2744 domini
906 2708 972 2746 sane

185 2759 278 2794 potius
307 2759 484 2795 supercilium
516 2760 614 2788 infensi
641 2769 723 2796 quam
756 2764 826 2798 equi
854 2764 969 2799 judicis,

185 2807 327 2835 veritatem
354 2808 520 2836 delationum
544 2809 727 2844 exquirentis,
750 2811 872 2838 sedatum
896 2812 971 2839 arbi-

185 2852 268 2880 trium
295 2854 450 2889 prwfercns.
472 2854 524 2884 Sed
541 2856 607 2885 tanti
629 2862 688 2886 erat
702 2857 838 2886 demereri
850 2859 969 2894 patriar-

1030 1568 1255 1601 intendebantur,
1279 1574 1368 1596 tamen
1395 1570 1586 1596 redundabant
1608 1570 1688 1596 etiam
1708 1569 1734 1596 in
1761 1569 1818 1604 epi-

1031 1623 1141 1649 scopos,
1154 1615 1205 1642 hos
1217 1615 1367 1643 movissent
1376 1615 1409 1642 ad
1422 1615 1642 1651 cognoscendum
1655 1616 1688 1642 de
1698 1615 1816 1649 negotio;

1030 1663 1102 1689 unde
1129 1662 1242 1696 contigit
1271 1661 1462 1696 imperatorem
1502 1670 1611 1697 quoque
1641 1662 1745 1689 turbari
1786 1669 1818 1689 ac

1030 1708 1149 1735 titubare
1168 1708 1194 1734 in
1214 1708 1354 1742 proposito
1381 1709 1453 1743 quod
1471 1709 1638 1741 ostenderat,
1658 1709 1817 1743 qualiacun-

1029 1761 1082 1787 que
1113 1753 1274 1787 patriarchae
1299 1760 1331 1780 ac
1355 1754 1414 1789 ejus
1448 1754 1634 1781 ministrorum
1669 1761 1728 1781 acta
1762 1759 1817 1781 tota

1029 1798 1136 1833 imperii
1155 1799 1318 1826 auctoritate
1333 1799 1507 1828 defendendi.
1523 1800 1586 1828 Moti
1605 1809 1669 1835 ergo
1683 1801 1816 1836 epistopi,

1029 1845 1101 1879 quod
1125 1845 1182 1880 jam
1207 1852 1295 1879 usque
1318 1845 1352 1871 ad
1373 1845 1459 1880 ipsos,
1481 1850 1510 1873 ut
1534 1850 1576 1873 est
1595 1846 1710 1877 dictum,
1738 1845 1816 1873 Salue

1029 1892 1215 1925 grassationes
1230 1891 1385 1926 pertingere
1405 1898 1553 1927 coeperant,
1569 1894 1684 1920 consilio
1701 1893 1771 1920 inter
1788 1901 1817 1920 se

1028 1937 1124 1964 habito
1137 1937 1318 1965 decreverunt
1336 1940 1484 1967 convenire
1497 1941 1693 1975 patriarcham,
1710 1946 1816 1973 repete~

1030 1990 1112 2017 reque
1128 1982 1161 2010 ab
1181 1990 1215 2010 eo
1237 1983 1370 2019 rationem
1393 1992 1487 2012 eorum
1506 1993 1567 2019 quae
1587 1993 1655 2014 nova
1671 1991 1698 2014 et
1715 1987 1748 2013 ab
1764 1994 1816 2014 usu

1029 2029 1193 2064 legibusque
1205 2029 1332 2057 Ecclesiae
1345 2030 1497 2058 abhorrere
1513 2031 1570 2058 visa
1590 2037 1760 2066 gererentur.
1781 2031 1816 2059 Ut

1026 2075 1099 2102 enim
1113 2075 1210 2102 tnedici
1225 2083 1280 2102 non
1293 2083 1355 2103 esse
1369 2083 1463 2111 pinnas
1476 2077 1598 2113 inﬂigere
1610 2078 1815 2113 languentibus,

1028 2120 1075 2148 sed
1090 2120 1255 2148 medicinam
1275 2121 1403 2149 adhibere
1420 2128 1601 2157 opportunam
1626 2124 1726 2151 mor-bis
1752 2124 1817 2151 illo-

1029 2175 1089 2194 rum
1101 2167 1252 2201 abigendis,
1264 2167 1300 2194 ita
1310 2175 1359 2194 nec
1368 2167 1485 2195 cilicium
1495 2169 1626 2197 antistitis
1638 2169 1664 2196 in
1674 2169 1816 2204 plectendo

1029 2218 1111 2247 atque
1133 2214 1290 2241 ulciscendo
1313 2213 1408 2246 situm,
1431 2221 1524 2242 verum
1543 2215 1570 2241 in
1595 2217 1725 2242 curandis
1741 2221 1767 2242 et
1782 2215 1814 2242 ad

1029 2256 1134 2292 frugem
1165 2259 1364 2288 emendationis
1391 2259 1553 2286 revocandis
1580 2260 1626 2294 qui
1657 2266 1815 2294 peecarunt.

1028 2302 1076 2330 His
1094 2304 1133 2331 sic
1152 2304 1177 2331 in
1200 2310 1337 2333 ennreutu
1363 2305 1491 2332 stabilitis
1512 2305 1674 2339 patriarcha:
1693 2305 1817 2333 indicant

1027 2358 1128 2385 cupere
1145 2351 1283 2379 antistites
1300 2351 1381 2379 simul
1399 2356 1581 2385 congregatos
1596 2351 1683 2385 ipsum
1701 2351 1814 2386 alloqui.

1027 2397 1190 2432 Assiguatus
1206 2398 1239 2424 ad
1256 2399 1308 2425 hoc
1324 2397 1402 2425 locus
1414 2402 1455 2424 est
1468 2397 1494 2423 in
1508 2397 1612 2425 aedibus
1625 2397 1714 2432 magni
1729 2397 1815 2424 eccle-

1027 2441 1153 2473 siarchae,
1171 2450 1226 2476 quo
1242 2450 1304 2470 cum
1322 2444 1441 2470 venisset
1455 2444 1621 2478 patriarcha,
1641 2443 1814 2470 considentrs

1026 2487 1148 2523 episcopi
1174 2496 1206 2515 ex
1230 2496 1262 2515 eo
1289 2497 1318 2516 se
1342 2489 1412 2516 velle
1438 2489 1535 2516 audire
1549 2489 1678 2516 dixerunt
1694 2496 1762 2523 quas
1779 2489 1814 2515 ob

1026 2541 1124 2561 causas
1139 2542 1170 2562 ea
1186 2542 1246 2569 qua:
1260 2534 1347 2562 Sabas
1360 2536 1513 2562 attentabat
1534 2535 1650 2562 ﬁerent:
1666 2542 1720 2562 non
1739 2535 1813 2562 enim

1026 2588 1086 2607 esse
1102 2580 1148 2607 illa
1164 2581 1359 2612 ecclesiastica,
1374 2582 1421 2608 sed
1434 2581 1573 2616 tyrannica
1588 2585 1659 2610 acta.
1672 2581 1720 2608 His
1733 2581 1815 2608 dictis

1025 2625 1209 2660 adjuuxerunt
1219 2627 1417 2662 expositionem
1431 2627 1603 2654 vexationum
1615 2628 1716 2662 quibus
1727 2626 1814 2654 Sabas

1026 2671 1110 2699 ferret
1127 2677 1273 2707 ageretque
1291 2673 1405 2700 miseros
1429 2673 1556 2705 clericos,
1578 2677 1605 2701 et
1632 2674 1658 2700 in
1676 2673 1814 2700 ecclesia-

1025 2718 1123 2745 sticum
1142 2718 1265 2745 ordinem
1279 2719 1437 2746 universum
1449 2719 1518 2746 clam
1536 2723 1564 2746 et
1576 2719 1676 2754 palam,
1697 2718 1770 2745 intus
1786 2722 1814 2745 et

1025 2768 1103 2790 extra
1134 2763 1292 2792 immaniter
1319 2765 1471 2800 acerbeque
1492 2769 1676 2799 grassaretur.
1701 2763 1739 2790 Ea
1768 2763 1814 2791 ille

1024 2810 1118 2837 audita
1131 2810 1172 2837 sic
1185 2818 1300 2845 prorsus
1315 2815 1443 2846 tanquam
1466 2811 1533 2838 nihil
1551 2811 1585 2839 ad
1602 2818 1632 2839 se
1645 2810 1814 2846 pertinerent

1025 2859 1163 2895 negligere
1179 2860 1302 2889 funditus
1319 2861 1394 2889 visus
1410 2866 1462 2895 est,
1481 2861 1582 2890 addens
1597 2865 1624 2890 et
1638 2867 1812 2897 conquerens
