1944 3061
162 99 223 133 185

643 102 693 132 DE
714 100 938 132 ANDRONICO
955 101 1187 133 PAUEOLOGO
1200 103 1276 135 LIB.
1290 105 1331 136 II.

1765 103 1817 134 185

161 157 243 192 μηδὲ
259 159 416 193 φροντίσαι,
430 158 498 186 ἀλλὰ
512 158 625 194 σκήψεις
636 158 709 185 τοῦτ’
725 155 795 185 εἶναι
807 158 888 192 φάναι
898 157 967 184 ἀπο·
981 162 1003 190 Α
1018 157 1073 193 πῦρ
1090 159 1221 193 ἀφανίσαι
1235 160 1300 192 τοὺς
1315 159 1506 192 ἀπειθοῦντας,
1517 159 1605 187 εἰπεῖν
1616 159 1661 186 τδν
1669 159 1821 194 Δεσπότην.

161 205 291 237 acacia;
317 205 370 240 τῆς
397 206 444 240 ἀφ’
472 205 567 238 αὐτοῦ,
586 205 633 232 καὶ
660 205 705 232 διὰ
723 204 758 231 τὰ
774 204 842 240 μηδὲ
864 204 971 231 δίκαιον

161 250 327 283 ἐγνωκέναι
341 251 412 286 πρὸς
435 252 545 283 τούτους
569 251 774 285 ἀπολογεῖσθαι.
807 251 852 282 Ὧς
869 250 897 276 δὲ
924 249 971 276 καὶ

163 293 256 326 αὖθις
271 295 425 330 πειρῶντες
440 296 489 322 οὐκ
510 296 632 327 ἔπειθον,
650 296 755 331 διιστᾷν
769 296 883 327 ἑαυτοὺς
896 295 972 321 ἐκεί-

163 346 218 365 νου
234 340 373 367 ἐδικαίουν
393 341 440 368 καὶ
455 338 528 368 οὗτοι
538 349 545 357 ·
559 341 590 368 τδ
602 341 655 377 γὰρ
669 341 800 369 τοιούτων
815 343 972 377 πραττομέ-

164 395 229 414 νων
249 391 446 423 συγκωνωνείν
474 389 511 424 μὴ
539 389 612 424 ἔχειν
637 389 717 424 λόγον
740 389 890 422 ἀπολογίας
913 390 972 421 τοῖς

169 435 369 469 μεμφομένοις
381 435 504 467 δικαίως.
522 435 653 462 Ἔπειθον
667 436 695 462 δὲ
707 436 754 462 καὶ
771 437 794 462 οἱ
810 436 874 469 περί
886 444 915 461 τε
926 436 972 476 τρν

167 480 319 507 Γεννὰδιον
335 482 382 507 καὶ
403 481 449 507 τὸν
466 481 622 516 Συλαιώτην
638 482 749 517 βασιλέα
767 482 802 516 μὴ
819 482 866 516 ἐᾷν
880 481 972 513 ἀνεξέ-

166 533 265 552 ταστα
277 526 376 556 ταῦτα,
390 524 448 553 ἀλλ’
467 527 620 562 ἐπαρήγειν
647 527 808 562 ἀρχιερεῦσι
824 527 913 558 καλῶς
928 527 972 552 λέ-

168 579 282 604 γουσιν,
300 573 405 603 Αὐτοὺς
421 572 475 608 γὰρ
501 571 571 599 εἶναι
592 574 701 605 πάντως
724 574 788 604 τοὺς
807 573 852 599 τὸν
866 574 906 604 είς
921 573 972 607 τὴν

170 618 367 653 πατριαρχίαν
392 619 561 654 ἀναγόμενον
587 621 720 654 χρησταῖς
745 619 911 655 μαρτυρίαις
926 628 973 645 συ·-

173 667 345 698 πήσανταε,
372 665 472 696 αὐτοὺς
495 665 524 692 δὲ
552 667 599 692 καὶ
617 666 701 693 πάλιν
726 665 918 700 διαγινώσκειν
935 666 972 696 ὡς

173 709 358 743 ἑπιχωλαίνοι
387 711 400 737 ὁ
430 711 615 746 μαρτυρηθεὶς
642 712 673 738 οὐ
699 712 801 745 φαῦλος
820 711 864 738 ἐπ’
881 711 973 743 ἄλλοις

173 754 228 788 τὴν
243 754 406 789 ποίμανσιν·
425 755 492 790 μηδὲ
508 756 562 791 γὰρ
587 757 677 784 πάντα
692 758 760 784 πᾶσι
776 757 876 784 διδόναι
893 757 972 785 Θεόν.

173 799 264 826 Ταῦτ’
278 797 349 827 εἶναι
359 800 438 831 Θεοῦ,
450 801 488 832 ὡς
505 802 608 834 πάντας
624 802 734 830 εἰδέναι.
756 804 810 830 Καί
825 812 857 837 γε
871 804 972 830 πολλά-

176 854 224 876 κις
236 845 284 872 τὸν
301 847 372 873 κατὰ
386 846 416 873 τὸ
429 847 525 882 neum
537 847 587 874 οὐκ
598 849 751 883 ἀπόϐλητον
765 850 835 876 κατά
850 849 881 876 τὸ
899 851 973 876 οἰκο-

177 892 294 925 νομικὸν
305 892 482 926 ὑποσκάζειν,
500 893 547 920 καὶ
562 891 641 925 αὖθις
655 895 834 929 ἀριστεύοντα
853 895 900 921 ἐπὶ
913 895 976 922 τού-

177 946 219 972 τῳ
239 938 276 972 μὴ
295 938 408 972 φθάνειν
422 939 473 974 τὴν
491 940 539 966 ἐπὶ
554 940 593 975 τῷ
612 941 744 974 πολιτικῷ
761 942 872 976 ἀρετήν.
897 941 975 968 Ἀνα-

180 984 340 1011 στέλλεσθαι
350 985 379 1011 δὲ
393 984 447 1020 τὴν
461 986 561 1013 κακίαν
576 986 659 1013 καλὸν
674 988 721 1013 καὶ
735 987 878 1021 προσῆκον
892 985 974 1019 εἶναι,

179 1029 253 1065 πλὴν
267 1030 345 1062 ἐντὸς
368 1031 476 1066 μέτρων
500 1032 545 1058 καὶ
572 1032 662 1066 νόμων
686 1031 818 1066 Χριστοῦ.
844 1031 936 1066 Νόμον
948 1032 977 1058 δὲ

181 1076 303 1112 Χριστοῦ
319 1077 430 1109 πάντως
446 1075 516 1104 εἴναι
530 1078 561 1104 τδ
578 1078 650 1113 ἱερὴν
661 1078 839 1113 Εὑαγγέλιον.
865 1079 939 1105 Ἐκεῖ
949 1078 977 1105 δὲ

183 1123 338 1157 ζητούντων
358 1124 413 1151 τῶν
435 1124 566 1160 μαθητῶν
583 1125 613 1157 ἑξ
629 1125 745 1162 οὐρανοῦ
768 1125 978 1160 καταγαγόντας

184 1213 250 1241 talia
274 1214 308 1241 ab
333 1214 388 1242 illis
410 1216 558 1243 memorari
576 1220 722 1251 praetextus
741 1217 905 1244 secessionis
919 1225 935 1244 a
950 1225 980 1245 se

184 1260 318 1288 faciendae
347 1262 546 1297 quaerentibus.
571 1262 661 1296 Quare
688 1271 921 1298 supervacaneum
951 1271 980 1290 se

184 1308 314 1335 arbitrari
325 1315 420 1335 curam
431 1309 503 1336 illam
512 1317 620 1337 sumere
629 1310 813 1346 objectiunum
824 1310 979 1337 istiusmodi

184 1354 389 1382 diluendarum.
401 1355 449 1382 His
459 1356 578 1390 episcopi
590 1356 674 1383 multa
685 1361 869 1390 reposuerunt
879 1356 981 1391 quibus

184 1402 209 1429 ei
235 1402 403 1435 persuadere
427 1408 594 1429 conarentur
610 1411 687 1438 aequa
705 1408 733 1430 et
755 1408 938 1430 consentanea
952 1411 981 1430 se

185 1454 300 1482 poscere
325 1455 332 1474 :
357 1447 404 1474 sed
429 1455 492 1475 eum
516 1448 585 1475 nihil
608 1449 704 1483 prolici
730 1448 981 1476 animadverterent

185 1493 247 1528 ipso
272 1493 462 1520 inﬂexibiliter
485 1493 513 1520 in
532 1493 633 1520 duritie
655 1497 806 1528 pet-stante,
829 1493 904 1520 clare
928 1492 980 1527 ipsi

1026 205 1063 236 ὡς
1080 205 1137 232 Οὐκ
1149 206 1237 232 οἴδατε
1262 207 1341 233 ποίου
1359 206 1513 242 πνεύματός
1527 207 1601 233 ἐστε.
1617 206 1654 232 Τὸ
1665 205 1720 240 γὰρ
1737 205 1812 232 καλέ-

1026 259 1076 278 σαν
1090 251 1209 283 ἐκείνους
1224 252 1345 286 πνεῦμα,
1358 252 1409 279 κᾶν
1427 253 1513 287 μήπω
1525 252 1624 283 οἴδασι,
1638 251 1741 286 πλῆρες
1754 252 1820 284 ἁγα-

1025 297 1149 333 θωσύνης
1164 298 1210 324 καὶ
1223 298 1430 334 φιλανθρωπίας
1443 299 1490 325 καὶ
1505 298 1738 332 συγκαταόἀσεως
1749 297 1820 332 πρὸς

1024 343 1088 375 τοὺς
1102 344 1321 379 ἁμαρτάνοντας,
1335 345 1384 371 ἀλλ
1408 344 1438 371 οὗ
1452 345 1588 380 τιμωρίας
1601 345 1648 371 καὶ
1662 345 1819 379 ἀγανακτή-

1027 398 1094 421 σεως
1120 391 1168 417 καὶ
1188 390 1336 423 κολάσεως.
1366 391 1447 417 Ταῦτ’
1477 391 1589 418 ἐκείνων
1615 391 1750 424 λεγόντων
1773 390 1819 416 καὶ

1025 437 1177 471 ἀμφικλινῆ
1194 437 1239 463 τὸν
1251 437 1364 471 βασιλέα
1382 437 1542 470 ποιούντων,
1569 436 1665 471 καιροῦ
1679 437 1818 471 δραξάμε-

1025 491 1065 508 νοι
1080 483 1103 508 oi
1125 483 1216 513 κακῶς
1233 483 1265 510 ἐκ
1277 493 1357 509 τινων
1372 484 1468 509 αἰτιῶν
1489 483 1596 518 ἔχοντες
1611 483 1707 517 ἐκείνῳ
1724 483 1820 518 ἐθορύ-

1027 527 1090 554 6ουν
1106 529 1153 555 καὶ
1163 529 1314 564 γράφοντες
1332 530 1501 564 κατηγορίας
1514 530 1634 559 ἀτόπους
1649 529 1762 560 ἐδίδουν,
1773 529 1820 555 καὶ

1026 574 1124 608 ἀνέδην
1147 574 1291 609 λοιδορίαις
1318 576 1473 609 μονωθέντα
1504 575 1557 601 τῶν
1575 575 1617 611 [Ρ.
1635 574 1695 610 HQ]
1716 575 1819 601 πολλῶν

1026 619 1214 653 περιέὸαλλον,
1232 619 1303 646 ὥστε
1332 621 1378 646 καὶ
1398 622 1447 655 μιᾷ
1463 621 1607 653 ἱσταμένου
1624 620 1680 647 ἄνω
1696 629 1758 652 που,
1773 621 1820 647 καὶ

1025 664 1079 690 τῶν
1109 663 1202 699 ὓμνων
1227 664 1429 697 ὲξανυσοέντων
1454 664 1665 697 ὲπευλογοῦντος
1694 665 1764 691 κατὰ
1788 665 1819 691 τὸ

1027 711 1152 744 σύνηθες,
1175 711 1253 742 τινὰς
1264 711 1371 738 ἐκείνου
1387 711 1510 738 κάτωθεν
1528 711 1691 744 ἱσταμένους
1706 711 1819 745 κράζειν

1027 756 1073 783 καὶ
1097 756 1231 791 ἀπόφημι
1255 757 1316 783 κατ’
1335 757 1438 784 ἐκείνου
1456 758 1556 791 λέγειν,
1571 757 1609 787 ὡς
1625 756 1659 783 ἂν
1676 757 1756 784 πλέον
1774 757 1819 784 τοῦ

1026 803 1131 834 εἰκότος
1150 803 1193 830 διὰ
1205 804 1235 830 τδ
1255 805 1332 838 μῖσος
1348 803 1641 838 καταυθαδιζομὲνους.

991 851 1013 881 Β
1027 860 1079 896 κβ¹.
1096 860 1300 896 Ἀναχώρησις
1313 861 1367 888 τοῦ
1386 860 1561 887 Ἀθανασίου
1570 860 1604 886 ἐκ
1616 859 1670 886 τοῦ
1682 869 1821 894 πατριαρ-

1373 897 1458 931 zelon

1068 944 1144 970 Ἐπεὶ
1162 943 1228 976 γοῦν
1240 943 1400 976 ’Ᾱθᾳνάσιος
1413 944 1485 977 ἔγνω
1500 945 1631 979 μονωθεὶς
1645 945 1693 971 καὶ
1709 943 1760 975 τὰς
1772 943 1818 970 αι-

1029 990 1088 1021 τίας
1099 990 1128 1023 ἐξ
1145 990 1227 1017 αὐτοῦ
1247 999 1276 1016 τε
1303 990 1417 1017 καὶτῶν
1440 991 1507 1026 περὶ
1532 991 1614 1017 αὑτὸν
1637 990 1818 1026 ὡρμημένας,

1027 1037 1078 1068 τὰς
1094 1037 1121 1063 δὲ
1136 1037 1272 1072 λοιδορίας
1289 1037 1343 1064 ἀπὸ
1367 1037 1472 1064 πολλῶν
1489 1037 1701 1071 συμϐαινούσας,
1718 1037 1756 1068 ὡς
1771 1037 1819 1062 καὶ

1029 1084 1120 1118 κρίσιν
1139 1083 1226 1110 Θέλειν
1251 1083 1339 1117 ἄγειν,
1356 1085 1403 1110 καὶ
1424 1083 1474 1110 οὐκ
1495 1084 1597 1110 ἀνυστά
1618 1084 1643 1110 at
1658 1083 1775 1117 γένοιτο.
1793 1083 1818 1108 εί

1030 1129 1162 1165 βούλοιτο,
1179 1129 1230 1164 τὴν
1243 1129 1325 1165 τιμὴν
1335 1129 1462 1165 κατέχειν
1477 1129 1556 1165 (μηδὲ
1570 1129 1624 1164 γὰρ
1639 1127 1763 1155 ἐντεῦθεν
1778 1126 1820 1153 sl-

1031 1218 1239 1253 improbentur,
1265 1218 1336 1246 haud
1361 1226 1440 1254 teque
1462 1219 1594 1247 inoﬂ'ense
1620 1219 1765 1253 procedere
1791 1219 1822 1246 in

1030 1265 1230 1299 gubernatione
1245 1265 1344 1292 domus
1359 1266 1475 1300 propriae
1493 1274 1500 1293 :
1521 1273 1618 1293 rursus
1631 1265 1738 1301 egregie
1761 1265 1822 1292 l'un-

1031 1315 1137 1346 gentem
1165 1319 1221 1338 suae
1250 1311 1380 1346 regimine
1408 1310 1534 1344 familiae,
1571 1311 1698 1338 civilibus
1724 1311 1825 1338 deinde

1031 1356 1224 1384 curationibus
1231 1356 1371 1384 admotum
1382 1357 1494 1384 minime
1505 1364 1598 1391 parem
1609 1356 1824 1383 administrandi

1033 1403 1205 1437 magistratus
1215 1402 1379 1430 industriam
1392 1403 1517 1437 probare.
1531 1402 1733 1437 Improhitalcm
1743 1409 1822 1429 coer-

1031 1448 1087 1475 ceri
1107 1448 1253 1475 honestum
1275 1456 1341 1476 sane
1357 1457 1388 1476 ac
1407 1449 1573 1476 conveniens
1587 1456 1657 1481 esse,
1676 1456 1768 1475 rerum
1795 1448 1825 1475 idv

1033 1492 1090 1520 ﬁeri
1115 1493 1214 1520 debere
1240 1494 1310 1520 intra
1345 1494 1446 1521 limites
1480 1494 1568 1528 legum
1597 1493 1708 1520 Christi.
1738 1493 1826 1528 Leges

185 1539 386 1567 denuntiarunt
415 1539 476 1574 cogi
504 1547 534 1566 se
556 1539 644 1566 oﬂicio
678 1542 765 1571 adise
789 1540 863 1574 ipsos
883 1547 897 1566 a
926 1543 979 1566 tam
996 1529 1018 1559 (ἶ
1034 1544 1123 1566 autem
1149 1540 1250 1567 Christi
1279 1540 1391 1567 omnino
1412 1547 1473 1567 esse
1499 1547 1608 1567 sacrum
1635 1539 1822 1574 Evangeliunt.

186 1585 439 1612 inconvenientium
465 1590 588 1613 actorum
615 1586 690 1612 omni
709 1585 918 1620 participatione
941 1593 983 1612 re—

185 1632 350 1658 movendos.
372 1630 466 1665 Neque
490 1632 563 1658 enim
586 1639 616 1659 se
639 1639 719 1666 posse
738 1632 820 1666 justas
835 1639 980 1658 censuram

186 1677 415 1711 reprehensionis
433 1677 488 1705 ulla
505 1678 684 1705 excusatione
699 1678 803 1712 fugere.
819 1678 841 1705 si
858 1685 983 1712 perseve-

187 1724 277 1750 rando
294 1724 321 1750 in
340 1724 536 1751 communione
559 1731 622 1752 cum
640 1724 676 1751 iis
700 1724 748 1758 qui
771 1725 810 1751 sic
829 1723 983 1752 inordinate

187 1777 220 1797 ac
242 1775 345 1797 temere
361 1774 555 1804 operarentur,
578 1774 632 1797 tam
657 1770 886 1805 improbabilibus
902 1770 982 1799 factis

187 1815 398 1850 approbationis
420 1824 477 1843 sua:
499 1824 637 1851 apponere
657 1817 791 1844 calculum
810 1817 888 1852 167
905 1817 983 1844 vide~

189 1866 296 1889 rentur.
310 1862 367 1888 Sub
380 1861 437 1888 haec
448 1861 607 1888 Gennadius
617 1866 643 1889 et
657 1861 773 1897 Sylzeota
788 1862 979 1897 imperatorem

190 1908 318 1943 privatim
341 1914 505 1935 conventum
523 1908 644 1942 graviter
660 1913 837 1940 monuerunt.
860 1916 913 1935 non
934 1909 982 1936 de-

193 1956 258 1982 bere
284 1955 373 1989 ipsum
406 1955 497 1982 sinere
528 1962 571 1982 res
604 1959 659 1981 tam
690 1960 824 1989 suspectae
851 1954 982 1981 novitatis

192 2003 363 2029 indiscussas
376 2001 485 2029 socordi
501 2001 645 2028 tolerantia
660 2001 820 2028 transmitti.
837 2000 908 2034 Quin
923 2001 983 2036 ejus

190 2055 254 2076 esse
274 2048 354 2074 cilicii
381 2054 544 2074 succurrere
567 2048 752 2082 praesulibus,
777 2048 845 2074 nihil
870 2047 940 2082 aequi
967 2055 982 2074 a

192 2095 358 2130 patriarcha,
376 2095 502 2129 quamvis
515 2094 587 2129 justa
605 2098 631 2121 et
649 2099 722 2120 recta
737 2094 884 2128 postulent.
900 2094 983 2128 impe-

193 2140 341 2167 trantibus.
366 2139 422 2167 Nec
450 2140 522 2167 enim
549 2140 576 2167 in
599 2140 661 2167 illos
682 2139 780 2167 cadere
795 2140 982 2174 exceptionem

1034 1585 1093 1612 Illic
1109 1589 1199 1612 autem
1219 1585 1270 1620 legi
1285 1585 1435 1620 discipulos
1455 1585 1602 1620 aliquando
1620 1584 1709 1619 ignem
1726 1592 1740 1611 e
1752 1585 1827 1612 caelo

1034 1632 1208 1664 devocautes,
1230 1632 1276 1667 qui
1300 1632 1354 1659 sibi
1372 1639 1424 1659 non
1442 1632 1592 1666 morigeros
1608 1635 1793 1665 consumeret,
1808 1639 1825 1658 ιδ

1033 1679 1149 1706 Domino
1159 1679 1268 1706 audisse
1282 1679 1391 1706 nescire
1404 1679 1479 1714 ipsos
1495 1678 1575 1713 cujus
1591 1677 1704 1712 spiritus
1720 1683 1821 1705 essent.

1033 1725 1100 1751 Nam
1139 1725 1185 1759 qui
1225 1729 1336 1752 vocarat
1376 1725 1454 1759 ipsos
1492 1724 1628 1758 spiritus,
1673 1722 1735 1750 licet
1772 1723 1826 1750 hoc

1034 1771 1123 1798 adhuc
1138 1772 1311 1806 ignorarent,
1321 1771 1418 1806 plenus
1434 1769 1826 1809 benignitatisjhumanitatis,

1033 1816 1296 1843 accommodatioriis
1317 1816 1350 1842 ad
1367 1816 1458 1851 lapsos
1472 1817 1498 1843 in
1516 1819 1622 1853 culpam
1644 1818 1756 1853 spiritus
1770 1822 1828 1848 est,

1034 1869 1088 1888 non
1104 1866 1194 1888 autem
1210 1860 1332 1894 ultionis,
1346 1861 1551 1897 indignationis,
1566 1864 1720 1891 severitatis
1732 1864 1827 1889 inexo-

1034 1908 1138 1935 rabilis.
1156 1907 1213 1934 Tali
1231 1908 1356 1935 oratione
1373 1916 1435 1935 cum
1455 1909 1482 1935 hi
1501 1909 1556 1936 duo
1573 1910 1731 1944 ambiguum
1745 1909 1828 1937 fecis-

1034 1959 1093 1982 Sent
1121 1954 1294 1987 imperatoris
1325 1954 1459 1986 animum,
1491 1960 1599 1989 captato
1631 1960 1750 1990 tempore
1776 1955 1824 1990 qui

1035 2000 1096 2026 aliis
1119 2000 1200 2026 etiam
1228 2002 1260 2026 de
1286 1999 1378 2026 causis
1399 2007 1514 2027 exosum
1532 2001 1612 2036 168
1626 2001 1759 2028 habebant
1778 2008 1825 2035 pa-

1035 2046 1195 2076 triarcham,
1215 2046 1329 2073 turbare
1347 2046 1460 2073 liberius
1477 2051 1629 2081 cceperunt,
1653 2048 1724 2074 datis
1742 2054 1825 2074 arcu--

1034 2092 1172 2120 sationum
1191 2099 1301 2119 errores
1318 2091 1369 2126 ipsi
1388 2091 1602 2121 absurdissimos
1628 2093 1824 2128 imputantium

1034 2138 1144 2170 libellis,
1170 2142 1226 2164 tum
1251 2138 1378 2165 eumdem
1405 2138 1475 2166 lueis
1501 2148 1514 2166 a
1542 2146 1678 2166 concursu
1703 2139 1828 2167 seductis

195 2187 320 2214 idoneam
356 2186 541 2220 suspicionis,
574 2185 653 2220 quasi
687 2186 850 2220 patriarcha:
881 2193 976 2221 parum
998 2189 1222 2226 Doccurrentem
1247 2185 1356 2219 probris
1379 2184 1467 2220 palam
1494 2186 1681 2220 conviciisque
1704 2186 1828 2220 proscin-

195 2231 322 2264 faveant;
341 2240 422 2266 quem
444 2232 537 2266 utique
552 2232 604 2266 ipsi
621 2237 825 2266 promoverunt,
841 2232 899 2259 suis
916 2240 978 2259 eum

196 2277 333 2312 suﬂragiis
363 2281 390 2304 et
422 2277 579 2305 honorificis
611 2277 777 2305 testimoniis
804 2278 836 2305 ad
867 2286 982 2306 summae

197 2332 278 2357 quam
305 2324 442 2351 obtineret
470 2324 611 2358 dignitatis
643 2324 816 2358 adeptionem
841 2332 982 2352 commen-

195 2369 298 2397 dantes.
327 2371 459 2397 Cazterum
481 2371 575 2398 eadem
598 2370 651 2398 ﬁde
673 2378 726 2406 qua
751 2375 808 2398 tum
828 2379 889 2405 quae
904 2372 930 2398 in
951 2379 984 2398 eo

196 2415 339 2442 laudarent
363 2416 559 2450 praedicarunt,
585 2416 667 2444 modo
690 2424 908 2444 commemorare
925 2425 984 2452 qua:

199 2461 225 2488 in
251 2469 284 2488 eo
318 2462 491 2496 postmodum
527 2462 677 2489 desiderari
708 2462 906 2497 deprehenSnm
939 2463 984 2490 sit.

197 2507 275 2535 Prodi
292 2509 364 2536 enim
379 2516 462 2536 cursu
482 2508 613 2544 temporis
629 2508 741 2536 latentia
757 2509 832 2542 prius
844 2509 984 2536 hominum

198 2555 272 2588 vitia,
294 2559 321 2581 ct
348 2555 493 2581 occasione
520 2555 694 2589 negotiorum
717 2559 832 2582 naturas
856 2555 985 2590 perspici.

200 2599 244 2627 Sic
260 2608 306 2626 eos
323 2599 492 2626 intellexisse
508 2600 591 2632 hunc,
615 2601 660 2634 qui
677 2601 787 2628 dotibus
806 2601 839 2627 ad
859 2600 988 2628 Ecclesia:

199 2645 423 2680 gubernationem
444 2645 547 2681 alioqui
570 2646 642 2680 aptis
661 2646 809 2673 instructus
826 2646 871 2678 sit,
888 2646 915 2673 in
929 2646 990 2680 qui-

199 2691 312 2719 busdam
332 2691 391 2727 ejus
417 2692 574 2726 multiplicis
592 2691 670 2719 omcii
687 2692 840 2720 claudicare
854 2693 988 2726 partibus.

200 2737 332 2765 Nimirum
352 2745 405 2765 non
432 2738 560 2765 omnibus
579 2738 671 2766 omnia
687 2738 772 2765 Deum
787 2738 861 2765 dare.
876 2738 990 2766 Cunctis

199 2784 298 2818 quippe
322 2789 418 2810 notum
439 2790 501 2810 esse
514 2784 585 2810 dona
606 2790 667 2810 esse
682 2782 728 2811 Dei
744 2783 820 2810 dotes
845 2784 990 2818 ejusmodi.

200 2830 294 2865 itaque
317 2829 420 2864 smpius
444 2829 624 2857 animadverti
641 2837 716 2863 cum,
736 2829 814 2865 cujus
829 2837 920 2858 mores
938 2839 991 2858 non

1034 2230 1140 2258 dentes.
1161 2231 1255 2266 quue
1270 2237 1314 2258 res
1333 2231 1479 2266 processit,
1497 2237 1527 2258 ut
1542 2231 1602 2266 ipso
1616 2231 1733 2266 quadam
1753 2232 1798 2259 die
1812 2241 1826 2259 e

1032 2277 1092 2304 loco
1102 2277 1211 2304 sublimi
1221 2276 1347 2312 perfectis
1357 2277 1463 2312 hymnis
1470 2278 1569 2313 populo
1575 2278 1690 2312 defmore
1697 2279 1830 2313 benepre—

1033 2327 1113 2350 cante
1129 2324 1328 2350 succlamantes
1339 2323 1422 2358 aliqui
1436 2324 1587 2351 maledictis
1601 2332 1662 2351 eum
1673 2323 1826 2352 laceraren'

1035 2367 1206 2399 fmdissimis.
1220 2369 1293 2400 odio,
1305 2373 1448 2403 postquam
1460 2370 1530 2396 ultra
1542 2370 1653 2397 modum
1672 2376 1827 2405 exarserat,

1037 2413 1063 2440 in
1078 2413 1152 2448 justo
1174 2414 1348 2441 audaciorem
1374 2414 1569 2449 impudentiam
1590 2422 1798 2451 prorumpente.

1141 2459 1186 2486 22.
1199 2459 1323 2486 Recessu;
1336 2460 1478 2488 Athanasii
1504 2469 1536 2487 ea:
1547 2461 1721 2495 patriarclu'o.

1071 2504 1219 2539 Postquam
1234 2513 1300 2539 ergo
1319 2513 1348 2532 se
1367 2505 1536 2533 Athanasius
1552 2506 1715 2534 destitutum
1732 2515 1745 2533 a
1767 2507 1826 2541 ple-

1038 2552 1131 2586 risque
1157 2551 1299 2583 intellexit,
1319 2552 1470 2579 arersionis
1496 2559 1597 2580 causas
1613 2562 1644 2580 ex
1662 2562 1691 2581 se
1715 2555 1828 2587 suisque

1039 2603 1125 2629 ortas,
1141 2598 1203 2625 odia
1217 2605 1280 2624 vero
1291 2597 1464 2625 infensorum
1478 2598 1529 2626 sibi
1546 2599 1726 2633 plurimorum
1740 2607 1827 2634 usque

1040 2643 1073 2670 ad
1095 2644 1276 2670 contumelias
1299 2649 1326 2670 et
1350 2644 1475 2671 convicia
1501 2652 1689 2680 prorumpere,
1715 2653 1828 2680 remque

1040 2689 1073 2716 ad
1090 2689 1221 2723 judicium
1243 2694 1379 2723 spectare,
1402 2697 1458 2724 quo
1474 2690 1546 2717 haud
1569 2691 1652 2718 dubie
1674 2690 1827 2718 coorientcs

1042 2736 1162 2770 undique
1181 2736 1371 2763 accusationes
1397 2740 1509 2768 vocent,
1536 2738 1604 2764 satis
1627 2741 1729 2771 patere,
1747 2736 1769 2763 si
1785 2737 1828 2764 vel

1043 2790 1149 2809 summo
1172 2787 1271 2809 conatu
1290 2782 1450 2808 connitatur
1471 2782 1587 2809 retinere
1601 2782 1828 2816 patriarchaturn,

1045 2829 1070 2854 in
1084 2827 1129 2855 tali
1141 2827 1288 2856 ollcnsionc
1302 2827 1455 2855 animorum
1471 2835 1503 2855 ac
1519 2835 1609 2854 rct'um
1625 2828 1828 2862 perturbatione
