  <div class='ocr_page' id='page_1' title='image "/cluster/home/n/w/nwhite01/storage/ocr_20150623/144/njp.32101010942892/107.png"; bbox 0 0 1944 3061; ppageno 0'>
   <div class='ocr_carea' id='block_1_1' title="bbox 143 90 193 122">
    <p class='ocr_par' dir='ltr' id='par_1_1' title="bbox 143 90 193 122">
     <span class='ocr_line' id='line_1_1' title="bbox 143 90 193 122; baseline -0.04 0"><span class='ocrx_word' id='word_1_1' title='bbox 143 90 193 122; x_wconf 76' lang='lat'><strong>187</strong></span> 
     </span>
    </p>
   </div>
   <div class='ocr_carea' id='block_1_2' title="bbox 719 96 1143 128">
    <p class='ocr_par' dir='ltr' id='par_1_2' title="bbox 719 96 1143 128">
     <span class='ocr_line' id='line_1_2' title="bbox 719 96 1143 128; baseline 0.009 -3"><span class='ocrx_word' id='word_1_2' title='bbox 719 96 881 126; x_wconf 79' lang='lat' dir='ltr'><strong>GEORGII</strong></span> <span class='ocrx_word' id='word_1_3' title='bbox 903 97 1143 128; x_wconf 66' lang='lat' dir='ltr'><strong>PACHYMERE</strong></span> 
     </span>
    </p>
   </div>
   <div class='ocr_carea' id='block_1_3' title="bbox 1717 95 1769 128">
    <p class='ocr_par' dir='ltr' id='par_1_3' title="bbox 1717 95 1769 128">
     <span class='ocr_line' id='line_1_3' title="bbox 1717 95 1769 128; baseline -0.038 0"><span class='ocrx_word' id='word_1_4' title='bbox 1717 95 1769 128; x_wconf 79' lang='lat'><strong>188</strong></span> 
     </span>
    </p>
   </div>
   <div class='ocr_carea' id='block_1_4' title="bbox 142 147 1767 190">
    <p class='ocr_par' dir='ltr' id='par_1_4' title="bbox 142 147 1767 190">
     <span class='ocr_line' id='line_1_4' title="bbox 142 147 1767 190; baseline -0.004 -6"><span class='ocrx_word' id='word_1_5' title='bbox 142 156 185 173; x_wconf 59' lang='lat' dir='ltr'><strong>Vi“</strong></span> <span class='ocrx_word' id='word_1_6' title='bbox 213 147 258 175; x_wconf 59' lang='grc' dir='ltr'><strong>’δν</strong></span> <span class='ocrx_word' id='word_1_7' title='bbox 282 147 476 181; x_wconf 66' lang='grc' dir='ltr'><strong>ειρηνεύσδντα</strong></span> <span class='ocrx_word' id='word_1_8' title='bbox 493 148 509 183; x_wconf 72' lang='grc' dir='ltr'><strong>ἢ</strong></span> <span class='ocrx_word' id='word_1_9' title='bbox 527 148 573 176; x_wconf 55' lang='grc' dir='ltr'><strong>καὶ</strong></span> <span class='ocrx_word' id='word_1_10' title='bbox 588 149 775 186; x_wconf 75' lang='grc' dir='ltr'>προσέξοντα).</span> <span class='ocrx_word' id='word_1_11' title='bbox 799 152 927 186; x_wconf 76' lang='grc' dir='ltr'>καθυφίει</span> <span class='ocrx_word' id='word_1_12' title='bbox 940 153 964 181; x_wconf 83' lang='grc' dir='ltr'><strong>Α</strong></span> <span class='ocrx_word' id='word_1_13' title='bbox 979 154 1084 186; x_wconf 74' lang='grc' dir='ltr'>ἐπιθεὶς</span> <span class='ocrx_word' id='word_1_14' title='bbox 1101 155 1170 190; x_wconf 83' lang='grc' dir='ltr'>πλὴν</span> <span class='ocrx_word' id='word_1_15' title='bbox 1186 155 1216 181; x_wconf 86' lang='grc' dir='ltr'>οὺ</span> <span class='ocrx_word' id='word_1_16' title='bbox 1232 154 1333 188; x_wconf 61' lang='grc' dir='ltr'>γυμνὸν</span> <span class='ocrx_word' id='word_1_17' title='bbox 1353 153 1398 180; x_wconf 65' lang='grc' dir='ltr'>τδν</span> <span class='ocrx_word' id='word_1_18' title='bbox 1417 153 1531 189; x_wconf 78' lang='grc' dir='ltr'><strong>χάρτην,</strong></span> <span class='ocrx_word' id='word_1_19' title='bbox 1545 152 1613 179; x_wconf 77' lang='grc' dir='ltr'>ἀλλὰ</span> <span class='ocrx_word' id='word_1_20' title='bbox 1629 152 1706 179; x_wconf 66' lang='grc' dir='ltr'>δυσὶν</span> <span class='ocrx_word' id='word_1_21' title='bbox 1721 153 1767 178; x_wconf 70' lang='grc' dir='ltr'><strong>ὲκ·-</strong></span> 
     </span>
    </p>
   </div>
   <div class='ocr_carea' id='block_1_5' title="bbox 143 193 931 232">
    <p class='ocr_par' dir='ltr' id='par_1_5' title="bbox 143 193 931 232">
     <span class='ocr_line' id='line_1_5' title="bbox 143 193 931 232; baseline 0.006 -13"><span class='ocrx_word' id='word_1_22' title='bbox 143 193 190 219; x_wconf 74' lang='grc' dir='ltr'><strong>καὶ</strong></span> <span class='ocrx_word' id='word_1_23' title='bbox 205 193 278 221; x_wconf 70' lang='grc' dir='ltr'>ἄκων</span> <span class='ocrx_word' id='word_1_24' title='bbox 296 193 346 227; x_wconf 78' lang='grc' dir='ltr'><strong>τῆς</strong></span> <span class='ocrx_word' id='word_1_25' title='bbox 360 194 537 228; x_wconf 77' lang='grc' dir='ltr'>προστασίας.</span> <span class='ocrx_word' id='word_1_26' title='bbox 560 195 618 222; x_wconf 82' lang='grc' dir='ltr'>Οὐκ</span> <span class='ocrx_word' id='word_1_27' title='bbox 642 196 730 230; x_wconf 72' lang='grc' dir='ltr'>ὀλίγοι</span> <span class='ocrx_word' id='word_1_28' title='bbox 748 198 802 232; x_wconf 83' lang='grc' dir='ltr'><strong>γὰρ</strong></span> <span class='ocrx_word' id='word_1_29' title='bbox 817 198 931 224; x_wconf 77' lang='grc' dir='ltr'>καὶτῶν</span> 
     </span>
    </p>
   </div>
   <div class='ocr_carea' id='block_1_6' title="bbox 143 238 930 276">
    <p class='ocr_par' dir='ltr' id='par_1_6' title="bbox 143 238 930 276">
     <span class='ocr_line' id='line_1_6' title="bbox 143 238 930 276; baseline 0.008 -12"><span class='ocrx_word' id='word_1_30' title='bbox 143 238 206 273; x_wconf 73' lang='grc' dir='ltr'><strong>χθὲς</strong></span> <span class='ocrx_word' id='word_1_31' title='bbox 227 239 274 264; x_wconf 73' lang='grc' dir='ltr'>καὶ</span> <span class='ocrx_word' id='word_1_32' title='bbox 290 239 343 274; x_wconf 82' lang='grc' dir='ltr'><strong>πρὸ</strong></span> <span class='ocrx_word' id='word_1_33' title='bbox 367 239 461 273; x_wconf 80' lang='grc' dir='ltr'><strong>τρίτης</strong></span> <span class='ocrx_word' id='word_1_34' title='bbox 480 240 532 266; x_wconf 83' lang='grc' dir='ltr'>τῶν</span> <span class='ocrx_word' id='word_1_35' title='bbox 559 241 631 268; x_wconf 83' lang='grc' dir='ltr'>ίδίων</span> <span class='ocrx_word' id='word_1_36' title='bbox 656 242 731 276; x_wconf 83' lang='grc' dir='ltr'>παρὰ</span> <span class='ocrx_word' id='word_1_37' title='bbox 754 243 808 269; x_wconf 84' lang='grc' dir='ltr'>τῶν</span> <span class='ocrx_word' id='word_1_38' title='bbox 825 243 930 270; x_wconf 73' lang='grc' dir='ltr'>ἐκείνου</span> 
     </span>
    </p>
   </div>
   <div class='ocr_carea' id='block_1_7' title="bbox 145 285 931 324">
    <p class='ocr_par' dir='ltr' id='par_1_7' title="bbox 145 285 931 324">
     <span class='ocr_line' id='line_1_7' title="bbox 145 285 931 324; baseline 0.008 -14"><span class='ocrx_word' id='word_1_39' title='bbox 145 285 330 319; x_wconf 77' lang='grc' dir='ltr'><strong>στερηθέντων</strong></span> <span class='ocrx_word' id='word_1_40' title='bbox 341 287 407 321; x_wconf 77' lang='grc' dir='ltr'>ὁμοῦ</span> <span class='ocrx_word' id='word_1_41' title='bbox 418 288 643 322; x_wconf 84' lang='grc' dir='ltr'>συμφορήσαντες</span> <span class='ocrx_word' id='word_1_42' title='bbox 650 288 790 323; x_wconf 86' lang='grc' dir='ltr'>διεφόρουν</span> <span class='ocrx_word' id='word_1_43' title='bbox 804 288 887 324; x_wconf 79' lang='grc' dir='ltr'>ἄρδην</span> <span class='ocrx_word' id='word_1_44' title='bbox 899 289 931 315; x_wconf 82' lang='grc' dir='ltr'><strong>τὰ</strong></span> 
     </span>
    </p>
   </div>
   <div class='ocr_carea' id='block_1_8' title="bbox 144 330 931 369">
    <p class='ocr_par' dir='ltr' id='par_1_8' title="bbox 144 330 931 369">
     <span class='ocr_line' id='line_1_8' title="bbox 144 330 931 369; baseline 0.006 -13"><span class='ocrx_word' id='word_1_45' title='bbox 144 330 207 357; x_wconf 75' lang='grc' dir='ltr'>[δια.</span> <span class='ocrx_word' id='word_1_46' title='bbox 225 332 256 356; x_wconf 80' lang='lat' dir='ltr'><strong>Ol</strong></span> <span class='ocrx_word' id='word_1_47' title='bbox 273 331 302 358; x_wconf 77' lang='grc' dir='ltr'><strong>δὲ</strong></span> <span class='ocrx_word' id='word_1_48' title='bbox 328 333 375 358; x_wconf 80' lang='grc' dir='ltr'>καὶ</span> <span class='ocrx_word' id='word_1_49' title='bbox 388 333 444 364; x_wconf 84' lang='grc' dir='ltr'>τοῖς</span> <span class='ocrx_word' id='word_1_50' title='bbox 457 333 568 359; x_wconf 79' lang='grc' dir='ltr'>σιτῶσιν</span> <span class='ocrx_word' id='word_1_51' title='bbox 584 334 744 369; x_wconf 77' lang='grc' dir='ltr'><strong>ἐπεχείρουν</strong></span> <span class='ocrx_word' id='word_1_52' title='bbox 759 336 805 361; x_wconf 82' lang='grc' dir='ltr'>καὶ</span> <span class='ocrx_word' id='word_1_53' title='bbox 818 335 931 368; x_wconf 80' lang='grc' dir='ltr'>κατεγέ-</span> 
     </span>
    </p>
   </div>
   <div class='ocr_carea' id='block_1_9' title="bbox 144 376 932 414">
    <p class='ocr_par' dir='ltr' id='par_1_9' title="bbox 144 376 932 414">
     <span class='ocr_line' id='line_1_9' title="bbox 144 376 932 414; baseline 0.005 -12"><span class='ocrx_word' id='word_1_54' title='bbox 144 376 198 403; x_wconf 88' lang='grc' dir='ltr'>λων</span> <span class='ocrx_word' id='word_1_55' title='bbox 214 377 260 403; x_wconf 76' lang='grc' dir='ltr'>καὶ</span> <span class='ocrx_word' id='word_1_56' title='bbox 274 377 446 410; x_wconf 78' lang='grc' dir='ltr'>ἑπετώοαζον</span> <span class='ocrx_word' id='word_1_57' title='bbox 459 379 556 412; x_wconf 67' lang='grc' dir='ltr'>ἀνέδην</span> <span class='ocrx_word' id='word_1_58' title='bbox 569 387 599 405; x_wconf 87' lang='grc' dir='ltr'><strong>τε</strong></span> <span class='ocrx_word' id='word_1_59' title='bbox 625 380 785 414; x_wconf 81' lang='grc' dir='ltr'>κατηρῶντο</span> <span class='ocrx_word' id='word_1_60' title='bbox 802 382 850 407; x_wconf 76' lang='grc' dir='ltr'>καὶ</span> <span class='ocrx_word' id='word_1_61' title='bbox 864 381 932 406; x_wconf 79' lang='grc' dir='ltr'>ἀπε-</span> 
     </span>
    </p>
   </div>
   <div class='ocr_carea' id='block_1_10' title="bbox 145 422 932 460">
    <p class='ocr_par' dir='ltr' id='par_1_10' title="bbox 145 422 932 460">
     <span class='ocr_line' id='line_1_10' title="bbox 145 422 932 460; baseline 0.005 -13"><span class='ocrx_word' id='word_1_62' title='bbox 145 422 272 456; x_wconf 76' lang='grc' dir='ltr'>φήμιζον.</span> <span class='ocrx_word' id='word_1_63' title='bbox 290 423 381 449; x_wconf 78' lang='grc' dir='ltr'>Ἀλλοι</span> <span class='ocrx_word' id='word_1_64' title='bbox 395 423 424 450; x_wconf 75' lang='grc' dir='ltr'><strong>δὲ</strong></span> <span class='ocrx_word' id='word_1_65' title='bbox 440 424 487 450; x_wconf 74' lang='grc' dir='ltr'><strong>καὶ</strong></span> <span class='ocrx_word' id='word_1_66' title='bbox 504 424 593 456; x_wconf 78' lang='grc' dir='ltr'>λίθους</span> <span class='ocrx_word' id='word_1_67' title='bbox 608 425 702 451; x_wconf 76' lang='grc' dir='ltr'>ἔϐαλον</span> <span class='ocrx_word' id='word_1_68' title='bbox 719 426 848 460; x_wconf 76' lang='grc' dir='ltr'>φανέντος</span> <span class='ocrx_word' id='word_1_69' title='bbox 860 427 932 452; x_wconf 81' lang='grc' dir='ltr'>ὲκεί-</span> 
     </span>
    </p>
   </div>
   <div class='ocr_carea' id='block_1_11' title="bbox 145 469 930 504">
    <p class='ocr_par' dir='ltr' id='par_1_11' title="bbox 145 469 930 504">
     <span class='ocr_line' id='line_1_11' title="bbox 145 469 930 504; baseline 0.005 -10"><span class='ocrx_word' id='word_1_70' title='bbox 145 478 200 495; x_wconf 70' lang='grc' dir='ltr'>ντιυ.</span> <span class='ocrx_word' id='word_1_71' title='bbox 224 469 308 496; x_wconf 86' lang='grc' dir='ltr'>Τόσον</span> <span class='ocrx_word' id='word_1_72' title='bbox 320 470 350 495; x_wconf 79' lang='grc' dir='ltr'>τὸ</span> <span class='ocrx_word' id='word_1_73' title='bbox 366 471 453 504; x_wconf 82' lang='grc' dir='ltr'>μῖσος.</span> <span class='ocrx_word' id='word_1_74' title='bbox 480 471 534 497; x_wconf 69' lang='grc' dir='ltr'><strong>Καὶ</strong></span> <span class='ocrx_word' id='word_1_75' title='bbox 548 471 731 504; x_wconf 73' lang='grc' dir='ltr'>κατεστύγουν</span> <span class='ocrx_word' id='word_1_76' title='bbox 756 472 781 497; x_wconf 84' lang='grc' dir='ltr'>οι</span> <span class='ocrx_word' id='word_1_77' title='bbox 809 471 930 503; x_wconf 74' lang='grc' dir='ltr'>πλείους.</span> 
     </span>
    </p>
   </div>
   <div class='ocr_carea' id='block_1_12' title="bbox 144 515 928 551">
    <p class='ocr_par' dir='ltr' id='par_1_12' title="bbox 144 515 928 551">
     <span class='ocr_line' id='line_1_12' title="bbox 144 515 928 551; baseline 0.003 -10"><span class='ocrx_word' id='word_1_78' title='bbox 144 516 230 545; x_wconf 61' lang='lat' dir='ltr'><strong>Atio-.6:</strong></span> <span class='ocrx_word' id='word_1_79' title='bbox 246 516 273 542; x_wconf 79' lang='grc' dir='ltr'><strong>δὲ</strong></span> <span class='ocrx_word' id='word_1_80' title='bbox 287 516 367 549; x_wconf 75' lang='grc' dir='ltr'>γνοὺς</span> <span class='ocrx_word' id='word_1_81' title='bbox 391 515 515 543; x_wconf 81' lang='grc' dir='ltr'>ἐντεῦθεν</span> <span class='ocrx_word' id='word_1_82' title='bbox 526 518 571 543; x_wconf 69' lang='grc' dir='ltr'>καὶ</span> <span class='ocrx_word' id='word_1_83' title='bbox 584 517 624 548; x_wconf 76' lang='grc' dir='ltr'><strong>εἰς</strong></span> <span class='ocrx_word' id='word_1_84' title='bbox 640 517 731 549; x_wconf 82' lang='grc' dir='ltr'><strong>κρίσιν</strong></span> <span class='ocrx_word' id='word_1_85' title='bbox 746 517 928 551; x_wconf 71' lang='grc' dir='ltr'><strong>ἀπαξόμενος,</strong></span> 
     </span>
    </p>
   </div>
   <div class='ocr_carea' id='block_1_13' title="bbox 145 561 930 597">
    <p class='ocr_par' dir='ltr' id='par_1_13' title="bbox 145 561 930 597">
     <span class='ocr_line' id='line_1_13' title="bbox 145 561 930 597; baseline 0.003 -10"><span class='ocrx_word' id='word_1_86' title='bbox 145 561 182 592; x_wconf 84' lang='grc' dir='ltr'><strong>ὡς</strong></span> <span class='ocrx_word' id='word_1_87' title='bbox 198 563 252 592; x_wconf 75' lang='grc' dir='ltr'>τοῖς</span> <span class='ocrx_word' id='word_1_88' title='bbox 275 561 383 588; x_wconf 76' lang='grc' dir='ltr'>δοκοῦσι</span> <span class='ocrx_word' id='word_1_89' title='bbox 400 562 501 596; x_wconf 82' lang='grc' dir='ltr'>μᾶλλον</span> <span class='ocrx_word' id='word_1_90' title='bbox 518 563 616 594; x_wconf 77' lang='grc' dir='ltr'>ἐδόκει,</span> <span class='ocrx_word' id='word_1_91' title='bbox 634 563 739 597; x_wconf 82' lang='grc' dir='ltr'>βασιλεί</span> <span class='ocrx_word' id='word_1_92' title='bbox 753 563 930 597; x_wconf 80' lang='grc' dir='ltr'>διαμηνύεται</span> 
     </span>
    </p>
   </div>
   <div class='ocr_carea' id='block_1_14' title="bbox 145 607 932 643">
    <p class='ocr_par' dir='ltr' id='par_1_14' title="bbox 145 607 932 643">
     <span class='ocr_line' id='line_1_14' title="bbox 145 607 932 643; baseline 0.004 -11"><span class='ocrx_word' id='word_1_93' title='bbox 145 607 329 641; x_wconf 81' lang='grc' dir='ltr'><strong>ἀποσταλῆναι</strong></span> <span class='ocrx_word' id='word_1_94' title='bbox 353 608 402 640; x_wconf 81' lang='grc' dir='ltr'>μὲν</span> <span class='ocrx_word' id='word_1_95' title='bbox 419 607 482 638; x_wconf 77' lang='grc' dir='ltr'>τοὺς</span> <span class='ocrx_word' id='word_1_96' title='bbox 501 608 532 634; x_wconf 83' lang='grc' dir='ltr'>τδ</span> <span class='ocrx_word' id='word_1_97' title='bbox 551 610 746 643; x_wconf 83' lang='grc' dir='ltr'>πατριαρχεῑον</span> <span class='ocrx_word' id='word_1_98' title='bbox 768 609 932 642; x_wconf 79' lang='grc' dir='ltr'><strong>ἁναδεξομέ-</strong></span> 
     </span>
    </p>
   </div>
   <div class='ocr_carea' id='block_1_15' title="bbox 144 652 931 687">
    <p class='ocr_par' dir='ltr' id='par_1_15' title="bbox 144 652 931 687">
     <span class='ocr_line' id='line_1_15' title="bbox 144 652 931 687; baseline 0.005 -9"><span class='ocrx_word' id='word_1_99' title='bbox 144 661 216 683; x_wconf 79' lang='grc' dir='ltr'>νους,</span> <span class='ocrx_word' id='word_1_100' title='bbox 232 652 417 687; x_wconf 72' lang='grc' dir='ltr'><strong>ἀποσταλῆναι</strong></span> <span class='ocrx_word' id='word_1_101' title='bbox 432 653 460 680; x_wconf 85' lang='grc' dir='ltr'><strong>δὲ</strong></span> <span class='ocrx_word' id='word_1_102' title='bbox 486 654 533 680; x_wconf 79' lang='grc' dir='ltr'>καὶ</span> <span class='ocrx_word' id='word_1_103' title='bbox 551 655 612 685; x_wconf 80' lang='grc' dir='ltr'>τοὺς</span> <span class='ocrx_word' id='word_1_104' title='bbox 635 654 844 687; x_wconf 70' lang='grc' dir='ltr'><strong>διακομίσαντας</strong></span> <span class='ocrx_word' id='word_1_105' title='bbox 860 656 931 682; x_wconf 74' lang='grc' dir='ltr'>κατὰ</span> 
     </span>
    </p>
   </div>
   <div class='ocr_carea' id='block_1_16' title="bbox 145 697 931 735">
    <p class='ocr_par' dir='ltr' id='par_1_16' title="bbox 145 697 931 735">
     <span class='ocr_line' id='line_1_16' title="bbox 145 697 931 735; baseline 0.005 -12"><span class='ocrx_word' id='word_1_106' title='bbox 145 697 194 732; x_wconf 76' lang='grc' dir='ltr'>τὴν</span> <span class='ocrx_word' id='word_1_107' title='bbox 211 698 279 729; x_wconf 63' lang='grc' dir='ltr'>ὁδὸν,</span> <span class='ocrx_word' id='word_1_108' title='bbox 299 699 336 728; x_wconf 80' lang='grc' dir='ltr'><strong>ὡς</strong></span> <span class='ocrx_word' id='word_1_109' title='bbox 352 699 388 733; x_wconf 88' lang='grc' dir='ltr'>μὴ</span> <span class='ocrx_word' id='word_1_110' title='bbox 404 699 564 726; x_wconf 84' lang='grc' dir='ltr'>κινδυνεύοι.</span> <span class='ocrx_word' id='word_1_111' title='bbox 585 700 628 726; x_wconf 85' lang='grc' dir='ltr'><strong>Ἐν</strong></span> <span class='ocrx_word' id='word_1_112' title='bbox 640 700 758 735; x_wconf 67' lang='grc' dir='ltr'>τοσούτῳ</span> <span class='ocrx_word' id='word_1_113' title='bbox 775 701 802 726; x_wconf 79' lang='grc' dir='ltr'><strong>δὲ</strong></span> <span class='ocrx_word' id='word_1_114' title='bbox 826 701 931 735; x_wconf 79' lang='grc' dir='ltr'>σχεδιά-</span> 
     </span>
    </p>
   </div>
   <div class='ocr_carea' id='block_1_17' title="bbox 146 743 929 781">
    <p class='ocr_par' dir='ltr' id='par_1_17' title="bbox 146 743 929 781">
     <span class='ocr_line' id='line_1_17' title="bbox 146 743 929 781; baseline 0.005 -13"><span class='ocrx_word' id='word_1_115' title='bbox 146 751 195 773; x_wconf 75' lang='grc' dir='ltr'><strong>σας</strong></span> <span class='ocrx_word' id='word_1_116' title='bbox 209 743 298 778; x_wconf 78' lang='grc' dir='ltr'>βιὸλία</span> <span class='ocrx_word' id='word_1_117' title='bbox 315 744 372 776; x_wconf 83' lang='grc' dir='ltr'>δύο,</span> <span class='ocrx_word' id='word_1_118' title='bbox 393 745 423 770; x_wconf 87' lang='grc' dir='ltr'>τδ</span> <span class='ocrx_word' id='word_1_119' title='bbox 438 745 487 778; x_wconf 72' lang='grc' dir='ltr'>μὲν</span> <span class='ocrx_word' id='word_1_120' title='bbox 508 745 536 771; x_wconf 80' lang='grc' dir='ltr'>ἓν</span> <span class='ocrx_word' id='word_1_121' title='bbox 553 745 603 779; x_wconf 79' lang='grc' dir='ltr'><strong>τῆς</strong></span> <span class='ocrx_word' id='word_1_122' title='bbox 619 745 701 772; x_wconf 83' lang='grc' dir='ltr'>αὐτοῦ</span> <span class='ocrx_word' id='word_1_123' title='bbox 726 746 929 781; x_wconf 72' lang='grc' dir='ltr'><strong>παραιτήσεως,</strong></span> 
     </span>
    </p>
   </div>
   <div class='ocr_carea' id='block_1_18' title="bbox 148 788 931 825">
    <p class='ocr_par' dir='ltr' id='par_1_18' title="bbox 148 788 931 825">
     <span class='ocr_line' id='line_1_18' title="bbox 148 788 931 825; baseline 0.004 -11"><span class='ocrx_word' id='word_1_124' title='bbox 148 789 260 823; x_wconf 75' lang='grc' dir='ltr'>θάτερον</span> <span class='ocrx_word' id='word_1_125' title='bbox 271 789 298 814; x_wconf 80' lang='grc' dir='ltr'><strong>δὲ</strong></span> <span class='ocrx_word' id='word_1_126' title='bbox 312 788 387 815; x_wconf 80' lang='grc' dir='ltr'>πόλλ’</span> <span class='ocrx_word' id='word_1_127' title='bbox 403 789 470 816; x_wconf 81' lang='grc' dir='ltr'>ἄττα</span> <span class='ocrx_word' id='word_1_128' title='bbox 487 791 615 825; x_wconf 80' lang='grc' dir='ltr'>περιέχον</span> <span class='ocrx_word' id='word_1_129' title='bbox 642 791 688 816; x_wconf 74' lang='grc' dir='ltr'>καὶ</span> <span class='ocrx_word' id='word_1_130' title='bbox 708 791 775 821; x_wconf 78' lang='grc' dir='ltr'>ἰδίας</span> <span class='ocrx_word' id='word_1_131' title='bbox 800 790 870 817; x_wconf 74' lang='grc' dir='ltr'>κατὰ</span> <span class='ocrx_word' id='word_1_132' title='bbox 885 791 931 819; x_wconf 78' lang='grc' dir='ltr'>τὸν</span> 
     </span>
    </p>
   </div>
   <div class='ocr_carea' id='block_1_19' title="bbox 147 835 930 871">
    <p class='ocr_par' dir='ltr' id='par_1_19' title="bbox 147 835 930 871">
     <span class='ocr_line' id='line_1_19' title="bbox 147 835 930 871; baseline 0.003 -11"><span class='ocrx_word' id='word_1_133' title='bbox 147 835 204 869; x_wconf 77' lang='grc' dir='ltr'>βίον</span> <span class='ocrx_word' id='word_1_134' title='bbox 219 835 374 866; x_wconf 74' lang='grc' dir='ltr'><strong>συστάσεως</strong></span> <span class='ocrx_word' id='word_1_135' title='bbox 389 835 432 871; x_wconf 88' lang='grc' dir='ltr'><strong>[Ρ.</strong></span> <span class='ocrx_word' id='word_1_136' title='bbox 451 836 513 871; x_wconf 75' lang='grc'><strong>115]</strong></span> <span class='ocrx_word' id='word_1_137' title='bbox 523 836 602 871; x_wconf 79' lang='grc' dir='ltr'>χάριν</span> <span class='ocrx_word' id='word_1_138' title='bbox 618 837 664 862; x_wconf 78' lang='grc' dir='ltr'>καὶ</span> <span class='ocrx_word' id='word_1_139' title='bbox 680 836 807 871; x_wconf 73' lang='grc' dir='ltr'>καταρῶν</span> <span class='ocrx_word' id='word_1_140' title='bbox 819 837 872 862; x_wconf 85' lang='grc' dir='ltr'>τῶν</span> <span class='ocrx_word' id='word_1_141' title='bbox 893 837 930 868; x_wconf 84' lang='grc' dir='ltr'><strong>ὼς</strong></span> 
     </span>
    </p>
   </div>
   <div class='ocr_carea' id='block_1_20' title="bbox 146 881 931 917">
    <p class='ocr_par' dir='ltr' id='par_1_20' title="bbox 146 881 931 917">
     <span class='ocr_line' id='line_1_20' title="bbox 146 881 931 917; baseline 0.001 -10"><span class='ocrx_word' id='word_1_142' title='bbox 146 882 227 915; x_wconf 70' lang='grc' dir='ltr'>δῆθεν</span> <span class='ocrx_word' id='word_1_143' title='bbox 242 882 302 908; x_wconf 81' lang='grc' dir='ltr'>κατ’</span> <span class='ocrx_word' id='word_1_144' title='bbox 319 881 401 908; x_wconf 79' lang='grc' dir='ltr'>αὑτοῦ</span> <span class='ocrx_word' id='word_1_145' title='bbox 416 882 661 916; x_wconf 75' lang='grc' dir='ltr'>ἀποφημισὰντων,</span> <span class='ocrx_word' id='word_1_146' title='bbox 680 883 693 908; x_wconf 80' lang='grc' dir='ltr'><strong>ό</strong></span> <span class='ocrx_word' id='word_1_147' title='bbox 706 883 821 917; x_wconf 79' lang='grc' dir='ltr'><strong>μίμησιν</strong></span> <span class='ocrx_word' id='word_1_148' title='bbox 838 883 931 909; x_wconf 76' lang='grc' dir='ltr'>ἀναδε-</span> 
     </span>
    </p>
   </div>
   <div class='ocr_carea' id='block_1_21' title="bbox 148 927 932 962">
    <p class='ocr_par' dir='ltr' id='par_1_21' title="bbox 148 927 932 962">
     <span class='ocr_line' id='line_1_21' title="bbox 148 927 932 962; baseline 0 -8"><span class='ocrx_word' id='word_1_149' title='bbox 148 929 264 962; x_wconf 69' lang='grc' dir='ltr'>ξάμενος</span> <span class='ocrx_word' id='word_1_150' title='bbox 290 928 335 954; x_wconf 84' lang='grc' dir='ltr'><strong>τοῦ</strong></span> <span class='ocrx_word' id='word_1_151' title='bbox 350 927 481 962; x_wconf 77' lang='grc' dir='ltr'>Χριστοῦ,</span> <span class='ocrx_word' id='word_1_152' title='bbox 495 929 540 954; x_wconf 70' lang='grc' dir='ltr'>τὸν</span> <span class='ocrx_word' id='word_1_153' title='bbox 561 929 608 962; x_wconf 79' lang='grc' dir='ltr'><strong>μὲν</strong></span> <span class='ocrx_word' id='word_1_154' title='bbox 625 930 653 954; x_wconf 79' lang='grc' dir='ltr'><strong>ἐν</strong></span> <span class='ocrx_word' id='word_1_155' title='bbox 666 930 763 962; x_wconf 63' lang='grc' dir='ltr'>ἀφανεῖ</span> <span class='ocrx_word' id='word_1_156' title='bbox 777 929 891 961; x_wconf 81' lang='grc' dir='ltr'>κρύπτει</span> <span class='ocrx_word' id='word_1_157' title='bbox 904 930 932 954; x_wconf 73' lang='grc' dir='ltr'><strong>ἐν</strong></span> 
     </span>
    </p>
   </div>
   <div class='ocr_carea' id='block_1_22' title="bbox 147 972 932 1008">
    <p class='ocr_par' dir='ltr' id='par_1_22' title="bbox 147 972 932 1008">
     <span class='ocr_line' id='line_1_22' title="bbox 147 972 932 1008; baseline 0.003 -10"><span class='ocrx_word' id='word_1_158' title='bbox 147 974 253 1008; x_wconf 61' lang='grc' dir='ltr'>κορυφῇ</span> <span class='ocrx_word' id='word_1_159' title='bbox 266 972 352 1004; x_wconf 87' lang='grc' dir='ltr'>κίονός</span> <span class='ocrx_word' id='word_1_160' title='bbox 365 982 437 1005; x_wconf 77' lang='grc' dir='ltr'>τινος</span> <span class='ocrx_word' id='word_1_161' title='bbox 458 973 511 999; x_wconf 79' lang='grc' dir='ltr'><strong>τῶν</strong></span> <span class='ocrx_word' id='word_1_162' title='bbox 524 975 595 999; x_wconf 72' lang='grc' dir='ltr'>κατὰ</span> <span class='ocrx_word' id='word_1_163' title='bbox 612 973 646 999; x_wconf 84' lang='grc' dir='ltr'>τὰ</span> <span class='ocrx_word' id='word_1_164' title='bbox 667 975 799 1008; x_wconf 72' lang='grc' dir='ltr'>ἀριστερὰ</span> <span class='ocrx_word' id='word_1_165' title='bbox 818 973 932 1000; x_wconf 78' lang='grc' dir='ltr'><strong>εἰσιοῦσι</strong></span> 
     </span>
    </p>
   </div>
   <div class='ocr_carea' id='block_1_23' title="bbox 147 1019 932 1054">
    <p class='ocr_par' dir='ltr' id='par_1_23' title="bbox 147 1019 932 1054">
     <span class='ocr_line' id='line_1_23' title="bbox 147 1019 932 1054; baseline 0.001 -10"><span class='ocrx_word' id='word_1_166' title='bbox 147 1021 361 1053; x_wconf 75' lang='grc' dir='ltr'>κατηχουμενεῖα</span> <span class='ocrx_word' id='word_1_167' title='bbox 376 1019 423 1045; x_wconf 80' lang='grc' dir='ltr'>τοῦ</span> <span class='ocrx_word' id='word_1_168' title='bbox 437 1020 555 1054; x_wconf 84' lang='grc' dir='ltr'><strong>μεγάλου</strong></span> <span class='ocrx_word' id='word_1_169' title='bbox 570 1019 621 1046; x_wconf 83' lang='grc' dir='ltr'>νεὼ</span> <span class='ocrx_word' id='word_1_170' title='bbox 630 1020 792 1054; x_wconf 77' lang='grc' dir='ltr'>ἱσταμένων,</span> <span class='ocrx_word' id='word_1_171' title='bbox 803 1020 848 1046; x_wconf 82' lang='grc' dir='ltr'><strong>ὑπ’</strong></span> <span class='ocrx_word' id='word_1_172' title='bbox 864 1020 932 1054; x_wconf 81' lang='grc' dir='ltr'><strong>ὀπὴν</strong></span> 
     </span>
    </p>
   </div>
   <div class='ocr_carea' id='block_1_24' title="bbox 147 1065 933 1101">
    <p class='ocr_par' dir='ltr' id='par_1_24' title="bbox 147 1065 933 1101">
     <span class='ocr_line' id='line_1_24' title="bbox 147 1065 933 1101; baseline 0.003 -11"><span class='ocrx_word' id='word_1_173' title='bbox 147 1065 371 1099; x_wconf 79' lang='grc' dir='ltr'>περιστερεώνος,</span> <span class='ocrx_word' id='word_1_174' title='bbox 387 1065 465 1100; x_wconf 87' lang='grc' dir='ltr'>δίκην</span> <span class='ocrx_word' id='word_1_175' title='bbox 485 1067 586 1100; x_wconf 74' lang='grc' dir='ltr'><strong>φωρδς,</strong></span> <span class='ocrx_word' id='word_1_176' title='bbox 600 1066 638 1097; x_wconf 81' lang='grc' dir='ltr'><strong>ὡς</strong></span> <span class='ocrx_word' id='word_1_177' title='bbox 659 1067 739 1101; x_wconf 76' lang='grc' dir='ltr'>μήτις</span> <span class='ocrx_word' id='word_1_178' title='bbox 756 1066 840 1100; x_wconf 72' lang='grc' dir='ltr'>εἰδείη</span> <span class='ocrx_word' id='word_1_179' title='bbox 867 1074 933 1100; x_wconf 83' lang='grc' dir='ltr'>προ-</span> 
     </span>
    </p>
   </div>
   <div class='ocr_carea' id='block_1_25' title="bbox 138 1111 932 1146">
    <p class='ocr_par' dir='ltr' id='par_1_25' title="bbox 138 1111 932 1146">
     <span class='ocr_line' id='line_1_25' title="bbox 138 1111 932 1146; baseline 0.001 -10"><span class='ocrx_word' id='word_1_180' title='bbox 138 1111 368 1146; x_wconf 73' lang='grc' dir='ltr'>’μηθευσὰμενος,</span> <span class='ocrx_word' id='word_1_181' title='bbox 391 1111 514 1146; x_wconf 73' lang='grc' dir='ltr'>κλίμακα</span> <span class='ocrx_word' id='word_1_182' title='bbox 538 1112 561 1138; x_wconf 84' lang='grc' dir='ltr'>τ’</span> <span class='ocrx_word' id='word_1_183' title='bbox 579 1111 660 1142; x_wconf 77' lang='grc' dir='ltr'>αὐτὸς</span> <span class='ocrx_word' id='word_1_184' title='bbox 680 1112 861 1146; x_wconf 77' lang='grc' dir='ltr'>προσερείσας</span> <span class='ocrx_word' id='word_1_185' title='bbox 885 1112 932 1138; x_wconf 72' lang='grc' dir='ltr'>καὶ</span> 
     </span>
    </p>
   </div>
   <div class='ocr_carea' id='block_1_26' title="bbox 149 1200 931 1229">
    <p class='ocr_par' dir='ltr' id='par_1_26' title="bbox 149 1200 931 1229">
     <span class='ocr_line' id='line_1_26' title="bbox 149 1200 931 1229; baseline 0 -3"><span class='ocrx_word' id='word_1_186' title='bbox 149 1201 250 1228; x_wconf 78' lang='lat' dir='ltr'><strong>frustra</strong></span> <span class='ocrx_word' id='word_1_187' title='bbox 270 1200 328 1227; x_wconf 88' lang='lat' dir='ltr'><strong>fore</strong></span> <span class='ocrx_word' id='word_1_188' title='bbox 349 1209 356 1227; x_wconf 94' lang='lat'><strong>:</strong></span> <span class='ocrx_word' id='word_1_189' title='bbox 372 1208 435 1228; x_wconf 85' lang='lat' dir='ltr'><strong>nam</strong></span> <span class='ocrx_word' id='word_1_190' title='bbox 452 1207 511 1227; x_wconf 88' lang='lat' dir='ltr'><strong>orto</strong></span> <span class='ocrx_word' id='word_1_191' title='bbox 526 1202 676 1228; x_wconf 73' lang='lat' dir='ltr'><strong>certamine</strong></span> <span class='ocrx_word' id='word_1_192' title='bbox 698 1209 794 1229; x_wconf 63' lang='lat' dir='ltr'><strong>omnes</strong></span> <span class='ocrx_word' id='word_1_193' title='bbox 807 1201 832 1228; x_wconf 90' lang='lat' dir='ltr'><strong>in</strong></span> <span class='ocrx_word' id='word_1_194' title='bbox 847 1209 931 1228; x_wconf 88' lang='lat' dir='ltr'><strong>unum</strong></span> 
     </span>
    </p>
   </div>
   <div class='ocr_carea' id='block_1_27' title="bbox 149 1247 931 1281">
    <p class='ocr_par' dir='ltr' id='par_1_27' title="bbox 149 1247 931 1281">
     <span class='ocr_line' id='line_1_27' title="bbox 149 1247 931 1281; baseline 0 -8"><span class='ocrx_word' id='word_1_195' title='bbox 149 1247 336 1278; x_wconf 86' lang='lat' dir='ltr'><strong>dimicaturos,</strong></span> <span class='ocrx_word' id='word_1_196' title='bbox 354 1254 389 1274; x_wconf 88' lang='lat' dir='ltr'><strong>ne</strong></span> <span class='ocrx_word' id='word_1_197' title='bbox 401 1247 556 1274; x_wconf 89' lang='lat' dir='ltr'><strong>attendente</strong></span> <span class='ocrx_word' id='word_1_198' title='bbox 573 1248 681 1281; x_wconf 89' lang='lat' dir='ltr'><strong>quidem</strong></span> <span class='ocrx_word' id='word_1_199' title='bbox 698 1247 752 1274; x_wconf 87' lang='lat' dir='ltr'><strong>ullo</strong></span> <span class='ocrx_word' id='word_1_200' title='bbox 771 1252 818 1274; x_wconf 90' lang='lat' dir='ltr'><strong>aut</strong></span> <span class='ocrx_word' id='word_1_201' title='bbox 837 1247 931 1274; x_wconf 97' lang='lat' dir='ltr'><strong>saltem</strong></span> 
     </span>
    </p>
   </div>
   <div class='ocr_carea' id='block_1_28' title="bbox 149 1293 932 1326">
    <p class='ocr_par' dir='ltr' id='par_1_28' title="bbox 149 1293 932 1326">
     <span class='ocr_line' id='line_1_28' title="bbox 149 1293 932 1326; baseline 0.001 -8"><span class='ocrx_word' id='word_1_202' title='bbox 149 1293 243 1320; x_wconf 89' lang='lat' dir='ltr'><strong>audire</strong></span> <span class='ocrx_word' id='word_1_203' title='bbox 257 1293 419 1324; x_wconf 80' lang='lat' dir='ltr'><strong>sustinente.</strong></span> <span class='ocrx_word' id='word_1_204' title='bbox 437 1293 536 1320; x_wconf 85' lang='lat' dir='ltr'><strong>nedum</strong></span> <span class='ocrx_word' id='word_1_205' title='bbox 552 1293 578 1320; x_wconf 91' lang='lat' dir='ltr'><strong>in</strong></span> <span class='ocrx_word' id='word_1_206' title='bbox 595 1293 715 1326; x_wconf 65' lang='lat' dir='ltr'><strong>pristinm</strong></span> <span class='ocrx_word' id='word_1_207' title='bbox 739 1293 932 1320; x_wconf 82' lang='lat' dir='ltr'><strong>communione</strong></span> 
     </span>
    </p>
   </div>
   <div class='ocr_carea' id='block_1_29' title="bbox 150 1339 934 1372">
    <p class='ocr_par' dir='ltr' id='par_1_29' title="bbox 150 1339 934 1372">
     <span class='ocr_line' id='line_1_29' title="bbox 150 1339 934 1372; baseline 0 -8"><span class='ocrx_word' id='word_1_208' title='bbox 150 1339 224 1372; x_wconf 80' lang='lat' dir='ltr'><strong>pacis</strong></span> <span class='ocrx_word' id='word_1_209' title='bbox 243 1344 449 1372; x_wconf 80' lang='lat' dir='ltr'><strong>perseveraturo</strong></span> <span class='ocrx_word' id='word_1_210' title='bbox 461 1346 597 1372; x_wconf 85' lang='lat' dir='ltr'><strong>quoquam</strong></span> <span class='ocrx_word' id='word_1_211' title='bbox 611 1346 618 1365; x_wconf 87' lang='lat'>:</span> <span class='ocrx_word' id='word_1_212' title='bbox 638 1339 679 1365; x_wconf 87' lang='lat' dir='ltr'><strong>his</strong></span> <span class='ocrx_word' id='word_1_213' title='bbox 694 1346 839 1372; x_wconf 79' lang='lat' dir='ltr'><strong>persuasus</strong></span> <span class='ocrx_word' id='word_1_214' title='bbox 853 1339 934 1365; x_wconf 86' lang='lat' dir='ltr'><strong>ratio-</strong></span> 
     </span>
    </p>
   </div>
   <div class='ocr_carea' id='block_1_30' title="bbox 151 1383 932 1418">
    <p class='ocr_par' dir='ltr' id='par_1_30' title="bbox 151 1383 932 1418">
     <span class='ocr_line' id='line_1_30' title="bbox 151 1383 932 1418; baseline 0 -9"><span class='ocrx_word' id='word_1_215' title='bbox 151 1383 230 1410; x_wconf 82' lang='lat' dir='ltr'><strong>nibus</strong></span> <span class='ocrx_word' id='word_1_216' title='bbox 253 1383 299 1410; x_wconf 91' lang='lat' dir='ltr'><strong>diu</strong></span> <span class='ocrx_word' id='word_1_217' title='bbox 315 1384 487 1417; x_wconf 68' lang='lat' dir='ltr'><strong>{reluctatum</strong></span> <span class='ocrx_word' id='word_1_218' title='bbox 507 1383 610 1418; x_wconf 75' lang='lat' dir='ltr'><strong>appulit</strong></span> <span class='ocrx_word' id='word_1_219' title='bbox 633 1383 741 1410; x_wconf 76' lang='lat' dir='ltr'><strong>laudent</strong></span> <span class='ocrx_word' id='word_1_220' title='bbox 764 1383 884 1410; x_wconf 91' lang='lat' dir='ltr'><strong>animum</strong></span> <span class='ocrx_word' id='word_1_221' title='bbox 899 1383 932 1410; x_wconf 85' lang='lat' dir='ltr'><strong>ad</strong></span> 
     </span>
    </p>
   </div>
   <div class='ocr_carea' id='block_1_31' title="bbox 149 1430 932 1464">
    <p class='ocr_par' dir='ltr' id='par_1_31' title="bbox 149 1430 932 1464">
     <span class='ocr_line' id='line_1_31' title="bbox 149 1430 932 1464; baseline -0.001 -8"><span class='ocrx_word' id='word_1_222' title='bbox 149 1431 341 1464; x_wconf 74' lang='lat' dir='ltr'><strong>cogitationem</strong></span> <span class='ocrx_word' id='word_1_223' title='bbox 359 1430 527 1461; x_wconf 63' lang='lat' dir='ltr'><strong>abdicandm.</strong></span> <span class='ocrx_word' id='word_1_224' title='bbox 545 1438 626 1464; x_wconf 80' lang='lat' dir='ltr'><strong>quam</strong></span> <span class='ocrx_word' id='word_1_225' title='bbox 641 1436 732 1457; x_wconf 81' lang='lat' dir='ltr'><strong>tenere</strong></span> <span class='ocrx_word' id='word_1_226' title='bbox 745 1430 868 1463; x_wconf 90' lang='lat' dir='ltr'><strong>nequiret</strong></span> <span class='ocrx_word' id='word_1_227' title='bbox 881 1430 932 1456; x_wconf 91' lang='lat' dir='ltr'><strong>ctsi</strong></span> 
     </span>
    </p>
   </div>
   <div class='ocr_carea' id='block_1_32' title="bbox 151 1473 932 1510">
    <p class='ocr_par' dir='ltr' id='par_1_32' title="bbox 151 1473 932 1510">
     <span class='ocr_line' id='line_1_32' title="bbox 151 1473 932 1510; baseline -0.003 -8"><span class='ocrx_word' id='word_1_228' title='bbox 151 1476 269 1503; x_wconf 72' lang='lat' dir='ltr'><strong>maxime</strong></span> <span class='ocrx_word' id='word_1_229' title='bbox 293 1480 414 1510; x_wconf 84' lang='lat' dir='ltr'><strong>cuperet,</strong></span> <span class='ocrx_word' id='word_1_230' title='bbox 439 1483 524 1504; x_wconf 69' lang='lat' dir='ltr'><strong>sacra:</strong></span> <span class='ocrx_word' id='word_1_231' title='bbox 548 1476 730 1509; x_wconf 68' lang='lat' dir='ltr'><strong>praefectum.</strong></span> <span class='ocrx_word' id='word_1_232' title='bbox 754 1473 856 1507; x_wconf 82' lang='lat' dir='ltr'><strong>Nempe</strong></span> <span class='ocrx_word' id='word_1_233' title='bbox 876 1474 932 1508; x_wconf 85' lang='lat' dir='ltr'><strong>jam</strong></span> 
     </span>
    </p>
   </div>
   <div class='ocr_carea' id='block_1_33' title="bbox 150 1519 935 1556">
    <p class='ocr_par' dir='ltr' id='par_1_33' title="bbox 150 1519 935 1556">
     <span class='ocr_line' id='line_1_33' title="bbox 150 1519 935 1556; baseline -0.004 -7"><span class='ocrx_word' id='word_1_234' title='bbox 150 1530 205 1549; x_wconf 89' lang='lat' dir='ltr'><strong>non</strong></span> <span class='ocrx_word' id='word_1_235' title='bbox 233 1522 313 1556; x_wconf 80' lang='lat' dir='ltr'><strong>pattci</strong></span> <span class='ocrx_word' id='word_1_236' title='bbox 337 1529 431 1550; x_wconf 84' lang='lat' dir='ltr'><strong>eorum</strong></span> <span class='ocrx_word' id='word_1_237' title='bbox 448 1529 518 1556; x_wconf 91' lang='lat' dir='ltr'><strong>quos</strong></span> <span class='ocrx_word' id='word_1_238' title='bbox 535 1529 620 1556; x_wconf 83' lang='lat' dir='ltr'><strong>nuper</strong></span> <span class='ocrx_word' id='word_1_239' title='bbox 636 1529 666 1548; x_wconf 90' lang='lat' dir='ltr'><strong>ac</strong></span> <span class='ocrx_word' id='word_1_240' title='bbox 683 1521 764 1555; x_wconf 85' lang='lat' dir='ltr'><strong>paulo</strong></span> <span class='ocrx_word' id='word_1_241' title='bbox 779 1525 840 1547; x_wconf 87' lang='lat' dir='ltr'><strong>ante</strong></span> <span class='ocrx_word' id='word_1_242' title='bbox 856 1519 935 1546; x_wconf 90' lang='lat' dir='ltr'><strong>mini—</strong></span> 
     </span>
    </p>
   </div>
   <div class='ocr_carea' id='block_1_34' title="bbox 149 1565 935 1602">
    <p class='ocr_par' dir='ltr' id='par_1_34' title="bbox 149 1565 935 1602">
     <span class='ocr_line' id='line_1_34' title="bbox 149 1565 935 1602; baseline -0.004 -7"><span class='ocrx_word' id='word_1_243' title='bbox 149 1575 272 1596; x_wconf 81' lang='lat' dir='ltr'><strong>strorum</strong></span> <span class='ocrx_word' id='word_1_244' title='bbox 297 1569 384 1602; x_wconf 85' lang='lat' dir='ltr'><strong>ipsius</strong></span> <span class='ocrx_word' id='word_1_245' title='bbox 405 1568 533 1594; x_wconf 79' lang='lat' dir='ltr'><strong>violentze</strong></span> <span class='ocrx_word' id='word_1_246' title='bbox 556 1567 743 1602; x_wconf 75' lang='lat' dir='ltr'><strong>grassationes</strong></span> <span class='ocrx_word' id='word_1_247' title='bbox 758 1565 935 1601; x_wconf 76' lang='lat' dir='ltr'><strong>pensionibus</strong></span> 
     </span>
    </p>
   </div>
   <div class='ocr_carea' id='block_1_35' title="bbox 148 1612 933 1646">
    <p class='ocr_par' dir='ltr' id='par_1_35' title="bbox 148 1612 933 1646">
     <span class='ocr_line' id='line_1_35' title="bbox 148 1612 933 1646; baseline -0.006 -4"><span class='ocrx_word' id='word_1_248' title='bbox 148 1620 176 1642; x_wconf 86' lang='lat' dir='ltr'><strong>et</strong></span> <span class='ocrx_word' id='word_1_249' title='bbox 207 1614 424 1642; x_wconf 74' lang='lat' dir='ltr'><strong>sacerdotiorum</strong></span> <span class='ocrx_word' id='word_1_250' title='bbox 452 1613 586 1640; x_wconf 84' lang='lat' dir='ltr'><strong>fructibus</strong></span> <span class='ocrx_word' id='word_1_251' title='bbox 617 1613 816 1644; x_wconf 88' lang='lat' dir='ltr'><strong>multaverant,</strong></span> <span class='ocrx_word' id='word_1_252' title='bbox 845 1612 933 1646; x_wconf 80' lang='lat' dir='ltr'><strong>palam</strong></span> 
     </span>
    </p>
   </div>
   <div class='ocr_carea' id='block_1_36' title="bbox 149 1657 935 1694">
    <p class='ocr_par' dir='ltr' id='par_1_36' title="bbox 149 1657 935 1694">
     <span class='ocr_line' id='line_1_36' title="bbox 149 1657 935 1694; baseline -0.004 -7"><span class='ocrx_word' id='word_1_253' title='bbox 149 1661 239 1687; x_wconf 87' lang='lat' dir='ltr'><strong>ablata</strong></span> <span class='ocrx_word' id='word_1_254' title='bbox 262 1660 432 1694; x_wconf 78' lang='lat' dir='ltr'><strong>repetebant,</strong></span> <span class='ocrx_word' id='word_1_255' title='bbox 450 1667 481 1686; x_wconf 88' lang='lat' dir='ltr'><strong>ac</strong></span> <span class='ocrx_word' id='word_1_256' title='bbox 502 1659 572 1686; x_wconf 81' lang='lat' dir='ltr'><strong>facta</strong></span> <span class='ocrx_word' id='word_1_257' title='bbox 597 1666 678 1685; x_wconf 87' lang='lat' dir='ltr'><strong>manu</strong></span> <span class='ocrx_word' id='word_1_258' title='bbox 704 1657 814 1692; x_wconf 88' lang='lat' dir='ltr'><strong>paribus</strong></span> <span class='ocrx_word' id='word_1_259' title='bbox 828 1657 935 1691; x_wconf 84' lang='lat' dir='ltr'><strong>injuriis</strong></span> 
     </span>
    </p>
   </div>
   <div class='ocr_carea' id='block_1_37' title="bbox 150 1702 936 1744">
    <p class='ocr_par' dir='ltr' id='par_1_37' title="bbox 150 1702 936 1744">
     <span class='ocr_line' id='line_1_37' title="bbox 150 1702 936 1744; baseline -0.004 -12"><span class='ocrx_word' id='word_1_260' title='bbox 150 1706 338 1744; x_wconf 74' lang='lat' dir='ltr'><strong>irascentium,</strong></span> <span class='ocrx_word' id='word_1_261' title='bbox 363 1705 417 1730; x_wconf 90' lang='lat' dir='ltr'><strong>vim</strong></span> <span class='ocrx_word' id='word_1_262' title='bbox 434 1710 556 1738; x_wconf 82' lang='lat' dir='ltr'><strong>apertam</strong></span> <span class='ocrx_word' id='word_1_263' title='bbox 577 1704 752 1734; x_wconf 80' lang='lat' dir='ltr'><strong>intentantes,</strong></span> <span class='ocrx_word' id='word_1_264' title='bbox 779 1702 936 1729; x_wconf 68' lang='lat' dir='ltr'><strong>aui’crebant</strong></span> 
     </span>
    </p>
   </div>
   <div class='ocr_carea' id='block_1_38' title="bbox 149 1747 937 1785">
    <p class='ocr_par' dir='ltr' id='par_1_38' title="bbox 149 1747 937 1785">
     <span class='ocr_line' id='line_1_38' title="bbox 149 1747 937 1785; baseline -0.005 -8"><span class='ocrx_word' id='word_1_265' title='bbox 149 1759 210 1785; x_wconf 72' lang='lat' dir='ltr'><strong>qua:</strong></span> <span class='ocrx_word' id='word_1_266' title='bbox 225 1757 273 1777; x_wconf 86' lang='lat' dir='ltr'><strong>sua</strong></span> <span class='ocrx_word' id='word_1_267' title='bbox 289 1750 422 1777; x_wconf 82' lang='lat' dir='ltr'><strong>dicerent.</strong></span> <span class='ocrx_word' id='word_1_268' title='bbox 442 1749 558 1782; x_wconf 83' lang='lat' dir='ltr'><strong>Quidam</strong></span> <span class='ocrx_word' id='word_1_269' title='bbox 573 1749 654 1776; x_wconf 85' lang='lat' dir='ltr'><strong>etiam</strong></span> <span class='ocrx_word' id='word_1_270' title='bbox 673 1749 773 1783; x_wconf 60' lang='lat' dir='ltr'><strong>praedia</strong></span> <span class='ocrx_word' id='word_1_271' title='bbox 787 1747 937 1774; x_wconf 85' lang='lat' dir='ltr'><strong>frumenta-</strong></span> 
     </span>
    </p>
   </div>
   <div class='ocr_carea' id='block_1_39' title="bbox 150 1792 934 1830">
    <p class='ocr_par' dir='ltr' id='par_1_39' title="bbox 150 1792 934 1830">
     <span class='ocr_line' id='line_1_39' title="bbox 150 1792 934 1830; baseline -0.005 -7"><span class='ocrx_word' id='word_1_272' title='bbox 150 1797 262 1830; x_wconf 85' lang='lat' dir='ltr'><strong>riosque</strong></span> <span class='ocrx_word' id='word_1_273' title='bbox 284 1803 365 1830; x_wconf 77' lang='lat' dir='ltr'><strong>agros</strong></span> <span class='ocrx_word' id='word_1_274' title='bbox 385 1802 501 1830; x_wconf 86' lang='lat' dir='ltr'><strong>quorum</strong></span> <span class='ocrx_word' id='word_1_275' title='bbox 515 1794 633 1822; x_wconf 85' lang='lat' dir='ltr'><strong>&#39;fucrant</strong></span> <span class='ocrx_word' id='word_1_276' title='bbox 659 1795 831 1829; x_wconf 82' lang='lat' dir='ltr'><strong>possessione</strong></span> <span class='ocrx_word' id='word_1_277' title='bbox 852 1792 934 1828; x_wconf 89' lang='lat' dir='ltr'><strong>pulsi,</strong></span> 
     </span>
    </p>
   </div>
   <div class='ocr_carea' id='block_1_40' title="bbox 149 1839 938 1874">
    <p class='ocr_par' dir='ltr' id='par_1_40' title="bbox 149 1839 938 1874">
     <span class='ocr_line' id='line_1_40' title="bbox 149 1839 938 1874; baseline -0.005 -4"><span class='ocrx_word' id='word_1_278' title='bbox 149 1850 287 1871; x_wconf 86' lang='lat' dir='ltr'><strong>concursu</strong></span> <span class='ocrx_word' id='word_1_279' title='bbox 303 1847 329 1870; x_wconf 88' lang='lat' dir='ltr'><strong>et</strong></span> <span class='ocrx_word' id='word_1_280' title='bbox 344 1842 461 1870; x_wconf 80' lang='lat' dir='ltr'><strong>factione</strong></span> <span class='ocrx_word' id='word_1_281' title='bbox 474 1842 649 1874; x_wconf 83' lang='lat' dir='ltr'><strong>invadebant,</strong></span> <span class='ocrx_word' id='word_1_282' title='bbox 667 1842 736 1868; x_wconf 86' lang='lat' dir='ltr'><strong>inter</strong></span> <span class='ocrx_word' id='word_1_283' title='bbox 752 1841 808 1868; x_wconf 81' lang='lat' dir='ltr'><strong>haec</strong></span> <span class='ocrx_word' id='word_1_284' title='bbox 823 1839 938 1867; x_wconf 88' lang='lat' dir='ltr'><strong>irriden-</strong></span> 
     </span>
    </p>
   </div>
   <div class='ocr_carea' id='block_1_41' title="bbox 152 1885 937 1920">
    <p class='ocr_par' dir='ltr' id='par_1_41' title="bbox 152 1885 937 1920">
     <span class='ocr_line' id='line_1_41' title="bbox 152 1885 937 1920; baseline -0.005 -5"><span class='ocrx_word' id='word_1_285' title='bbox 152 1893 202 1920; x_wconf 81' lang='lat' dir='ltr'><strong>tes,</strong></span> <span class='ocrx_word' id='word_1_286' title='bbox 221 1888 345 1915; x_wconf 86' lang='lat' dir='ltr'><strong>dicteriis</strong></span> <span class='ocrx_word' id='word_1_287' title='bbox 360 1888 547 1918; x_wconf 80' lang='lat' dir='ltr'><strong>traducentes,</strong></span> <span class='ocrx_word' id='word_1_288' title='bbox 562 1887 714 1914; x_wconf 78' lang='lat' dir='ltr'><strong>maledictis</strong></span> <span class='ocrx_word' id='word_1_289' title='bbox 729 1893 838 1920; x_wconf 89' lang='lat' dir='ltr'><strong>quoque</strong></span> <span class='ocrx_word' id='word_1_290' title='bbox 851 1885 937 1912; x_wconf 85' lang='lat' dir='ltr'><strong>inces-</strong></span> 
     </span>
    </p>
   </div>
   <div class='ocr_carea' id='block_1_42' title="bbox 152 1933 934 1967">
    <p class='ocr_par' dir='ltr' id='par_1_42' title="bbox 152 1933 934 1967">
     <span class='ocr_line' id='line_1_42' title="bbox 152 1933 934 1967; baseline -0.004 -6"><span class='ocrx_word' id='word_1_291' title='bbox 152 1939 264 1966; x_wconf 88' lang='lat' dir='ltr'><strong>scntcs,</strong></span> <span class='ocrx_word' id='word_1_292' title='bbox 293 1934 360 1960; x_wconf 85' lang='lat' dir='ltr'><strong>diris</strong></span> <span class='ocrx_word' id='word_1_293' title='bbox 387 1934 505 1967; x_wconf 84' lang='lat' dir='ltr'><strong>denique</strong></span> <span class='ocrx_word' id='word_1_294' title='bbox 534 1933 608 1960; x_wconf 89' lang='lat' dir='ltr'><strong>nullo</strong></span> <span class='ocrx_word' id='word_1_295' title='bbox 640 1939 712 1959; x_wconf 83' lang='lat' dir='ltr'><strong>metti</strong></span> <span class='ocrx_word' id='word_1_296' title='bbox 739 1937 785 1959; x_wconf 88' lang='lat' dir='ltr'><strong>aut</strong></span> <span class='ocrx_word' id='word_1_297' title='bbox 813 1937 934 1965; x_wconf 60' lang='lat' dir='ltr'><strong>respectu</strong></span> 
     </span>
    </p>
   </div>
   <div class='ocr_carea' id='block_1_43' title="bbox 152 1978 934 2014">
    <p class='ocr_par' dir='ltr' id='par_1_43' title="bbox 152 1978 934 2014">
     <span class='ocr_line' id='line_1_43' title="bbox 152 1978 934 2014; baseline -0.004 -7"><span class='ocrx_word' id='word_1_298' title='bbox 152 1982 314 2008; x_wconf 82' lang='lat' dir='ltr'><strong>devoventes</strong></span> <span class='ocrx_word' id='word_1_299' title='bbox 326 1980 507 2014; x_wconf 85' lang='lat' dir='ltr'><strong>patriarcham</strong></span> <span class='ocrx_word' id='word_1_300' title='bbox 520 1983 546 2006; x_wconf 91' lang='lat' dir='ltr'><strong>et</strong></span> <span class='ocrx_word' id='word_1_301' title='bbox 557 1986 631 2006; x_wconf 84' lang='lat' dir='ltr'><strong>suos.</strong></span> <span class='ocrx_word' id='word_1_302' title='bbox 644 1978 672 2005; x_wconf 92' lang='lat' dir='ltr'><strong>lu</strong></span> <span class='ocrx_word' id='word_1_303' title='bbox 686 1984 787 2005; x_wconf 76' lang='lat' dir='ltr'><strong>tantam</strong></span> <span class='ocrx_word' id='word_1_304' title='bbox 802 1978 934 2004; x_wconf 77' lang='lat' dir='ltr'><strong>licentium</strong></span> 
     </span>
    </p>
   </div>
   <div class='ocr_carea' id='block_1_44' title="bbox 151 2023 935 2061">
    <p class='ocr_par' dir='ltr' id='par_1_44' title="bbox 151 2023 935 2061">
     <span class='ocr_line' id='line_1_44' title="bbox 151 2023 935 2061; baseline -0.004 -8"><span class='ocrx_word' id='word_1_305' title='bbox 151 2031 307 2054; x_wconf 76' lang='lat' dir='ltr'><strong>excesserat</strong></span> <span class='ocrx_word' id='word_1_306' title='bbox 322 2026 452 2061; x_wconf 85' lang='lat' dir='ltr'><strong>populare</strong></span> <span class='ocrx_word' id='word_1_307' title='bbox 468 2025 571 2057; x_wconf 84' lang='lat' dir='ltr'><strong>odium,</strong></span> <span class='ocrx_word' id='word_1_308' title='bbox 597 2025 696 2051; x_wconf 83' lang='lat' dir='ltr'><strong>lassata</strong></span> <span class='ocrx_word' id='word_1_309' title='bbox 711 2025 847 2051; x_wconf 87' lang='lat' dir='ltr'><strong>diuturnis</strong></span> <span class='ocrx_word' id='word_1_310' title='bbox 862 2023 935 2057; x_wconf 86' lang='lat' dir='ltr'><strong>inju-</strong></span> 
     </span>
    </p>
   </div>
   <div class='ocr_carea' id='block_1_45' title="bbox 153 2071 937 2108">
    <p class='ocr_par' dir='ltr' id='par_1_45' title="bbox 153 2071 937 2108">
     <span class='ocr_line' id='line_1_45' title="bbox 153 2071 937 2108; baseline -0.005 -8"><span class='ocrx_word' id='word_1_311' title='bbox 153 2074 202 2100; x_wconf 86' lang='lat' dir='ltr'><strong>riis</strong></span> <span class='ocrx_word' id='word_1_312' title='bbox 226 2074 419 2108; x_wconf 83' lang='lat' dir='ltr'><strong>plerorumque</strong></span> <span class='ocrx_word' id='word_1_313' title='bbox 449 2073 589 2106; x_wconf 78' lang='lat' dir='ltr'><strong>patientia,</strong></span> <span class='ocrx_word' id='word_1_314' title='bbox 609 2071 635 2098; x_wconf 93' lang='lat' dir='ltr'><strong>in</strong></span> <span class='ocrx_word' id='word_1_315' title='bbox 655 2071 774 2097; x_wconf 68' lang='lat' dir='ltr'><strong>furorem</strong></span> <span class='ocrx_word' id='word_1_316' title='bbox 798 2071 937 2104; x_wconf 72' lang='lat' dir='ltr'><strong>conspira-</strong></span> 
     </span>
    </p>
   </div>
   <div class='ocr_carea' id='block_1_46' title="bbox 152 2117 937 2145">
    <p class='ocr_par' dir='ltr' id='par_1_46' title="bbox 152 2117 937 2145">
     <span class='ocr_line' id='line_1_46' title="bbox 152 2117 937 2145; baseline -0.004 -1"><span class='ocrx_word' id='word_1_317' title='bbox 152 2119 228 2145; x_wconf 82' lang='lat' dir='ltr'><strong>tione</strong></span> <span class='ocrx_word' id='word_1_318' title='bbox 245 2118 426 2144; x_wconf 84' lang='lat' dir='ltr'><strong>multitudinis</strong></span> <span class='ocrx_word' id='word_1_319' title='bbox 449 2117 662 2144; x_wconf 89' lang='lat' dir='ltr'><strong>ineluctabiliter</strong></span> <span class='ocrx_word' id='word_1_320' title='bbox 680 2117 836 2144; x_wconf 70' lang='lat' dir='ltr'><strong>smvientem</strong></span> <span class='ocrx_word' id='word_1_321' title='bbox 858 2123 937 2142; x_wconf 67' lang='lat' dir='ltr'><strong>citar-</strong></span> 
     </span>
    </p>
   </div>
   <div class='ocr_carea' id='block_1_47' title="bbox 152 2163 976 2198">
    <p class='ocr_par' dir='ltr' id='par_1_47' title="bbox 152 2163 976 2198">
     <span class='ocr_line' id='line_1_47' title="bbox 152 2163 976 2198; baseline -0.006 -7"><span class='ocrx_word' id='word_1_322' title='bbox 152 2165 278 2195; x_wconf 84' lang='lat' dir='ltr'><strong>desccns,</strong></span> <span class='ocrx_word' id='word_1_323' title='bbox 297 2164 457 2198; x_wconf 75' lang='lat' dir='ltr'><strong>impunitate</strong></span> <span class='ocrx_word' id='word_1_324' title='bbox 474 2163 635 2194; x_wconf 78' lang='lat' dir='ltr'><strong>necessaria,</strong></span> <span class='ocrx_word' id='word_1_325' title='bbox 652 2163 798 2189; x_wconf 84' lang='lat' dir='ltr'><strong>securitate</strong></span> <span class='ocrx_word' id='word_1_326' title='bbox 818 2169 934 2188; x_wconf 68' lang='lat' dir='ltr'><strong>summa.</strong></span> <span class='ocrx_word' id='word_1_327' title='bbox 950 2164 976 2193; x_wconf 84' lang='grc' dir='ltr'><strong>Ι)</strong></span> 
     </span>
    </p>
   </div>
   <div class='ocr_carea' id='block_1_48' title="bbox 154 2206 938 2243">
    <p class='ocr_par' dir='ltr' id='par_1_48' title="bbox 154 2206 938 2243">
     <span class='ocr_line' id='line_1_48' title="bbox 154 2206 938 2243; baseline -0.008 -6"><span class='ocrx_word' id='word_1_328' title='bbox 154 2210 247 2243; x_wconf 84' lang='lat' dir='ltr'><strong>Itaque</strong></span> <span class='ocrx_word' id='word_1_329' title='bbox 262 2209 429 2236; x_wconf 77' lang='lat' dir='ltr'><strong>Athanasius</strong></span> <span class='ocrx_word' id='word_1_330' title='bbox 443 2208 562 2236; x_wconf 76' lang='lat' dir='ltr'><strong>sentiens</strong></span> <span class='ocrx_word' id='word_1_331' title='bbox 575 2207 644 2234; x_wconf 91' lang='lat' dir='ltr'><strong>haud</strong></span> <span class='ocrx_word' id='word_1_332' title='bbox 659 2207 752 2241; x_wconf 84' lang='lat' dir='ltr'><strong>procul</strong></span> <span class='ocrx_word' id='word_1_333' title='bbox 767 2206 859 2234; x_wconf 83' lang='lat' dir='ltr'><strong>abfore</strong></span> <span class='ocrx_word' id='word_1_334' title='bbox 872 2207 938 2240; x_wconf 87' lang='lat' dir='ltr'><strong>quin</strong></span> 
     </span>
    </p>
   </div>
   <div class='ocr_carea' id='block_1_49' title="bbox 152 2252 937 2288">
    <p class='ocr_par' dir='ltr' id='par_1_49' title="bbox 152 2252 937 2288">
     <span class='ocr_line' id='line_1_49' title="bbox 152 2252 937 2288; baseline -0.005 -6"><span class='ocrx_word' id='word_1_335' title='bbox 152 2255 336 2288; x_wconf 81' lang='lat' dir='ltr'><strong>corriperetur</strong></span> <span class='ocrx_word' id='word_1_336' title='bbox 349 2254 489 2281; x_wconf 83' lang='lat' dir='ltr'><strong>sistcndtts</strong></span> <span class='ocrx_word' id='word_1_337' title='bbox 503 2254 632 2280; x_wconf 84' lang='lat' dir='ltr'><strong>tribunali</strong></span> <span class='ocrx_word' id='word_1_338' title='bbox 647 2254 720 2287; x_wconf 87' lang='lat' dir='ltr'><strong>(nant</strong></span> <span class='ocrx_word' id='word_1_339' title='bbox 734 2252 814 2288; x_wconf 78' lang='lat'><strong>169</strong></span> <span class='ocrx_word' id='word_1_340' title='bbox 828 2259 937 2279; x_wconf 62' lang='lat' dir='ltr'><strong>causam</strong></span> 
     </span>
    </p>
   </div>
   <div class='ocr_carea' id='block_1_50' title="bbox 147 2298 940 2335">
    <p class='ocr_par' dir='ltr' id='par_1_50' title="bbox 147 2298 940 2335">
     <span class='ocr_line' id='line_1_50' title="bbox 147 2298 940 2335; baseline -0.004 -8"><span class='ocrx_word' id='word_1_341' title='bbox 147 2303 213 2335; x_wconf 70' lang='lat' dir='ltr'><strong>ejus</strong></span> <span class='ocrx_word' id='word_1_342' title='bbox 230 2301 418 2328; x_wconf 76' lang='lat' dir='ltr'><strong>ecclcsmstico</strong></span> <span class='ocrx_word' id='word_1_343' title='bbox 433 2300 538 2333; x_wconf 79' lang='lat' dir='ltr'><strong>judicio</strong></span> <span class='ocrx_word' id='word_1_344' title='bbox 554 2300 700 2334; x_wconf 78' lang='lat' dir='ltr'><strong>disceptari</strong></span> <span class='ocrx_word' id='word_1_345' title='bbox 725 2307 779 2326; x_wconf 87' lang='lat' dir='ltr'><strong>non</strong></span> <span class='ocrx_word' id='word_1_346' title='bbox 796 2298 940 2334; x_wconf 76' lang='lat' dir='ltr'><strong>ignorabat</strong></span> 
     </span>
    </p>
   </div>
   <div class='ocr_carea' id='block_1_51' title="bbox 152 2343 938 2382">
    <p class='ocr_par' dir='ltr' id='par_1_51' title="bbox 152 2343 938 2382">
     <span class='ocr_line' id='line_1_51' title="bbox 152 2343 938 2382; baseline -0.006 -8"><span class='ocrx_word' id='word_1_347' title='bbox 152 2348 287 2382; x_wconf 79' lang='lat' dir='ltr'><strong>primcrcs</strong></span> <span class='ocrx_word' id='word_1_348' title='bbox 308 2346 417 2380; x_wconf 75' lang='lat' dir='ltr'><strong>cupere)</strong></span> <span class='ocrx_word' id='word_1_349' title='bbox 435 2346 579 2381; x_wconf 82' lang='lat' dir='ltr'><strong>occupavit</strong></span> <span class='ocrx_word' id='word_1_350' title='bbox 601 2345 754 2380; x_wconf 75' lang='lat' dir='ltr'><strong>significare</strong></span> <span class='ocrx_word' id='word_1_351' title='bbox 782 2343 938 2378; x_wconf 74' lang='lat' dir='ltr'><strong>imperatori</strong></span> 
     </span>
    </p>
   </div>
   <div class='ocr_carea' id='block_1_52' title="bbox 151 2389 939 2427">
    <p class='ocr_par' dir='ltr' id='par_1_52' title="bbox 151 2389 939 2427">
     <span class='ocr_line' id='line_1_52' title="bbox 151 2389 939 2427; baseline -0.008 -6"><span class='ocrx_word' id='word_1_352' title='bbox 151 2401 183 2421; x_wconf 81' lang='lat' dir='ltr'><strong>se</strong></span> <span class='ocrx_word' id='word_1_353' title='bbox 204 2394 237 2420; x_wconf 88' lang='lat' dir='ltr'><strong>ab</strong></span> <span class='ocrx_word' id='word_1_354' title='bbox 262 2393 321 2427; x_wconf 83' lang='lat' dir='ltr'><strong>ipso</strong></span> <span class='ocrx_word' id='word_1_355' title='bbox 342 2397 433 2427; x_wconf 79' lang='lat' dir='ltr'><strong>petere</strong></span> <span class='ocrx_word' id='word_1_356' title='bbox 450 2397 478 2419; x_wconf 92' lang='lat' dir='ltr'><strong>ut</strong></span> <span class='ocrx_word' id='word_1_357' title='bbox 495 2393 614 2419; x_wconf 73' lang='lat' dir='ltr'><strong>mitteret</strong></span> <span class='ocrx_word' id='word_1_358' title='bbox 626 2391 727 2426; x_wconf 83' lang='lat' dir='ltr'><strong>quibus</strong></span> <span class='ocrx_word' id='word_1_359' title='bbox 743 2389 939 2424; x_wconf 58' lang='lat' dir='ltr'><strong>patriai-chales</strong></span> 
     </span>
    </p>
   </div>
   <div class='ocr_carea' id='block_1_53' title="bbox 150 2435 939 2472">
    <p class='ocr_par' dir='ltr' id='par_1_53' title="bbox 150 2435 939 2472">
     <span class='ocr_line' id='line_1_53' title="bbox 150 2435 939 2472; baseline -0.008 -6"><span class='ocrx_word' id='word_1_360' title='bbox 150 2439 236 2472; x_wconf 63' lang='lat' dir='ltr'><strong>aedes,</strong></span> <span class='ocrx_word' id='word_1_361' title='bbox 254 2439 287 2466; x_wconf 86' lang='lat' dir='ltr'><strong>iis</strong></span> <span class='ocrx_word' id='word_1_362' title='bbox 308 2439 503 2471; x_wconf 84' lang='lat' dir='ltr'><strong>abscessurus,</strong></span> <span class='ocrx_word' id='word_1_363' title='bbox 520 2438 706 2472; x_wconf 78' lang='lat' dir='ltr'><strong>consignaret,</strong></span> <span class='ocrx_word' id='word_1_364' title='bbox 736 2435 837 2470; x_wconf 87' lang='lat' dir='ltr'><strong>quique</strong></span> <span class='ocrx_word' id='word_1_365' title='bbox 863 2435 939 2461; x_wconf 90' lang='lat' dir='ltr'><strong>illum</strong></span> 
     </span>
    </p>
   </div>
   <div class='ocr_carea' id='block_1_54' title="bbox 151 2480 941 2520">
    <p class='ocr_par' dir='ltr' id='par_1_54' title="bbox 151 2480 941 2520">
     <span class='ocr_line' id='line_1_54' title="bbox 151 2480 941 2520; baseline -0.008 -8"><span class='ocrx_word' id='word_1_366' title='bbox 151 2492 209 2520; x_wconf 85' lang='lat' dir='ltr'><strong>quo</strong></span> <span class='ocrx_word' id='word_1_367' title='bbox 233 2492 393 2512; x_wconf 83' lang='lat' dir='ltr'><strong>recessurus</strong></span> <span class='ocrx_word' id='word_1_368' title='bbox 411 2488 485 2512; x_wconf 87' lang='lat' dir='ltr'><strong>esset</strong></span> <span class='ocrx_word' id='word_1_369' title='bbox 501 2483 599 2510; x_wconf 83' lang='lat' dir='ltr'><strong>itinere</strong></span> <span class='ocrx_word' id='word_1_370' title='bbox 616 2487 703 2509; x_wconf 87' lang='lat' dir='ltr'><strong>tutum</strong></span> <span class='ocrx_word' id='word_1_371' title='bbox 721 2482 754 2508; x_wconf 89' lang='lat' dir='ltr'><strong>ab</strong></span> <span class='ocrx_word' id='word_1_372' title='bbox 772 2481 883 2507; x_wconf 81' lang='lat' dir='ltr'><strong>incursu</strong></span> <span class='ocrx_word' id='word_1_373' title='bbox 900 2480 941 2506; x_wconf 92' lang='lat' dir='ltr'><strong>in-</strong></span> 
     </span>
    </p>
   </div>
   <div class='ocr_carea' id='block_1_55' title="bbox 154 2525 940 2566">
    <p class='ocr_par' dir='ltr' id='par_1_55' title="bbox 154 2525 940 2566">
     <span class='ocr_line' id='line_1_55' title="bbox 154 2525 940 2566; baseline -0.008 -8"><span class='ocrx_word' id='word_1_374' title='bbox 154 2531 216 2559; x_wconf 87' lang='lat' dir='ltr'><strong>fcsti</strong></span> <span class='ocrx_word' id='word_1_375' title='bbox 238 2530 330 2565; x_wconf 87' lang='lat' dir='ltr'><strong>populi</strong></span> <span class='ocrx_word' id='word_1_376' title='bbox 349 2535 520 2566; x_wconf 77' lang='lat' dir='ltr'><strong>przestarent.</strong></span> <span class='ocrx_word' id='word_1_377' title='bbox 542 2528 654 2555; x_wconf 83' lang='lat' dir='ltr'><strong>Interim</strong></span> <span class='ocrx_word' id='word_1_378' title='bbox 671 2527 729 2561; x_wconf 85' lang='lat' dir='ltr'><strong>ipse</strong></span> <span class='ocrx_word' id='word_1_379' title='bbox 746 2526 815 2553; x_wconf 81' lang='lat' dir='ltr'><strong>duos</strong></span> <span class='ocrx_word' id='word_1_380' title='bbox 834 2525 940 2552; x_wconf 58' lang='lat' dir='ltr'><strong>libr-llos</strong></span> 
     </span>
    </p>
   </div>
   <div class='ocr_carea' id='block_1_56' title="bbox 151 2572 941 2612">
    <p class='ocr_par' dir='ltr' id='par_1_56' title="bbox 151 2572 941 2612">
     <span class='ocr_line' id='line_1_56' title="bbox 151 2572 941 2612; baseline -0.008 -8"><span class='ocrx_word' id='word_1_381' title='bbox 151 2577 363 2612; x_wconf 79' lang='lat' dir='ltr'><strong>tleproperavit,</strong></span> <span class='ocrx_word' id='word_1_382' title='bbox 397 2583 515 2610; x_wconf 88' lang='lat' dir='ltr'><strong>quorttm</strong></span> <span class='ocrx_word' id='word_1_383' title='bbox 544 2582 597 2600; x_wconf 91' lang='lat' dir='ltr'><strong>uno</strong></span> <span class='ocrx_word' id='word_1_384' title='bbox 624 2573 783 2606; x_wconf 68' lang='lat' dir='ltr'><strong>dignitatem</strong></span> <span class='ocrx_word' id='word_1_385' title='bbox 814 2572 941 2599; x_wconf 78' lang='lat' dir='ltr'><strong>abdicare</strong></span> 
     </span>
    </p>
   </div>
   <div class='ocr_carea' id='block_1_57' title="bbox 153 2617 940 2652">
    <p class='ocr_par' dir='ltr' id='par_1_57' title="bbox 153 2617 940 2652">
     <span class='ocr_line' id='line_1_57' title="bbox 153 2617 940 2652; baseline -0.01 -2"><span class='ocrx_word' id='word_1_386' title='bbox 153 2623 297 2650; x_wconf 74' lang='lat' dir='ltr'><strong>videbatur</strong></span> <span class='ocrx_word' id='word_1_387' title='bbox 319 2631 325 2649; x_wconf 87' lang='lat'>:</span> <span class='ocrx_word' id='word_1_388' title='bbox 353 2622 422 2648; x_wconf 89' lang='lat' dir='ltr'><strong>alter</strong></span> <span class='ocrx_word' id='word_1_389' title='bbox 443 2621 528 2647; x_wconf 86' lang='lat' dir='ltr'><strong>multa</strong></span> <span class='ocrx_word' id='word_1_390' title='bbox 542 2618 728 2652; x_wconf 70' lang='lat' dir='ltr'><strong>complectens</strong></span> <span class='ocrx_word' id='word_1_391' title='bbox 743 2617 841 2650; x_wconf 88' lang='lat' dir='ltr'><strong>partim</strong></span> <span class='ocrx_word' id='word_1_392' title='bbox 857 2617 940 2643; x_wconf 85' lang='lat' dir='ltr'><strong>vitam</strong></span> 
     </span>
    </p>
   </div>
   <div class='ocr_carea' id='block_1_58' title="bbox 151 2662 940 2702">
    <p class='ocr_par' dir='ltr' id='par_1_58' title="bbox 151 2662 940 2702">
     <span class='ocr_line' id='line_1_58' title="bbox 151 2662 940 2702; baseline -0.008 -8"><span class='ocrx_word' id='word_1_393' title='bbox 151 2669 215 2702; x_wconf 75' lang='lat' dir='ltr'><strong>ejus</strong></span> <span class='ocrx_word' id='word_1_394' title='bbox 243 2672 396 2695; x_wconf 83' lang='lat' dir='ltr'><strong>anteactam</strong></span> <span class='ocrx_word' id='word_1_395' title='bbox 421 2665 587 2701; x_wconf 86' lang='lat' dir='ltr'><strong>jactabnude</strong></span> <span class='ocrx_word' id='word_1_396' title='bbox 604 2662 822 2695; x_wconf 87' lang='lat' dir='ltr'><strong>connuendabat,</strong></span> <span class='ocrx_word' id='word_1_397' title='bbox 843 2663 940 2697; x_wconf 87' lang='lat' dir='ltr'><strong>partim</strong></span> 
     </span>
    </p>
   </div>
   <div class='ocr_carea' id='block_1_59' title="bbox 156 2708 940 2744">
    <p class='ocr_par' dir='ltr' id='par_1_59' title="bbox 156 2708 940 2744">
     <span class='ocr_line' id='line_1_59' title="bbox 156 2708 940 2744; baseline -0.011 -2"><span class='ocrx_word' id='word_1_398' title='bbox 156 2717 182 2742; x_wconf 94' lang='lat' dir='ltr'><strong>in</strong></span> <span class='ocrx_word' id='word_1_399' title='bbox 204 2716 404 2742; x_wconf 83' lang='lat' dir='ltr'><strong>obtrectatores</strong></span> <span class='ocrx_word' id='word_1_400' title='bbox 431 2713 498 2739; x_wconf 82' lang='lat' dir='ltr'><strong>iram</strong></span> <span class='ocrx_word' id='word_1_401' title='bbox 523 2709 700 2744; x_wconf 81' lang='lat' dir='ltr'><strong>exproutcbat</strong></span> <span class='ocrx_word' id='word_1_402' title='bbox 718 2708 800 2735; x_wconf 87' lang='lat' dir='ltr'><strong>minis</strong></span> <span class='ocrx_word' id='word_1_403' title='bbox 821 2714 848 2735; x_wconf 88' lang='lat' dir='ltr'><strong>et.</strong></span> <span class='ocrx_word' id='word_1_404' title='bbox 863 2708 940 2740; x_wconf 79' lang='lat' dir='ltr'><strong>diris,</strong></span> 
     </span>
    </p>
   </div>
   <div class='ocr_carea' id='block_1_60' title="bbox 158 2755 940 2795">
    <p class='ocr_par' dir='ltr' id='par_1_60' title="bbox 158 2755 940 2795">
     <span class='ocr_line' id='line_1_60' title="bbox 158 2755 940 2795; baseline -0.006 -8"><span class='ocrx_word' id='word_1_405' title='bbox 158 2770 224 2788; x_wconf 77' lang='lat' dir='ltr'><strong>sane</strong></span> <span class='ocrx_word' id='word_1_406' title='bbox 257 2760 435 2795; x_wconf 71' lang='lat' dir='ltr'><strong>impotentius</strong></span> <span class='ocrx_word' id='word_1_407' title='bbox 468 2766 547 2792; x_wconf 88' lang='lat' dir='ltr'><strong>quam</strong></span> <span class='ocrx_word' id='word_1_408' title='bbox 585 2755 738 2791; x_wconf 77' lang='lat' dir='ltr'><strong>professum</strong></span> <span class='ocrx_word' id='word_1_409' title='bbox 775 2756 940 2783; x_wconf 86' lang='lat' dir='ltr'><strong>imitatorem</strong></span> 
     </span>
    </p>
   </div>
   <div class='ocr_carea' id='block_1_61' title="bbox 154 2802 933 2837">
    <p class='ocr_par' dir='ltr' id='par_1_61' title="bbox 154 2802 933 2837">
     <span class='ocr_line' id='line_1_61' title="bbox 154 2802 933 2837; baseline -0.009 -3"><span class='ocrx_word' id='word_1_410' title='bbox 154 2807 257 2834; x_wconf 54' lang='lat' dir='ltr'><strong>Christi</strong></span> <span class='ocrx_word' id='word_1_411' title='bbox 286 2804 502 2833; x_wconf 71' lang='lat' dir='ltr'><strong>mzmsuetmlinis</strong></span> <span class='ocrx_word' id='word_1_412' title='bbox 523 2804 640 2830; x_wconf 85' lang='lat' dir='ltr'><strong>dcccret.</strong></span> <span class='ocrx_word' id='word_1_413' title='bbox 667 2802 698 2829; x_wconf 76' lang='lat' dir='ltr'><strong>Et</strong></span> <span class='ocrx_word' id='word_1_414' title='bbox 726 2803 799 2830; x_wconf 79' lang='lat' dir='ltr'><strong>hunc</strong></span> <span class='ocrx_word' id='word_1_415' title='bbox 824 2803 933 2837; x_wconf 82' lang='lat' dir='ltr'><strong>quidem</strong></span> 
     </span>
    </p>
   </div>
   <div class='ocr_carea' id='block_1_62' title="bbox 982 198 1768 235">
    <p class='ocr_par' dir='ltr' id='par_1_62' title="bbox 982 198 1768 235">
     <span class='ocr_line' id='line_1_62' title="bbox 982 198 1768 235; baseline -0.004 -8"><span class='ocrx_word' id='word_1_416' title='bbox 982 201 1111 234; x_wconf 86' lang='grc' dir='ltr'>πώμασιν</span> <span class='ocrx_word' id='word_1_417' title='bbox 1125 200 1260 235; x_wconf 78' lang='grc' dir='ltr'>ὲμῦαλὼν,</span> <span class='ocrx_word' id='word_1_418' title='bbox 1274 200 1420 235; x_wconf 73' lang='grc' dir='ltr'>ὑπογραφῇ</span> <span class='ocrx_word' id='word_1_419' title='bbox 1446 199 1580 234; x_wconf 81' lang='grc' dir='ltr'>ῑδιοχείρῳ</span> <span class='ocrx_word' id='word_1_420' title='bbox 1606 199 1653 226; x_wconf 78' lang='grc' dir='ltr'>καὶ</span> <span class='ocrx_word' id='word_1_421' title='bbox 1670 198 1768 233; x_wconf 77' lang='grc' dir='ltr'>βούλλῃ</span> 
     </span>
    </p>
   </div>
   <div class='ocr_carea' id='block_1_63' title="bbox 984 245 1769 283">
    <p class='ocr_par' dir='ltr' id='par_1_63' title="bbox 984 245 1769 283">
     <span class='ocr_line' id='line_1_63' title="bbox 984 245 1769 283; baseline -0.003 -10"><span class='ocrx_word' id='word_1_422' title='bbox 984 247 1124 283; x_wconf 73' lang='grc' dir='ltr'>μολιεδὶνῃ</span> <span class='ocrx_word' id='word_1_423' title='bbox 1139 247 1173 273; x_wconf 83' lang='grc' dir='ltr'><strong>τὰ</strong></span> <span class='ocrx_word' id='word_1_424' title='bbox 1183 247 1335 282; x_wconf 75' lang='grc' dir='ltr'>γράμματα</span> <span class='ocrx_word' id='word_1_425' title='bbox 1359 245 1618 280; x_wconf 76' lang='grc' dir='ltr'>ὲξασφαλισάμενος,</span> <span class='ocrx_word' id='word_1_426' title='bbox 1636 245 1769 279; x_wconf 79' lang='grc' dir='ltr'>τετρήνας</span> 
     </span>
    </p>
   </div>
   <div class='ocr_carea' id='block_1_64' title="bbox 982 290 1767 328">
    <p class='ocr_par' dir='ltr' id='par_1_64' title="bbox 982 290 1767 328">
     <span class='ocr_line' id='line_1_64' title="bbox 982 290 1767 328; baseline -0.005 -8"><span class='ocrx_word' id='word_1_427' title='bbox 982 293 1030 320; x_wconf 72' lang='grc' dir='ltr'><strong>καὶ</strong></span> <span class='ocrx_word' id='word_1_428' title='bbox 1045 294 1168 328; x_wconf 74' lang='grc' dir='ltr'>σπαρτίῳ</span> <span class='ocrx_word' id='word_1_429' title='bbox 1181 292 1373 328; x_wconf 71' lang='grc' dir='ltr'>περισφίγξις,</span> <span class='ocrx_word' id='word_1_430' title='bbox 1388 293 1426 323; x_wconf 76' lang='grc' dir='ltr'>ὡς</span> <span class='ocrx_word' id='word_1_431' title='bbox 1442 293 1478 328; x_wconf 87' lang='grc' dir='ltr'><strong>μή</strong></span> <span class='ocrx_word' id='word_1_432' title='bbox 1494 301 1548 318; x_wconf 87' lang='grc' dir='ltr'>τινι</span> <span class='ocrx_word' id='word_1_433' title='bbox 1563 290 1767 325; x_wconf 78' lang='grc' dir='ltr'>ἐπιϐουλευθείη</span> 
     </span>
    </p>
   </div>
   <div class='ocr_carea' id='block_1_65' title="bbox 981 337 1767 375">
    <p class='ocr_par' dir='ltr' id='par_1_65' title="bbox 981 337 1767 375">
     <span class='ocr_line' id='line_1_65' title="bbox 981 337 1767 375; baseline -0.006 -9"><span class='ocrx_word' id='word_1_434' title='bbox 981 339 1036 366; x_wconf 80' lang='grc' dir='ltr'><strong>τῶν</strong></span> <span class='ocrx_word' id='word_1_435' title='bbox 1051 340 1230 375; x_wconf 74' lang='grc' dir='ltr'>λυμαντήριον</span> <span class='ocrx_word' id='word_1_436' title='bbox 1244 341 1273 370; x_wconf 72' lang='grc' dir='ltr'><strong>ἐς</strong></span> <span class='ocrx_word' id='word_1_437' title='bbox 1289 339 1397 374; x_wconf 72' lang='grc' dir='ltr'>μακρὰν</span> <span class='ocrx_word' id='word_1_438' title='bbox 1413 340 1471 365; x_wconf 78' lang='grc' dir='ltr'>ἐκεῖ</span> <span class='ocrx_word' id='word_1_439' title='bbox 1496 338 1630 372; x_wconf 80' lang='grc' dir='ltr'>κείμενος.</span> <span class='ocrx_word' id='word_1_440' title='bbox 1647 337 1767 369; x_wconf 69' lang='grc' dir='ltr'>Θᾶτερον</span> 
     </span>
    </p>
   </div>
   <div class='ocr_carea' id='block_1_66' title="bbox 981 381 1766 420">
    <p class='ocr_par' dir='ltr' id='par_1_66' title="bbox 981 381 1766 420">
     <span class='ocr_line' id='line_1_66' title="bbox 981 381 1766 420; baseline -0.006 -8"><span class='ocrx_word' id='word_1_441' title='bbox 981 385 1008 412; x_wconf 75' lang='grc' dir='ltr'><strong>δὲ</strong></span> <span class='ocrx_word' id='word_1_442' title='bbox 1024 385 1068 411; x_wconf 64' lang='grc' dir='ltr'><strong>τὸν</strong></span> <span class='ocrx_word' id='word_1_443' title='bbox 1081 386 1130 419; x_wconf 79' lang='grc' dir='ltr'>τῆς</span> <span class='ocrx_word' id='word_1_444' title='bbox 1147 387 1339 420; x_wconf 73' lang='grc' dir='ltr'>παραιτήσεως</span> <span class='ocrx_word' id='word_1_445' title='bbox 1351 385 1454 419; x_wconf 78' lang='grc' dir='ltr'>πέμπει</span> <span class='ocrx_word' id='word_1_446' title='bbox 1465 384 1532 418; x_wconf 67' lang='grc' dir='ltr'>πρδς</span> <span class='ocrx_word' id='word_1_447' title='bbox 1549 383 1669 417; x_wconf 68' lang='grc' dir='ltr'>βασιλέα.</span> <span class='ocrx_word' id='word_1_448' title='bbox 1683 381 1766 414; x_wconf 80' lang='grc' dir='ltr'>ἀξιῶν</span> 
     </span>
    </p>
   </div>
   <div class='ocr_carea' id='block_1_67' title="bbox 981 429 1767 466">
    <p class='ocr_par' dir='ltr' id='par_1_67' title="bbox 981 429 1767 466">
     <span class='ocr_line' id='line_1_67' title="bbox 981 429 1767 466; baseline -0.006 -9"><span class='ocrx_word' id='word_1_449' title='bbox 981 431 1030 465; x_wconf 75' lang='grc' dir='ltr'><strong>τήν</strong></span> <span class='ocrx_word' id='word_1_450' title='bbox 1043 432 1172 466; x_wconf 73' lang='grc' dir='ltr'>ταχίστην</span> <span class='ocrx_word' id='word_1_451' title='bbox 1188 432 1249 463; x_wconf 69' lang='grc' dir='ltr'>τούς</span> <span class='ocrx_word' id='word_1_452' title='bbox 1271 440 1302 465; x_wconf 83' lang='grc' dir='ltr'><strong>γε</strong></span> <span class='ocrx_word' id='word_1_453' title='bbox 1321 431 1369 465; x_wconf 79' lang='grc' dir='ltr'>τὴν</span> <span class='ocrx_word' id='word_1_454' title='bbox 1384 431 1442 458; x_wconf 81' lang='grc' dir='ltr'><strong>ὁδὸν</strong></span> <span class='ocrx_word' id='word_1_455' title='bbox 1463 430 1572 464; x_wconf 78' lang='grc' dir='ltr'>ἀσφαλῆ</span> <span class='ocrx_word' id='word_1_456' title='bbox 1593 429 1616 455; x_wconf 79' lang='lat' dir='ltr'><strong>oi</strong></span> <span class='ocrx_word' id='word_1_457' title='bbox 1633 429 1767 463; x_wconf 73' lang='grc' dir='ltr'>θήσοντας</span> 
     </span>
    </p>
   </div>
   <div class='ocr_carea' id='block_1_68' title="bbox 982 472 1769 511">
    <p class='ocr_par' dir='ltr' id='par_1_68' title="bbox 982 472 1769 511">
     <span class='ocr_line' id='line_1_68' title="bbox 982 472 1769 511; baseline -0.005 -9"><span class='ocrx_word' id='word_1_458' title='bbox 982 477 1149 504; x_wconf 77' lang='grc' dir='ltr'>ἀποστεῖλαι.</span> <span class='ocrx_word' id='word_1_459' title='bbox 1167 475 1250 511; x_wconf 68' lang='grc' dir='ltr'>Εἶχον</span> <span class='ocrx_word' id='word_1_460' title='bbox 1262 477 1284 503; x_wconf 82' lang='grc' dir='ltr'><strong>δ’</strong></span> <span class='ocrx_word' id='word_1_461' title='bbox 1296 478 1342 504; x_wconf 72' lang='grc' dir='ltr'><strong>ἐπὶ</strong></span> <span class='ocrx_word' id='word_1_462' title='bbox 1358 477 1457 509; x_wconf 67' lang='grc' dir='ltr'>λέξεως</span> <span class='ocrx_word' id='word_1_463' title='bbox 1471 476 1484 502; x_wconf 79' lang='grc' dir='ltr'><strong>ὁ</strong></span> <span class='ocrx_word' id='word_1_464' title='bbox 1506 476 1555 510; x_wconf 76' lang='grc' dir='ltr'>μὲν</span> <span class='ocrx_word' id='word_1_465' title='bbox 1568 476 1596 501; x_wconf 70' lang='grc' dir='ltr'>ἐν</span> <span class='ocrx_word' id='word_1_466' title='bbox 1607 475 1663 504; x_wconf 78' lang='grc' dir='ltr'>τοῖς</span> <span class='ocrx_word' id='word_1_467' title='bbox 1679 472 1769 499; x_wconf 74' lang='grc' dir='ltr'>ἐκπώ-</span> 
     </span>
    </p>
   </div>
   <div class='ocr_carea' id='block_1_69' title="bbox 983 521 1269 557">
    <p class='ocr_par' dir='ltr' id='par_1_69' title="bbox 983 521 1269 557">
     <span class='ocr_line' id='line_1_69' title="bbox 983 521 1269 557; baseline 0.003 -9"><span class='ocrx_word' id='word_1_468' title='bbox 983 531 1050 556; x_wconf 80' lang='grc' dir='ltr'>μασι</span> <span class='ocrx_word' id='word_1_469' title='bbox 1072 521 1175 557; x_wconf 71' lang='grc' dir='ltr'>χάρτης</span> <span class='ocrx_word' id='word_1_470' title='bbox 1187 523 1250 549; x_wconf 80' lang='grc' dir='ltr'>τάδε</span> <span class='ocrx_word' id='word_1_471' title='bbox 1261 531 1269 539; x_wconf 85' lang='grc'><strong>·</strong></span> 
     </span>
    </p>
   </div>
   <div class='ocr_carea' id='block_1_70' title="bbox 982 575 1768 612">
    <p class='ocr_par' dir='ltr' id='par_1_70' title="bbox 982 575 1768 612">
     <span class='ocr_line' id='line_1_70' title="bbox 982 575 1768 612; baseline -0.004 -8"><span class='ocrx_word' id='word_1_472' title='bbox 982 582 1034 611; x_wconf 84' lang='grc' dir='ltr'><strong>κγ’,</strong></span> <span class='ocrx_word' id='word_1_473' title='bbox 1054 579 1090 605; x_wconf 80' lang='grc' dir='ltr'><strong>Τὰ</strong></span> <span class='ocrx_word' id='word_1_474' title='bbox 1099 578 1132 605; x_wconf 77' lang='grc' dir='ltr'><strong>ἐν</strong></span> <span class='ocrx_word' id='word_1_475' title='bbox 1146 578 1207 611; x_wconf 81' lang='grc' dir='ltr'>τοῖς</span> <span class='ocrx_word' id='word_1_476' title='bbox 1219 578 1377 612; x_wconf 78' lang='grc' dir='ltr'><strong>ὀστράκοις</strong></span> <span class='ocrx_word' id='word_1_477' title='bbox 1387 578 1461 604; x_wconf 69' lang='grc' dir='ltr'>κατὰ</span> <span class='ocrx_word' id='word_1_478' title='bbox 1474 577 1526 604; x_wconf 83' lang='grc' dir='ltr'>τοῦ</span> <span class='ocrx_word' id='word_1_479' title='bbox 1538 575 1768 610; x_wconf 68' lang='grc' dir='ltr'>πατριαρχεύον-</span> 
     </span>
    </p>
   </div>
   <div class='ocr_carea' id='block_1_71' title="bbox 1244 613 1509 647">
    <p class='ocr_par' dir='ltr' id='par_1_71' title="bbox 1244 613 1509 647">
     <span class='ocr_line' id='line_1_71' title="bbox 1244 613 1509 647; baseline -0.004 -7"><span class='ocrx_word' id='word_1_480' title='bbox 1244 622 1296 646; x_wconf 82' lang='grc' dir='ltr'>τος</span> <span class='ocrx_word' id='word_1_481' title='bbox 1312 613 1509 647; x_wconf 41' lang='lat' dir='ltr'><strong>tremat/tera.</strong></span> 
     </span>
    </p>
   </div>
   <div class='ocr_carea' id='block_1_72' title="bbox 1021 656 1767 694">
    <p class='ocr_par' dir='ltr' id='par_1_72' title="bbox 1021 656 1767 694">
     <span class='ocr_line' id='line_1_72' title="bbox 1021 656 1767 694; baseline -0.004 -8"><span class='ocrx_word' id='word_1_482' title='bbox 1021 670 1029 686; x_wconf 84' lang='grc' dir='ltr'><strong>ι</strong></span> <span class='ocrx_word' id='word_1_483' title='bbox 1051 660 1102 687; x_wconf 83' lang='grc' dir='ltr'><strong>Δύο</strong></span> <span class='ocrx_word' id='word_1_484' title='bbox 1113 660 1174 687; x_wconf 86' lang='grc' dir='ltr'>τινὰ</span> <span class='ocrx_word' id='word_1_485' title='bbox 1189 660 1276 694; x_wconf 75' lang='grc' dir='ltr'>ἐφάνη</span> <span class='ocrx_word' id='word_1_486' title='bbox 1288 660 1356 694; x_wconf 69' lang='grc' dir='ltr'>πρὸς</span> <span class='ocrx_word' id='word_1_487' title='bbox 1371 658 1522 693; x_wconf 72' lang='grc' dir='ltr'>καταδολὴν</span> <span class='ocrx_word' id='word_1_488' title='bbox 1531 658 1582 692; x_wconf 82' lang='grc' dir='ltr'>τῆς</span> <span class='ocrx_word' id='word_1_489' title='bbox 1593 656 1767 690; x_wconf 74' lang='grc' dir='ltr'>Ἐκκλησίας,</span> 
     </span>
    </p>
   </div>
   <div class='ocr_carea' id='block_1_73' title="bbox 981 703 1767 742">
    <p class='ocr_par' dir='ltr' id='par_1_73' title="bbox 981 703 1767 742">
     <span class='ocr_line' id='line_1_73' title="bbox 981 703 1767 742; baseline -0.009 -7"><span class='ocrx_word' id='word_1_490' title='bbox 981 710 1020 740; x_wconf 75' lang='grc' dir='ltr'><strong>εἰς</strong></span> <span class='ocrx_word' id='word_1_491' title='bbox 1037 709 1170 742; x_wconf 75' lang='grc' dir='ltr'>ὠφέλειαν</span> <span class='ocrx_word' id='word_1_492' title='bbox 1184 708 1262 742; x_wconf 85' lang='grc' dir='ltr'>δῆθεν</span> <span class='ocrx_word' id='word_1_493' title='bbox 1277 708 1360 742; x_wconf 80' lang='grc' dir='ltr'>αὐτῆς</span> <span class='ocrx_word' id='word_1_494' title='bbox 1376 706 1565 740; x_wconf 74' lang='grc' dir='ltr'>ἐπινοηθέντα,</span> <span class='ocrx_word' id='word_1_495' title='bbox 1582 704 1610 737; x_wconf 61' lang='grc' dir='ltr'><strong>ἐξ</strong></span> <span class='ocrx_word' id='word_1_496' title='bbox 1624 703 1767 736; x_wconf 69' lang='grc' dir='ltr'>ἐπιϐουλῆς</span> 
     </span>
    </p>
   </div>
   <div class='ocr_carea' id='block_1_74' title="bbox 982 748 1767 788">
    <p class='ocr_par' dir='ltr' id='par_1_74' title="bbox 982 748 1767 788">
     <span class='ocr_line' id='line_1_74' title="bbox 982 748 1767 788; baseline -0.009 -8"><span class='ocrx_word' id='word_1_497' title='bbox 982 755 1036 780; x_wconf 86' lang='grc' dir='ltr'>τῶν</span> <span class='ocrx_word' id='word_1_498' title='bbox 1053 754 1251 788; x_wconf 74' lang='grc' dir='ltr'>ὲπιχαιρόντων</span> <span class='ocrx_word' id='word_1_499' title='bbox 1269 752 1400 783; x_wconf 72' lang='grc' dir='ltr'>τοιούτοις</span> <span class='ocrx_word' id='word_1_500' title='bbox 1413 771 1419 782; x_wconf 84' lang='grc'>,</span> <span class='ocrx_word' id='word_1_501' title='bbox 1446 752 1476 777; x_wconf 80' lang='grc' dir='ltr'>ἓν</span> <span class='ocrx_word' id='word_1_502' title='bbox 1493 751 1540 784; x_wconf 86' lang='grc' dir='ltr'><strong>μὲν</strong></span> <span class='ocrx_word' id='word_1_503' title='bbox 1555 750 1584 775; x_wconf 66' lang='grc' dir='ltr'>τὸ</span> <span class='ocrx_word' id='word_1_504' title='bbox 1598 749 1645 774; x_wconf 72' lang='grc' dir='ltr'>τὸν</span> <span class='ocrx_word' id='word_1_505' title='bbox 1665 748 1767 774; x_wconf 81' lang='grc' dir='ltr'>Βέκκον</span> 
     </span>
    </p>
   </div>
   <div class='ocr_carea' id='block_1_75' title="bbox 983 793 1768 832">
    <p class='ocr_par' dir='ltr' id='par_1_75' title="bbox 983 793 1768 832">
     <span class='ocr_line' id='line_1_75' title="bbox 983 793 1768 832; baseline -0.011 -6"><span class='ocrx_word' id='word_1_506' title='bbox 983 799 1069 826; x_wconf 77' lang='grc' dir='ltr'>ἐλθεῖν</span> <span class='ocrx_word' id='word_1_507' title='bbox 1082 800 1120 830; x_wconf 78' lang='grc' dir='ltr'>εἰς</span> <span class='ocrx_word' id='word_1_508' title='bbox 1137 799 1166 824; x_wconf 78' lang='grc' dir='ltr'>τὸ</span> <span class='ocrx_word' id='word_1_509' title='bbox 1182 797 1357 832; x_wconf 78' lang='grc' dir='ltr'>διαλεχθῆναι</span> <span class='ocrx_word' id='word_1_510' title='bbox 1375 797 1422 823; x_wconf 82' lang='grc' dir='ltr'><strong>καὶ</strong></span> <span class='ocrx_word' id='word_1_511' title='bbox 1449 797 1519 830; x_wconf 78' lang='grc' dir='ltr'>τάχα</span> <span class='ocrx_word' id='word_1_512' title='bbox 1541 793 1768 826; x_wconf 80' lang='grc' dir='ltr'>καταγνωσθῆναι</span> 
     </span>
    </p>
   </div>
   <div class='ocr_carea' id='block_1_76' title="bbox 983 833 1768 880">
    <p class='ocr_par' dir='ltr' id='par_1_76' title="bbox 983 833 1768 880">
     <span class='ocr_line' id='line_1_76' title="bbox 983 833 1768 880; baseline -0.011 -8"><span class='ocrx_word' id='word_1_513' title='bbox 983 846 1030 872; x_wconf 68' lang='grc' dir='ltr'>καὶ</span> <span class='ocrx_word' id='word_1_514' title='bbox 1043 844 1203 880; x_wconf 58' lang='grc' dir='ltr'><strong>⁴ἡττηθῆναι,</strong></span> <span class='ocrx_word' id='word_1_515' title='bbox 1227 843 1241 870; x_wconf 83' lang='grc' dir='ltr'>ὅ</span> <span class='ocrx_word' id='word_1_516' title='bbox 1255 844 1393 878; x_wconf 79' lang='grc' dir='ltr'>ἀμήχανον</span> <span class='ocrx_word' id='word_1_517' title='bbox 1408 840 1442 877; x_wconf 86' lang='grc' dir='ltr'><strong>ἦν</strong></span> <span class='ocrx_word' id='word_1_518' title='bbox 1466 842 1514 869; x_wconf 84' lang='grc' dir='ltr'>τοῦ</span> <span class='ocrx_word' id='word_1_519' title='bbox 1532 833 1601 867; x_wconf 74' lang='grc' dir='ltr'>λαοῦ</span> <span class='ocrx_word' id='word_1_520' title='bbox 1616 840 1768 874; x_wconf 74' lang='grc' dir='ltr'><strong>μεμηνότος</strong></span> 
     </span>
    </p>
   </div>
   <div class='ocr_carea' id='block_1_77' title="bbox 983 883 1769 923">
    <p class='ocr_par' dir='ltr' id='par_1_77' title="bbox 983 883 1769 923">
     <span class='ocr_line' id='line_1_77' title="bbox 983 883 1769 923; baseline -0.01 -7"><span class='ocrx_word' id='word_1_521' title='bbox 983 891 1030 917; x_wconf 65' lang='grc' dir='ltr'><strong>καὶ</strong></span> <span class='ocrx_word' id='word_1_522' title='bbox 1046 890 1075 916; x_wconf 75' lang='lat' dir='ltr'><strong>1b</strong></span> <span class='ocrx_word' id='word_1_523' title='bbox 1089 889 1176 923; x_wconf 80' lang='grc' dir='ltr'>γλυκὺ</span> <span class='ocrx_word' id='word_1_524' title='bbox 1193 889 1293 922; x_wconf 78' lang='grc' dir='ltr'>πικρὸν</span> <span class='ocrx_word' id='word_1_525' title='bbox 1309 888 1425 922; x_wconf 69' lang='grc' dir='ltr'><strong>ἑχόντων</strong></span> <span class='ocrx_word' id='word_1_526' title='bbox 1441 895 1471 912; x_wconf 83' lang='grc' dir='ltr'><strong>τε</strong></span> <span class='ocrx_word' id='word_1_527' title='bbox 1483 887 1529 913; x_wconf 82' lang='grc' dir='ltr'>καὶ</span> <span class='ocrx_word' id='word_1_528' title='bbox 1551 886 1694 919; x_wconf 79' lang='grc' dir='ltr'>λεγόντων,</span> <span class='ocrx_word' id='word_1_529' title='bbox 1707 883 1769 909; x_wconf 70' lang='grc' dir='ltr'><strong>δεύ⁴</strong></span> 
     </span>
    </p>
   </div>
   <div class='ocr_carea' id='block_1_78' title="bbox 982 928 1766 968">
    <p class='ocr_par' dir='ltr' id='par_1_78' title="bbox 982 928 1766 968">
     <span class='ocr_line' id='line_1_78' title="bbox 982 928 1766 968; baseline -0.006 -8"><span class='ocrx_word' id='word_1_530' title='bbox 982 943 1079 968; x_wconf 75' lang='grc' dir='ltr'>τερον,</span> <span class='ocrx_word' id='word_1_531' title='bbox 1114 934 1195 965; x_wconf 76' lang='grc' dir='ltr'>ἡνίκα</span> <span class='ocrx_word' id='word_1_532' title='bbox 1215 933 1253 967; x_wconf 81' lang='grc' dir='ltr'>τῷ</span> <span class='ocrx_word' id='word_1_533' title='bbox 1276 931 1411 966; x_wconf 77' lang='grc' dir='ltr'>Ὑακίνθῳ</span> <span class='ocrx_word' id='word_1_534' title='bbox 1436 930 1590 966; x_wconf 75' lang='grc' dir='ltr'>ὲξεχωρήθη</span> <span class='ocrx_word' id='word_1_535' title='bbox 1612 928 1766 964; x_wconf 77' lang='grc' dir='ltr'>ἅπανταχοῦ</span> 
     </span>
    </p>
   </div>
   <div class='ocr_carea' id='block_1_79' title="bbox 983 975 1768 1014">
    <p class='ocr_par' dir='ltr' id='par_1_79' title="bbox 983 975 1768 1014">
     <span class='ocr_line' id='line_1_79' title="bbox 983 975 1768 1014; baseline -0.008 -7"><span class='ocrx_word' id='word_1_536' title='bbox 983 980 1033 1014; x_wconf 83' lang='grc' dir='ltr'>τῆς</span> <span class='ocrx_word' id='word_1_537' title='bbox 1056 980 1197 1014; x_wconf 84' lang='grc' dir='ltr'>Ῥωμαίων</span> <span class='ocrx_word' id='word_1_538' title='bbox 1213 979 1428 1013; x_wconf 76' lang='grc' dir='ltr'>προσκαλεῖσθαι</span> <span class='ocrx_word' id='word_1_539' title='bbox 1443 978 1512 1004; x_wconf 75' lang='grc' dir='ltr'>κατὰ</span> <span class='ocrx_word' id='word_1_540' title='bbox 1535 977 1586 1011; x_wconf 80' lang='grc' dir='ltr'><strong>τῆς</strong></span> <span class='ocrx_word' id='word_1_541' title='bbox 1603 975 1768 1008; x_wconf 78' lang='grc' dir='ltr'>Ἑκκλησίας</span> 
     </span>
    </p>
   </div>
   <div class='ocr_carea' id='block_1_80' title="bbox 983 1021 1766 1061">
    <p class='ocr_par' dir='ltr' id='par_1_80' title="bbox 983 1021 1766 1061">
     <span class='ocr_line' id='line_1_80' title="bbox 983 1021 1766 1061; baseline -0.008 -8"><span class='ocrx_word' id='word_1_542' title='bbox 983 1026 1029 1058; x_wconf 75' lang='grc' dir='ltr'><strong>οὓς</strong></span> <span class='ocrx_word' id='word_1_543' title='bbox 1046 1026 1172 1061; x_wconf 78' lang='grc' dir='ltr'>εὕρισκεν</span> <span class='ocrx_word' id='word_1_544' title='bbox 1184 1026 1214 1052; x_wconf 77' lang='grc' dir='ltr'>οὒ</span> <span class='ocrx_word' id='word_1_545' title='bbox 1236 1025 1396 1059; x_wconf 75' lang='grc' dir='ltr'>συνειδήσει,</span> <span class='ocrx_word' id='word_1_546' title='bbox 1412 1024 1442 1051; x_wconf 81' lang='grc' dir='ltr'>οὐ</span> <span class='ocrx_word' id='word_1_547' title='bbox 1459 1024 1550 1058; x_wconf 84' lang='grc' dir='ltr'>νόμοις</span> <span class='ocrx_word' id='word_1_548' title='bbox 1563 1022 1630 1049; x_wconf 73' lang='grc' dir='ltr'>Θεοῦ</span> <span class='ocrx_word' id='word_1_549' title='bbox 1649 1021 1766 1056; x_wconf 75' lang='grc' dir='ltr'>τεθραμ-</span> 
     </span>
    </p>
   </div>
   <div class='ocr_carea' id='block_1_81' title="bbox 985 1067 1768 1106">
    <p class='ocr_par' dir='ltr' id='par_1_81' title="bbox 985 1067 1768 1106">
     <span class='ocr_line' id='line_1_81' title="bbox 985 1067 1768 1106; baseline -0.006 -9"><span class='ocrx_word' id='word_1_550' title='bbox 985 1072 1092 1106; x_wconf 78' lang='grc' dir='ltr'><strong>μένους,</strong></span> <span class='ocrx_word' id='word_1_551' title='bbox 1113 1071 1170 1097; x_wconf 84' lang='grc' dir='ltr'>ἀλλ’</span> <span class='ocrx_word' id='word_1_552' title='bbox 1194 1069 1360 1105; x_wconf 82' lang='grc' dir='ltr'>ἀγυρτώδεις</span> <span class='ocrx_word' id='word_1_553' title='bbox 1383 1070 1430 1096; x_wconf 73' lang='grc' dir='ltr'>καὶ</span> <span class='ocrx_word' id='word_1_554' title='bbox 1444 1067 1667 1103; x_wconf 75' lang='grc' dir='ltr'>τριωΰολιμαίους</span> <span class='ocrx_word' id='word_1_555' title='bbox 1682 1067 1768 1098; x_wconf 70' lang='grc' dir='ltr'>τινὰς,</span> 
     </span>
    </p>
   </div>
   <div class='ocr_carea' id='block_1_82' title="bbox 984 1111 1768 1152">
    <p class='ocr_par' dir='ltr' id='par_1_82' title="bbox 984 1111 1768 1152">
     <span class='ocr_line' id='line_1_82' title="bbox 984 1111 1768 1152; baseline -0.006 -9"><span class='ocrx_word' id='word_1_556' title='bbox 984 1117 1032 1143; x_wconf 77' lang='grc' dir='ltr'>καὶ</span> <span class='ocrx_word' id='word_1_557' title='bbox 1048 1117 1156 1148; x_wconf 64' lang='grc' dir='ltr'>ἱκανοὺς</span> <span class='ocrx_word' id='word_1_558' title='bbox 1177 1115 1362 1152; x_wconf 79' lang='grc' dir='ltr'>καταστρέψαι</span> <span class='ocrx_word' id='word_1_559' title='bbox 1382 1115 1430 1151; x_wconf 80' lang='grc' dir='ltr'>τὴν</span> <span class='ocrx_word' id='word_1_560' title='bbox 1446 1114 1609 1149; x_wconf 78' lang='grc' dir='ltr'>Ἐκκλησίαν</span> <span class='ocrx_word' id='word_1_561' title='bbox 1636 1111 1768 1148; x_wconf 77' lang='grc' dir='ltr'>Χριστοῦ,</span> 
     </span>
    </p>
   </div>
   <div class='ocr_carea' id='block_1_83' title="bbox 985 1201 1771 1238">
    <p class='ocr_par' dir='ltr' id='par_1_83' title="bbox 985 1201 1771 1238">
     <span class='ocr_line' id='line_1_83' title="bbox 985 1201 1771 1238; baseline -0.005 -7"><span class='ocrx_word' id='word_1_562' title='bbox 985 1205 1093 1232; x_wconf 86' lang='lat' dir='ltr'><strong>duohus</strong></span> <span class='ocrx_word' id='word_1_563' title='bbox 1119 1205 1240 1232; x_wconf 78' lang='lat' dir='ltr'><strong>libellum</strong></span> <span class='ocrx_word' id='word_1_564' title='bbox 1266 1204 1323 1238; x_wconf 86' lang='lat' dir='ltr'><strong>ipse</strong></span> <span class='ocrx_word' id='word_1_565' title='bbox 1341 1203 1435 1232; x_wconf 82' lang='lat' dir='ltr'><strong>furtim</strong></span> <span class='ocrx_word' id='word_1_566' title='bbox 1463 1202 1605 1231; x_wconf 81' lang='lat' dir='ltr'><strong>abscondit</strong></span> <span class='ocrx_word' id='word_1_567' title='bbox 1630 1202 1690 1229; x_wconf 86' lang='lat' dir='ltr'><strong>loco</strong></span> <span class='ocrx_word' id='word_1_568' title='bbox 1706 1201 1771 1228; x_wconf 78' lang='lat' dir='ltr'><strong>abs-</strong></span> 
     </span>
    </p>
   </div>
   <div class='ocr_carea' id='block_1_84' title="bbox 984 1247 1770 1281">
    <p class='ocr_par' dir='ltr' id='par_1_84' title="bbox 984 1247 1770 1281">
     <span class='ocr_line' id='line_1_84' title="bbox 984 1247 1770 1281; baseline -0.003 -5"><span class='ocrx_word' id='word_1_569' title='bbox 984 1250 1148 1281; x_wconf 82' lang='lat' dir='ltr'><strong>trusissimo,</strong></span> <span class='ocrx_word' id='word_1_570' title='bbox 1170 1250 1239 1276; x_wconf 85' lang='lat' dir='ltr'><strong>intra</strong></span> <span class='ocrx_word' id='word_1_571' title='bbox 1269 1249 1390 1276; x_wconf 81' lang='lat' dir='ltr'><strong>foramen</strong></span> <span class='ocrx_word' id='word_1_572' title='bbox 1419 1256 1513 1276; x_wconf 91' lang='lat' dir='ltr'><strong>eorum</strong></span> <span class='ocrx_word' id='word_1_573' title='bbox 1529 1248 1616 1276; x_wconf 84' lang='lat' dir='ltr'><strong>simile</strong></span> <span class='ocrx_word' id='word_1_574' title='bbox 1630 1248 1655 1274; x_wconf 92' lang='lat' dir='ltr'><strong>in</strong></span> <span class='ocrx_word' id='word_1_575' title='bbox 1671 1247 1770 1281; x_wconf 87' lang='lat' dir='ltr'><strong>quibus</strong></span> 
     </span>
    </p>
   </div>
   <div class='ocr_carea' id='block_1_85' title="bbox 985 1295 1766 1328">
    <p class='ocr_par' dir='ltr' id='par_1_85' title="bbox 985 1295 1766 1328">
     <span class='ocr_line' id='line_1_85' title="bbox 985 1295 1766 1328; baseline -0.005 -6"><span class='ocrx_word' id='word_1_576' title='bbox 985 1296 1119 1322; x_wconf 78' lang='lat' dir='ltr'><strong>columba:</strong></span> <span class='ocrx_word' id='word_1_577' title='bbox 1149 1295 1290 1323; x_wconf 87' lang='lat' dir='ltr'><strong>niditieare</strong></span> <span class='ocrx_word' id='word_1_578' title='bbox 1312 1299 1421 1327; x_wconf 79' lang='lat' dir='ltr'><strong>amant,</strong></span> <span class='ocrx_word' id='word_1_579' title='bbox 1447 1295 1500 1321; x_wconf 88' lang='lat' dir='ltr'><strong>sito</strong></span> <span class='ocrx_word' id='word_1_580' title='bbox 1529 1301 1610 1328; x_wconf 85' lang='lat' dir='ltr'><strong>supra</strong></span> <span class='ocrx_word' id='word_1_581' title='bbox 1637 1297 1766 1320; x_wconf 79' lang='lat' dir='ltr'><strong>verticem</strong></span> 
     </span>
    </p>
   </div>
   <div class='ocr_carea' id='block_1_86' title="bbox 984 1339 1768 1376">
    <p class='ocr_par' dir='ltr' id='par_1_86' title="bbox 984 1339 1768 1376">
     <span class='ocr_line' id='line_1_86' title="bbox 984 1339 1768 1376; baseline -0.005 -8"><span class='ocrx_word' id='word_1_582' title='bbox 984 1341 1118 1368; x_wconf 75' lang='lat' dir='ltr'><strong>columnae</strong></span> <span class='ocrx_word' id='word_1_583' title='bbox 1144 1342 1296 1376; x_wconf 78' lang='lat' dir='ltr'><strong>cnjuspiam</strong></span> <span class='ocrx_word' id='word_1_584' title='bbox 1322 1341 1346 1367; x_wconf 90' lang='lat' dir='ltr'><strong>in</strong></span> <span class='ocrx_word' id='word_1_585' title='bbox 1373 1340 1604 1371; x_wconf 81' lang='lat' dir='ltr'><strong>catechumeueis,</strong></span> <span class='ocrx_word' id='word_1_586' title='bbox 1623 1339 1656 1366; x_wconf 86' lang='lat' dir='ltr'><strong>ad</strong></span> <span class='ocrx_word' id='word_1_587' title='bbox 1675 1339 1768 1365; x_wconf 59' lang='lat' dir='ltr'><strong>larvam</strong></span> 
     </span>
    </p>
   </div>
   <div class='ocr_carea' id='block_1_87' title="bbox 985 1384 1769 1420">
    <p class='ocr_par' dir='ltr' id='par_1_87' title="bbox 985 1384 1769 1420">
     <span class='ocr_line' id='line_1_87' title="bbox 985 1384 1769 1420; baseline -0.006 -5"><span class='ocrx_word' id='word_1_588' title='bbox 985 1387 1200 1418; x_wconf 81' lang='lat' dir='ltr'><strong>introeuntium.</strong></span> <span class='ocrx_word' id='word_1_589' title='bbox 1214 1386 1323 1414; x_wconf 75' lang='lat' dir='ltr'><strong>stantis.</strong></span> <span class='ocrx_word' id='word_1_590' title='bbox 1340 1385 1473 1413; x_wconf 82' lang='lat' dir='ltr'><strong>Notabilis</strong></span> <span class='ocrx_word' id='word_1_591' title='bbox 1491 1393 1570 1420; x_wconf 89' lang='lat' dir='ltr'><strong>porro</strong></span> <span class='ocrx_word' id='word_1_592' title='bbox 1586 1389 1627 1412; x_wconf 86' lang='lat' dir='ltr'><strong>est</strong></span> <span class='ocrx_word' id='word_1_593' title='bbox 1643 1392 1724 1418; x_wconf 91' lang='lat' dir='ltr'><strong>quam</strong></span> <span class='ocrx_word' id='word_1_594' title='bbox 1741 1384 1769 1410; x_wconf 88' lang='lat' dir='ltr'><strong>in</strong></span> 
     </span>
    </p>
   </div>
   <div class='ocr_carea' id='block_1_88' title="bbox 984 1431 1767 1460">
    <p class='ocr_par' dir='ltr' id='par_1_88' title="bbox 984 1431 1767 1460">
     <span class='ocr_line' id='line_1_88' title="bbox 984 1431 1767 1460; baseline -0.004 -1"><span class='ocrx_word' id='word_1_595' title='bbox 984 1434 1037 1460; x_wconf 93' lang='lat' dir='ltr'><strong>hoc</strong></span> <span class='ocrx_word' id='word_1_596' title='bbox 1066 1433 1188 1460; x_wconf 89' lang='lat' dir='ltr'><strong>adhibuit</strong></span> <span class='ocrx_word' id='word_1_597' title='bbox 1215 1433 1380 1460; x_wconf 82' lang='lat' dir='ltr'><strong>sollicitudo.</strong></span> <span class='ocrx_word' id='word_1_598' title='bbox 1413 1432 1534 1459; x_wconf 85' lang='lat' dir='ltr'><strong>Primum</strong></span> <span class='ocrx_word' id='word_1_599' title='bbox 1562 1431 1685 1458; x_wconf 85' lang='lat' dir='ltr'><strong>chartam</strong></span> <span class='ocrx_word' id='word_1_600' title='bbox 1713 1437 1767 1457; x_wconf 90' lang='lat' dir='ltr'><strong>non</strong></span> 
     </span>
    </p>
   </div>
   <div class='ocr_carea' id='block_1_89' title="bbox 947 1477 1770 1519">
    <p class='ocr_par' dir='ltr' id='par_1_89' title="bbox 947 1477 1770 1519">
     <span class='ocr_line' id='line_1_89' title="bbox 947 1477 1770 1519; baseline -0.005 -13"><span class='ocrx_word' id='word_1_601' title='bbox 947 1491 969 1519; x_wconf 73' lang='grc' dir='ltr'>ο</span> <span class='ocrx_word' id='word_1_602' title='bbox 986 1479 1142 1514; x_wconf 85' lang='lat' dir='ltr'><strong>simplicem</strong></span> <span class='ocrx_word' id='word_1_603' title='bbox 1157 1484 1184 1506; x_wconf 85' lang='lat' dir='ltr'><strong>et</strong></span> <span class='ocrx_word' id='word_1_604' title='bbox 1197 1479 1363 1506; x_wconf 83' lang='lat' dir='ltr'><strong>authenticis</strong></span> <span class='ocrx_word' id='word_1_605' title='bbox 1378 1478 1534 1505; x_wconf 81' lang='lat' dir='ltr'><strong>destitutam</strong></span> <span class='ocrx_word' id='word_1_606' title='bbox 1551 1477 1660 1510; x_wconf 84' lang='lat' dir='ltr'><strong>reliquit</strong></span> <span class='ocrx_word' id='word_1_607' title='bbox 1674 1477 1770 1510; x_wconf 63' lang='lat' dir='ltr'><strong>signis,</strong></span> 
     </span>
    </p>
   </div>
   <div class='ocr_carea' id='block_1_90' title="bbox 986 1521 1771 1559">
    <p class='ocr_par' dir='ltr' id='par_1_90' title="bbox 986 1521 1771 1559">
     <span class='ocr_line' id='line_1_90' title="bbox 986 1521 1771 1559; baseline -0.005 -7"><span class='ocrx_word' id='word_1_608' title='bbox 986 1524 1034 1552; x_wconf 84' lang='lat' dir='ltr'><strong>sed</strong></span> <span class='ocrx_word' id='word_1_609' title='bbox 1061 1532 1143 1551; x_wconf 89' lang='lat' dir='ltr'><strong>manu</strong></span> <span class='ocrx_word' id='word_1_610' title='bbox 1172 1525 1222 1551; x_wconf 87' lang='lat' dir='ltr'><strong>rite</strong></span> <span class='ocrx_word' id='word_1_611' title='bbox 1245 1524 1354 1559; x_wconf 88' lang='lat' dir='ltr'><strong>propria</strong></span> <span class='ocrx_word' id='word_1_612' title='bbox 1375 1523 1557 1558; x_wconf 82' lang='lat' dir='ltr'><strong>subscriptam</strong></span> <span class='ocrx_word' id='word_1_613' title='bbox 1574 1522 1645 1549; x_wconf 89' lang='lat' dir='ltr'><strong>bulla</strong></span> <span class='ocrx_word' id='word_1_614' title='bbox 1660 1521 1771 1555; x_wconf 90' lang='lat' dir='ltr'><strong>insuper</strong></span> 
     </span>
    </p>
   </div>
   <div class='ocr_carea' id='block_1_91' title="bbox 985 1567 1772 1605">
    <p class='ocr_par' dir='ltr' id='par_1_91' title="bbox 985 1567 1772 1605">
     <span class='ocr_line' id='line_1_91' title="bbox 985 1567 1772 1605; baseline -0.005 -8"><span class='ocrx_word' id='word_1_615' title='bbox 985 1571 1116 1605; x_wconf 74' lang='lat' dir='ltr'><strong>plumbea</strong></span> <span class='ocrx_word' id='word_1_616' title='bbox 1130 1570 1262 1597; x_wconf 86' lang='lat' dir='ltr'><strong>munivit:</strong></span> <span class='ocrx_word' id='word_1_617' title='bbox 1276 1575 1332 1597; x_wconf 89' lang='lat' dir='ltr'><strong>tum</strong></span> <span class='ocrx_word' id='word_1_618' title='bbox 1345 1569 1418 1597; x_wconf 84' lang='lat' dir='ltr'><strong>vasis</strong></span> <span class='ocrx_word' id='word_1_619' title='bbox 1429 1570 1537 1596; x_wconf 87' lang='lat' dir='ltr'><strong>duobus</strong></span> <span class='ocrx_word' id='word_1_620' title='bbox 1553 1568 1645 1596; x_wconf 85' lang='lat' dir='ltr'><strong>testeis</strong></span> <span class='ocrx_word' id='word_1_621' title='bbox 1661 1567 1772 1594; x_wconf 83' lang='lat' dir='ltr'><strong>inclusit</strong></span> 
     </span>
    </p>
   </div>
   <div class='ocr_carea' id='block_1_92' title="bbox 987 1610 1770 1651">
    <p class='ocr_par' dir='ltr' id='par_1_92' title="bbox 987 1610 1770 1651">
     <span class='ocr_line' id='line_1_92' title="bbox 987 1610 1770 1651; baseline -0.004 -7"><span class='ocrx_word' id='word_1_622' title='bbox 987 1617 1104 1644; x_wconf 87' lang='lat' dir='ltr'><strong>invicem</strong></span> <span class='ocrx_word' id='word_1_623' title='bbox 1130 1617 1265 1648; x_wconf 79' lang='lat' dir='ltr'><strong>obversis.</strong></span> <span class='ocrx_word' id='word_1_624' title='bbox 1282 1623 1398 1651; x_wconf 91' lang='lat' dir='ltr'><strong>quorum</strong></span> <span class='ocrx_word' id='word_1_625' title='bbox 1414 1610 1490 1643; x_wconf 85' lang='lat' dir='ltr'><strong>labra</strong></span> <span class='ocrx_word' id='word_1_626' title='bbox 1506 1620 1617 1650; x_wconf 88' lang='lat' dir='ltr'><strong>pertusa</strong></span> <span class='ocrx_word' id='word_1_627' title='bbox 1640 1614 1770 1641; x_wconf 79' lang='lat' dir='ltr'><strong>funiculis</strong></span> 
     </span>
    </p>
   </div>
   <div class='ocr_carea' id='block_1_93' title="bbox 986 1659 1771 1695">
    <p class='ocr_par' dir='ltr' id='par_1_93' title="bbox 986 1659 1771 1695">
     <span class='ocr_line' id='line_1_93' title="bbox 986 1659 1771 1695; baseline -0.003 -8"><span class='ocrx_word' id='word_1_628' title='bbox 986 1660 1095 1688; x_wconf 85' lang='lat' dir='ltr'><strong>insertis</strong></span> <span class='ocrx_word' id='word_1_629' title='bbox 1110 1666 1172 1695; x_wconf 88' lang='lat' dir='ltr'><strong>apte</strong></span> <span class='ocrx_word' id='word_1_630' title='bbox 1187 1661 1337 1691; x_wconf 85' lang='lat' dir='ltr'><strong>commisit,</strong></span> <span class='ocrx_word' id='word_1_631' title='bbox 1357 1664 1387 1687; x_wconf 91' lang='lat' dir='ltr'><strong>ut</strong></span> <span class='ocrx_word' id='word_1_632' title='bbox 1407 1667 1466 1687; x_wconf 86' lang='lat' dir='ltr'><strong>eam</strong></span> <span class='ocrx_word' id='word_1_633' title='bbox 1481 1659 1601 1694; x_wconf 88' lang='lat' dir='ltr'><strong>undique</strong></span> <span class='ocrx_word' id='word_1_634' title='bbox 1618 1660 1652 1686; x_wconf 91' lang='lat' dir='ltr'><strong>ab</strong></span> <span class='ocrx_word' id='word_1_635' title='bbox 1669 1659 1771 1693; x_wconf 83' lang='lat' dir='ltr'><strong>injuria</strong></span> 
     </span>
    </p>
   </div>
   <div class='ocr_carea' id='block_1_94' title="bbox 986 1705 1771 1740">
    <p class='ocr_par' dir='ltr' id='par_1_94' title="bbox 986 1705 1771 1740">
     <span class='ocr_line' id='line_1_94' title="bbox 986 1705 1771 1740; baseline -0.003 -8"><span class='ocrx_word' id='word_1_636' title='bbox 986 1706 1059 1733; x_wconf 82' lang='lat' dir='ltr'><strong>omni</strong></span> <span class='ocrx_word' id='word_1_637' title='bbox 1080 1711 1259 1740; x_wconf 76' lang='lat' dir='ltr'><strong>protegerent.</strong></span> <span class='ocrx_word' id='word_1_638' title='bbox 1281 1705 1327 1732; x_wconf 93' lang='lat' dir='ltr'><strong>Sic</strong></span> <span class='ocrx_word' id='word_1_639' title='bbox 1351 1706 1498 1739; x_wconf 88' lang='lat' dir='ltr'><strong>conditam,</strong></span> <span class='ocrx_word' id='word_1_640' title='bbox 1523 1705 1596 1732; x_wconf 83' lang='lat' dir='ltr'><strong>scala</strong></span> <span class='ocrx_word' id='word_1_641' title='bbox 1611 1705 1669 1739; x_wconf 86' lang='lat' dir='ltr'><strong>ipse</strong></span> <span class='ocrx_word' id='word_1_642' title='bbox 1690 1711 1771 1731; x_wconf 88' lang='lat' dir='ltr'><strong>muro</strong></span> 
     </span>
    </p>
   </div>
   <div class='ocr_carea' id='block_1_95' title="bbox 987 1749 1770 1786">
    <p class='ocr_par' dir='ltr' id='par_1_95' title="bbox 987 1749 1770 1786">
     <span class='ocr_line' id='line_1_95' title="bbox 987 1749 1770 1786; baseline -0.003 -8"><span class='ocrx_word' id='word_1_643' title='bbox 987 1752 1115 1786; x_wconf 83' lang='lat' dir='ltr'><strong>applicita</strong></span> <span class='ocrx_word' id='word_1_644' title='bbox 1135 1759 1352 1786; x_wconf 84' lang='lat' dir='ltr'><strong>conscensaque,</strong></span> <span class='ocrx_word' id='word_1_645' title='bbox 1370 1758 1451 1777; x_wconf 84' lang='lat' dir='ltr'><strong>manu</strong></span> <span class='ocrx_word' id='word_1_646' title='bbox 1471 1750 1579 1785; x_wconf 83' lang='lat' dir='ltr'><strong>propria</strong></span> <span class='ocrx_word' id='word_1_647' title='bbox 1595 1749 1719 1784; x_wconf 78' lang='lat' dir='ltr'><strong>deposuit</strong></span> <span class='ocrx_word' id='word_1_648' title='bbox 1743 1749 1770 1776; x_wconf 92' lang='lat' dir='ltr'><strong>in</strong></span> 
     </span>
    </p>
   </div>
   <div class='ocr_carea' id='block_1_96' title="bbox 987 1794 1770 1832">
    <p class='ocr_par' dir='ltr' id='par_1_96' title="bbox 987 1794 1770 1832">
     <span class='ocr_line' id='line_1_96' title="bbox 987 1794 1770 1832; baseline -0.004 -8"><span class='ocrx_word' id='word_1_649' title='bbox 987 1802 1141 1824; x_wconf 71' lang='lat' dir='ltr'><strong>memorato</strong></span> <span class='ocrx_word' id='word_1_650' title='bbox 1158 1798 1234 1832; x_wconf 88' lang='lat' dir='ltr'><strong>prius</strong></span> <span class='ocrx_word' id='word_1_651' title='bbox 1260 1798 1334 1828; x_wconf 88' lang='lat' dir='ltr'><strong>loco,</strong></span> <span class='ocrx_word' id='word_1_652' title='bbox 1348 1797 1423 1823; x_wconf 83' lang='lat' dir='ltr'><strong>velut</strong></span> <span class='ocrx_word' id='word_1_653' title='bbox 1445 1796 1499 1823; x_wconf 91' lang='lat' dir='ltr'><strong>illic</strong></span> <span class='ocrx_word' id='word_1_654' title='bbox 1522 1795 1726 1822; x_wconf 81' lang='lat' dir='ltr'><strong>custodiendam</strong></span> <span class='ocrx_word' id='word_1_655' title='bbox 1743 1794 1770 1821; x_wconf 90' lang='lat' dir='ltr'><strong>iu</strong></span> 
     </span>
    </p>
   </div>
   <div class='ocr_carea' id='block_1_97' title="bbox 986 1842 1770 1877">
    <p class='ocr_par' dir='ltr' id='par_1_97' title="bbox 986 1842 1770 1877">
     <span class='ocr_line' id='line_1_97' title="bbox 986 1842 1770 1877; baseline -0.004 -6"><span class='ocrx_word' id='word_1_656' title='bbox 986 1851 1076 1872; x_wconf 88' lang='lat' dir='ltr'><strong>seram</strong></span> <span class='ocrx_word' id='word_1_657' title='bbox 1093 1844 1253 1871; x_wconf 83' lang='lat' dir='ltr'><strong>memoriam</strong></span> <span class='ocrx_word' id='word_1_658' title='bbox 1271 1843 1447 1877; x_wconf 80' lang='lat' dir='ltr'><strong>posteritatis.</strong></span> <span class='ocrx_word' id='word_1_659' title='bbox 1467 1842 1555 1870; x_wconf 84' lang='lat' dir='ltr'><strong>Alium</strong></span> <span class='ocrx_word' id='word_1_660' title='bbox 1572 1842 1770 1868; x_wconf 83' lang='lat' dir='ltr'><strong>abdicatorium</strong></span> 
     </span>
    </p>
   </div>
   <div class='ocr_carea' id='block_1_98' title="bbox 987 1888 1771 1925">
    <p class='ocr_par' dir='ltr' id='par_1_98' title="bbox 987 1888 1771 1925">
     <span class='ocr_line' id='line_1_98' title="bbox 987 1888 1771 1925; baseline -0.001 -10"><span class='ocrx_word' id='word_1_661' title='bbox 987 1890 1189 1925; x_wconf 86' lang='lat' dir='ltr'><strong>patriarchalus</strong></span> <span class='ocrx_word' id='word_1_662' title='bbox 1207 1889 1326 1916; x_wconf 85' lang='lat' dir='ltr'><strong>libellum</strong></span> <span class='ocrx_word' id='word_1_663' title='bbox 1341 1888 1417 1916; x_wconf 88' lang='lat' dir='ltr'><strong>misit</strong></span> <span class='ocrx_word' id='word_1_664' title='bbox 1429 1889 1463 1915; x_wconf 91' lang='lat' dir='ltr'><strong>ad</strong></span> <span class='ocrx_word' id='word_1_665' title='bbox 1477 1889 1678 1922; x_wconf 76' lang='lat' dir='ltr'><strong>imperatorem,</strong></span> <span class='ocrx_word' id='word_1_666' title='bbox 1689 1895 1771 1914; x_wconf 85' lang='lat' dir='ltr'><strong>orans</strong></span> 
     </span>
    </p>
   </div>
   <div class='ocr_carea' id='block_1_99' title="bbox 987 1935 1769 1970">
    <p class='ocr_par' dir='ltr' id='par_1_99' title="bbox 987 1935 1769 1970">
     <span class='ocr_line' id='line_1_99' title="bbox 987 1935 1769 1970; baseline -0.003 -8"><span class='ocrx_word' id='word_1_667' title='bbox 987 1940 1018 1963; x_wconf 89' lang='lat' dir='ltr'><strong>ut</strong></span> <span class='ocrx_word' id='word_1_668' title='bbox 1035 1944 1116 1970; x_wconf 82' lang='lat' dir='ltr'><strong>quant</strong></span> <span class='ocrx_word' id='word_1_669' title='bbox 1132 1936 1249 1970; x_wconf 89' lang='lat' dir='ltr'><strong>primum</strong></span> <span class='ocrx_word' id='word_1_670' title='bbox 1266 1935 1299 1962; x_wconf 84' lang='lat' dir='ltr'><strong>ad</strong></span> <span class='ocrx_word' id='word_1_671' title='bbox 1313 1943 1342 1962; x_wconf 89' lang='lat' dir='ltr'><strong>se</strong></span> <span class='ocrx_word' id='word_1_672' title='bbox 1354 1935 1503 1962; x_wconf 87' lang='lat' dir='ltr'><strong>destinaret</strong></span> <span class='ocrx_word' id='word_1_673' title='bbox 1516 1942 1628 1962; x_wconf 79' lang='lat' dir='ltr'><strong>securos</strong></span> <span class='ocrx_word' id='word_1_674' title='bbox 1641 1941 1687 1968; x_wconf 87' lang='lat' dir='ltr'><strong>per</strong></span> <span class='ocrx_word' id='word_1_675' title='bbox 1699 1935 1769 1960; x_wconf 88' lang='lat' dir='ltr'><strong>viam</strong></span> 
     </span>
    </p>
   </div>
   <div class='ocr_carea' id='block_1_100' title="bbox 987 1979 1771 2016">
    <p class='ocr_par' dir='ltr' id='par_1_100' title="bbox 987 1979 1771 2016">
     <span class='ocr_line' id='line_1_100' title="bbox 987 1979 1771 2016; baseline -0.003 -8"><span class='ocrx_word' id='word_1_676' title='bbox 987 1982 1159 2012; x_wconf 77' lang='lat' dir='ltr'><strong>deducturos,</strong></span> <span class='ocrx_word' id='word_1_677' title='bbox 1177 1981 1277 2016; x_wconf 89' lang='lat' dir='ltr'><strong>quibus</strong></span> <span class='ocrx_word' id='word_1_678' title='bbox 1294 1989 1307 2007; x_wconf 89' lang='lat' dir='ltr'><strong>a</strong></span> <span class='ocrx_word' id='word_1_679' title='bbox 1329 1981 1355 2007; x_wconf 86' lang='lat' dir='ltr'><strong>vi</strong></span> <span class='ocrx_word' id='word_1_680' title='bbox 1378 1981 1580 2008; x_wconf 81' lang='lat' dir='ltr'><strong>defenderetur.</strong></span> <span class='ocrx_word' id='word_1_681' title='bbox 1609 1979 1669 2006; x_wconf 81' lang='lat' dir='ltr'><strong>lla-c</strong></span> <span class='ocrx_word' id='word_1_682' title='bbox 1691 1979 1771 2006; x_wconf 83' lang='lat' dir='ltr'><strong>ambo</strong></span> 
     </span>
    </p>
   </div>
   <div class='ocr_carea' id='block_1_101' title="bbox 989 2024 1771 2062">
    <p class='ocr_par' dir='ltr' id='par_1_101' title="bbox 989 2024 1771 2062">
     <span class='ocr_line' id='line_1_101' title="bbox 989 2024 1771 2062; baseline -0.003 -9"><span class='ocrx_word' id='word_1_683' title='bbox 989 2027 1089 2062; x_wconf 85' lang='lat' dir='ltr'><strong>scripta</strong></span> <span class='ocrx_word' id='word_1_684' title='bbox 1106 2027 1150 2053; x_wconf 84' lang='lat' dir='ltr'><strong>hic</strong></span> <span class='ocrx_word' id='word_1_685' title='bbox 1166 2034 1275 2061; x_wconf 79' lang='lat' dir='ltr'><strong>ponam,</strong></span> <span class='ocrx_word' id='word_1_686' title='bbox 1293 2026 1426 2060; x_wconf 84' lang='lat' dir='ltr'><strong>incipiens</strong></span> <span class='ocrx_word' id='word_1_687' title='bbox 1449 2033 1464 2054; x_wconf 86' lang='lat' dir='ltr'><strong>a</strong></span> <span class='ocrx_word' id='word_1_688' title='bbox 1488 2025 1626 2062; x_wconf 79' lang='lat' dir='ltr'><strong>prolixiori</strong></span> <span class='ocrx_word' id='word_1_689' title='bbox 1644 2024 1771 2052; x_wconf 82' lang='lat' dir='ltr'><strong>ﬁctilibus</strong></span> 
     </span>
    </p>
   </div>
   <div class='ocr_carea' id='block_1_102' title="bbox 989 2071 1472 2106">
    <p class='ocr_par' dir='ltr' id='par_1_102' title="bbox 989 2071 1472 2106">
     <span class='ocr_line' id='line_1_102' title="bbox 989 2071 1472 2106; baseline 0 -8"><span class='ocrx_word' id='word_1_690' title='bbox 989 2073 1092 2104; x_wconf 81' lang='lat' dir='ltr'><strong>indito;</strong></span> <span class='ocrx_word' id='word_1_691' title='bbox 1112 2072 1190 2106; x_wconf 77' lang='lat' dir='ltr'><strong>cujus</strong></span> <span class='ocrx_word' id='word_1_692' title='bbox 1203 2073 1259 2099; x_wconf 67' lang='lat' dir='ltr'><strong>haec</strong></span> <span class='ocrx_word' id='word_1_693' title='bbox 1277 2072 1352 2099; x_wconf 85' lang='lat' dir='ltr'><strong>fuere</strong></span> <span class='ocrx_word' id='word_1_694' title='bbox 1363 2071 1445 2099; x_wconf 83' lang='lat' dir='ltr'><strong>verba</strong></span> <span class='ocrx_word' id='word_1_695' title='bbox 1466 2079 1472 2097; x_wconf 90' lang='lat'>:</span> 
     </span>
    </p>
   </div>
   <div class='ocr_carea' id='block_1_103' title="bbox 988 2147 1772 2210">
    <p class='ocr_par' dir='ltr' id='par_1_103' title="bbox 988 2147 1772 2210">
     <span class='ocr_line' id='line_1_103' title="bbox 988 2147 1772 2210; baseline -0.004 -34"><span class='ocrx_word' id='word_1_696' title='bbox 988 2151 1033 2176; x_wconf 70' lang='lat'><strong>25.</strong></span> <span class='ocrx_word' id='word_1_697' title='bbox 1052 2150 1185 2184; x_wconf 79' lang='lat' dir='ltr'><strong>Scriptum</strong></span> <span class='ocrx_word' id='word_1_698' title='bbox 1199 2149 1271 2184; x_wconf 83' lang='lat' dir='ltr'><strong>quod</strong></span> <span class='ocrx_word' id='word_1_699' title='bbox 1286 2150 1438 2210; x_wconf 43' lang='lat' dir='ltr'><strong>patriarcha</strong></span> <span class='ocrx_word' id='word_1_700' title='bbox 1451 2149 1520 2176; x_wconf 77' lang='lat' dir='ltr'><strong>uasis</strong></span> <span class='ocrx_word' id='word_1_701' title='bbox 1535 2148 1665 2175; x_wconf 73' lang='lat' dir='ltr'><strong>inclusum</strong></span> <span class='ocrx_word' id='word_1_702' title='bbox 1681 2147 1772 2174; x_wconf 74' lang='lat' dir='ltr'><strong>luteis</strong></span> 
     </span>
     <span class='ocr_line' id='line_1_104' title="bbox 1323 2189 1438 2210; baseline 0 0"><span class='ocrx_word' id='word_1_703' title='bbox 1323 2193 1349 2210; x_wconf 76' lang='lat' dir='ltr'><strong>re</strong></span> <span class='ocrx_word' id='word_1_704' title='bbox 1362 2189 1438 2210; x_wconf 79' lang='grc' dir='ltr'>ιιιιιιι.</span> 
     </span>
    </p>
   </div>
   <div class='ocr_carea' id='block_1_104' title="bbox 1323 2189 1438 2219">
    <p class='ocr_par' dir='ltr' id='par_1_104' title="bbox 1323 2189 1438 2219">
     <span class='ocr_line' id='line_1_105' title="bbox 1323 2189 1438 2219; baseline 0.009 -9"><span class='ocrx_word' id='word_1_705' title='bbox 1323 2189 1438 2219; x_wconf 76' lang='grc' dir='ltr'>γειῑιμιιι.</span> 
     </span>
    </p>
   </div>
   <div class='ocr_carea' id='block_1_105' title="bbox 1031 2251 1772 2289">
    <p class='ocr_par' dir='ltr' id='par_1_105' title="bbox 1031 2251 1772 2289">
     <span class='ocr_line' id='line_1_106' title="bbox 1031 2251 1772 2289; baseline -0.001 -10"><span class='ocrx_word' id='word_1_706' title='bbox 1031 2264 1039 2279; x_wconf 75' lang='grc' dir='ltr'><strong>ι</strong></span> <span class='ocrx_word' id='word_1_707' title='bbox 1057 2254 1114 2281; x_wconf 90' lang='lat' dir='ltr'><strong>Duo</strong></span> <span class='ocrx_word' id='word_1_708' title='bbox 1123 2253 1245 2289; x_wconf 62' lang='lat' dir='ltr'><strong>quaedam</strong></span> <span class='ocrx_word' id='word_1_709' title='bbox 1254 2253 1478 2288; x_wconf 83' lang='lat' dir='ltr'><strong>apparueruntad</strong></span> <span class='ocrx_word' id='word_1_710' title='bbox 1489 2252 1668 2280; x_wconf 73' lang='lat' dir='ltr'><strong>deiectionem</strong></span> <span class='ocrx_word' id='word_1_711' title='bbox 1679 2251 1772 2278; x_wconf 79' lang='lat' dir='ltr'><strong>Eccle-</strong></span> 
     </span>
    </p>
   </div>
   <div class='ocr_carea' id='block_1_106' title="bbox 989 2299 1773 2336">
    <p class='ocr_par' dir='ltr' id='par_1_106' title="bbox 989 2299 1773 2336">
     <span class='ocr_line' id='line_1_107' title="bbox 989 2299 1773 2336; baseline -0.006 -8"><span class='ocrx_word' id='word_1_712' title='bbox 989 2301 1046 2331; x_wconf 61' lang='lat' dir='ltr'><strong>siae.</strong></span> <span class='ocrx_word' id='word_1_713' title='bbox 1064 2308 1124 2335; x_wconf 63' lang='lat' dir='ltr'><strong>qum</strong></span> <span class='ocrx_word' id='word_1_714' title='bbox 1160 2301 1192 2327; x_wconf 87' lang='lat' dir='ltr'><strong>ad</strong></span> <span class='ocrx_word' id='word_1_715' title='bbox 1213 2301 1272 2336; x_wconf 87' lang='lat' dir='ltr'><strong>ejus</strong></span> <span class='ocrx_word' id='word_1_716' title='bbox 1297 2300 1376 2334; x_wconf 81' lang='lat'><strong>170</strong></span> <span class='ocrx_word' id='word_1_717' title='bbox 1396 2300 1499 2326; x_wconf 80' lang='lat' dir='ltr'><strong>scilicet</strong></span> <span class='ocrx_word' id='word_1_718' title='bbox 1520 2299 1664 2326; x_wconf 88' lang='lat' dir='ltr'><strong>utilitatem</strong></span> <span class='ocrx_word' id='word_1_719' title='bbox 1690 2305 1773 2324; x_wconf 82' lang='lat' dir='ltr'><strong>exco-</strong></span> 
     </span>
    </p>
   </div>
   <div class='ocr_carea' id='block_1_107' title="bbox 990 2343 1772 2381">
    <p class='ocr_par' dir='ltr' id='par_1_107' title="bbox 990 2343 1772 2381">
     <span class='ocr_line' id='line_1_108' title="bbox 990 2343 1772 2381; baseline -0.004 -7"><span class='ocrx_word' id='word_1_720' title='bbox 990 2347 1075 2381; x_wconf 76' lang='lat' dir='ltr'><strong>gitata</strong></span> <span class='ocrx_word' id='word_1_721' title='bbox 1100 2347 1220 2378; x_wconf 84' lang='lat' dir='ltr'><strong>fuerant,</strong></span> <span class='ocrx_word' id='word_1_722' title='bbox 1255 2354 1288 2373; x_wconf 84' lang='lat' dir='ltr'><strong>ex</strong></span> <span class='ocrx_word' id='word_1_723' title='bbox 1319 2346 1428 2373; x_wconf 81' lang='lat' dir='ltr'><strong>insidiis</strong></span> <span class='ocrx_word' id='word_1_724' title='bbox 1455 2344 1630 2380; x_wconf 76' lang='lat' dir='ltr'><strong>gaudentium</strong></span> <span class='ocrx_word' id='word_1_725' title='bbox 1661 2343 1772 2371; x_wconf 87' lang='lat' dir='ltr'><strong>talibus.</strong></span> 
     </span>
    </p>
   </div>
   <div class='ocr_carea' id='block_1_108' title="bbox 992 2389 1771 2427">
    <p class='ocr_par' dir='ltr' id='par_1_108' title="bbox 992 2389 1771 2427">
     <span class='ocr_line' id='line_1_109' title="bbox 992 2389 1771 2427; baseline -0.006 -8"><span class='ocrx_word' id='word_1_726' title='bbox 992 2393 1080 2420; x_wconf 85' lang='lat' dir='ltr'><strong>Unum</strong></span> <span class='ocrx_word' id='word_1_727' title='bbox 1108 2392 1217 2427; x_wconf 90' lang='lat' dir='ltr'><strong>quidem</strong></span> <span class='ocrx_word' id='word_1_728' title='bbox 1245 2393 1338 2420; x_wconf 79' lang='lat' dir='ltr'><strong>venire</strong></span> <span class='ocrx_word' id='word_1_729' title='bbox 1369 2392 1485 2419; x_wconf 84' lang='lat' dir='ltr'><strong>Veccum</strong></span> <span class='ocrx_word' id='word_1_730' title='bbox 1525 2390 1561 2417; x_wconf 91' lang='lat' dir='ltr'><strong>ad</strong></span> <span class='ocrx_word' id='word_1_731' title='bbox 1593 2389 1771 2422; x_wconf 80' lang='lat' dir='ltr'><strong>colloquium.</strong></span> 
     </span>
    </p>
   </div>
   <div class='ocr_carea' id='block_1_109' title="bbox 991 2434 1772 2473">
    <p class='ocr_par' dir='ltr' id='par_1_109' title="bbox 991 2434 1772 2473">
     <span class='ocr_line' id='line_1_110' title="bbox 991 2434 1772 2473; baseline -0.006 -8"><span class='ocrx_word' id='word_1_732' title='bbox 991 2445 1120 2473; x_wconf 84' lang='lat' dir='ltr'><strong>tanquam</strong></span> <span class='ocrx_word' id='word_1_733' title='bbox 1144 2446 1206 2464; x_wconf 84' lang='lat' dir='ltr'><strong>mox</strong></span> <span class='ocrx_word' id='word_1_734' title='bbox 1228 2437 1267 2465; x_wconf 88' lang='lat' dir='ltr'><strong>sic</strong></span> <span class='ocrx_word' id='word_1_735' title='bbox 1290 2437 1476 2464; x_wconf 87' lang='lat' dir='ltr'><strong>damnandum</strong></span> <span class='ocrx_word' id='word_1_736' title='bbox 1490 2441 1519 2463; x_wconf 87' lang='lat' dir='ltr'><strong>et</strong></span> <span class='ocrx_word' id='word_1_737' title='bbox 1538 2434 1772 2464; x_wconf 84' lang='lat' dir='ltr'><strong>convincendum;</strong></span> 
     </span>
    </p>
   </div>
   <div class='ocr_carea' id='block_1_110' title="bbox 991 2480 1774 2518">
    <p class='ocr_par' dir='ltr' id='par_1_110' title="bbox 991 2480 1774 2518">
     <span class='ocr_line' id='line_1_111' title="bbox 991 2480 1774 2518; baseline -0.004 -8"><span class='ocrx_word' id='word_1_738' title='bbox 991 2485 1063 2518; x_wconf 82' lang='lat' dir='ltr'><strong>quod</strong></span> <span class='ocrx_word' id='word_1_739' title='bbox 1095 2484 1152 2510; x_wconf 81' lang='lat' dir='ltr'><strong>tieri</strong></span> <span class='ocrx_word' id='word_1_740' title='bbox 1186 2491 1240 2510; x_wconf 88' lang='lat' dir='ltr'><strong>non</strong></span> <span class='ocrx_word' id='word_1_741' title='bbox 1270 2487 1378 2518; x_wconf 85' lang='lat' dir='ltr'><strong>poterat</strong></span> <span class='ocrx_word' id='word_1_742' title='bbox 1406 2483 1512 2510; x_wconf 79' lang='lat' dir='ltr'><strong>furente</strong></span> <span class='ocrx_word' id='word_1_743' title='bbox 1530 2482 1638 2516; x_wconf 86' lang='lat' dir='ltr'><strong>populo.</strong></span> <span class='ocrx_word' id='word_1_744' title='bbox 1654 2485 1681 2507; x_wconf 87' lang='lat' dir='ltr'><strong>et</strong></span> <span class='ocrx_word' id='word_1_745' title='bbox 1695 2480 1774 2507; x_wconf 88' lang='lat' dir='ltr'><strong>dulce</strong></span> 
     </span>
    </p>
   </div>
   <div class='ocr_carea' id='block_1_111' title="bbox 992 2525 1774 2560">
    <p class='ocr_par' dir='ltr' id='par_1_111' title="bbox 992 2525 1774 2560">
     <span class='ocr_line' id='line_1_112' title="bbox 992 2525 1774 2560; baseline -0.004 -6"><span class='ocrx_word' id='word_1_746' title='bbox 992 2529 1102 2555; x_wconf 87' lang='lat' dir='ltr'><strong>mistum</strong></span> <span class='ocrx_word' id='word_1_747' title='bbox 1132 2536 1226 2555; x_wconf 88' lang='lat' dir='ltr'><strong>amaro</strong></span> <span class='ocrx_word' id='word_1_748' title='bbox 1248 2527 1442 2555; x_wconf 81' lang='lat' dir='ltr'><strong>exhibentibus</strong></span> <span class='ocrx_word' id='word_1_749' title='bbox 1465 2527 1519 2554; x_wconf 90' lang='lat' dir='ltr'><strong>illis</strong></span> <span class='ocrx_word' id='word_1_750' title='bbox 1537 2532 1564 2553; x_wconf 81' lang='lat' dir='ltr'><strong>et</strong></span> <span class='ocrx_word' id='word_1_751' title='bbox 1587 2525 1774 2560; x_wconf 79' lang='lat' dir='ltr'><strong>loquentibus.</strong></span> 
     </span>
    </p>
   </div>
   <div class='ocr_carea' id='block_1_112' title="bbox 992 2573 1775 2609">
    <p class='ocr_par' dir='ltr' id='par_1_112' title="bbox 992 2573 1775 2609">
     <span class='ocr_line' id='line_1_113' title="bbox 992 2573 1775 2609; baseline -0.005 -7"><span class='ocrx_word' id='word_1_752' title='bbox 992 2576 1114 2602; x_wconf 86' lang='lat' dir='ltr'><strong>Alterum</strong></span> <span class='ocrx_word' id='word_1_753' title='bbox 1143 2573 1255 2609; x_wconf 87' lang='lat' dir='ltr'><strong>quando</strong></span> <span class='ocrx_word' id='word_1_754' title='bbox 1281 2573 1435 2608; x_wconf 84' lang='lat' dir='ltr'><strong>Hyacintho</strong></span> <span class='ocrx_word' id='word_1_755' title='bbox 1467 2578 1509 2600; x_wconf 81' lang='lat' dir='ltr'><strong>est</strong></span> <span class='ocrx_word' id='word_1_756' title='bbox 1535 2573 1702 2608; x_wconf 83' lang='lat' dir='ltr'><strong>permissum</strong></span> <span class='ocrx_word' id='word_1_757' title='bbox 1728 2579 1775 2606; x_wconf 85' lang='lat' dir='ltr'><strong>per</strong></span> 
     </span>
    </p>
   </div>
   <div class='ocr_carea' id='block_1_113' title="bbox 994 2620 1774 2655">
    <p class='ocr_par' dir='ltr' id='par_1_113' title="bbox 994 2620 1774 2655">
     <span class='ocr_line' id='line_1_114' title="bbox 994 2620 1774 2655; baseline -0.005 -7"><span class='ocrx_word' id='word_1_758' title='bbox 994 2621 1146 2648; x_wconf 78' lang='lat' dir='ltr'><strong>Romanam</strong></span> <span class='ocrx_word' id='word_1_759' title='bbox 1172 2621 1326 2655; x_wconf 86' lang='lat' dir='ltr'><strong>ubicunque</strong></span> <span class='ocrx_word' id='word_1_760' title='bbox 1349 2620 1481 2648; x_wconf 87' lang='lat' dir='ltr'><strong>ditionem</strong></span> <span class='ocrx_word' id='word_1_761' title='bbox 1501 2627 1654 2647; x_wconf 80' lang='lat' dir='ltr'><strong>convocare</strong></span> <span class='ocrx_word' id='word_1_762' title='bbox 1672 2623 1774 2645; x_wconf 73' lang='lat' dir='ltr'><strong>contra</strong></span> 
     </span>
    </p>
   </div>
   <div class='ocr_carea' id='block_1_114' title="bbox 994 2663 1776 2699">
    <p class='ocr_par' dir='ltr' id='par_1_114' title="bbox 994 2663 1776 2699">
     <span class='ocr_line' id='line_1_115' title="bbox 994 2663 1776 2699; baseline -0.001 -6"><span class='ocrx_word' id='word_1_763' title='bbox 994 2666 1144 2695; x_wconf 75' lang='lat' dir='ltr'><strong>EccleSiam</strong></span> <span class='ocrx_word' id='word_1_764' title='bbox 1169 2674 1238 2699; x_wconf 89' lang='lat' dir='ltr'><strong>quos</strong></span> <span class='ocrx_word' id='word_1_765' title='bbox 1263 2666 1367 2692; x_wconf 85' lang='lat' dir='ltr'><strong>invenit</strong></span> <span class='ocrx_word' id='word_1_766' title='bbox 1397 2674 1450 2692; x_wconf 91' lang='lat' dir='ltr'><strong>non</strong></span> <span class='ocrx_word' id='word_1_767' title='bbox 1482 2670 1562 2692; x_wconf 69' lang='lat' dir='ltr'><strong>rectae</strong></span> <span class='ocrx_word' id='word_1_768' title='bbox 1588 2663 1776 2692; x_wconf 79' lang='lat' dir='ltr'><strong>conscientiae.</strong></span> 
     </span>
    </p>
   </div>
   <div class='ocr_carea' id='block_1_115' title="bbox 994 2707 1777 2746">
    <p class='ocr_par' dir='ltr' id='par_1_115' title="bbox 994 2707 1777 2746">
     <span class='ocr_line' id='line_1_116' title="bbox 994 2707 1777 2746; baseline -0.005 -8"><span class='ocrx_word' id='word_1_769' title='bbox 994 2720 1046 2739; x_wconf 89' lang='lat' dir='ltr'><strong>non</strong></span> <span class='ocrx_word' id='word_1_770' title='bbox 1061 2711 1167 2746; x_wconf 76' lang='lat' dir='ltr'><strong>legibus</strong></span> <span class='ocrx_word' id='word_1_771' title='bbox 1181 2710 1229 2738; x_wconf 89' lang='lat' dir='ltr'><strong>Dei</strong></span> <span class='ocrx_word' id='word_1_772' title='bbox 1251 2711 1410 2742; x_wconf 85' lang='lat' dir='ltr'><strong>innutritos,</strong></span> <span class='ocrx_word' id='word_1_773' title='bbox 1422 2711 1469 2737; x_wconf 80' lang='lat' dir='ltr'><strong>sed</strong></span> <span class='ocrx_word' id='word_1_774' title='bbox 1485 2715 1596 2744; x_wconf 75' lang='lat' dir='ltr'><strong>agyrtas</strong></span> <span class='ocrx_word' id='word_1_775' title='bbox 1613 2707 1777 2735; x_wconf 70' lang='lat' dir='ltr'><strong>triobolarcs</strong></span> 
     </span>
    </p>
   </div>
   <div class='ocr_carea' id='block_1_116' title="bbox 994 2753 1777 2792">
    <p class='ocr_par' dir='ltr' id='par_1_116' title="bbox 994 2753 1777 2792">
     <span class='ocr_line' id='line_1_117' title="bbox 994 2753 1777 2792; baseline -0.006 -8"><span class='ocrx_word' id='word_1_776' title='bbox 994 2758 1153 2792; x_wconf 84' lang='lat' dir='ltr'><strong>quospiam.</strong></span> <span class='ocrx_word' id='word_1_777' title='bbox 1175 2756 1289 2784; x_wconf 85' lang='lat' dir='ltr'><strong>idoneos</strong></span> <span class='ocrx_word' id='word_1_778' title='bbox 1316 2756 1446 2783; x_wconf 78' lang='lat' dir='ltr'><strong>Ecclesia:</strong></span> <span class='ocrx_word' id='word_1_779' title='bbox 1474 2755 1576 2783; x_wconf 88' lang='lat' dir='ltr'><strong>Christi</strong></span> <span class='ocrx_word' id='word_1_780' title='bbox 1607 2753 1777 2782; x_wconf 71' lang='lat' dir='ltr'><strong>destruenda:</strong></span> 
     </span>
    </p>
   </div>
   <div class='ocr_carea' id='block_1_117' title="bbox 995 2801 1777 2836">
    <p class='ocr_par' dir='ltr' id='par_1_117' title="bbox 995 2801 1777 2836">
     <span class='ocr_line' id='line_1_118' title="bbox 995 2801 1777 2836; baseline -0.005 -6"><span class='ocrx_word' id='word_1_781' title='bbox 995 2804 1190 2836; x_wconf 77' lang='lat' dir='ltr'><strong>abeh-mlisque</strong></span> <span class='ocrx_word' id='word_1_782' title='bbox 1208 2803 1314 2830; x_wconf 71' lang='lat' dir='ltr'><strong>cunctis</strong></span> <span class='ocrx_word' id='word_1_783' title='bbox 1331 2801 1390 2836; x_wconf 83' lang='lat' dir='ltr'><strong>ejus</strong></span> <span class='ocrx_word' id='word_1_784' title='bbox 1405 2802 1601 2829; x_wconf 82' lang='lat' dir='ltr'><strong>traditionibus</strong></span> <span class='ocrx_word' id='word_1_785' title='bbox 1617 2809 1664 2836; x_wconf 87' lang='lat' dir='ltr'><strong>per</strong></span> <span class='ocrx_word' id='word_1_786' title='bbox 1679 2801 1777 2827; x_wconf 86' lang='lat' dir='ltr'><strong>incon-</strong></span> 
     </span>
    </p>
   </div>
  </div>
