1944 3061
151 102 210 133 180

628 102 676 131 DE.
697 104 919 135 ANDRONICO
939 108 1176 140 PALi‘EOLOGO
1194 110 1269 141 LIB.
1286 109 1329 140 II.

1741 106 1793 140 190

148 161 201 187 καὶ
215 161 267 187 ὅσα
292 161 460 196 παρέλαϐεν,
478 161 567 197 ἀλόγῳ
593 162 688 198 Θράσει
703 163 751 190 καὶ
762 163 874 199 διαϐολῇ
897 166 944 191 καὶ
959 169 979 196 Α
996 166 1041 192 τὸν
1064 166 1210 194 ἀδικοῦντα
1225 167 1312 198 οὐδεὶς
1334 166 1446 192 δύναται
1476 163 1669 199 παραόλάψαι.
1693 164 1711 199 ἡ
1729 165 1794 190 Ἐκ·

149 205 246 241 ὕϐρει,
272 207 301 233 ὲν
326 204 366 239 οἷς
384 206 458 243 εἶχον
475 209 573 235 ἐκεῖνοι
587 209 618 235 τὸ
635 209 755 243 ἰσχυρόν.
771 210 826 236 Καὶ
842 210 892 241 ἔτι,
907 211 944 241 ὡς

149 251 256 282 ἔοικεν,
275 252 371 286 ἔμελλε
385 254 442 284 τοῖς
459 253 535 280 δυσὶν
550 255 665 285 ἐκείνοις
688 255 783 286 κακοῖς
797 257 843 281 καὶ
854 256 944 290 τρίτον

151 296 197 332 [Ρ.
217 297 280 333 ιιι]
296 299 470 333 ἀναφυῆναι,
496 299 510 325 ὃ
535 301 580 326 καὶ
605 300 649 326 διὰ
673 300 774 335 πλῆοος
802 302 945 335 ἡμετέρων

152 343 299 377 ἁμαρτιῶν
318 345 350 378 τῇ
365 345 490 379 ἡμετέρᾳ
507 346 607 380 συνέϐη
623 346 714 381 ἡμέρᾳ
727 347 774 372 καὶ
786 347 845 373 καθ’
865 347 945 381 ἡμῶν

153 390 366 425 ἐστρατεύσατο.
390 392 446 425 Τῆς
464 391 518 426 γὰρ
530 392 648 427 Χριστοῦ
667 393 832 428 Ἐκκλησίας
844 391 884 424 οἷς
897 393 946 419 αὺ-

154 438 202 466 τὸς
216 433 270 462 οἶδε
293 436 409 471 κρίμασι
434 437 483 472 τὴν
505 439 632 472 φροντίδα
647 438 801 472 δεξάμενοι,
814 439 863 464 οὐκ
882 438 945 471 ἐξη-

157 482 346 517 σφαλίσθημεν
358 482 406 508 τοῦ
421 483 488 518 μήτε
503 484 565 515 τοὺς
580 485 755 518 σχιζομένους
767 484 816 518 τῆς
830 484 946 518 Ἐκκλη-

157 528 219 559 ala;
238 529 356 563 Χριστοῦ
383 530 430 555 καὶ
458 529 586 564 ὑϐριστὰς
615 531 699 565 αὐτῆς
723 532 856 566 τιμωρεῖν
878 532 946 564 μήτε

154 575 221 605 τοὺς
236 575 430 609 ἁκαθαρσίαις,
441 576 575 610 μοιχείαις
599 585 628 602 τε
643 577 690 602 καὶ
704 577 842 610 πορνεῖαις
860 575 946 601 ἑαλω-

155 621 240 651 κότας
264 620 459 655 ἀναχαιτίζειν.
478 621 668 656 ΊΙτνοήσαμεν
682 621 709 648 δὲ
729 623 769 648 ὅτι
791 621 839 647 καὶ
857 621 882 647 οἱ
896 628 947 646 πα-

155 666 367 701 τριαρχεύοντες
386 665 512 698 τοιαῦτας
526 667 639 698 εὐθύνας
662 667 795 701 ὑπέχουσι
808 667 883 701 παρὰ
893 666 947 692 τῶν

157 713 205 738 ἐπὶ
219 713 376 746 σφάλμασιν
391 713 481 740 αὐτῶν
496 713 678 739 ιὺουνθέντων
694 715 741 739 καὶ
761 713 814 739 τῶν
842 713 948 745 τούτοις

157 758 260 793 ὁμοίων
276 759 342 790 είςᾶ
358 759 523 793 διῳκήκασι,
539 759 587 785 καὶ
606 759 692 786 ταῦτα
716 759 784 793 μηδὲ
799 761 854 790 τοῖς
868 760 946 794 ἐνερ-

157 803 236 837 γοῦσι
252 804 374 839 σήμερον
388 805 422 831 τὰ
433 805 550 839 δημόσια
560 805 685 836 τοιαύτας
696 806 724 830 ὲν
737 802 778 836 οἷς
793 805 837 839 ὲνή
844 813 947 839 ργησσιν

158 851 316 885 ὑπεχὸντων
331 851 457 882 εὐθύνας.
473 853 523 878 ὅσα
536 851 552 885 ἢ
567 852 731 886 κακοτρόπιρ
749 851 847 887 γνώμῃ
868 851 883 885 ἢ
901 851 948 877 καὶ
965 841 985 868 Β

158 897 255 932 ἀγνοίᾳ
280 899 351 924 κατὰ
374 897 422 924 τοῦ
448 898 552 924 δικαίου
573 901 815 932 πεπαρῳνὴκασιν.
845 897 949 923 Ἀλλ”ὢ

158 944 211 970 τῶν
229 944 304 978 ἐμῶν
315 944 406 970 κακῶν
419 945 425 970 l
439 943 476 975 ὡς
494 945 559 978 μηδὲ
574 943 624 970 κᾶν
640 945 683 970 ἴσα
699 944 804 975 τούτοις
814 939 948 978 eicit-liii}-

159 998 203 1017 ναι
218 992 265 1016 καὶ
277 991 310 1016 τὰ
321 990 454 1024 ἡμέτερα.
472 991 524 1016 Καὶ
537 991 561 1016 εὶ
577 991 624 1016 καὶ
635 990 716 1017 πόθεν
729 990 814 1016 ταῦτα
832 989 948 1023 ἐπῆλθεν

159 1038 236 1072 ἡμῖν,
253 1036 338 1071 ἄδηλα
353 1038 409 1068 τοῖς
423 1036 541 1067 πολλοῖς,
558 1037 616 1062 ἀλλ’
627 1036 688 1070 οὐχὶ
702 1037 747 1062 χαὶ
762 1036 832 1069 Θεῷ,
853 1035 880 1060 Ὁ
894 1036 948 1070 γὰρ

159 1083 255 1115 εἰπὼν,
268 1075 530 1120 παρρησιασάμενος
543 1083 610 1117 πρὸς
623 1082 702 1114 Θεὸν,
713 1083 754 1108 ὅτι
768 1081 797 1107 Ὀ
810 1081 888 1115 ζῆλος
900 1080 948 1106 τοῦ

158 1129 233 1154 οἴκου
249 1137 297 1155 σου
316 1129 456 1162 κατέφαγέ
468 1137 512 1162 με,
524 1127 596 1161 εἶπε,
609 1129 663 1154 Καὶ
678 1128 702 1153 οῑ
718 1127 880 1162 ὸνειδεισμοὶ
892 1126 948 1152 τῶν

158 1175 347 1206 ὀνειδιζόντων
359 1184 390 1201 σε
403 1175 537 1201 ἐπέπεσον
557 1175 600 1200 ἐπ’
615 1174 674 1209 ὲμέ.
688 1173 725 1200 Οὐ
739 1174 792 1208 γὰρ
805 1173 948 1207 ἡμετέρων

158 1221 246 1249 ταῦτα
266 1221 433 1256 σφαλμάτων
447 1222 611 1252 ἀντέκτισις,
627 1219 674 1247 καὶ
688 1220 766 1255 χάρις
774 1219 833 1253 Θεῷ
846 1227 853 1235 ·
870 1219 948 1253 ἡμεῖς

160 1267 212 1302 μὲν
225 1267 401 1302 ἀδικούμενοι
414 1267 501 1298 οὕτως
514 1266 692 1301 ἀδικούμεθα,
714 1266 756 1292 ὅτι
769 1265 813 1292 τὸν
829 1265 868 1300 μὴ
883 1265 947 1291 ἐαυ-

160 1346 261 1373 sultam
276 1345 432 1378 audaciam,
450 1344 616 1372 calumniam
642 1348 669 1371 et
687 1344 893 1375 contumeliam,
914 1344 947 1370 ad

160 1399 222 1426 qua:
239 1391 336 1424 ingens
352 1391 390 1417 illi
410 1390 545 1417 habebant
561 1390 656 1416 robur.
680 1390 766 1417 Porro
782 1397 854 1416 nunc
869 1389 948 1415 malis

160 1438 217 1464 illis
236 1437 345 1464 duobus
361 1437 485 1466 tertium.
508 1434 641 1469 quantum
664 1436 725 1463 licet
749 1435 896 1469 conjicere.
921 1434 946 1461 in

159 1483 302 1509 cumulum
319 1486 494 1512 succreseet;
521 1482 593 1516 quod
615 1487 642 1508 et
662 1487 773 1516 propter
793 1481 947 1508 multitudi-

161 1537 223 1556 nem
246 1533 407 1555 nostrorum
424 1533 598 1562 peccatorum
620 1532 712 1555 nostra
735 1528 851 1563 conligit
867 1528 910 1555 die
923 1532 950 1554 et

160 1574 188 1602 in
205 1582 257 1601 nos
283 1574 422 1600 militavit.
448 1572 577 1600 Ecclesiae
598 1574 699 1608 quippe
717 1574 832 1602 Christi.
849 1574 948 1608 quibus

159 1621 219 1656 ipse
234 1620 445 1654 novitjudiciis,
463 1628 527 1647 cura
545 1627 595 1648 nos
612 1625 724 1654 accepta
739 1620 948 1655 haudquaquam

160 1674 260 1694 secure
289 1667 428 1702 potuimus
447 1667 582 1694 discissos
608 1667 641 1693 ab
655 1666 778 1694 Ecclesia
793 1666 894 1694 Christi
922 1671 950 1694 et

157 1714 182 1741 ei
201 1714 419 1741 contumeliosos
450 1714 557 1748 punire.
586 1721 674 1744 neque
703 1713 949 1747 immunditiarum,

160 1759 374 1792 adulteriorum,
398 1759 610 1787 fornicationum
626 1760 766 1787 convictos
789 1761 949 1795 reprimere.

159 1806 352 1840 lgnoravimus
371 1811 463 1832 autem
490 1806 661 1840 patriarchas
682 1810 815 1840 potestate
842 1811 950 1834 utentes

159 1860 211 1879 sua
241 1852 328 1879 fuisse
356 1853 491 1879 obnoxios
522 1852 668 1879 reddendae
698 1853 794 1879 talium
825 1857 950 1880 act0rum

160 1899 262 1925 rationi
281 1898 314 1926 iis
330 1898 396 1932 ipsis
412 1905 482 1932 quos
499 1899 524 1925 in
544 1898 668 1932 lapsibus
684 1898 871 1932 deprehensos
888 1905 951 1925 cor-

160 1943 292 1975 rexerint,
314 1948 340 1970 et
369 1943 519 1975 similibus,
537 1943 581 1978 jus
610 1944 722 1978 impune
752 1944 950 1978 usurpantibus

160 1991 291 2018 vocandae
308 1990 341 2017 ad
360 1998 441 2017 suum
469 1997 584 2016 examen
612 1997 707 2017 eorum
736 1989 951 2016 administratio-

162 2037 216 2068 nis,
237 2043 299 2062 cum
318 2040 407 2062 tamen
431 2042 501 2069 quos
524 2035 605 2062 hodie
620 2035 745 2062 videmus
761 2034 856 2062 civiles
874 2041 950 2061 εχει-ο

160 2090 224 2110 cere
265 2082 462 2117 magistratus,
497 2081 610 2108 minime
652 2081 811 2116 suhjaceant
841 2081 951 2115 judiciis

163 2129 335 2156 subditorum
357 2129 383 2155 in
407 2129 440 2155 iis
460 2137 520 2163 qum
542 2129 569 2155 vi
598 2134 715 2162 accepue
733 2129 876 2162 potestatis
889 2136 951 2161 ege—

163 2176 230 2205 rint.
259 2176 341 2202 etiam
380 2175 492 2209 quando
516 2175 559 2202 vel
588 2175 692 2201 malitia
725 2174 766 2202 vel
797 2174 951 2208 ignorantia
969 2173 990 2200 D

163 2228 258 2251 contra
277 2222 321 2256 jus
351 2227 379 2248 et
405 2229 514 2256 aequum
543 2226 645 2248 temere
671 2221 811 2256 quidpiam
829 2225 949 2248 attenta-

165 2274 238 2296 runt.
265 2269 318 2296 Sed
345 2268 410 2295 hcul
434 2268 475 2295 vis
491 2268 588 2303 ingens
607 2268 742 2295 titulorum
761 2268 900 2295 meorum!
919 2275 952 2295 nc

164 2319 287 2342 nostram
312 2313 424 2349 quidem
452 2314 532 2348 longe
564 2313 732 2342 sublimioris
752 2314 829 2348 l7]
846 2314 952 2341 ordinis

163 2362 379 2389 ecclesiasticam
396 2361 590 2388 auctoritatem
604 2361 637 2388 ad
652 2361 839 2395 aequalitatem
851 2361 949 2389 saltent

164 2408 332 2436 conditionis
360 2415 422 2434 cum
451 2407 560 2441 politica
591 2412 666 2434 tanto
683 2407 808 2435 inferiori
825 2408 952 2442 aspirare

163 2455 316 2490 patiuntur.
349 2454 429 2482 Unde
462 2459 551 2481 autem
581 2453 634 2481 ista
663 2454 744 2481 nobis
779 2454 951 2486 acciderunt,

164 2502 286 2536 ignotum
312 2501 407 2528 multis
423 2503 466 2527 est
480 2509 486 2527 :
501 2504 528 2526 at
541 2507 595 2526 non
612 2499 679 2527 Deo.
705 2498 772 2526 Nam
801 2500 848 2534 qui
865 2507 951 2528 ausus

165 2553 206 2575 est
223 2547 279 2574 Deo
294 2547 403 2574 dicere:
423 2555 431 2572 ι
451 2545 531 2573 Zelus
547 2546 710 2573 domusture
730 2546 850 2573 comedit
865 2554 918 2579 me,
938 2556 946 2572 ι

165 2594 235 2620 idem
250 2597 277 2620 ct
291 2593 344 2620 hoc
360 2591 515 2626 subjunxit,
534 2601 542 2618 ι
563 2592 597 2619 Ει
617 2592 763 2626 opprobria
778 2593 949 2627 exprobran-

165 2641 232 2668 tium
268 2640 316 2675 tihi
354 2639 512 2666 ceciderunt
540 2646 623 2673 super
650 2647 693 2667 me
710 2638 731 2667 ⁸.
756 2649 765 2665 ι
794 2639 849 2667 Nec
876 2641 949 2667 enim

163 2692 320 2714 nostrorum
341 2687 394 2714 ista
411 2689 478 2712 sunt
508 2685 670 2713 delictorum
699 2687 767 2712 ultio
790 2694 823 2714 ac
847 2686 949 2719 multa;

164 2740 220 2768 quo
236 2733 347 2759 nomine
371 2732 428 2759 Deo
454 2731 554 2766 gratias
570 2731 720 2760 reddimus.
737 2731 789 2761 Sed
809 2737 835 2761 et
849 2733 907 2761 haac
922 2733 950 2760 in

199 2817 209 2833 ‘
222 2817 294 2846 Psal.
313 2826 361 2849 vn.
382 2818 424 2847 l0.

997 214 1097 248 κλησία
1111 213 1138 239 δὲ
1156 214 1237 240 πάλιν
1252 213 1367 248 ὑδρίσοη
1384 213 1432 239 καὶ
1453 211 1618 246 ἐζημίωται.
1643 210 1692 241 Τίς
1719 210 1748 236 δὲ
1772 210 1789 245 ἡ

997 260 1102 294 ζημίη
1117 259 1178 286 Τῶν
1204 259 1328 294 μοναχῶν
1355 258 1403 285 καὶ
1426 257 1601 293 μονοιζουσών
1623 257 1670 284 καὶ
1694 257 1790 282 λοιποῦ

996 305 1188 340 χριστωνύμου
1210 303 1288 335 λαοῦ,
1311 304 1366 329 τῶν
1389 303 1439 337 μὲν
1452 302 1540 337 λόγῳ,
1562 301 1617 327 τῶν
1636 301 1664 327 δὲ
1678 301 1725 327 καὶ
1742 301 1790 336 βίᾳ

998 350 1154 386 βλεψάντων
1176 350 1243 385 πρὸς
1268 349 1297 376 τὸ
1311 349 1485 384 σεμνότερον,
1508 349 1545 378 ὼς
1560 347 1687 380 καταιγὶς
1703 346 1790 381 ἀγρία

997 397 1094 431 ἀθρόον
1118 396 1319 423 ὲπεισπεσοῢσοι
1342 397 1357 429 ἡ
1383 395 1445 421 καθ’
1467 394 1543 428 ἡμῶν
1573 393 1652 427 ὒὸρις
1666 392 1733 427 πρὸς
1751 392 1788 418 τὰ

997 445 1119 478 πρότερα
1145 443 1286 477 ἔστρεφεν.
1306 441 1339 468 Ἦ
1351 441 1379 467 δὲ
1396 440 1475 476 ὕϐρις
1491 441 1536 466 καὶ
1556 439 1585 465 ’τὸ
1600 438 1686 472 αὐτῆς
1698 437 1790 471 λυπη-

999 491 1044 525 ρδν
1060 489 1091 515 τὸ
1107 489 1143 523 μὴ
1159 488 1228 514 κατὰ
1244 488 1294 521 τῆς
1317 487 1395 521 ἡμῶν
1422 486 1582 519 ὑπολήψεως
1601 485 1682 518 μόνον
1696 484 1743 509 καὶ
1759 482 1790 508 τὸ

998 535 1089 565 λίθους
1109 534 1244 569 κρατῆσαι
1257 533 1347 567 βαλεῖν
1363 533 1436 566 ἡμᾶς
1452 532 1498 557 καὶ
1515 529 1729 564 ἁναθεματίσοιι,
1743 529 1790 554 καὶ

998 581 1047 606 ὅσα
1060 581 1217 613 σωματικῆς
1232 579 1336 613 ὗὸρεως
1349 578 1484 607 ἐπειπεῖν,
1497 576 1565 609 ἀλλ’,
1575 575 1661 609 eluet!
1674 574 1721 601 καὶ
1730 573 1789 600 κατ’

998 625 1080 653 αὐτοῦ
1103 625 1150 651 τοῦ
1169 625 1350 658 σεϐάσματος.
1380 623 1424 649 Διὸ
1453 623 1499 649 καί
1523 631 1606 656 φημι,
1632 621 1663 647 Εἰ
1680 620 1787 646 σύνοιδα

999 671 1109 706 ἐμαυτῷ
1125 671 1270 706 πορνείᾳῆ
1291 670 1399 705 μοιχείᾳ
1420 669 1436 704 ἦ
1462 667 1649 704 rip-fievoluqu
1670 666 1789 693 ὲιλωκέ-

999 725 1058 746 ναι.
1076 716 1123 742 καὶ
1139 717 1162 742 εἱ
1186 716 1325 750 ἐφρόνησα
1347 715 1458 741 πώποτε
1479 714 1494 749 ἢ
1512 713 1603 748 φρονῶ
1630 713 1646 747 ἥ
1663 712 1790 747 φρονήσω

999 762 1138 796 ἀλλότριον
1149 761 1275 796 φρόνημα
1286 760 1336 794 τῆς
1352 760 1518 794 Ἐκκλησίας
1530 758 1650 794 Χριστοῦ
1662 758 1709 784 τοῦ
1721 756 1789 784 Θεοῦ

1003 815 1063 840 μου,
1083 807 1207 841 ἀνάθεμά
1232 816 1276 841 μοι
1299 807 1353 834 ἀπὸ
1381 806 1510 841 Χριστοῦ,
1533 805 1611 840 καὶὴ
1641 805 1719 839 μερίς
1736 811 1789 838 μου

1002 854 1049 880 σὺν
1063 853 1103 886 τῷ
1114 852 1230 887 προδότῃ
1243 853 1289 878 καὶ
1299 853 1355 882 τοῖς
1377 851 1422 877 τὴν
1441 851 1544 884 Κύριόν
1563 859 1614 884 μου
1631 848 1791 883 σταυρώσα-

1001 908 1052 926 σιν.
1066 899 1096 925 Εἰ
1106 899 1133 926 δὲ
1145 900 1232 934 ὀρθῶς
1245 900 1291 926 καὶ
1304 899 1405 929 πιστῶς
1433 907 1467 932 με
1483 896 1649 931 λατρεύοντα
1665 896 1711 921 καὶ
1725 901 1791 928 φρο-

1000 946 1108 977 νοῦντα,
1125 947 1172 972 καί
1187 945 1404 978 ἁποίὶιλλὸμενον
1421 945 1453 970 ὲκ
1465 943 1554 977 ψυχῆς
1569 943 1583 969 ὃ
1601 942 1637 976 μὴ
1652 940 1760 973 δοξάζει
1773 939 1790 973 ἡ

1005 991 1152 1027 Ἐκκλησία
1165 992 1231 1026 μηδὲ
1246 990 1397 1025 παρέλαϐε,
1423 989 1627 1022 συκοφαντῆται
1645 987 1695 1013 οὐκ
1711 986 1791 1020 ἔφρι-

1001 1036 1048 1069 ξαν
1066 1036 1186 1070 γλῶσσαι
1198 1036 1288 1069 λέγειν
1302 1034 1542 1069 μαθοῦσαιῗκακὰ,
1557 1033 1613 1059 ὅσοι
1630 1032 1676 1057 καὶ
1692 1031 1790 1061 οἵτινες

1000 1080 1066 1113 εἶεν,
1082 1082 1134 1116 ἔχω
1146 1082 1244 1112 αὐτοὺς
1257 1081 1328 1108 καθὰ
1340 1081 1354 1107 ὁ
1366 1079 1467 1112 κανὼν,
1485 1079 1531 1106 καὶ
1542 1078 1594 1105 ἀπὶ
1607 1078 1655 1111 τῆς
1671 1077 1790 1110 ζωαρχι-

1000 1128 1049 1162 κῆς
1064 1128 1176 1162 Τριάδος
1190 1127 1409 1162 ἁφωρισμένους.
1423 1126 1484 1152 ’Ὁτι
1502 1125 1531 1151 οὲ
1549 1124 1714 1160 βιασθέντες,
1732 1121 1789 1148 ἀλλ’

999 1174 1029 1200 οὐ
1056 1173 1197 1208 βιάσαντες
1224 1173 1356 1208 ὲτέθημεν
1381 1173 1420 1203 εἰς
1437 1171 1485 1207 τὴν
1509 1169 1673 1204 Ἐκκλησίαν
1701 1167 1790 1194 ἑλπίδι

999 1219 1109 1254 εἰρήνης
1121 1219 1167 1244 καὶ
1181 1217 1313 1252 ὠφελείας
1330 1218 1431 1251 κοινῆς,
1442 1217 1472 1242 οὐ
1490 1214 1593 1250 προέὸη
1608 1213 1637 1239 δὲ
1654 1210 1726 1238 κατὰ
1739 1210 1788 1241 τὰς

999 1263 1108 1294 ἐλπίδας
1119 1262 1163 1299 [Ρ.
1187 1262 1249 1298 H5]
1265 1263 1325 1288 ὅσον
1340 1262 1526 1297 διῳκήσαμεν,
1551 1259 1623 1287 οὕτω
1649 1255 1789 1292 συμφέρον

1001 1359 1054 1380 nos
1085 1352 1185 1378 intorta
1219 1351 1302 1378 ictum
1331 1350 1384 1378 tela
1411 1356 1465 1376 non
1492 1347 1645 1383 perferunt,
1669 1345 1738 1372 adeo
1761 1347 1791 1370 ut

1001 1398 1109 1432 injuriis
1133 1397 1197 1424 licet
1225 1397 1310 1423 tantis
1337 1395 1451 1430 appetiti
1476 1394 1581 1421 nullam
1608 1397 1698 1419 tamen
1718 1391 1790 1423 inju-

1001 1445 1071 1472 riam
1095 1443 1241 1478 patiamur.
1259 1443 1390 1477 quoniam
1415 1441 1462 1475 qui
1478 1449 1507 1468 se
1533 1441 1592 1475 ipse
1608 1446 1662 1466 non
1677 1436 1789 1467 lteserit.

1002 1497 1081 1518 nemo
1106 1489 1178 1524 potis
1192 1493 1234 1516 est
1252 1489 1359 1515 Imdere.
1380 1487 1481 1514 Verum
1501 1484 1625 1512 Ecclesia
1647 1488 1674 1510 ct
1690 1487 1788 1509 contu-

1002 1535 1113 1563 meliam
1147 1535 1247 1569 patitur
1271 1538 1298 1560 et
1326 1533 1535 1559 detrimentum.
1565 1529 1707 1562 Quodnam
1724 1534 1789 1553 vero

1001 1581 1216 1609 detrimentum?
1245 1579 1380 1606 Nimirum
1393 1586 1408 1604 e
1423 1576 1565 1604 monachis
1579 1581 1606 1602 et
1621 1573 1789 1602 monialihus

1001 1634 1154 1660 cmeroquc
1172 1627 1331 1654 Christiano
1357 1625 1457 1660 populo
1488 1623 1657 1658 complures,
1689 1620 1789 1655 partim

1002 1674 1127 1709 persuasi
1154 1673 1306 1700 rationibus
1337 1677 1364 1699 et
1389 1671 1524 1699 electione
1555 1669 1628 1696 ducti
1666 1666 1790 1703 propria.

1004 1721 1103 1756 partim
1122 1725 1226 1747 terrore
1239 1719 1333 1746 addito
1349 1718 1487 1752 minisque
1503 1722 1658 1752 poenarum,
1675 1714 1700 1742 vi
1716 1720 1792 1741 eom-

1001 1767 1072 1801 pulsi
1092 1765 1222 1800 quadam,
1251 1772 1313 1792 sese
1339 1766 1365 1791 in
1386 1764 1486 1790 melius
1507 1765 1702 1790 converterant
1728 1767 1792 1787 san-

1002 1813 1219 1844 etimouiamque
1235 1815 1425 1845 respexerant,
1446 1816 1517 1844 quos
1534 1808 1606 1835 velut
1619 1808 1698 1835 turbo
1715 1806 1791 1834 l'crus

1002 1867 1034 1887 ac
1052 1858 1168 1894 procella
1186 1858 1212 1884 in
1233 1861 1428 1884 transversum
1449 1855 1507 1882 dira
1530 1855 1670 1889 ingruens,
1688 1853 1746 1880 haec
1764 1853 1791 1879 in

1003 1912 1053 1931 nos
1069 1901 1234 1931 contumelia
1248 1901 1282 1928 de
1298 1904 1380 1928 cu‘rsu
1408 1900 1508 1934 dejecit
1525 1904 1552 1926 et
1577 1906 1673 1926 rursus
1693 1897 1794 1925 avertit

1002 1950 1030 1977 in
1049 1950 1150 1984 priora.
1170 1948 1236 1983 Ejus
1259 1955 1340 1982 porro
1356 1947 1466 1981 injuria:
1486 1945 1633 1980 pernicies,
1650 1944 1721 1971 unde
1741 1951 1792 1970 no-

1003 1996 1045 2022 bis
1066 1995 1175 2021 dolendi
1199 2001 1283 2021 causa
1305 1997 1358 2025 est,
1382 2000 1436 2019 non
1462 1992 1489 2019 in
1509 1991 1588 2018 fama
1603 1995 1630 2017 et
1650 1989 1793 2017 existima-

1002 2041 1085 2069 tionis
1101 2045 1202 2068 nostrae
1223 2041 1331 2075 jactura
1353 2038 1486 2069 constitit.
1505 2046 1558 2064 non
1574 2038 1603 2064 in
1626 2035 1792 2064 contumelia

1003 2093 1056 2114 tam
1077 2087 1190 2113 licenter
1201 2086 1394 2120 grassantium.
1409 2088 1475 2112 utet
1492 2083 1598 2118 lapides
1614 2089 1685 2117 quos
1698 2082 1724 2108 in
1741 2088 1793 2108 nos

1002 2132 1124 2167 jacerent
1141 2130 1255 2157 tulerint
1276 2135 1303 2156 et
1320 2127 1616 2156 auathematizaverint
1635 2131 1810 2160 ceteraque

1004 2177 1240 2205 accnmnlaverint
1265 2183 1364 2210 genera
1391 2174 1484 2201 omnia
1509 2173 1678 2201 sensibilium
1697 2177 1796 2199 contu~

1005 2225 1148 2251 meliarum
1171 2232 1178 2250 :
1194 2223 1251 2254 sed,
1268 2223 1320 2250 heu
1349 2223 1407 2249 me!
1425 2223 1498 2256 (nam
1518 2222 1571 2248 hoc
1589 2227 1636 2248 cor
1658 2219 1797 2254 vulnerat)

1005 2271 1033 2298 in
1048 2270 1193 2305 religionis
1218 2269 1305 2303 ipsius
1325 2269 1456 2296 damnum
1478 2267 1629 2294 maximum
1646 2269 1795 2299 tempestas

1005 2316 1058 2344 ista
1076 2316 1248 2343 redundavit.
1274 2316 1364 2348 Quare
1379 2314 1441 2341 aio:
1457 2312 1484 2340 Si
1502 2313 1568 2340 mihi
1589 2320 1649 2339 sum
1666 2311 1795 2340 conscius

1006 2362 1198 2390 fornicationis
1221 2366 1270 2389 aut
1293 2360 1421 2388 adulterii
1443 2363 1491 2386 aut
1518 2358 1632 2386 nefarite
1654 2357 1682 2383 'm
1702 2363 1794 2383 mares

1005 2410 1137 2441 libidinis,
1156 2410 1178 2436 si
1194 2408 1265 2436 sensi
1288 2415 1409 2441 unquam
1424 2411 1472 2433 aut
1492 2406 1581 2433 sentio
1598 2410 1646 2431 aut
1660 2404 1686 2431 in
1702 2408 1795 2438 poste-

1006 2464 1067 2484 rum
1089 2455 1205 2483 sentiam
1222 2454 1343 2481 alienum
1360 2452 1502 2488 quidpiam
1529 2459 1544 2478 a
1562 2458 1644 2478 sensu
1664 2449 1796 2477 Ecclesiae

1005 2502 1106 2530 Christi
1136 2501 1182 2528 Dei
1209 2500 1273 2530 mei.
1291 2500 1436 2526 anathema
1455 2497 1524 2524 mihi
1544 2497 1579 2524 sit
1602 2504 1617 2523 a
1635 2496 1746 2522 Christo
1767 2499 1796 2521 et

1006 2557 1070 2583 pars
1093 2555 1152 2575 mea
1179 2555 1241 2575 eum
1268 2546 1409 2582 proditore
1431 2552 1463 2571 ac
1482 2543 1695 2572 cruciﬁmribus
1715 2542 1807 2576 172.

1006 2593 1112 2621 Domini
1137 2593 1200 2620 mei.
1217 2592 1265 2620 Sin
1287 2599 1331 2618 me
1354 2595 1427 2618 recte
1442 2597 1475 2623 ac
1496 2589 1613 2617 ﬁdeliter
1629 2588 1794 2616 servientem

1005 2644 1033 2667 et
1059 2639 1222 2673 sapientem,
1255 2636 1483 2670 rejicientemque
1498 2643 1530 2663 ac
1549 2634 1741 2670 reprobantem
1761 2641 1796 2660 ex

1005 2686 1098 2713 animo
1124 2685 1194 2719 quod
1223 2692 1277 2711 non
1306 2683 1392 2711 sentit
1412 2683 1534 2711 Ecclesia
1562 2688 1650 2715 neque
1679 2680 1810 2713 accepi“,

1006 2732 1168 2760 t-alumuiari
1191 2739 1246 2758 non
1265 2731 1432 2758 horruerunt
1455 2729 1555 2764 lingua:
1579 2728 1664 2756 docta:
1682 2725 1796 2753 malcdi<
