1944 3061
136 103 183 135 illi

728 110 892 140 GEORGII
909 110 1149 141 PACHYMERRE

1701 112 1754 144 192

133 165 201 199 ἡμῖν
216 165 402 200 κατεφαίνετο,
421 166 525 201 μάρτυς
540 167 616 199 Θεὸς,
631 168 676 194 καὶ
693 167 707 194 δ
726 168 762 204 μὴ
777 169 814 198 ὡς
827 168 922 200 κακὸν,
939 171 960 200 Α
977 169 1024 195 καὶ
1036 169 1163 203 ἀδικῆσαί
1180 177 1223 203 με.
1242 169 1286 200 Ὠς
1296 168 1324 195 δὲ
1340 177 1396 200 τοις
1412 169 1515 200 ἀδίκοις
1532 169 1579 195 καὶ
1596 168 1769 204 βλασφήμοις

135 211 193 237 ἀλλ’
204 211 240 243 ὡς
252 213 357 247 πρέπον
372 213 551 248 ἐπράττομεν.
565 213 637 248 Πλὴν
651 214 675 240 εἰ
688 215 716 240 ὲν
729 211 751 248 ᾧ
766 215 857 250 μέτρῳ
872 223 921 250 με-

135 256 254 290 τροῦμεν
275 258 576 293 ἀντιμετρηθησόμεθα,
595 259 644 294 τὴν
669 259 770 286 τούτων
787 260 923 294 διάκρισιν

136 302 282 337 ἀνατίθημι
294 303 333 338 τῷ
342 304 411 338 ἁγίῳ
421 303 526 338 βασιλεί
540 305 588 331 καὶ
601 306 658 336 τοῖς
671 305 843 340 ἀρχιερεῦσιν
856 305 922 332 ἑνώ-

136 356 198 374 πιον
210 348 254 375 τοῦ
268 349 346 382 Θεοῦ,
365 351 411 376 καὶ
425 350 480 376 εἴτε
503 351 638 385 ἀποδοχῆς
662 352 717 377 εἴτε
731 351 844 386 εὐθύνης
860 360 922 386 κρι-

138 393 239 428 θῶμεν,
260 396 418 430 στέργομεν,
434 396 481 422 καὶ
493 396 531 428 ὡς
547 397 579 423 ὲκ
600 396 667 422 Θεοῦ
682 397 729 432 τὴν
744 397 797 423 τῶν
819 397 923 424 τούτων

137 440 260 467 κέλευσεν
277 442 450 476 ἑκδεχήμεθα.
470 442 593 477 Ἕτερον,
610 443 634 468 εἰ
660 443 707 468 καὶ
732 443 823 469 ὁποῖόν
849 444 922 469 ἐστιν

137 486 251 512 ἑκάστου
266 487 296 512 τὸ
310 487 388 521 ἔργον
402 489 433 522 τῇ
457 488 549 523 ἡμέρᾳ
573 488 664 523 ἐκείνῃ
682 488 817 522 δηλοῦται.
843 490 922 524 χάριν

136 532 187 566 τῆς
200 533 354 566 δυσφημίας
365 534 397 568 ἣν
410 534 525 569 ἐξὴμεσε
542 534 603 560 καθ’
620 535 697 569 ἡμῶν
716 535 729 561 ὁ
746 535 866 566 διάϐολος
880 535 923 560 λέ-

137 586 231 611 γομεν.
250 579 278 604 Εί
294 579 401 606 σύνοιδα
423 579 533 614 ἐμαυτῷ
557 580 696 615 πορνείᾳῆ
717 581 824 615 μοιχείᾳ
840 580 856 614 ἦ
871 581 921 616 ἁρ-

140 624 286 659 ρενομανίᾳ
316 626 474 655 ἑαλωκέναι.
500 626 546 652 καὶ
570 627 594 652 εί
623 627 760 661 ἐφρόνησα
780 626 920 661 πώποτεῆ

138 670 265 704 φρονήσω
288 670 426 705 ἀλλότριον
452 672 577 706 φρόνημα
600 672 645 699 καὶ
672 672 776 707 ἀπᾷδον
793 673 843 707 τῆς
862 674 922 699 Ἐκ-

138 716 252 749 κλησίας
274 716 391 751 Χριστοῦ
404 717 450 743 τοῦ
475 718 542 744 Θεοῦ
565 718 612 744 καὶ
627 718 728 753 Κυρίου
751 727 812 752 μου,
836 718 883 745 καὶ
899 719 922 745 εἰ

140 761 178 796 μὴ
191 762 227 792 ὡς
243 763 267 788 oi
283 762 354 796 ἅγιοι
371 763 489 798 μαθηταὶ
509 764 556 791 καὶ
570 764 712 791 ἀπόστολοι
726 765 820 791 τούτου
832 774 922 800 παρα-

137 805 269 833 δεδώκασι
284 808 331 833 καὶ
348 809 370 834 oi
397 808 511 843 διάδοχοι
527 809 629 835 τούτων
643 809 768 845 Θεοφόροι
789 811 921 847 Πατέρες,

140 852 231 883 ίδικῶς
257 853 303 878 καὶ
319 853 473 885 συνοδικῶς,
490 855 536 880 καὶ
560 856 583 880 εί
609 855 646 890 μὴ
675 855 747 882 ἅπαν
771 856 924 891 ὲτερύδοξον

139 897 275 931 φρόνημα,
300 897 313 924 ὅ
339 898 376 932 μὴ
392 898 529 933 παρέλαϐε
549 899 597 925 καὶ
622 901 717 935 κρατεῖ
743 901 759 936 ἠ
779 901 924 936 Ἐκκλησία

138 943 267 976 Χριστοῦ,
288 944 464 978 παραπέμπω
491 944 530 980 τῷ
548 945 708 980 ἀναθέματι,
738 946 862 982 ἀνάθεμά
880 955 924 982 μοι

139 989 192 1014 ἀπὸ
208 989 335 1022 Χριστοῦ,
353 989 400 1016 καὶ
420 990 436 1024 ἡ
463 991 540 1024 μερίς
560 999 611 1025 μου
634 992 681 1018 σὺν
697 992 735 1026 τῷ
749 993 864 1028 προδότῃ
876 993 924 1020 καὶ

137 1036 192 1066 τοῖς
206 1035 252 1060 τὸν
267 1035 368 1069 Κύριόν
385 1045 435 1070 μου
451 1036 651 1071 σταυρώσαπιν.
682 1039 712 1064 Ei
729 1039 756 1065 δὲ
772 1039 857 1074 ὀρθῶς
877 1041 924 1066 καὶ

138 1080 241 1112 πιστῶς
267 1089 300 1115 με
317 1081 483 1116 λατρεύοντα
508 1084 553 1109 καὶ
573 1084 722 1118 φρονοῦντα
736 1085 782 1111 καὶ
803 1085 925 1117 ἀσπαζό-

139 1135 218 1160 μενον
230 1129 276 1154 καὶ
297 1127 464 1163 κηρύττοντα
488 1129 624 1162 διαϐολαῖς
645 1131 678 1165 μέ
693 1140 764 1163 τινες
788 1131 925 1164 τοιαύταις

137 1172 267 1206 διέϐαλον,
283 1173 339 1200 ὅσοι
354 1175 400 1200 καὶ
413 1175 509 1207 οἵτινες
533 1174 598 1208 εἷεν,
612 1177 777 1211 ὲχκήρυκτοι
793 1178 841 1212 τῆς
862 1178 924 1204 Ἐκ-

138 1219 251 1252 κλησίας
267 1219 396 1254 Χριστοῦ,
423 1222 470 1247 καὶ
482 1221 571 1257 ἀλύτῳ
596 1223 741 1257 ἀφορισμῷ
758 1223 795 1258 τῷ
810 1223 862 1249 ἀπὸ
875 1223 924 1258 τῆς

140 1264 296 1299 ζωαρχικῆς
313 1267 360 1292 καὶ
380 1268 517 1302 μακαρίας
533 1268 580 1295 καὶ
607 1269 686 1303 ἁγίας
710 1269 854 1305 Τριάδοςή
874 1279 923 1304 με·

139 1310 247 1345 τριὸτης
262 1311 342 1345 ἡμῶν
359 1312 506 1339 ὑποϐάλλει
528 1314 637 1346 αὐτοὺς,
655 1315 703 1342 καὶ
717 1316 772 1351 ἀρᾷ
787 1316 926 1350 ἀναοέμα·

139 1363 184 1386 τος
211 1356 317 1383 καὶτὸν
335 1357 464 1389 τοιούτοις
489 1360 680 1394 παρασυρέντα
706 1361 747 1391 είς
766 1355 808 1386 τοί
823 1360 924 1396 βλάψαι

139 1449 211 1475 cere,
236 1442 394 1478 quicunque
421 1450 448 1472 et
471 1445 678 1480 qualescunque
695 1446 807 1479 fuerint,
836 1447 924 1474 habeo

139 1487 225 1521 ipsos,
249 1489 325 1523 juxta
353 1497 498 1523 cationem,
515 1499 566 1526 pro
592 1492 741 1527 segregatis
764 1493 853 1520 avita:
873 1500 924 1520 au-

140 1539 215 1562 ctore
227 1535 371 1563 Trinitate.
387 1537 523 1570 Quoniam
544 1546 608 1565 vero
621 1539 720 1571 coacti,
737 1539 849 1566 minimc
874 1547 924 1567 au-

140 1586 193 1607 tem
213 1589 263 1610 nos
284 1582 356 1617 ipsos
381 1591 427 1618 per
446 1585 499 1611 vim
527 1584 708 1617 intrudentes,
729 1585 855 1619 regimini
874 1586 926 1612 Ec.

140 1626 232 1654 clesiae
250 1635 346 1655 sumus
369 1629 501 1664 impositi.
516 1637 563 1664 spe
577 1630 652 1664 pacis
667 1635 694 1658 et
710 1631 836 1658 utilitatis
851 1638 926 1658 com-

139 1674 241 1706 munis,
258 1682 310 1701 non
326 1676 457 1702 successit
470 1681 561 1703 autem
579 1677 730 1704 secundum
746 1685 821 1712 spem
839 1686 924 1711 quau-

140 1725 197 1746 tunt
217 1720 243 1746 in
259 1728 289 1747 ea
314 1721 550 1749 administratione
572 1723 728 1756 gessimus:
748 1724 814 1750 nihil
834 1729 924 1751 autem

142 1767 279 1800 gessimus
295 1766 384 1802 (testis
401 1767 436 1794 sit
451 1767 533 1802 Deus)
548 1769 598 1795 nisi
613 1769 686 1802 quod
703 1770 830 1804 expedire
845 1769 926 1797 nobis

140 1811 231 1838 visum
250 1815 302 1844 est,
319 1816 346 1839 et
361 1813 433 1847 quod
453 1820 506 1840 non
523 1818 552 1840 ut
570 1814 684 1846 malum,
705 1815 753 1842 sed
781 1819 810 1842 ut
827 1815 926 1842 decens

141 1864 155 1882 ιι
176 1858 254 1885 nobis
282 1858 357 1886 ﬁeret
375 1867 382 1886 :
401 1863 530 1886 ctcternm
548 1867 581 1886 an
600 1868 653 1894 qua
683 1868 811 1887 mensura
839 1861 925 1887 mensi

141 1911 249 1936 munus,
262 1904 356 1931 eadem
376 1905 536 1932 remetiatur
555 1905 644 1937 nobis,
661 1906 795 1940 judicium
810 1906 925 1933 arbitrio

141 1950 228 1976 sancti
250 1951 423 1985 imperatoris
440 1955 466 1978 et
481 1951 673 1986 episcoporum
687 1960 780 1979 corant
797 1953 850 1979 Deo
864 1960 926 1987 per-

141 1995 239 2028 mitto;
263 2000 289 2023 et
312 1996 369 2024 sive
391 1997 566 2024 absolvantur
579 1998 636 2024 sive
654 1998 817 2025 damnentur
831 1999 865 2025 ab
881 1999 925 2031 iis,

141 2042 351 2076 acquiescimus,
369 2048 394 2070 et
412 2048 441 2069 ut
461 2051 476 2070 a
497 2042 551 2070 Deo
565 2043 717 2078 proiectum
745 2053 839 2072 eorum
858 2053 927 2080 qua-

141 2088 276 2122 lccunque
304 2089 463 2115 mandatum
482 2089 645 2117 accioimus.
670 2090 762 2122 Aliud,
778 2091 828 2118 etsi
847 2091 927 2125 quale

143 2133 180 2160 sit
194 2133 328 2168 cujusque
342 2141 423 2169 opus,
434 2134 478 2161 die
491 2135 534 2161 illa
549 2135 718 2162 declaratum
729 2135 761 2162 iri
777 2136 926 2167 credimus,

977 214 1044 249 αὕτη
1063 215 1118 250 ἀρὰ
1134 215 1209 250 παρὰ
1223 214 1302 246 Θεοῦ,
1316 214 1387 241 οὕτω
1401 215 1448 242 καὶ
1461 216 1518 246 τοῖς
1534 214 1701 250 φειδομένοις
1719 215 1769 251 τὴν

976 260 1102 294 γλῶσσαν
1114 263 1161 288 καὶ
1175 262 1302 297 ἀλήθειαν
1317 262 1444 296 ἀγαπῶσι
1471 262 1520 288 καὶ
1542 261 1667 296 λέγουσιν
1689 261 1767 296 ή·τοῦ

976 307 1044 333 Θεοῦ
1059 308 1167 342 εὐλογία
1179 309 1226 335 καὶ
1251 309 1339 342 σκέπη
1364 307 1566 342 περικυκλώσοι
1583 308 1631 334 καὶ
1652 304 1704 334 ὧδε
1719 308 1768 334 καὶ

975 353 1004 379 ἐν
1020 354 1059 388 τῷ
1072 354 1204 388 μέλλοντι.
1222 363 1231 380 ι
1248 355 1302 380 Καὶ
1317 353 1405 380 ταῦτα
1421 353 1470 388 μὲν
1492 354 1526 380 τὰ
1548 354 1604 385 τοῖς
1619 353 1765 388 ἐκπώμασι

975 399 1022 425 καὶ
1031 400 1059 425 ὲν
1071 399 1224 435 ἀποκρύφῳ
1237 400 1349 427 τεθέντα
1359 396 1371 415 ί
1385 400 1402 427 ἃ
1417 399 1448 434 δὴ
1470 400 1549 425 ὁποῖα
1565 401 1614 434 μὲν
1633 399 1678 425 καὶ
1693 399 1768 430 ὅπως

975 443 1091 478 ἔχουσιν.
1117 445 1155 476 ὡς
1180 445 1228 471 καὶ
1254 445 1334 471 αὑτὸν
1350 445 1394 471 τὸν
1410 444 1615 479 παρασυρέντα,
1635 444 1708 475 ὅστις
1734 445 1767 471 ἂν

974 490 1022 516 καὶ
1045 490 1099 524 εἴη,
1115 491 1162 516 ὑπ’
1179 491 1301 524 ἀνάθεμα
1329 491 1418 524 ἄγειν,
1432 492 1479 517 καὶ
1497 491 1520 516 εί
1539 488 1668 522 σύστασις
1680 490 1766 517 ταῦτα

975 535 1088 561 ἀπαθῶν
1108 535 1217 570 τρόπων
1230 535 1285 561 εἴτε
1304 536 1350 562 καὶ
1368 536 1415 570 μὴ,
1428 536 1524 562 εἰδεῖεν
1537 536 1569 562 ἂν
1586 537 1610 562 ol
1627 535 1764 567 πνεύματι

975 578 1075 610 ζῶντες
1091 580 1138 606 καὶ
1153 580 1191 614 τῷ
1208 581 1302 615 Κυρίῳ
1325 580 1506 612 δουλεύοντες.
1533 582 1627 615 Ὅμως
1651 581 1765 616 ὕστερον

975 623 1131 658 εὑρεθέντα,
1148 624 1186 656 ὡς
1203 625 1260 660 μετ’
1275 625 1366 659 ὀλίγον
1375 626 1532 660 ῥηθήσεται,
1551 626 1648 657 ἱκανῶς
1663 627 1766 656 αἰτίαις

974 669 1092 700 δικαίαις
1105 670 1210 705 ὑπῆγον
1232 671 1277 697 τὸν
1291 671 1445 706 γράψαντα.
1465 671 1577 706 Ἕτερον
1602 672 1629 697 δὲ
1648 672 1765 706 γράμμα

976 716 1119 749 σχεδιάσας
1139 717 1205 751 πρὸς
1219 717 1264 742 τὸν
1288 716 1401 750 βασιλέα
1415 717 1584 748 ἀπέστειλεν,
1604 716 1675 743 οὕτω
1692 719 1763 744 κατὰ

976 761 1051 795 ῥῆμα
1064 760 1247 795 διαλαμϐάνον
1258 769 1265 776 ·
1285 771 1295 786 ‹
1307 760 1366 794 Θεῷ
1381 761 1427 787 καὶ
1441 761 1509 794 μετὰ
1524 761 1589 787 Θεὸν
1606 763 1661 792 τοῖς
1677 762 1766 795 λόγοις

976 803 1115 839 θαρρήσας
1128 805 1176 838 τῆς
1190 805 1221 830 ὲκ
1235 804 1303 831 Θεοῦ
1318 805 1454 839 βασιλείας
1474 813 1521 831 σου
1536 805 1584 840 τὴν
1597 806 1762 840 Ἐκκλησίαν

942 848 962 876 Β
976 850 1128 884 ἐκράτησα.
1146 851 1176 876 Et
1190 851 1212 876 δ’
1226 851 1336 884 ἐγκαλοί
1351 859 1396 886 μοι
1414 851 1460 878 καί
1483 860 1525 882 τις
1542 852 1582 878 ὃτι
1600 852 1637 887 μὴ
1652 854 1723 879 κατὰ
1735 853 1765 880 τδ

974 897 1092 931 ἀρέσκον
1107 898 1214 933 ἑκάστῳ
1226 897 1361 932 διῴκησα,
1378 899 1483 933 μάρτυς
1495 898 1576 929 αὐτὸς
1585 898 1662 931 Θεὸς,
1675 900 1766 934 κρεῖτ-

973 953 1019 971 τον
1036 945 1086 971 οὐκ
1101 945 1241 980 ἐφρόνουν.
1263 945 1341 972 Ἐπεὶ
1355 946 1383 972 δὲ
1400 946 1518 981 Χριστὸς
1535 946 1584 980 τῆς
1599 946 1764 980 Ἐκκλησίας

973 990 1056 1017 αὑτοῦ
1068 991 1110 1026 [Ρ.
1121 990 1184 1026 H6]
1201 991 1308 1025 καὶτῆς
1321 991 1461 1025 βασιλείας
1477 991 1507 1018 σὲ
1521 991 1671 1027 κατέστησε
1685 1000 1765 1026 φρον-

973 1036 1076 1071 Ιιιστὴν,
1095 1037 1194 1063 ἰθύνειν
1209 1036 1277 1070 πρὸς
1291 1037 1321 1063 τδ
1334 1037 1449 1071 ἀρέσκον
1465 1037 1550 1072 αὐτῷ,
1563 1037 1677 1064 ἐνώπιον
1693 1037 1764 1070 λέγω
1778 1040 1780 1042 ⁷

973 1081 1020 1108 τοῦ
1036 1082 1137 1117 Κυρίου
1165 1091 1215 1116 μου
1229 1082 1317 1118 Ἰησοῦ
1342 1082 1472 1117 Χριστοῦ,
1488 1083 1512 1109 εἰ
1543 1083 1589 1110 καὶ
1604 1083 1765 1118 ἁμαρτωλός

973 1128 1042 1161 είμι,
1067 1128 1135 1154 ἀλλὰ
1163 1129 1322 1163 πρακτικῶς
1345 1128 1396 1155 οὐκ
1410 1128 1560 1163 ἐπίσταμαί
1583 1137 1610 1155 τι
1630 1129 1763 1163 ἀπεῖργον

973 1174 1044 1200 κατὰ
1058 1174 1174 1204 κανόνας
1190 1173 1349 1209 ἱερωσύνης.
1375 1174 1406 1201 E!
1423 1174 1451 1200 δέ
1474 1183 1545 1206 τινες
1573 1174 1764 1209 ἐξηγέρθησαν

974 1219 1033 1245 κατ’
1053 1218 1119 1253 ἐμοῦ
1145 1219 1235 1253 λέγειν
1248 1219 1298 1245 ὅσα
1321 1219 1361 1250 εἰς
1383 1219 1557 1255 ἀνθρωπίνην
1574 1219 1652 1255 ὓϐριν
1668 1220 1764 1253 φθάνει

975 1265 1022 1291 καὶ
1037 1264 1244 1299 παραλύπησιν,
1267 1265 1316 1291 καὶ
1329 1266 1398 1291 εἰσὶν
1416 1266 1440 1292 οἱ
1465 1264 1639 1296 πιστεύοντες
1666 1265 1763 1296 ταῦτα,

975 1310 1095 1336 θέτωσαν
1122 1310 1162 1341 είς
1179 1311 1339 1344 καοαίρεσιν
1354 1311 1405 1337 ὅσα
1426 1311 1458 1337 ἐκ
1472 1311 1574 1338 τούτων
1590 1312 1638 1338 καὶ
1658 1311 1766 1346 βούλον-

974 1366 1031 1389 ται,
1049 1357 1097 1383 καὶ
1112 1358 1136 1384 εί
1152 1357 1284 1392 ἁδικηθῶ,
1298 1357 1327 1384 ἐν
1346 1359 1379 1393 τῇ
1395 1357 1487 1394 ἡμέρᾳ
1503 1357 1595 1394 ἐκείνῃ
1619 1357 1766 1393 δικαιωθή-

975 1453 1020 1474 me
1049 1446 1152 1473 talibus
1177 1444 1365 1478 diﬂ'amarunt,
1384 1445 1542 1480 quicunque
1560 1453 1592 1471 ac
1605 1445 1767 1479 qualescun-

975 1499 1029 1527 que
1048 1492 1116 1524 sint,
1131 1496 1207 1518 extra
1222 1499 1334 1518 censura
1347 1492 1481 1519 habentor
1497 1492 1627 1519 Ecclesia:
1639 1491 1739 1518 Christi
1755 1499 1764 1524 ;

976 1537 1156 1565 ctinsolubili
1182 1538 1479 1564 cxcommunicationis
1504 1538 1584 1564 nexui
1600 1546 1615 1564 a
1634 1538 1695 1564 vitm
1715 1544 1765 1564 au-

981 1589 1069 1616 ctore,
1083 1585 1163 1611 beata
1178 1589 1205 1611 et
1220 1588 1313 1611 sancta
1330 1583 1473 1614 Trinitate.
1485 1583 1658 1611 mediocritas
1673 1589 1765 1610 nostra

979 1630 1054 1664 ipsos
1079 1631 1199 1665 subjicit,
1222 1630 1349 1664 dirisque
1381 1630 1575 1661 anathematis,
1594 1635 1620 1657 et
1635 1638 1697 1657 cttm
1719 1630 1766 1664 qui

980 1677 1081 1703 talibus
1105 1681 1212 1704 tractus
1231 1676 1315 1703 fuerit
1337 1676 1370 1703 ad
1389 1677 1540 1704 laedendum
1556 1681 1584 1703 et
1598 1676 1707 1710 injuriis
1724 1676 1766 1703 af-

977 1722 1124 1749 ﬁciendum
1153 1729 1208 1748 me.
1237 1720 1273 1748 Ut
1297 1725 1387 1748 autem
1417 1721 1527 1755 iniustis
1548 1727 1574 1748 et
1597 1721 1765 1756 blasphemis

977 1767 1035 1794 haec
1050 1766 1207 1794 maledictio
1220 1774 1233 1793 a
1246 1766 1300 1794 Deo
1315 1767 1414 1798 est,sic
1425 1772 1450 1794 et
1460 1767 1577 1801 linguam
1594 1768 1766 1796 continentes

977 1817 1004 1840 et
1015 1813 1156 1840 veritatem
1170 1817 1311 1839 .amantes
1332 1817 1360 1839 et
1389 1812 1531 1847 loquentes
1549 1812 1594 1839 Dei
1615 1813 1767 1842 benedictio

977 1866 1009 1886 ac
1038 1858 1171 1893 protectio
1195 1858 1388 1889 circumdabit,
1410 1864 1437 1885 el.
1456 1859 1498 1885 bic
1521 1864 1547 1885 et
1571 1859 1597 1885 in
1629 1858 1731 1886 futuro.
1755 1869 1764 1885 ι

978 1905 1041 1932 Haec
1069 1905 1179 1940 quidem
1214 1910 1293 1932 erant
1314 1905 1340 1931 in
1363 1904 1466 1932 chartis
1490 1904 1560 1931 intra
1577 1905 1674 1939 pocula
1700 1905 1768 1932 ﬁcti-

977 1952 1013 1979 lia
1028 1952 1144 1979 conditis
1160 1951 1226 1978 etin
1250 1958 1320 1977 cavo
1342 1951 1470 1978 abstruso
1487 1951 1638 1985 depositis.
1660 1951 1688 1977 ln
1706 1951 1768 1986 qui-

977 1997 1039 2030 bus,
1059 1998 1130 2032 quod
1150 2005 1211 2024 eum
1226 2005 1337 2031 quoque
1353 1997 1399 2032 qui
1421 1997 1503 2024 etiam
1521 1997 1546 2023 vi
1562 2001 1719 2031 pertractus
1732 1997 1766 2024 ad

978 2043 1184 2070 adversantium
1217 2043 1269 2070 sibi
1290 2047 1382 2077 partes
1412 2042 1503 2074 fuerit,
1530 2043 1685 2076 quicunque
1709 2048 1769 2069 tan-

978 2088 1039 2116 dem
1059 2089 1105 2119 sit.
1124 2088 1292 2115 anathemati
1315 2088 1435 2121 subjicit,
1459 2087 1485 2115 id
1503 2088 1535 2114 ad
1558 2089 1683 2115 humanae
1703 2096 1767 2123 pro-

978 2133 1070 2161 bitatis
1084 2133 1303 2167 Christianatque
1317 2133 1541 2160 mansuetudinis
1557 2133 1680 2160 rationes
1696 2133 1765 2160 satis

142 2184 234 2207 tamen
256 2179 386 2214 quoniam
411 2180 490 2207 aiunt
506 2182 641 2215 quosdam
656 2180 837 2207 scandalizari
859 2188 923 2215 pro-
944 2189 965 2216 ι)
980 2181 1218 2208 accommodatum
1235 2188 1320 2208 necne
1341 2180 1432 2212 fuerit,
1451 2181 1617 2208 censendutn
1644 2180 1769 2213 relinquo

143 2231 203 2261 pter
217 2226 435 2253 maledicentiam
447 2233 529 2261 quam
543 2225 664 2253 evomuit
678 2226 704 2252 in
722 2233 773 2253 nos
788 2226 925 2259 diabolus,

143 2273 279 2300 dicimus:
294 2272 323 2300 Si
340 2272 467 2300 conscius
491 2272 555 2298 mihi
571 2280 629 2298 sum
652 2272 783 2300 incidiSse
803 2273 829 2300 in
843 2273 929 2300 forni-

144 2320 291 2351 cationem,
306 2319 471 2346 adulterium
488 2322 534 2344 aut
551 2318 682 2345 nefariam
694 2318 721 2345 in
735 2327 823 2346 mares
836 2319 928 2346 libidi-

143 2374 217 2398 nem,
230 2366 252 2393 si
267 2365 340 2393 sensi
362 2373 483 2400 unquam
499 2369 546 2392 aut
560 2365 649 2392 sentio
664 2369 712 2392 aut
726 2366 843 2392 sentiam
860 2366 928 2392 alie-

144 2420 207 2439 nam
223 2413 387 2439 senlentiam
400 2416 426 2438 et
437 2412 630 2439 abhorrentem
646 2412 680 2439 ab
689 2412 810 2439 Ecclesia
825 2413 929 2440 Christi

144 2458 190 2485 Dei
205 2463 231 2485 et
254 2458 359 2485 Domini
385 2458 450 2487 mei.
473 2462 499 2484 et
518 2458 620 2485 nisiut
640 2459 728 2485 sancti
752 2459 878 2494 discipuli
903 2464 930 2487 et.

143 2505 260 2540 apostoli
287 2505 348 2538 ejus
376 2503 550 2531 tradiderunt
576 2509 603 2532 et
629 2513 805 2533 successores
829 2507 927 2534 horum

142 2550 238 2591 deiiet'i
261 2549 364 2580 Patres.
389 2550 516 2583 privatim
535 2554 561 2576 et
577 2551 726 2585 synodice;
753 2556 780 2577 ct
801 2552 854 2578 nisi
871 2559 929 2578 (mi-

144 2605 206 2624 nem
229 2596 423 2623 bctcrodoxam
450 2596 617 2630 doctrinam,
633 2605 715 2631 quam
744 2605 798 2624 non
826 2599 930 2632 accepit

143 2650 195 2670 nec
209 2647 282 2669 tenet
302 2642 423 2669 Ecclesia
450 2642 564 2673 Clu-isti.
581 2651 680 2678 respuo
697 2644 846 2677 subiit-iens
862 2652 928 2671 ana-

145 2690 271 2721 themati,
287 2689 364 2724 173
375 2689 518 2716 anathema
536 2689 601 2716 ntihi
616 2690 651 2717 sit
668 2697 683 2717 a
699 2690 809 2718 Christo
824 2697 850 2718 et
867 2698 929 2725 pars

145 2745 205 2764 mea
223 2744 284 2765 cum
312 2736 450 2772 proditore
470 2741 498 2763 et
513 2737 722 2764 cruciﬁxoribus
738 2736 846 2765 Domini
865 2737 928 2765 mei.

147 2783 174 2809 Si
189 2791 251 2810 vero
265 2788 337 2811 recte
359 2791 391 2811 ac
404 2782 523 2810 ﬁdeliter
540 2791 583 2810 me
602 2782 804 2810 ministrantem
820 2788 848 2811 et
867 2791 929 2811 sen-

145 2830 256 2857 lictttt'm
271 2835 296 2858 ct
313 2832 521 2866 amplcctentem
533 2835 558 2857 ct
575 2830 767 2864 praedicantem
784 2829 930 2858 calumniis

980 2227 1136 2254 viventibus
1152 2227 1177 2254 in
1197 2227 1295 2260 spiritu
1313 2232 1340 2254 et
1354 2225 1470 2253 Domino
1487 2226 1684 2254 servientibus.
1700 2225 1768 2252 Illud

980 2274 1048 2306 scio,
1071 2273 1204 2308 scriptum
1221 2273 1273 2300 hoc
1291 2277 1385 2306 postea
1402 2278 1541 2307 repertum
1559 2273 1767 2306 vulgatumque,

980 2323 1011 2345 ut
1030 2319 1202 2354 postmodum
1224 2319 1345 2352 dicetur,
1360 2319 1581 2346 accusationibus
1595 2319 1622 2345 in
1644 2319 1705 2352 ejus
1721 2325 1770 2345 au-

980 2371 1083 2393 ctorem
1102 2370 1181 2392 antea
1209 2365 1317 2399 iactatis
1346 2365 1407 2392 ﬁdei
1434 2369 1602 2392 momentum
1619 2364 1768 2395 addidisse.

981 2416 1011 2439 ut
1027 2411 1083 2445 jam
1099 2419 1154 2437 non
1179 2411 1317 2437 immerito
1335 2410 1479 2438 traductus
1498 2410 1543 2436 ille
1558 2417 1591 2436 ac
1610 2409 1709 2444 injuste
1727 2409 1770 2435 in-

982 2458 1099 2485 famatus
1118 2457 1265 2484 videretur.
1293 2457 1373 2484 Aliud
1394 2457 1476 2484 etiam
1496 2456 1628 2490 scriptum
1648 2455 1763 2483 concin-

981 2505 1068 2534 navit.
1095 2503 1187 2531 statim
1217 2503 1250 2530 ad
1280 2508 1472 2537 Imperatorem
1499 2503 1623 2533 missumI
1652 2502 1709 2528 haee
1734 2502 1767 2528 ad

982 2551 1091 2577 verbum
1116 2549 1261 2576 continens
1280 2557 1287 2575 :
1307 2558 1316 2574 ι
1332 2548 1386 2574 Deo
1401 2553 1427 2575 ct
1444 2552 1504 2582 post
1529 2548 1614 2574 Deum
1631 2547 1721 2574 verbis
1737 2547 1770 2574 ﬁ-

982 2597 1049 2623 dens
1065 2604 1097 2622 ex
1118 2596 1173 2622 Deo
1186 2595 1379 2622 auctoritatem
1394 2595 1521 2622 ducentis
1535 2595 1688 2630 majestatis
1704 2600 1769 2626 tua,

981 2642 1110 2670 Ecclesiae
1127 2642 1246 2676 regimen
1263 2641 1412 2676 capessivi.
1433 2641 1462 2668 ln
1477 2647 1532 2675 quo
1550 2641 1769 2668 administrando

982 2689 1004 2716 si
1034 2688 1170 2723 quispiam
1208 2688 1399 2715 succcnsuerit
1433 2687 1660 2722 gubernationem
1688 2686 1767 2721 174

982 2742 1071 2762 meam
1086 2735 1118 2760 ad
1136 2734 1208 2768 quod
1225 2734 1325 2768 cuique
1341 2734 1460 2768 placeret
1478 2734 1596 2760 obnoxie
1611 2741 1768 2759 accommo-

984 2781 1074 2807 datam
1086 2787 1140 2806 non
1153 2779 1250 2811 fuisse,
1266 2779 1342 2807 testis
1357 2779 1425 2806 idem
1444 2780 1480 2806 sit
1498 2779 1582 2812 Deus,
1601 2779 1697 2806 melius
1714 2786 1767 2805 non

985 2825 1146 2853 sentiebam.
1165 2824 1391 2860 Quandoquidem
1410 2833 1475 2854 vero
1497 2825 1624 2854 Christus
1641 2824 1770 2853 Ecclesia
