1944 3061
198 131 252 163 193

664 130 715 160 DE
736 129 958 160 ANDRONICO
975 129 1207 160 PALIEOLOGO
1219 129 1291 160 LIB.
1312 128 1354 160 ΙῙ.

1784 127 1836 160 19$

187 198 288 224 σομαι.
304 189 360 224 Τὴν
374 188 428 224 γὰρ
446 187 611 224 παραίτησιν
627 187 770 222 λογίζομαι
797 188 984 220 ἁκανόνιστον,
1001 192 1025 219 Α
1038 188 1117 220 γνοὺς
1134 185 1258 213 ἐντεῦθεν
1285 186 1352 217 ἴσως
1379 185 1426 212 καὶ
1441 185 1489 220 τὴν
1505 185 1553 212 τοῦ
1578 186 1742 221 κρατοῦντος
1765 186 1836 220 γνώ-

186 235 239 262 καὶ
253 235 324 269 αὕτη
339 243 392 270 μου
407 235 424 269 ἡ
437 234 582 269 διάκρισις.
601 234 677 260 Ἐπεὶ
688 233 716 260 δὲ
727 234 795 269 πρὸς
806 234 943 269 τρέμοντα
952 235 986 261 τὰ

186 279 363 314 δικαιώματα
382 279 453 306 Θεοῦ
468 279 579 314 βασιλέα
595 279 678 311 λαλῶ,
702 279 727 305 εἰ
743 279 874 312 κελεύεις,
896 280 926 305 τὺ
942 279 986 305 θέ-

190 325 267 359 λημά
281 333 333 359 μου
346 325 394 356 to,
409 326 455 351 καὶ
474 325 622 360 ἀνατίθημι
635 325 671 360 τῷ
682 325 742 359 Θεῷ
757 325 803 351 καὶ
812 328 845 362 τῇ
862 326 890 359 ἐξ
902 327 985 353 αὑτοῦ

192 371 319 406 βασιλείᾳ
333 379 380 397 σου
398 372 432 398 τὰ
447 372 511 406 ἐμὰ,
529 371 572 399 ἵνα
584 372 652 406 ὅπερ
667 373 736 408 αὐτῇ
756 372 902 407 θεάρεστον
915 372 987 405 δόξει

192 417 239 443 καὶ
251 419 284 452 τῇ
301 417 376 451 ψυχῇ
389 426 440 452 μου
455 419 599 452 σωτήριον,
611 419 795 454 εὐεργετήσῃς
808 419 856 445 καὶ
871 419 989 453 συμϐου-

191 461 292 497 λεύσῃς
310 463 358 488 καὶ
378 464 550 497 συνεργήσῃς
579 471 634 497 μοι,
663 464 711 489 καὶ
732 463 802 489 οὕτω
824 464 899 497 παρὰ
921 463 987 490 Θεοῦ

192 505 310 540 λαρισοῇ
326 507 377 540 τῆς
392 506 552 540 εὐεργεσίας
566 507 599 533 τὰ
615 507 661 533 ῐσα
674 508 707 542 τῇ
722 508 754 534 ἐκ
769 508 836 534 Θεοῦ
864 508 989 543 βασιλείᾳ

195 560 254 579 σου.
276 561 285 578 ι
311 552 394 578 Ἀλλὰ
405 552 484 579 τοῦτο
501 553 560 588 μὲν,
574 554 645 580 κατὰ
659 554 689 580 τὸ
705 554 791 586 εἰκὸς,
805 555 854 589 οὐχ
871 555 991 589 ὑπέγρα-

193 598 240 631 ψε,
254 598 284 624 τὸ
299 598 327 624 δέ
342 606 374 632 γε
398 599 532 633 πρότερον
558 599 744 634 οἱκειοχείρως
769 600 966 634 ὑπεσημήνατο
977 609 985 617 ·

195 642 254 678 εἶχε
283 643 350 678 γὰρ,
368 653 376 670 ι
395 644 553 675 Ἀθανάσιος
584 645 651 678 ἐλέῳ
678 645 746 671 Θεοῦ
776 645 991 679 ἀρχιεπίσκοπος

196 690 512 721 Κωνσταντινουπόλεως
527 690 591 721 νέας
611 690 721 725 Ῥώμης
736 692 782 717 καὶ
801 692 991 726 οἱκουμενικὸς

197 736 384 770 πατριάρχης.
406 745 415 761 ι
433 734 488 762 Ἦν
503 736 524 763 δ’
551 737 592 763 ἑτι
606 737 756 772 φερόμενον
779 737 827 763 καὶ
846 737 910 764 ἄλλο
923 746 948 763 τι
964 738 992 763 ἐν

198 782 314 817 κρυπτῷ
341 782 497 817 γράμματι,
526 783 595 817 ὅπερ
623 783 673 809 οὐκ
699 781 756 809 οἴδα
786 783 810 809 εἰ
838 783 992 817 προσετέθη

200 827 314 863 ὕστερον
333 828 409 863 παρὰ
423 828 476 854 τῶν
498 828 595 863 ἐκείνῳ
612 819 832 864 προσκειμένων,
850 828 888 860 ὡς
909 838 918 854 ‹
936 828 993 855 Κᾶν

199 875 226 900 ετ
242 883 267 901 τι
286 875 392 909 ποιήσω
408 875 484 909 παρὰ
497 875 592 905 ταῦτα,
603 875 735 910 ἄστοργον
751 874 804 908 ἔχω
815 874 861 900 καὶ
875 874 929 906 ἔξω
942 874 992 908 τῆς

200 919 338 955 ἡμετέρας
363 920 488 954 γνώμης,
513 920 565 947 κᾶν
586 921 671 956 αὐτὴν
699 920 844 955 ὲγχαρὲξω
867 929 917 955 μου
942 921 991 955 τὴν

201 964 379 998 παραίτησιν.
395 973 404 990 t
429 965 502 995 Τέως
517 965 601 992 ταῦτα
619 966 737 1001 γράψας,
750 966 783 992 τὰ
798 966 846 1000 μὲν
859 966 888 992 ὲν
896 967 993 1000 ἀφανεῖ

200 1010 292 1045 τίθησι
306 1011 351 1037 τὸν
363 1011 508 1046 εἰρημένον
522 1011 771 1045 ἐξασφαλισαμενος
784 1013 896 1047 τρόπον,
912 1012 994 1043 αὐτὸς

201 1057 230 1083 δὲ
244 1056 273 1082 τὸ
287 1055 355 1092 προς
369 1057 415 1083 τὸν
430 1057 540 1091 βασιλέα
555 1058 601 1083 καὶ
617 1058 697 1092 μόνον
709 1057 915 1090 ἐξαποστείλας,
932 1057 994 1084 ἐπεὶ

200 1103 251 1128 οὐκ
264 1100 299 1137 ἦν
317 1103 432 1133 ἐκεῖθεν,
454 1103 542 1133 καθὼς
568 1103 632 1133 ἴσως
651 1104 698 1129 καί
715 1104 738 1129 oi
755 1103 880 1139 ἦλπιστο,
895 1104 911 1138 ὴ
929 1103 994 1138 βοή-

201 1149 261 1174 θεια
277 1151 324 1175 καὶ
339 1150 367 1175 τὺ
387 1149 575 1183 ἀντειλῆφθαι,
591 1148 647 1175 ἀλλ’
663 1149 712 1184 ἤδη
741 1149 840 1183 μᾶλλον
858 1150 881 1175 oi
897 1149 995 1180 νυκτὸς

200 1194 411 1229 ὲξελευσομένου
424 1195 493 1221 κατὰ
502 1197 551 1230 τὴν
562 1195 620 1220 ὁδὸν
631 1194 850 1228 δεφενδεύσοντες
864 1194 996 1221 ἀπεστέλ-

200 1241 291 1273 λοντο,
310 1243 356 1267 καὶ
380 1241 457 1269 ἄλλοι
473 1241 497 1267 οἱ
517 1241 546 1267 τὸ
571 1242 766 1276 πατριαρχεῖον
792 1240 995 1275 ἀναδεξάμενοι,

201 1339 259 1359 suae
276 1337 301 1358 et
317 1331 424 1366 imperii
441 1336 467 1358 te
485 1331 626 1359 censtituit
642 1337 807 1362 curatorem,
825 1335 855 1358 ut
881 1335 997 1365 utraque

201 1379 236 1404 ad
258 1378 318 1412 ejus
339 1378 542 1413 bt‘tteplacituut
560 1378 674 1413 dirigas,
689 1379 716 1404 in
729 1382 881 1412 conspectu
899 1378 997 1411 laquor

201 1424 312 1451 Domini
332 1424 460 1452 mciJesu
475 1424 587 1454 Clu-isxi.
602 1425 654 1451 etsi
670 1429 800 1458 peccator
815 1432 888 1456 sum,
904 1427 997 1451 tamen

201 1470 309 1498 factum
333 1479 348 1498 a
378 1479 421 1497 me
441 1471 591 1505 quidquam
613 1478 667 1497 non
693 1470 805 1497 memini
823 1478 838 1496 a
853 1470 998 1497 sacerdotii

202 1517 308 1552 regulis
335 1517 500 1544 abhorrens.
533 1516 560 1543 Si
586 1524 650 1544 vero
675 1517 758 1550 aliqui
785 1517 996 1544 insurrexerunt

202 1568 299 1589 contra
324 1569 377 1594 me,
394 1561 518 1589 dit-entes
533 1570 594 1595 quae
617 1561 650 1588 ad
669 1562 880 1589 deformandum
898 1566 995 1589 contu-

205 1608 296 1635 meliis
314 1608 464 1642 doloreque
487 1608 661 1642 pungendum
681 1608 820 1636 hominem
846 1609 994 1643 pertinent,

203 1659 232 1681 et
250 1658 315 1681 sunt
329 1657 376 1689 qui
394 1656 510 1681 credunt
529 1655 591 1685 ista,
605 1655 742 1689 imputcnt
758 1655 822 1682 licet
836 1655 863 1682 in
880 1655 995 1682 idoneas

204 1707 272 1726 mea:
297 1699 478 1733 depositionis
494 1707 593 1726 eausas
610 1708 639 1726 ea
655 1707 688 1726 ex
705 1699 747 1727 bis
763 1708 823 1734 qua:
838 1701 946 1727 volunt.
965 1700 995 1728 Si

205 1753 302 1780 passus
316 1745 446 1779 injuriam
472 1747 561 1777 fuero,
575 1746 602 1772 in
615 1746 659 1772 die
677 1746 721 1773 illa
738 1746 925 1780 justilicabor.
939 1747 996 1774 Ab-

205 1791 369 1817 dicationem
401 1790 473 1818 enim
497 1796 592 1824 reputo
611 1791 795 1825 illegitimam.
815 1792 846 1820 Et
867 1793 919 1820 hoc
933 1794 996 1828 qui-

205 1837 267 1864 dem
284 1845 374 1864 meum
400 1838 534 1871 judicium
550 1842 604 1865 est.
630 1838 765 1871 Quoniam
783 1846 848 1867 vero
863 1847 925 1867 cum
942 1844 996 1867 tre-

206 1888 297 1910 mente
321 1883 537 1917 justiticationcs
565 1884 611 1911 Dei
643 1885 811 1919 imperatore
834 1885 944 1920 loquor,
971 1886 994 1914 si

204 1929 296 1964 iubes,
324 1930 457 1957 voluntati
483 1938 549 1957 mea:
575 1931 717 1962 renuntio,
739 1936 766 1959 et
792 1931 848 1959 Deo
864 1931 994 1966 permitto

207 1979 315 2009 tuaeque
328 1983 361 2002 ex
388 1976 441 2002 Deo
457 1977 648 2004 auctoritatem
673 1977 783 2004 habenti
799 1977 935 2012 majestati
950 1986 994 2005 res

208 2027 294 2052 meas,
312 2026 341 2047 ut
356 2021 429 2055 quod
453 2021 503 2055 ipsi
527 2021 581 2048 Deo
598 2022 728 2055 placitum
744 2022 870 2049 videatur
888 2027 915 2050 et
936 2023 992 2050 ani-

205 2075 257 2094 ωε
282 2075 348 2094 meae
372 2067 504 2099 salutare,
530 2059 666 2102 conferre,
678 2069 840 2102 consulere,
851 2070 993 2103 cooperari

206 2111 272 2138 mihi
289 2111 421 2146 digneris.
440 2116 469 2138 ut
489 2112 580 2138 anima
607 2120 667 2139 mea
686 2113 786 2140 divinae
808 2113 994 2142 beneﬁcentia:

203 2157 254 2195 ﬁat
269 2158 404 2192 particeps
418 2158 546 2185 similiter
561 2166 622 2186 cum
639 2166 672 2185 ex
697 2158 751 2186 Deo
767 2159 829 2188 data
850 2160 993 2195 majestate

189 2187 295 2229 3'xuau-s
313 2204 349 2229 At
371 2203 434 2230 huic
455 2205 564 2238 quidem
581 2204 683 2237 libello,
703 2196 803 2232 utli‘eri
835 2187 996 2240 par'fucrat,

209 2255 261 2274 non
291 2249 469 2283 subscripsit.
506 2248 594 2276 Priori
630 2254 737 2276 tantum
768 2251 879 2286 propria
912 2259 995 2279 manu

208 2301 287 2320 suum
306 2302 406 2322 nomen
422 2300 589 2329 apposuerat
602 2304 609 2323 :
623 2296 663 2323 sic
684 2296 757 2323 enim
773 2297 805 2324 ad
820 2297 881 2332 ejus
891 2297 995 2325 calcem

209 2339 364 2375 legebatur:
382 2351 392 2367 ι
418 2342 587 2370 Athanasius
613 2342 788 2370 miseratione
815 2343 861 2370 Dei
889 2345 996 2372 archie-

208 2387 336 2421 piscopus
351 2387 608 2422 Constantinopolis
623 2387 707 2416 Nova:
723 2387 829 2423 Romae,
842 2391 995 2417 meumeni-

208 2438 256 2457 cus
289 2432 456 2466 patriarcha.
487 2441 496 2457 ›
525 2431 679 2459 Ferebatur
706 2438 733 2460 et
761 2434 835 2460 aliud
862 2438 994 2468 praeterea

207 2478 334 2512 quiddam
363 2479 494 2513 scriptum
515 2478 542 2505 in
569 2479 617 2506 ilia
647 2479 732 2513 priori
760 2487 861 2507 arcana
888 2481 994 2512 charta.

208 2523 278 2558 quod
302 2524 374 2551 haud
392 2525 450 2552 scio
473 2532 507 2551 an
532 2533 586 2552 non
610 2524 733 2552 additum
752 2526 890 2562 posterius
914 2526 995 2554 fuerit

207 2571 240 2596 ab
266 2571 410 2598 Athanasii
439 2570 606 2605 fautoribus,
631 2580 730 2607 nempe
758 2573 854 2600 hoc“
873 2574 900 2600 Si
928 2574 994 2608 quid

209 2621 388 2651 praeterquam
415 2617 460 2644 hic
483 2618 581 2652 scripsi
598 2626 642 2645 me
666 2618 804 2646 facturum
824 2627 915 2654 egero,
931 2619 994 2646 irri-

212 2667 265 2689 tum
280 2663 377 2694 habeo,
388 2664 486 2698 quippe
495 2669 590 2691 contra
601 2664 681 2700 175
689 2673 775 2692 meam
788 2665 956 2693 voluntatem
967 2670 995 2692 et

209 2714 325 2737 mentem
337 2714 441 2743 actum,
451 2711 534 2737 etiam
548 2711 570 2739 si
584 2711 671 2746 ipsam
685 2712 789 2747 scripto
801 2713 994 2748 signiticavero

209 2756 419 2784 abdicationem.
442 2767 451 2784 ν
480 2757 625 2794 Utcunque
654 2759 701 2792 sit,
727 2759 770 2787 his
803 2760 840 2787 ita
872 2760 992 2795 scriptis,

211 2803 284 2837 prius
302 2804 411 2838 quidem
438 2804 504 2832 illud
529 2806 555 2832 in
575 2805 685 2833 occulto
710 2805 824 2838 abdidit,
840 2813 993 2834 memorato

209 2848 261 2884 jam
289 2850 426 2877 munitum
444 2851 537 2878 modo.
573 2851 632 2886 ipse
645 2859 709 2879 vero
734 2852 823 2879 solum
841 2853 991 2880 secundum

1040 241 1106 268 μην,
1123 241 1159 263 ως
1177 232 1248 258 οὕτω
1263 232 1296 259 τὰ
1309 232 1370 258 καθ’
1386 233 1482 258 ἑαυτὸν
1492 232 1684 267 δοκιμάζοντας
1699 233 1738 265 εἰς
1748 233 1837 259 συνοῖ-

1040 287 1096 311 σον,
1115 279 1140 305 sl.
1165 278 1290 313 ἐκσταίη,
1319 279 1584 313 παρακεκινημένων
1600 278 1654 305 τῶν
1670 280 1738 305 ὅλων
1763 280 1836 314 (οὐδὲ

1039 325 1093 359 γὰρ
1110 324 1209 359 ἐχώρει
1225 324 1311 355 ἄλλως
1329 324 1476 358 γίνεσθαι),
1499 325 1568 360 ἀωρὶ
1591 325 1646 351 τῶν
1664 326 1771 352 νυκτῶν
1797 326 1836 352 δί-

1040 369 1122 396 δωσιν
1137 369 1233 396 ἑαυτὸν
1247 371 1303 401 τοῖς
1323 369 1468 402 ἀπάξουσι.
1492 371 1545 396 Καὶ
1571 370 1638 405 πρὸς
1652 372 1686 406 τῇ
1714 371 1785 398 κατὰ
1801 371 1837 397 τὰ

1043 415 1175 449 Εὑγενίου
1189 415 1332 449 γεγονότες
1348 415 1471 451 θαλάσσῃ
1487 415 1593 446 ἁλιάδος
1606 424 1636 442 τε
1652 417 1834 446 ἐπιϐαίνουσι.

1041 461 1088 487 καὶ
1105 461 1150 486 τὸν
1177 461 1274 495 λιμένα
1290 461 1321 487 τὸ
1344 462 1438 495 Κέρας
1465 461 1674 492 εἰσπλεύσαντες
1690 461 1739 496 τὴν
1754 461 1837 495 μονὴν

1042 506 1089 532 τοῦ
1118 506 1267 540 Κοσμιδίου
1292 506 1544 541 καταλαμϐάνουσι.
1576 507 1664 532 Κάκεῖ
1687 508 1735 541 τὴν
1751 502 1838 534 νύκτα

1043 551 1213 586 προσμείνας
1232 551 1335 578 στέλλει
1351 552 1420 587 πρὸς
1438 552 1551 587 βασιλέα
1566 551 1615 586 τὴν
1630 551 1713 578 αὐτοῦ
1732 552 1837 587 παραί-

1043 604 1134 631 τησιν,
1151 597 1267 632 ἔχουσαν
1280 597 1326 623 ἐπὶ
1337 597 1434 630 λέξεως
1449 597 1495 632 [Ρ.
1512 596 1575 633 H7]
1588 597 1675 629 οὕτως
1687 605 1695 614 '

1044 653 1094 681 κδ’.
1112 654 1299 688 Παραῐτησις
1319 653 1470 697 ἔγγραφος
1483 653 1536 680 τοῦ
1554 655 1741 689 πατριάρχου
1756 654 1839 682 Ἀθα-

1376 698 1497 716 νασιου.

1083 743 1092 759 ι
1117 734 1282 769 Ἐπειδήπερ
1307 735 1476 766 λυσιτελείας
1499 736 1581 772 χάριν
1606 736 1701 770 κοινῆς
1724 737 1764 767 εἰς
1794 736 1839 763 τὸν

1047 780 1247 814 πατριαρχικὸν
1271 780 1430 815 ἀνήχθημεν
1457 780 1551 814 θρόνον
1577 782 1624 808 καὶ
1648 781 1701 807 διὰ⁴
1718 782 1767 816 τὴν
1791 781 1838 807 τοῦ

1047 825 1239 860 χριστωνύμου
1255 826 1320 852 λαοῦ
1335 826 1478 861 εἰρηναιαν
1492 827 1660 854 κατάστασιν
1675 828 1722 854 καὶ
1738 827 1838 862 κυϐέρο

1010 869 1031 896 Β
1044 879 1132 905 νησιν,
1149 871 1293 906 ἀπέϐησαν
1307 871 1336 898 δὲ
1350 873 1384 899 τὰ
1404 872 1555 908 πράγματα
1568 874 1608 904 εἰς
1622 873 1777 899 τούναντίον
1791 881 1839 909 καὶ

1044 918 1110 953 παρ’
1141 918 1234 944 ἐλπίδα
1261 918 1310 953 τὴν
1339 919 1480 954 ἡμετέραν
1507 920 1554 947 καὶ
1575 920 1636 947 ’τῶν
1665 921 1838 956 βιασαμένων

1044 963 1129 997 ἡμᾶς,
1157 962 1195 992 ὡς
1209 962 1334 989 ἐντεῦθεν
1358 963 1486 998 κριθῆναι
1511 965 1585 999 ἡμᾶς
1612 965 1651 1000 τῷ
1666 965 1724 1000 λαῷ
1749 965 1839 991 ἀδοκί-

1046 1017 1114 1042 μους
1137 1008 1184 1035 καὶ⁴
1205 1008 1406 1044 παραιτητέους
1421 1009 1468 1035 καὶ
1493 1010 1678 1045 ὰδιακρίτους,
1702 1011 1791 1042 ἄλλως
1807 1019 1837 1036 τε

1044 1054 1072 1080 δὲ
1089 1054 1137 1081 καὶ
1155 1055 1192 1086 ώς
1208 1054 1332 1085 ἀσθενεῖς
1349 1055 1397 1081 καὶ
1415 1055 1574 1090 ἁμαρτωλοὶ
1592 1057 1639 1082 καὶ
1655 1056 1776 1083 ἁνίκανοι
1790 1057 1838 1082 καὶ

1045 1099 1105 1125 οὐδὲ
1116 1099 1187 1132 ἄξιοι
1202 1099 1376 1135 λειτουργίας
1390 1100 1529 1136 τοιαύτης,
1542 1100 1587 1128 διὰ
1600 1101 1678 1128 τοῦτο
1690 1101 1840 1136 παραιτού-

1048 1146 1118 1180 μεθα
1131 1145 1178 1172 καὶ
1189 1146 1271 1180 ἡμεῖς
1289 1147 1390 1178 αὐτοὺς
1407 1147 1477 1181 μετὰ
1490 1147 1541 1182 τῆς
1555 1147 1773 1182 ἀρχιερωσύνης,
1790 1147 1839 1174 καὶ

1046 1191 1073 1217 εἴ
1090 1199 1114 1217 τι
1130 1192 1306 1226 ἡγνοήσαμεν
1323 1191 1339 1226 ἢ
1356 1191 1404 1217 καὶ
1416 1192 1624 1227 διεπραξάμεθα
1639 1192 1691 1224 ἔξω
1704 1192 1752 1218 τοῦ
1770 1193 1839 1227 πρέ-

1048 1244 1155 1270 ποντος,
1173 1236 1304 1272 αἰτοῦμεν
1328 1237 1513 1273 συγχώρησιν,
1531 1237 1577 1264 καὶ
1600 1238 1673 1273 ὑμᾶς
1698 1238 1711 1263 ὁ
1738 1239 1839 1273 Κύριος

1048 1326 1170 1353 libellum
1192 1327 1349 1361 imperatori
1368 1335 1432 1354 cum
1453 1328 1585 1360 misisset,
1604 1335 1653 1355 nec
1680 1328 1742 1355 inde
1764 1328 1840 1363 quod

1049 1372 1120 1400 forte
1139 1379 1297 1408 speraverat
1317 1374 1451 1401 auxilium
1468 1382 1501 1402 ac
1527 1375 1725 1409 protectionem
1744 1374 1839 1402 oﬁ‘erri

1050 1419 1104 1446 sibi
1122 1419 1239 1452 videret,
1255 1420 1321 1452 quin
1346 1421 1440 1455 potius
1461 1420 1517 1455 jam
1535 1426 1636 1455 praesto
1653 1422 1750 1448 adesse
1775 1422 1841 1447 sub-

1051 1465 1150 1493 missos
1169 1465 1246 1493 illinc
1270 1473 1395 1494 cerneret
1418 1467 1464 1502 qui
1491 1475 1520 1495 se
1544 1472 1627 1495 nocte
1652 1467 1839 1502 profecturum

1051 1519 1100 1547 per
1117 1513 1187 1539 viam
1213 1513 1401 1546 defenderent,
1419 1519 1445 1541 et
1461 1514 1540 1546 alios,
1558 1516 1603 1549 qui
1627 1522 1695 1549 quas
1718 1523 1769 1542 suo
1783 1515 1840 1542 dis-

1052 1537 1093 1547 ,_,
1216 1537 1401 1546 _,.-__.__._..-,
1420 1537 1445 1541 ν,
1461 1537 1540 1546 __.--,
1558 1537 1603 1549 ,,,..
1628 1537 1694 1549 Ἰν--
1718 1537 1767 1542 ,η
1784 1537 1826 1542 μη

1010 1537 1032 1567 c
1048 1565 1127 1585 cessu
1154 1565 1254 1586 vacuas
1279 1559 1425 1587 relicturus
1447 1568 1509 1586 mox
1537 1559 1607 1587 foret
1635 1561 1839 1595 patriarchalcs

1048 1604 1120 1632 aedes
1150 1605 1323 1639 susciperent
1350 1607 1555 1637 custodiendas.
1583 1607 1720 1634 intellecto
1744 1616 1777 1634 ex
1797 1607 1839 1635 his

1047 1658 1207 1685 persuasum
1230 1652 1388 1686 imperatori
1413 1653 1505 1680 utilem
1522 1653 1643 1680 futuram
1672 1654 1838 1688 patriarchae

1048 1697 1248 1732 dopositionem
1264 1698 1464 1733 perturbationi
1480 1699 1597 1734 publica:
1621 1700 1761 1734 pacandae,
1775 1708 1839 1727 cum

1048 1744 1122 1771 aliud
1141 1752 1194 1771 non
1215 1750 1316 1780 posset,
1332 1753 1361 1773 se
1375 1746 1467 1780 ipsum
1487 1746 1650 1781 intempesta
1666 1751 1748 1774 nocte
1767 1747 1840 1774 ultro

1047 1790 1123 1818 dedit
1144 1792 1239 1819 missis
1252 1792 1285 1819 ad
1302 1800 1331 1820 se
1351 1793 1555 1820 abducendum.
1567 1793 1635 1820 Cum
1653 1794 1695 1822 his
1711 1794 1743 1821 ad
1760 1802 1838 1822 oram

1047 1836 1133 1864 maris
1161 1837 1222 1864 loco
1252 1837 1286 1864 ab
1315 1837 1439 1876 Eugenio
1474 1840 1649 1867 denominato
1680 1841 1838 1876 contiguam

1047 1889 1221 1916 progressus,
1248 1883 1286 1910 ibi
1317 1883 1494 1918 piscatoriam
1517 1885 1619 1919 pariter
1652 1893 1747 1912 omnes
1773 1893 1838 1913 con-

1047 1929 1184 1956 scendunt
1199 1937 1307 1962 navem,
1318 1935 1345 1957 et
1358 1931 1384 1957 in
1396 1936 1503 1964 portum
1516 1931 1601 1959 Clarus
1617 1932 1719 1959 dictum
1739 1932 1838 1959 invecti

1046 1975 1081 2001 ad
1095 1975 1228 2002 Cosmidii
1254 1977 1453 2004 monaSIerium
1476 1978 1650 2012 perveniunt.
1680 1977 1765 2004 Nocte
1782 1978 1838 2004 illic

1046 2023 1185 2048 transacta
1202 2021 1278 2049 misit
1290 2022 1462 2049 Athanasius
1477 2023 1510 2050 ad
1529 2022 1723 2057 imperatorem
1736 2023 1839 2051 cessio-

1046 2074 1108 2093 nem
1123 2074 1213 2098 suam,
1225 2067 1265 2095 sic
1279 2067 1313 2094 ad
1325 2068 1436 2095 verbum
1454 2068 1598 2096 habentem
1616 2078 1623 2095 :

1047 2104 1108 2140 V24.
1126 2112 1213 2140 Cessio
1229 2114 1327 2148 scripto
1353 2122 1477 2149 errcssa
1494 2119 1656 2149 patrtarcluz
1668 2115 1820 2145 Athanasii.

1084 2168 1094 2185 (
1113 2159 1340 2194 Quandoquidem
1365 2161 1490 2188 utilitatis
1518 2163 1674 2190 communis
1700 2168 1786 2198 gratza
1809 2164 1837 2190 in

1014 2210 1036 2238 ι)
1051 2205 1262 2240 patriarchalem
1283 2207 1401 2241 promoti
1421 2207 1551 2234 thronum
1571 2209 1674 2236 fuimus
1691 2213 1716 2236 et
1735 2209 1766 2236 ad
1789 2218 1836 2244 pa-

1048 2251 1156 2279 eillcum
1169 2252 1318 2279 Christiani
1332 2254 1424 2288 populi
1437 2259 1539 2281 statum
1553 2262 1585 2281 ac
1599 2253 1836 2289 gubernationem,

1047 2303 1240 2327 successerunt
1252 2303 1342 2326 autem
1364 2308 1406 2327 res
1419 2300 1446 2327 in
1461 2301 1630 2328 contrarium
1646 2307 1744 2336 praeter
1761 2310 1837 2336 spem

1047 2349 1171 2372 nostram
1187 2351 1214 2372 et
1241 2353 1337 2372 eorum
1353 2346 1400 2380 qui
1416 2355 1466 2373 nos
1492 2347 1524 2373 ad
1541 2347 1622 2374 istam
1647 2348 1836 2382 praefecturam

1047 2391 1244 2418 admittendam
1259 2396 1419 2426 coegerunt,
1439 2392 1507 2420 adeo
1523 2393 1632 2427 quidem
1652 2399 1682 2420 ut
1700 2394 1764 2421 inde
1775 2402 1839 2421 con-

1047 2437 1139 2471 tigerit
1152 2437 1257 2465 censeri
1279 2445 1329 2465 nos
1351 2437 1452 2472 populo
1473 2437 1680 2472 improbabiles,
1705 2438 1779 2473 rejici
1794 2440 1838 2465 di-

1046 2491 1125 2518 gnos,
1143 2484 1251 2519 ineptos
1268 2489 1295 2512 et
1320 2483 1448 2516 frivolos,
1474 2492 1537 2512 cum
1566 2486 1649 2512 etiam
1677 2493 1728 2513 nos
1743 2491 1769 2513 et
1785 2487 1836 2521 ipsi

1046 2530 1198 2557 sentiamus
1212 2529 1374 2563 imbecilles,
1391 2536 1562 2565 peccatores,
1576 2531 1772 2560 insuﬂicieutes
1788 2540 1839 2558 nec

1045 2582 1126 2610 pares
1152 2575 1305 2603 ministerio
1329 2576 1388 2609 tali,
1413 2581 1559 2611 propterea
1580 2577 1739 2605 abdieamus
1758 2577 1838 2612 176

1045 2627 1072 2648 et
1087 2629 1137 2648 nos
1151 2621 1225 2656 ipsos
1242 2630 1304 2649 cum
1320 2622 1486 2656 sacerdotio;
1508 2628 1535 2650 et
1556 2624 1579 2651 si
1596 2623 1660 2658 quid
1676 2623 1836 2658 ignorantes

1045 2668 1190 2695 omisimus
1212 2674 1258 2695 aut
1273 2668 1391 2697 fecimus
1404 2673 1481 2697 extra
1494 2677 1577 2705 quam
1599 2671 1699 2702 decuit,
1718 2669 1835 2703 petimus

1044 2714 1163 2747 veniant,
1177 2719 1203 2742 et
1229 2715 1306 2743 vobis
1325 2716 1456 2743 Dominus
1481 2716 1615 2752 ignoscat.
1633 2717 1672 2742 Ac
1693 2715 1766 2749 quod
1781 2715 1835 2743 erit

1045 2760 1216 2788 conducibile
1226 2762 1366 2796 praebebit,
1379 2762 1576 2797 etgubernabit
1588 2762 1693 2794 ambos,
1703 2766 1729 2788 et
1739 2767 1834 2796 past0<

1045 2809 1266 2843 remjprovidebit
1278 2810 1528 2842 accommodatum,
1541 2809 1669 2844 precibus
1681 2808 1811 2844 Deiparah
1821 2817 1830 2834 ι

1046 2854 1216 2891 δυὺευτὶριῐο
1239 2856 1294 2884 haec
1308 2855 1358 2884 fuit
1382 2863 1388 2883 :
1414 2855 1605 2884 «Athanasius
1615 2855 1662 2892 oui
1675 2855 1727 2884 fuit
1739 2855 1841 2885 archie-

1842 2977 1884 2996 τ’
