1944 3061
137 112 192 145 199

721 104 888 135 GEORGII
908 102 1151 133 l‘ACllYMER/E

1717 98 1772 129 269

134 170 187 205 φὴν
208 169 255 197 τοῦ
277 169 362 203 πυρδς
389 167 512 195 ἐκποδὼν
539 166 678 198 ποιοῦντες
702 165 735 200 τῇ
752 165 871 199 ἀτροφίᾳ
896 163 928 190 τὸ
944 168 965 195 Α
981 170 1028 197 ρου
1045 161 1163 196 λογίους,
1188 160 1235 188 καὶ
1251 159 1349 194 σύναμ’
1373 158 1490 205 ἐκείνοις
1515 157 1562 205 καὶ
1586 155 1787 205 πατριάρχην-,η

134 216 228 251 Θηρίον
240 215 432 249 ἀσθενέστερον
448 213 658 247 ἀπειργάζοντο,
685 210 833 238 κάντεῦθεν
849 210 926 245 μόλις

134 263 194 289 κατ’
215 262 306 296 ὀλίγον
332 260 540 293 ὲξασθενοῦντος
559 258 758 294 περιεγένοντο,
775 257 825 292 οὐχ
844 254 926 292 ἦττον

133 309 188 335 τῶν
204 307 325 334 παλαιῶν
345 306 517 342 ὲμπρησμῶν
533 306 580 331 καὶ
596 304 678 331 αὑτοῦ
702 304 752 338 τὴν
775 303 842 330 ἰδίαν
860 303 927 337 μνή-

136 363 190 390 μην
203 355 250 381 καὶ
266 355 305 385 εἰς
320 353 350 380 τὸ
371 352 448 379 ὲπιὺν
468 351 693 385 καταλείψαντος.
716 349 798 376 Ἀλλὰ
816 349 863 375 καὶ
878 345 927 374 αὖ-

134 399 178 431 θις
209 398 386 429 συνελθόντες
415 395 456 429 οἷς
483 398 574 423 ἐκεῖνα
603 396 745 430 διέφερον,
774 395 821 420 καὶ
849 393 928 428 μόλις

132 446 228 480 γυμνὰ
244 446 311 480 μόνα
327 445 359 471 τὰ
377 445 463 478 ὲδάφη
482 443 664 478 γνωρίσαντες
688 442 742 468 ἀπό
759 450 840 467 τινων
855 441 928 475 ἀμυ-

135 493 206 528 δρῶν
221 492 355 527 σημείων,
369 490 564 525 δαψιλέστερον
579 487 830 522 ὲποικοδομοῦνται,
847 487 927 522 βασι-

133 538 203 570 λέως
228 537 355 570 ἀπόντος,
375 537 439 563 ὥστ’
466 536 514 562 ἐπὶ
545 536 639 570 μόναις
663 534 759 565 ἀκοαῖς
783 533 815 560 τὺ
842 533 929 564 πάθος

139 585 245 619 στῆναι,
269 583 299 610 οὒ
317 583 370 618 μὴν
387 582 415 610 δὲ
445 582 491 609 καὶ
515 582 613 613 αὑταῖς
640 580 744 615 ὕψεσιν.
766 579 927 613 Ἐφίσταται

136 631 191 665 γὰρ
204 629 440 664 ἀνοικοδομηθεῖσι
448 628 638 664 λαμπρότεροι,
649 627 696 653 καὶ
708 626 834 661 ἁλμυρὰν
844 627 928 661 ἀκοὴν

137 677 166 703 αἲ
185 675 296 710 πότιμοι
313 676 361 709 τῆς
378 675 465 710 ὂψεως
477 675 588 701 dictu-ito).
604 674 705 705 ἰδόντος
724 672 783 708 μεθ’
800 673 928 708 ἱλαρότη-

141 731 188 753 τος
207 721 408 748 ἁπεκλύσαντο.

136 778 194 811 κς’.
209 779 279 813 Περὶ
294 779 347 805 τοῦ
365 779 440 813 μετὰ
462 778 515 805 τοῦ
531 778 801 811 πρωτοὸεστιαρίου
815 774 929 806 Μουζᾶ-

296 816 394 846 vltor-oc
408 813 521 847 κήδους
537 813 590 839 τοῦ
601 813 765 845 βασιλέως.

979 208 1070 234 ἐκεῖσε
1096 207 1172 238 ὄντος
1189 207 1236 233 καὶ
1253 206 1300 232 τοῦ
1319 203 1569 240 πρωτοόεστιαρίου
1582 210 1588 216 ·
1606 202 1667 229 οὐδὲ
1685 202 1740 236 γὰρ
1753 202 1770 237 ἡ

979 254 1056 284 νόσος
1069 253 1112 280 εῖσ.
1131 253 1239 288 μακράν
1256 260 1308 277 που
1323 251 1376 277 τῶν
1394 250 1553 286 ἀνακτόρων
1568 247 1772 284 κατιιισκηνοῦν⁹

978 301 1035 327 ἀλλ’
1055 300 1120 326 αὑτό
1139 307 1190 325 που
1215 298 1303 325 διόλου
1320 297 1348 323 ἐν
1370 305 1422 324 τινι
1438 296 1491 322 τῶν
1519 296 1666 330 βασιλικῶν
1689 295 1768 329 οἰκη-

980 347 1084 382 μάτων.
1111 346 1187 372 Ἑκεῖ
1200 345 1292 371 τοίνυν
1313 343 1505 378 συναγομένων
1531 343 1560 368 αἱ
1584 343 1694 373 σκέψεις
1714 341 1772 375 ἐγί-

978 401 1065 424 νοντο,
1086 392 1109 418 εί
1135 392 1253 426 ἐγχωρεί
1278 389 1406 425 πορνείας
1423 390 1531 423 ἐκείνης
1551 388 1692 423 προΰάσης
1708 396 1772 414 συν-

980 439 1104 464 ίστασθαι
1127 437 1158 463 τὺ
1185 436 1361 470 συνάλλαγμα
1378 444 1385 451 ο
1400 435 1448 462 καὶ
1471 436 1533 461 ἐπεὶ
1557 435 1612 465 τοῖς
1640 434 1699 469 μὲν,
1714 434 1772 464 τοῖς

978 485 1001 512 δ’
1015 484 1070 511 οὐδ’
1083 484 1151 514 ὅλως
1164 484 1262 513 ἐδόκει,
1274 484 1289 509 ὁ
1303 482 1430 517 βασιλεὺς
1445 481 1572 515 ἀγάλλειν
1585 480 1684 506 ἐθέλων
1699 480 1774 506 ἐκεῖ-

979 539 1024 557 νον
1037 527 1059 564 ᾧ
1075 530 1107 564 δὴ
1137 530 1184 556 καὶ
1204 528 1328 563 συνεργῷ
1354 529 1402 554 καὶ
1431 526 1576 562 συμϐούλῳ
1601 526 1668 561 προς
1692 526 1772 553 πάντ’

979 577 1079 612 ἐχρῆτο
1092 576 1324 610 πρακτικωτάτῳ.
1341 575 1371 601 τὺ
1390 574 1542 609 ἀμφίϐολον
1568 572 1718 607 παρεικὼς,
1735 571 1774 607 τῷ

981 622 1031 658 μὲν
1046 622 1153 657 ἁδελφῷ
1171 623 1220 657 τὴν
1232 621 1281 648 τοῦ
1296 621 1432 655 πιγκέρνη
1447 620 1613 654 Λιϐαδαρίου
1634 619 1773 652 θυγατέρα

979 668 1011 694 ἐκ
1029 667 1280 703 πρωτοὸεστιαρίου
1299 666 1543 700 ὲξευγενιζομένην
1559 666 1673 692 πάππου
1692 673 1772 690 συνε-

979 713 1079 747 ξεύγνυ
1105 713 1174 748 προς
1190 713 1306 747 γάμους,
1332 713 1381 748 τὴν
1404 712 1431 738 δὲ
1456 711 1502 738 τοῦ
1519 711 1772 748 πῳτοὸεστιαρίου

979 758 1161 791 Μουζάλωνος
1187 759 1226 794 τῷ
1257 759 1315 794 ἰδίῳ
1340 759 1417 785 παιδὶ
1446 757 1643 792 Κωνσταντίνῳ
1669 765 1773 791 κατηγ-

979 805 1075 837 γυᾶτο.
1097 803 1167 830 Ἀλλ’
1190 803 1251 830 οὒτε
1273 804 1286 829 ό
1303 804 1505 834 Κωνσταντῖνος
1530 802 1663 837 δεσπότης
1678 800 1712 837 ἦν
1729 811 1773 829 ’κω

184 860 215 888 Ρ.
232 860 294 896 120]
311 845 396 891 Αὐτὸς
411 845 443 886 δὲ,
457 845 526 894 μετά
541 859 588 885 τοῦ
613 857 865 893 πρωτοὸεστιαρίου
880 858 927 884 καὶ
945 845 964 872 Β
980 849 1009 881 ἐξ
1022 849 1187 884 ἀξιώματος,
1205 849 1317 896 μόνῳγδὲ
1332 849 1373 896 τῷ
1384 849 1441 880 υίδς
1460 848 1592 896 βασιλέξθξ
1606 846 1676 896 diu"
1694 857 1773 896 "se"

137 906 258 940 μεγάλου
272 905 416 939 λογοοέτου
431 905 529 940 κήδους
543 903 720 938 συνάλλαγμα
733 903 926 938 ποιησόμενος,

135 951 206 977 ὥστε
222 951 267 976 τὸν
281 950 327 976 τοῦ
344 949 475 984 βασιλέως
487 949 654 982 αὐτάδελφον
671 949 809 984 Θεόδωρον
825 950 865 979 εἰς
879 948 928 982 γά-

138 1005 186 1031 μον
203 995 352 1029 ἀγαγέσθαι
368 995 416 1030 τὴν
427 994 473 1021 τοῦ
489 993 681 1026 Μουζάὶωνσς,
698 994 759 1020 ἐπεί
774 1002 805 1028 γε
819 1002 926 1028 κατηγ-

135 1042 278 1077 γυημένης
302 1040 386 1075 οὔσης
404 1040 453 1075 τῆς
483 1040 567 1075 κόρης
588 1040 688 1075 συνέϐη
716 1048 742 1065 τι
766 1040 799 1065 ὲκ
822 1039 927 1070 νοθείας

136 1088 203 1122 πρός
225 1096 284 1113 τινα
299 1087 354 1113 τῶν
369 1086 471 1121 ταύτης
493 1085 643 1119 συγγενῶν,
664 1084 800 1120 φερούσης
824 1086 928 1119 ἀμφισ‹

135 1132 250 1168 δήτησιν
268 1133 317 1166 τῆς
339 1132 480 1166 ζητήσεως
494 1131 518 1157 εἰ
531 1130 684 1158 κεκώλυται
698 1130 728 1156 τὸ
740 1130 926 1165 συνάλλαγμα,

136 1179 239 1213 συνῆγε
260 1178 310 1212 μὲν
324 1178 473 1212 ἀρχιερεῖς,
492 1177 594 1211 συνῆγε
607 1177 635 1203 δὲ
651 1177 698 1203 καὶ
720 1178 782 1208 τοὺς
802 1177 848 1203 τοῦ
863 1177 929 1213 κλή-

137 1269 344 1303 absumptarum
370 1267 480 1299 mdium.
509 1273 535 1295 et
560 1268 684 1294 certatim
710 1268 814 1295 etnoliti
839 1273 928 1296 strues

139 1314 240 1342 cineris
265 1314 511 1348 ambustorumque
539 1313 679 1344 ruderum,
700 1314 788 1340 solum
805 1314 851 1341 ubi
869 1314 928 1341 sila:

144 1360 197 1387 illa:
213 1359 321 1387 fuerant
337 1367 391 1386 non
406 1361 466 1386 sine
479 1358 638 1386 difficultate
656 1367 671 1386 e
695 1359 780 1394 signis
791 1360 928 1388 'tenuibus

137 1407 294 1442 conjectura
308 1406 400 1434 solerti
413 1410 604 1441 agnoscentes,
618 1407 735 1442 impigre
748 1412 928 1441 reposuerunt

136 1461 192 1480 non
217 1452 310 1480 minus
335 1459 465 1487 operosas
486 1460 536 1480 nec
554 1452 692 1480 inferioris
711 1453 847 1487 prioribus
872 1453 928 1480 ele-

132 1498 234 1533 gantia:
257 1498 343 1526 moles
369 1506 416 1533 per
437 1498 588 1526 absentiam
614 1499 797 1533 imperatoris,
816 1500 882 1527 adeo
897 1504 929 1527 ut

136 1545 161 1571 is
190 1545 298 1571 tandem
332 1544 394 1571 urbi
426 1544 548 1571 redditus
578 1544 763 1578 gratularetur
793 1545 851 1571 solo
877 1545 929 1572 sibi

134 1591 247 1618 aurium
272 1590 374 1618 indicio
398 1595 526 1617 constare
550 1591 675 1617 notitiam
703 1590 831 1622 incendii,
855 1591 931 1618 nullo

135 1636 193 1671 jam
221 1637 308 1664 oculis
339 1636 486 1671 superstite
512 1636 555 1663 sui
587 1636 702 1671 vestigio
730 1636 870 1664 sensibilis
896 1637 931 1664 ob

135 1688 250 1709 strenue
278 1686 458 1710 restauratam
484 1683 697 1716 spcciosioribus
713 1683 794 1709 etiam
810 1683 930 1711 aediﬁciis

137 1729 228 1755 omnis
256 1732 331 1754 retro
359 1728 445 1755 ruinae
468 1727 615 1762 jacturam,
633 1731 759 1754 cunctam
779 1729 858 1762 plane
868 1729 929 1763 jam

136 1774 293 1800 amaritiem
317 1774 407 1801 tristis
435 1773 544 1800 auditus
566 1773 639 1800 dulci
666 1773 719 1799 laeti
746 1779 929 1808 conspectus,

139 1820 360 1854 magnificentius
385 1819 513 1846 universa
537 1819 658 1854 reposita
674 1820 866 1852 monstrantis,
882 1827 931 1847 vo-

138 1866 242 1899 luptate
259 1865 390 1892 diluente.

136 1922 182 1950 26.
204 1922 242 1949 De
276 1922 404 1958 afﬁnitate
426 1923 594 1958 imperatoris
631 1932 690 1950 cum
721 1924 929 1958 pratooealiario

457 1958 609 1986 Muzalone.

175 2003 241 2030 Eam
268 2004 431 2032 hilaritatem
453 2003 514 2032 festi
535 2005 578 2032 sui
601 2006 705 2033 reditus
728 2005 756 2033 in
778 2006 873 2033 urbem
896 2012 929 2032 ex

138 2050 259 2077 incendii
291 2050 447 2078 calamitate
470 2051 586 2086 pristino
611 2052 750 2086 splendori
776 2052 930 2080 restitutam

139 2095 274 2129 insignire
288 2095 438 2130 imperator
452 2096 538 2123 voluit
554 2097 694 2125 luculento
713 2097 755 2126 sui
774 2097 887 2124 affectus
903 2097 929 2124 in

139 2142 306 2176 protovestia
313 2142 383 2168 rium
402 2148 429 2169 et
443 2151 571 2178 maguum
585 2143 750 2178 logothetam
760 2144 928 2171 Mtualonem

142 2189 274 2222 pignore.
303 2189 406 2216 honore
437 2189 563 2217 videlicet
587 2191 668 2226 regite
695 2191 849 2223 allinitatis,
873 2197 928 2225 qua
944 2185 967 2213 ι)

140 2234 217 2260 illum
239 2242 383 2269 aggressus
409 2235 553 2263 admovere
573 2237 683 2264 familia
706 2237 846 2272 Augustae,
867 2235 930 2263 licet

140 2280 238 2313 emptis
264 2280 457 2307 intervenisset
488 2281 659 2308 obstaculum
692 2281 806 2316 ingens,
835 2281 929 2315 gratia!

139 2326 292 2352 constantis
316 2326 482 2354 abundantia
506 2327 615 2361 quidvis
640 2328 786 2360 eluctatus,
813 2327 930 2361 denique

140 2373 213 2406 quod
246 2373 427 2400 destinaterat
450 2373 574 2407 perfecit.
599 2376 637 2401 Ac
661 2374 793 2409 principio
819 2374 929 2408 quidem

140 2419 192 2445 sub
207 2419 258 2445 ltoc
274 2424 380 2453 tempus
396 2419 478 2446 filiam
494 2420 644 2447 Muzalonis
658 2419 735 2446 fratri
751 2427 801 2447 suo
815 2420 931 2454 despon-

139 2464 181 2490 t’it
204 2463 358 2491 Theodoro.
384 2464 483 2492 Verum
506 2465 650 2492 celebratis
671 2465 727 2500 jam
745 2466 929 2501 sponsalibus,

138 2518 203 2537 cum
220 2511 438 2545 inopinatissime
453 2512 541 2546 puclla
556 2511 725 2545 deprehensa
740 2517 812 2539 esset
822 2518 929 2540 uterum

139 2565 234 2591 gerere
248 2558 443 2592 consanguinei
462 2558 603 2592 cujusdam
616 2558 723 2585 incestu
741 2559 844 2591 vitiata,
858 2567 931 2593 qua:-

138 2605 192 2631 stio
214 2609 276 2630 nata
293 2608 333 2631 est
347 2609 437 2630 utrum
455 2603 502 2630 illo
516 2603 619 2637 ﬂagitio
637 2605 712 2631 floret
726 2605 802 2632 irrita
814 2606 930 2640 despon-

140 2650 223 2683 satio,
245 2655 271 2677 et
293 2649 390 2684 ecquid
408 2649 585 2677 nihilominus
602 2649 698 2676 liceret
713 2651 826 2678 ulterius
842 2659 930 2686 usque

140 2697 175 2723 ad
190 2697 296 2731 nuptias
309 2696 466 2731 procedere.
481 2694 526 2723 Isti
539 2695 724 2730 disceptandaa
737 2698 930 2725 controversiae

141 2743 316 2777 congregavit
346 2744 490 2777 episcopos
522 2743 691 2777 imperator,
718 2743 813 2770 eodem
847 2743 929 2770 etiam

143 2789 272 2816 adhibitis
298 2789 467 2816 doetioribus
488 2796 503 2815 e
529 2789 603 2815 clero
628 2788 742 2823 ipseque
764 2788 928 2823 patriarcha,

140 2841 274 2869 prasente
297 2843 404 2872 quoque
426 2835 646 2872 protovcstiario,
668 2835 713 2870 qui
729 2841 840 2870 hropter
854 2844 929 2863 mor-

979 896 1072 930 φανῶς
1095 895 1243 928 ὲκλεῒζετο,
1259 895 1322 922 οὔτε
1346 895 1399 930 μὴν
1413 897 1427 922 ό
1449 895 1703 931 πρωτοὸεστιάριος
1717 895 1772 927 ζῶν

979 940 1034 968 εἶδε
1056 943 1120 973 τοὺς
1135 943 1252 976 γάμους,
1266 942 1324 968 ἀλλ’
1349 942 1379 968 ἐν
1396 942 1486 968 ὲλπίσι
1506 942 1612 975 μόναις,
1625 943 1672 968 καὶ
1688 950 1773 976 προσ-

978 989 1081 1020 δοκίαις
1097 988 1224 1015 ἐτελεύτα
1238 988 1284 1014 τὸν
1303 988 1372 1023 βίον.
1385 988 1422 1014 Τὸ
1433 988 1462 1015 δὲ
1479 996 1510 1021 γε
1537 989 1577 1020 είς
1595 989 1671 1019 τέλος
1689 989 1769 1022 ὲξέῦη

978 1034 1182 1070 προϐληθέντος
1202 1035 1250 1061 καὶ
1277 1035 1410 1061 δεσπότου
1423 1034 1483 1061 Δτοῦ
1503 1035 1722 1066 Κωνσταντίνου,
1741 1031 1772 1061 οὗ

978 1080 1012 1116 δὴ
1024 1082 1038 1106 ό
1048 1080 1190 1115 Θεόδωρος
1206 1081 1259 1107 οὐκ
1273 1080 1384 1115 ἠξίωτο,
1405 1080 1522 1107 Ἐκεῖνον
1538 1081 1594 1116 γὰρ
1610 1081 1658 1107 καὶ
1678 1080 1740 1107 λίαν
1754 1082 1771 1115 ἠ

982 1128 1072 1162 μήτηρ
1090 1127 1241 1162 ὀρεγομένη
1258 1127 1390 1162 δεσπότην
1406 1127 1526 1154 κατιδεῖν
1541 1127 1618 1162 παρὰ
1640 1128 1771 1162 τάδελφοῦ

980 1174 1024 1200 καὶ
1046 1174 1179 1209 βασιλέως
1193 1174 1375 1210 φημισθέντα,
1393 1174 1441 1201 καὶ
1463 1174 1549 1202 πολλὰ
1567 1174 1613 1201 τὸν
1630 1175 1686 1201 υἱὸν
1695 1173 1777 1207 ἀναγ-
1794 1187 1798 1190 -

981 1264 1045 1291 hum
1062 1265 1197 1292 ventitare
1210 1265 1242 1291 ad
1261 1265 1389 1300 palatium
1403 1273 1417 1293 e
1432 1266 1581 1300 longinquo
1595 1274 1650 1293 non
1666 1266 1771 1298 valens.

977 1311 1056 1345 jussu
1071 1311 1183 1345 Augusti
1202 1311 1280 1346 181
1294 1311 1327 1338 ad
1345 1319 1455 1338 manuni
1478 1311 1580 1339 habere
1602 1319 1682 1347 quem
1699 1312 1772 1339 assi-

979 1356 1033 1384 due
1058 1357 1214 1384 consuleret
1239 1357 1375 1384 studentis
1399 1357 1483 1384 ferme
1510 1358 1536 1385 in
1561 1358 1666 1386 aedibus
1689 1358 1771 1393 regiae

980 1403 1078 1429 vicinis
1095 1407 1142 1429 aut
1163 1403 1190 1428 in
1208 1408 1286 1437 parte
1302 1403 1399 1429 domus
1418 1403 1504 1437 ipsius
1523 1403 1655 1437 Augusta:
1669 1403 1770 1430 solebat

980 1449 1115 1476 habitare.
1144 1448 1215 1476 Cum
1242 1449 1325 1484 igitur
1352 1449 1379 1476 in
1403 1449 1462 1484 ipso
1491 1449 1584 1485 aegroti
1618 1449 1770 1478 Muzalonis

980 1495 1130 1522 diversorio
1145 1503 1236 1522 coram
1252 1495 1345 1522 eodem
1362 1496 1504 1523 sententia:
1523 1503 1606 1530 super
1629 1497 1770 1530 proposito

982 1541 1055 1576 quod
1076 1541 1131 1568 dixi
1147 1546 1310 1576 argumento
1332 1546 1506 1577 rogarentur|
1528 1543 1635 1577 illteque
1656 1543 1683 1570 in
1702 1534 1770 1570 conn

982 1588 1065 1614 traria
1083 1588 1314 1621 distraherentur,
1327 1589 1491 1623 quibusdam
1507 1589 1654 1621 aientibus,
1670 1597 1770 1624 negan—

983 1635 1056 1661 tibus
1079 1635 1151 1667 aliis,
1173 1634 1324 1668 imperator
1341 1636 1478 1663 consolari
1495 1637 1610 1670 cupiens
1626 1637 1695 1664 adeo
1715 1636 1769 1663 sibi

983 1680 1097 1707 charum
1123 1685 1150 1708 el.
1176 1681 1261 1708 ﬁdum
1294 1681 1450 1714 hominem,
1474 1690 1528 1716 quo
1551 1682 1712 1709 administro
1742 1687 1770 1709 et

982 1727 1141 1755 consiliario
1161 1728 1329 1762 peritissimo
1353 1729 1386 1755 ad
1408 1734 1506 1756 cuncta
1529 1730 1666 1763 utebatur,
1681 1729 1770 1757 disce-

982 1775 1104 1807 ptatione
1116 1774 1143 1801 in
1157 1775 1285 1809 ambiguo
1301 1775 1395 1802 relicta
1410 1775 1488 1803 fratri
1499 1776 1609 1811 quidem
1625 1777 1768 1812 coniugem

982 1819 1056 1847 dedit
1071 1820 1207 1854 pineernaz
1225 1819 1364 1848 Libadarii
1379 1821 1474 1854 filiam,
1487 1822 1531 1849 cui
1544 1822 1694 1849 nobilitatis
1703 1829 1771 1857 pra-

981 1866 1069 1900 cipute
1098 1867 1365 1895 commendationem
1393 1869 1532 1902 afferebat,
1558 1870 1631 1904 quod
1658 1877 1689 1896 ex
1717 1876 1770 1896 avo

983 1912 1058 1939 illam
1076 1913 1279 1946 protovestiarii
1297 1913 1429 1948 dignitate
1452 1915 1602 1949 conspicuo
1627 1915 1770 1942 constabat

981 1966 1042 1986 esse
1065 1962 1246 1994 prognatam;
1267 1959 1349 1986 filiam
1365 1966 1431 1986 vero
1450 1960 1523 1987 illam
1541 1961 1627 1995 ipsam
1642 1966 1770 1996 protove-

981 2004 1080 2036 stiarii,
1111 2004 1175 2032 licet
1202 2009 1380 2038 corruptam,
1404 2004 1460 2038 jam
1490 2013 1564 2033 nunc
1588 2006 1715 2040 promisit
1740 2014 1770 2034 se

982 2051 1181 2086 desponsurum
1196 2050 1375 2078 Constantino
1387 2053 1497 2086 proprio
1508 2051 1574 2084 filio,
1589 2053 1635 2087 qui
1648 2052 1768 2080 nondum

981 2098 1092 2134 quidem
1104 2098 1225 2132 despotae
1237 2098 1416 2132 appellatione
1432 2098 1627 2132 honorabatur,
1641 2091 1769 2127 caeterum

981 2152 1014 2172 eo
1031 2145 1091 2172 solo
1107 2144 1178 2179 quod
1195 2143 1370 2178 imperatoris
1392 2149 1451 2171 erat
1475 2145 1558 2178 ﬁlius,
1579 2146 1649 2173 inter
1667 2147 1769 2180 primos

981 2191 1051 2218 aula:
1060 2195 1334 2218 consentaneotantae
1341 2191 1474 2219 nobilitati
1484 2192 1628 2226 splendore
1638 2192 1768 2227 fulgebat.

981 2237 1103 2265 Fuerunt
1127 2238 1169 2265 hae
1189 2238 1289 2272 nuptiae
1310 2239 1466 2265 necessario
1479 2239 1577 2270 dilatze,
1592 2241 1663 2274 quod
1678 2241 1767 2267 obdu-

981 2283 1098 2310 cendam
1123 2283 1219 2317 puellae
1245 2283 1339 2310 vitium
1356 2290 1431 2310 mora
1446 2283 1542 2310 saltem
1557 2285 1687 2319 quadam,
1702 2291 1728 2312 et
1744 2286 1766 2313 si

981 2336 1036 2363 quo
1053 2329 1136 2356 modo
1151 2334 1253 2363 posset,
1278 2329 1492 2356 oblitterandum
1510 2331 1656 2358 videretur.
1674 2332 1768 2367 itaque

981 2375 1210 2410 prolovestiarius
1232 2375 1330 2402 morbo
1353 2376 1486 2410 pertinaci
1503 2377 1583 2404 morti
1601 2379 1700 2404 sintsint
1718 2379 1768 2404 ad-

981 2428 1071 2450 motus
1094 2423 1194 2450 durare
1216 2430 1304 2457 usque
1328 2423 1361 2449 ad
1387 2422 1444 2457 ejus
1458 2423 1625 2450 matrimonii
1640 2431 1769 2450 consum-

981 2469 1128 2496 mationem
1144 2476 1197 2497 non
1214 2469 1302 2504 potuit
1317 2477 1323 2495 :
1343 2473 1433 2496 tamen
1449 2468 1588 2496 afﬁnitatis
1605 2475 1658 2497 tam
1672 2471 1768 2504 amplae

982 2515 1041 2542 sola
1057 2515 1121 2542 licet
1139 2522 1187 2549 spe
1200 2522 1232 2542 ac
1247 2519 1321 2542 certa
1334 2515 1540 2549 exspectatione
1556 2517 1682 2550 praecepit
1697 2524 1766 2550 gau-

981 2561 1069 2593 dium,
1095 2561 1121 2587 in
1145 2568 1230 2595 eoque
1252 2561 1334 2588 vitam
1359 2561 1486 2588 absolvit.
1515 2561 1555 2588 Eo
1579 2568 1687 2589 mortuo
1716 2563 1767 2590 rite

981 2607 1147 2634 celebratum
1163 2607 1188 2633 id
1201 2607 1405 2634 matrimonium
1415 2612 1466 2639 est,
1477 2612 1504 2634 et
1513 2607 1622 2642 quidem
1636 2609 1770 2636 Constan-

983 2654 1040 2680 tino
1069 2653 1125 2688 jam
1154 2654 1187 2680 ad
1213 2653 1334 2688 despotae
1363 2654 1522 2688 dignitatern
1553 2660 1662 2685 evecto;
1695 2656 1768 2691 quod

983 2700 1095 2727 minime
1127 2705 1292 2728 causecutus
1321 2699 1482 2728 Theodorus
1510 2701 1561 2728 fuit
1593 2703 1770 2736 quantumvis

982 2747 1041 2781 ejus
1062 2752 1147 2774 mater
1168 2747 1245 2774 valde
1262 2747 1375 2782 cupiens
1400 2748 1453 2775 isto
1475 2748 1632 2775 decoratum
1659 2749 1771 2776 nomine

983 2793 1056 2820 ltunc
1072 2800 1182 2828 quoque
1201 2793 1287 2820 filium
1305 2794 1408 2826 videre,
1425 2794 1630 2822 instantissimis
1655 2796 1689 2821 ab
1713 2797 1769 2822 An-

978 2842 1062 2870 gusto
1076 2845 1126 2866 suo
1139 2838 1204 2866 item
1216 2839 1272 2866 ﬁlio
1287 2840 1456 2868 contenderit
1468 2841 1597 2875 precibus
1614 2847 1642 2868 ut
1658 2841 1768 2868 fratrem
