1944 3061
93 139 140 171 233

549 140 598 171 DE
622 140 843 171 ANDRONICO
862 139 1090 171 PALEOLOGO
1112 142 1182 174 LIB.
1206 144 1260 174 lli.

1663 149 1716 181 234

94 205 146 231 ρον,
159 195 221 222 τότε
234 195 263 222 δὲ
277 194 331 222 τῶν
344 195 458 231 ἐχθρῶν,
472 195 485 222 ὃ
504 197 588 223 πάλαι
602 194 679 232 οἴμαι
695 198 726 224 τδ
738 197 878 231 Μιλησίων
894 196 915 224 Α
930 203 984 225 rat.
1001 199 1056 229 τοῖς
1072 199 1094 225 δ’
1118 199 1204 232 ἰδίοις,
1227 202 1295 228 ἀλλὰ
1311 211 1340 237 γε
1365 205 1411 231 καὶ
1424 205 1480 237 τοῖς
1509 206 1714 242 προσχωροῦσιν

94 241 216 275 Διδύμων
239 241 398 275 ἑφημίζετο,
409 241 487 276 ἔτυχε
501 242 612 277 πολέμῳ
628 245 769 278 κρατήσας
783 243 878 275 τοιῷδε

93 286 192 320 τρόπῳ.
219 286 264 317 Ὦς
286 286 372 320 γὰρὴ
400 286 496 321 πρώτη
521 286 576 313 τῶν
602 288 739 320 γυναικῶν
765 287 811 314 τοῦ
828 288 880 313 Σα-

93 333 215 366 λὰμπακι
231 333 346 366 Πέρσου,
365 331 395 364 ἐξ
422 332 573 367 ἀνθρώπων
599 333 701 359 ἐκείνου
725 334 878 366 γεγονότος,

94 378 147 404 ἐκεῖ
160 377 330 410 πεφύλαχτο,
350 377 546 411 τεθησιύριστο
558 378 586 404 δὲ
607 378 654 404 καὶ
670 378 785 408 πλοῦτος
810 385 879 403 παν.

93 423 213 454 τοδαπὺς,
230 423 261 449 τὸ
276 424 325 457 μὲν
339 423 457 458 πολέμου
486 424 560 458 νόμῳ
583 423 629 450 τοῦ
646 425 775 459 φρουρίου
802 432 879 458 περι-

95 469 217 503 γενέσθαι
238 470 357 496 ἁδύνατα
374 471 441 500 τέως
457 468 541 504 εἶχεν,
564 469 635 503 ἔγνω
659 470 687 496 δὲ
718 470 879 504 σοφίσασθαι

95 516 139 550 τὴν
153 517 280 548 γυναῖκα,
297 515 366 541 ὥστε
379 515 426 541 καὶ
442 515 557 549 πέμπων
570 515 608 546 ὡς
633 515 713 548 δῆθεν
737 516 766 541 ἣν
792 516 879 550 ἀπορ-

97 561 182 595 ρήτοις
202 561 354 594 ἀγαγέσθαι
377 561 478 594 ταύτην
502 561 616 594 σύζυγον
635 562 804 596 ὑπισχνεῖτο.
836 561 878 592 Ὠς

96 607 155 640 γοῦν
167 607 299 638 πολλάκις
315 607 430 641 πέμπων
451 607 500 633 οὺχ
525 608 641 637 ἔπειθεν,
671 607 791 643 ἐπισχὼν
816 607 878 639 τοὺς

96 652 141 686 τῆς
155 652 252 686 λίμνης
264 652 402 686 καρὰὃους
418 652 507 678 συνδεῖ
522 654 647 688 σχοίνοις,
666 654 712 679 καὶ
732 653 797 685 ξύλα
829 653 879 686 μέ-

97 706 172 730 γιστα
187 699 268 729 ἐνιεὶς
291 697 335 724 ἐπ’
357 698 468 724 ἐκείνων
492 698 724 730 κατασκευάζεται
750 699 877 733 μόσυνας.

97 744 164 770 Τὰδ¹
175 744 244 771 ἄλλα
257 744 338 771 πλοῖα
359 743 505 779 πληρώσας
529 744 692 778 πολεμιστὰς
716 745 744 770 ἐν
775 744 879 774 τούτοις

98 790 229 822 ἑλεπόλιις
247 790 324 821 ἱστὰς
343 791 389 816 καὶ
405 790 557 824 μαχόμενος
574 790 644 826 (οὐδὲ
667 790 720 825 γὰρ
750 791 821 816 κατὰ
848 789 879 815 τὸ

96 836 172 869 τυχὸν
187 835 236 861 καὶ
254 835 335 866 αὐτὸς
351 834 427 869 παρὰ
440 836 496 865 τοῖς
521 834 628 869 ἐχθροῖς
646 835 793 866 ὲκ).εἲζετο,
821 834 878 860 ἀλλ’

97 881 221 915 ὀνόματος
242 881 385 906 ἐπέϐαινεν
399 880 458 915 ἃμα
471 881 517 915 μὲν
532 881 660 915 φοὸεροῦ,
676 880 733 915 ἃμα
747 880 775 907 δέ
790 888 821 913 γε
831 881 878 906 καὶ

97 928 235 962 ἐρασμίου,
249 927 288 958 ὡς
300 927 347 953 καὶ
359 927 471 958 πολλοὺς
479 928 647 962 προσχωρεῖν
661 928 707 953 καὶ
723 927 768 953 ὑπ’
783 928 879 962 ἐκείνῳ

97 973 200 1008 ἀγαπᾷν
230 973 399 1004 τάττεσθαι),
417 973 490 1008 αιρεῖ
518 974 566 1007 μὲν
594 973 664 1000 οὕτω
684 974 714 1000 τὸ
739 974 879 1008 φρούριον,

99 1020 205 1047 ἡλοῦτον
225 1020 249 1046 δ’
269 1019 373 1046 ἐκεῖθεν
387 1021 418 1046 οὐ
430 1020 528 1055 ῥᾳδίως
544 1021 694 1056 ἀριθμητξν
720 1020 888 1055 περιδάλλε-.

99 1111 201 1143 sabant,
218 1114 249 1137 ut
276 1111 302 1147 vi
320 1110 418 1138 bellica
441 1111 592 1146 expugnari
616 1111 689 1138 haud
709 1118 789 1146 posse
804 1111 879 1146 judi-

99 1161 213 1184 caretur.
232 1156 439 1191 Experiendam
463 1164 528 1191 ergo
556 1162 642 1184 artem
670 1163 756 1189 ratus,
780 1157 880 1185 mulie-

99 1210 151 1229 rem
177 1203 272 1229 missis
297 1209 400 1228 arcano
429 1203 529 1230 litteris
559 1211 592 1230 ac
623 1204 728 1231 nuntiis
754 1204 881 1238 pellicere

99 1249 220 1280 tentavit.
250 1256 283 1275 se
296 1248 370 1275 illam
390 1248 535 1283 coniugem
563 1249 710 1276 ducturum
735 1250 879 1284 pollicens.

100 1294 147 1321 Sed
163 1302 225 1321 eum
245 1295 272 1321 id
295 1294 400 1320 frustra
425 1294 473 1320 diu
505 1294 603 1326 ﬁeret,
623 1294 723 1321 femina
749 1295 880 1321 connubii

100 1341 156 1368 talis
183 1340 359 1367 mentionem
391 1343 576 1373 aspernante,
604 1339 714 1374 interim
740 1340 880 1374 explorata

100 1386 147 1412 dux
163 1386 214 1413 loci
231 1390 352 1416 natura,
371 1385 566 1411 animadvertit
592 1385 699 1420 paludis
725 1386 757 1412 ad
790 1393 880 1412 arcem

101 1433 284 1466 restagnantis
301 1431 424 1465 quaedam
447 1438 508 1458 esse
526 1432 611 1458 certis
636 1431 716 1463 locis,
734 1432 831 1466 hisque
847 1431 880 1458 ad

102 1486 189 1505 muros
208 1479 281 1505 satis
297 1477 427 1508 admotis.
444 1478 587 1504 emissaria
610 1478 750 1504 excavatis
766 1477 880 1512 profuit-

100 1525 156 1552 dius
171 1525 270 1555 alveis,
291 1531 361 1558 qttos
373 1523 426 1549 alte
445 1523 532 1549 deﬁxa
549 1523 613 1550 hinc.
624 1528 705 1557 atque
722 1523 785 1550 inde
805 1523 878 1557 tigna
893 1528 914 1557 ς,

101 1570 348 1597 ςὶωιιΙίηάἱοιιιειιι
375 1569 581 1603 munirentque.
609 1568 664 1596 llas
686 1569 730 1596 ille
758 1571 884 1596 corriva-

101 1616 180 1643 lioes
205 1617 298 1651 stagni
327 1616 418 1642 missa
441 1623 523 1642 manu
554 1616 721 1650 occupavit;
745 1616 884 1650 capitibus

101 1663 228 1697 tignorum
262 1661 433 1688 altrinsecus
462 1661 650 1692 exstantibus,
686 1661 785 1689 validis
814 1663 884 1689 inter

100 1716 154 1736 sese
172 1709 287 1735 funibus
312 1707 446 1734 devinctis
473 1707 593 1734 tabulata
613 1707 742 1741 imposuit
755 1727 762 1738 .
782 1708 884 1742 quibus

101 1754 191 1782 deinde
215 1763 269 1790 pro
287 1755 346 1782 solo
373 1754 505 1784 turribus.
526 1754 598 1781 unde
614 1754 641 1780 in
667 1762 762 1781 muros
779 1763 884 1789 pugna-

100 1805 179 1831 retur.
195 1801 367 1828 suslinendis
391 1806 433 1827 cst
453 1808 532 1827 usus.
554 1800 600 1827 llis
616 1801 742 1827 excitatis
755 1801 840 1835 212
855 1801 882 1827 in

101 1854 251 1881 suggestum
271 1848 390 1874 molibus
419 1847 533 1881 imponit
560 1848 702 1874 machinas
717 1847 883 1874 subruendis

101 1897 171 1926 aptas
196 1893 426 1927 propugnaculis,
462 1893 624 1928 navigiaque
658 1898 755 1928 stagno
783 1901 883 1921 caetero

101 1939 172 1973 plena
203 1939 341 1966 militibus
367 1939 501 1970 immittit,
532 1947 591 1973 quae
620 1943 752 1974 quantum
771 1943 883 1974 possent

101 1986 274 2013 admoverent.
297 1993 326 2012 se
344 1986 502 2015 munitioni.
518 1993 625 2020 quaque
639 1985 665 2011 vi
689 1985 822 2016 valerent.
836 1991 882 2013 aut

99 2031 238 2065 jaculando
272 2032 452 2066 praesidiariis
483 2031 608 2066 petendis
639 2036 684 2058 aut
716 2031 881 2059 obsidionali

103 2078 258 2110 supellectili
279 2077 365 2104 nutris
384 2077 521 2103 tentandis
536 2077 646 2111 negotio
667 2078 815 2104 servirent.
836 2077 882 2105 Sic

103 2122 253 2155 aliquandiu
278 2127 430 2156 pugnatum
448 2121 543 2156 exigua
563 2129 622 2156 spe,
638 2121 660 2147 si
683 2121 739 2147 arci
757 2121 881 2148 firmitati

101 2174 185 2200 parem
202 2168 366 2202 praesidiarii
384 2168 553 2202 repugnandi
579 2167 763 2194 constantiam
782 2167 881 2202 junge-

101 2218 165 2240 rent.
184 2213 236 2240 Sed
267 2214 352 2240 robur
380 2220 476 2239 eorum
505 2213 603 2247 partim
636 2213 819 2241 admiratione
847 2221 880 2240 ac

101 2260 199 2285 terrore
225 2258 346 2293 quodam
370 2258 449 2284 ducis
473 2258 548 2292 ipsos
577 2259 773 2292 oppugnantis,
799 2259 881 2294 cujus

102 2301 167 2329 fama
183 2311 268 2338 supra
280 2303 417 2337 vulgarem
437 2303 547 2329 modum
563 2304 662 2339 inclyta
679 2305 880 2336 celebrabatur,

102 2350 195 2382 partim
214 2349 309 2376 favore
335 2356 367 2375 ac
393 2356 488 2376 atnorc
518 2357 599 2383 quem
628 2350 766 2384 plerisque
792 2351 882 2378 virtus

102 2393 170 2421 illius
187 2394 421 2428 humanitatisque
439 2394 540 2428 passim
557 2395 702 2428 praedicata
718 2396 880 2430 inspirabat,

102 2439 240 2466 remissum
259 2440 465 2473 emollitumque
478 2440 578 2466 sensim
602 2445 654 2472 est,
673 2446 752 2475 prout
778 2441 880 2469 multo-

104 2491 156 2510 rum
183 2490 225 2513 est
251 2485 284 2512 ad
316 2485 391 2512 illum
418 2485 575 2520 transfugiis
595 2486 762 2513 declaratum
791 2487 880 2516 cuivis

104 2531 246 2558 conditioni
271 2532 482 2567 praeoptantium
509 2537 563 2558 tam
587 2532 714 2560 amabilis
731 2533 810 2561 ducis
833 2542 880 2561 au-

103 2577 190 2610 spiciis
211 2579 345 2604 militare.
363 2577 411 2604 Sic
428 2578 474 2604 ille
488 2577 539 2604 ista
556 2579 708 2606 munitione
726 2580 836 2614 potitus,
853 2585 881 2607 et

105 2621 145 2648 illa
163 2631 215 2650 non
246 2624 328 2651 facile
354 2623 516 2650 numerabili
534 2625 650 2658 pecunia
677 2625 743 2658 illic,
761 2629 789 2652 ut
807 2626 879 2652 dixi-

103 2674 169 2700 mus,
186 2671 306 2701 condita.
323 2669 349 2696 in
371 2677 449 2696 suam
472 2669 579 2697 redacta
597 2675 770 2705 potestatem,
789 2672 880 2699 muni-

104 2711 148 2740 fice
163 2723 227 2743 usus
244 2722 300 2742 tum
318 2716 376 2743 suis
403 2716 438 2742 ab
455 2717 569 2752 antiquo
586 2717 721 2744 militibus
737 2718 880 2752 splendide

105 2763 313 2794 remuneraudis,
329 2768 386 2789 tum
409 2763 444 2790 iis
460 2770 569 2798 quoque
584 2764 652 2798 ipsis
668 2764 713 2798 qui
731 2772 827 2792 recens
844 2766 878 2792 ad

104 2806 182 2839 ipsum
199 2810 406 2844 transfugerant
431 2811 605 2843 praemiandis
630 2811 834 2843 liberalissime.
850 2817 879 2840 ut

106 2851 159 2880 inde
174 2854 227 2887 jam
243 2855 368 2889 utrisque
381 2859 540 2889 suppeteret
553 2864 608 2891 quo
625 2857 770 2886 commode
785 2859 879 2892 copio-

212 2905 346 2935 Ρλτιιοι.
367 2903 425 2933 GR.
448 2904 580 2935 CXLIV.

930 241 1046 276 εὔπορον
1072 245 1186 272 καθίστα
1214 247 1258 272 τὸν
1285 248 1352 283 βίον.
1383 249 1463 276 Ὅθεν
1495 251 1542 276 καὶ
1563 241 1655 278 πολλοὶ
1669 252 1715 278 ὑπ’

930 288 1026 322 ἐκείνῳ
1043 289 1236 325 δεδουλωμένοι
1249 292 1364 328 ἔχαιρον,
1378 295 1424 321 καὶ
1447 296 1493 321 ὑπ’
1511 297 1584 332 αὺτῷ
1615 306 1715 332 τεταγ-

932 336 1006 368 μένοι
1021 334 1088 370 ἦσαν
1106 338 1166 364 καθ’
1181 336 1218 365 ὧν
1235 348 1286 374 περ
1302 341 1347 367 καὶ
1371 343 1576 378 προσταχθεῖεν,
1601 345 1638 376 ὡς
1655 346 1714 372 κατ’

930 382 1040 416 ἀγάπην
1054 383 1110 417 ἃμα
1125 385 1232 417 γυναιξὶ
1248 389 1435 422 μετῳκημὲνοι
1453 391 1498 416 καὶ
1511 391 1625 422 τέκνοις.
1657 392 1716 418 Ἐν-

930 427 1024 453 τεῦθεν
1041 430 1087 454 καὶ
1099 430 1173 464 παρὰ
1189 433 1218 456 τὸ
1232 432 1302 463 sino;
1315 434 1505 468 ἀγαπήσαντες
1522 437 1545 462 οἱ
1562 437 1607 462 ὑπ’
1620 438 1716 472 ἐκείνῳ

930 473 1097 507 ταττόμενοι,
1111 476 1156 502 καὶ
1173 477 1272 510 μᾶλλον
1284 480 1306 504 οἱ
1322 479 1465 514 Κρητικοὶ,
1493 481 1609 516 ἤρξαντο
1633 482 1716 518 θερα-

931 518 1023 545 πεύειν
1030 522 1075 545 καὶ
1089 521 1199 555 τρόποις
1206 524 1251 550 καὶ
1262 523 1350 557 λόγοις
1362 526 1432 561 ὑπὲρ
1441 527 1454 552 ὃ
1465 528 1601 562 προσῆκεν
1611 529 1716 563 ἐκείνῳ,

931 566 977 590 καὶ
993 565 1030 595 εἰς
1046 565 1213 593 ἀποστασίαν
1227 569 1274 604 τὴν
1291 570 1346 596 ἀπὸ
1363 571 1494 605 βασιλέως
1509 573 1662 605 ὑπέκνιζον.
1688 574 1717 601 ’0

930 609 957 635 δὲ
970 610 1028 638 νέος
1045 610 1084 636 ὣν
1102 611 1188 642 ἄλλως
1203 615 1249 640 καὶ
1262 616 1392 650 φυσηθεὶς
1409 618 1441 643 ἐκ
1454 619 1586 652 μεγίστου
1618 620 1717 655 φρονή-

932 662 1026 688 ματος,
1041 657 1073 682 τὰ
1091 657 1141 691 μὲν
1156 658 1252 692 πρῶτα
1265 661 1327 691 τοὺς
1342 661 1488 696 λογισμοὺς
1506 664 1718 699 κραδαινόμενος

931 700 1012 732 πολὺς
1027 699 1060 736 ἦν
1077 703 1267 738 προσλιπαρῶν
1283 705 1394 739 βασιλέα
1417 709 1465 742 τῆς
1488 709 1574 743 ἀρχῆς
1608 711 1718 744 μετατὶ-

931 745 1035 773 οεοθαι.
1054 747 1124 774 Ἀλλ’
1136 749 1186 774 οὐκ
1202 749 1321 777 ἔπειθεν.
1338 749 1402 778 Οἶδα
1428 753 1450 779 δ’
1465 753 1551 788 ἔγωγε
1570 757 1650 789 γνοὺς
1679 756 1718 790 τῷ

931 792 1061 820 πυθέσθαι
1074 795 1120 821 τοῦ
1141 795 1271 830 βασιλέως
1291 799 1399 834 Μιχαὴλ
1412 801 1478 835 ἡμῖν
1493 802 1649 836 ὁμιλοῦντος
1670 805 1718 831 καὶ

932 840 995 874 περὶ
1010 840 1171 875 ἀμφοτέρων
1190 843 1243 881 τῶν
1257 844 1430 880 αὑταδέλφων
1450 847 1574 882 λέγοντος
1601 851 1647 877 καὶ
1679 851 1718 883 ὥς

1050 896 1088 931 in
1111 887 1164 913 τῶν
1185 890 1223 919 εἰς
1245 890 1354 917 ἔπαινον
1387 893 1531 928 τιθεμένου
1553 896 1639 929 μέγαν
1667 898 1717 931 τὴν

930 929 1061 975 ξιάδελξοῦ
1080 932 1143 966 περὶ
1160 932 1272 968 θατέρου
1285 936 1374 970 κρίσιν
1393 939 1441 971 τὴν
1460 938 1509 972 τῆς
1528 940 1615 975 ἀρχῆς
1627 929 1716 975 παρά-

930 974 1006 1001 λυσιν
1023 976 1242 1010 ἐπισπεύδοντος,
1275 980 1382 1017 Ἐπειδὴ
1400 983 1453 1018 γὰρ
1475 986 1577 1017 ἐκεῖνος
1603 987 1653 1021 μὲν
1670 989 1717 1015 καὶ

931 1021 982 1047 ὑπὸ
1000 1023 1123 1057 μεσιταις
1136 1024 1227 1059 ἐζήτει
1244 1027 1292 1062 τῆς
1307 1028 1392 1063 ἀρχῆς
1411 1029 1544 1065 ἀφεθῆναι
1565 1035 1612 1059 καὶ
1633 1034 1715 1065 πολὺς

931 1109 1017 1136 seque
1042 1102 1173 1138 deinceps
1201 1105 1334 1135 viverent.
1367 1108 1421 1135 ista
1459 1117 1541 1144 porro
1565 1111 1717 1140 liberalitas

932 1148 1132 1177 incredibiliter
1146 1151 1184 1177 illi
1198 1152 1311 1180 affectus
1327 1159 1354 1181 et
1375 1156 1464 1182 studia
1481 1158 1582 1192 pariter
1593 1160 1715 1186 omnium
1753 1182 1755 1185 .

932 1195 1110 1228 conciliabat,
1126 1197 1234 1225 nemine
1263 1206 1318 1226 non
1346 1202 1482 1235 gaudente
1505 1204 1618 1232 subesse
1644 1207 1716 1241 regi-

932 1241 998 1267 mini
1017 1245 1072 1268 tam
1100 1242 1212 1270 humani
1237 1252 1269 1271 ac
1297 1247 1418 1274 munifici
1436 1248 1524 1281 ducis.
1544 1253 1717 1286 promptissi:

932 1295 1029 1321 meque
1050 1293 1146 1322 parato
1162 1290 1195 1317 ad
1213 1291 1324 1325 quidvis
1341 1294 1408 1320 citra
1426 1297 1615 1330 exceptionem
1633 1299 1715 1326 ullam

930 1333 1008 1365 jussu
1024 1334 1084 1368 ejus
1107 1335 1248 1371 ductuque
1265 1339 1489 1372 aggrediendum.
1511 1342 1603 1377 Itaque
1619 1351 1716 1380 grega-

932 1379 980 1405 tim
1007 1381 1039 1406 ad
1073 1381 1149 1408 illum
1166 1385 1370 1412 concurrebant
1397 1388 1517 1423 undique
1540 1397 1593 1417 non
1617 1391 1716 1427 singuli

933 1425 1031 1456 solum.
1046 1427 1092 1454 sed
1106 1435 1169 1456 suas
1180 1430 1297 1464 quisque
1309 1431 1427 1460 familias
1449 1442 1547 1462 uxores
1565 1444 1597 1463 ac
1615 1425 1718 1465 liberos

934 1471 1085 1504 trahentes.
1116 1479 1145 1499 ut
1174 1474 1235 1508 ejus
1264 1475 1402 1504 fortunam
1428 1479 1488 1507 sine
1520 1482 1573 1509 alio
1591 1489 1717 1518 respectu

934 1523 1123 1550 sequerentur.
1148 1520 1225 1553 Quod
1239 1522 1263 1548 si
1284 1523 1335 1550 hoc
1361 1525 1493 1559 indigenae
1522 1529 1619 1561 patriis
1646 1530 1718 1555 ultm

937 1563 1040 1590 relictis
1068 1565 1229 1594 factitabant
1262 1569 1385 1602 sedibus,
1411 1572 1497 1599 multo
1516 1574 1623 1602 scilicet
1644 1575 1716 1602 ideu'

937 1608 1100 1637 affectabam!
1134 1614 1285 1640 studiosius
1314 1620 1437 1644 extorres
1463 1617 1518 1651 jam
1553 1619 1717 1655 Cretenses;

936 1655 982 1688 qui
1000 1658 1114 1688 patriam
1143 1657 1169 1684 in
1194 1659 1292 1685 exsilio
1310 1667 1339 1687 se
1355 1663 1492 1696 reperisse
1513 1665 1638 1694 arbitrati
1653 1669 1719 1695 talis

935 1701 1028 1728 oblato
1044 1703 1172 1735 praesidio
1196 1706 1319 1738 patroni,
1348 1709 1474 1735 certatim
1491 1711 1567 1737 omni
1586 1712 1720 1748 obsequio

936 1746 1070 1774 factorum
1098 1750 1301 1786 verborumque
1331 1755 1380 1780 toti
1406 1761 1487 1782 erant
1516 1756 1543 1784 in
1575 1746 1720 1788 ambienda

936 1794 986 1820 viri
1003 1795 1101 1829 gratia,
1117 1796 1311 1831 obsequiosius
1329 1799 1400 1827 haud
1416 1801 1498 1830 dubie
1516 1811 1595 1837 quam
1612 1805 1720 1839 privato

934 1840 1055 1868 advenas
1081 1842 1107 1868 in
1129 1843 1301 1877 imperatoris
1324 1846 1428 1874 ditione
1455 1856 1517 1876 srse
1534 1850 1663 1878 addicere
1679 1853 1720 1879 fas

934 1886 1016 1919 foret,
1033 1888 1156 1923 adeoque
1170 1891 1301 1924 cupidum
1315 1892 1443 1926 juvenem
1471 1903 1524 1922 non
1541 1897 1660 1924 obsrure
1673 1897 1717 1924 in-

934 1933 1051 1960 vitantcs
1080 1934 1112 1961 ad
1150 1943 1305 1970 supremam
1341 1939 1523 1967 invadendam
1557 1947 1720 1976 potestatem

933 1982 1015 2012 atque
1028 1979 1062 2006 ab
1079 1979 1245 2014 imperatore
1261 1981 1458 2011 deiiciendum.
1473 1984 1527 2011 Nec
1552 1987 1637 2014 surdo
1655 1987 1720 2021 ista,

933 2032 1090 2059 quanquam
1119 2026 1327 2054 dissimulanter
1357 2029 1436 2057 initio
1460 2032 1619 2064 cunctanti,
1635 2040 1720 2060 cane-

933 2069 1043 2096 bantur.
1069 2069 1137 2097 llinc
1163 2071 1237 2098 enim
1256 2073 1424 2100 consiliariis
1441 2079 1520 2102 utens
1548 2077 1581 2102 ad
1614 2078 1723 2111 pericli-

934 2115 1046 2142 tandum
1080 2116 1202 2150 acribus,
1233 2126 1365 2152 generosa
1395 2120 1497 2152 indole,
1525 2122 1590 2149 ﬂore
1620 2125 1722 2157 aetatis,

935 2161 1064 2189 felicitate
1081 2164 1257 2191 successibus
1272 2165 1399 2199 probata,
1418 2175 1524 2194 summa
1540 2169 1591 2196 sibi
1606 2178 1721 2206 quteque

936 2207 1109 2242 despondere
1138 2209 1258 2237 audebat
1284 2218 1291 2236 :
1318 2212 1381 2239 inde
1415 2219 1505 2241 tamen
1534 2217 1724 2245 retardabatur

935 2256 1125 2289 magnitudine
1143 2256 1254 2291 incepti.
1272 2257 1365 2290 Quare
1390 2261 1509 2294 spatium
1529 2262 1719 2292 deliberationi

934 2305 1058 2334 captans,
1074 2306 1102 2328 et
1118 2301 1189 2328 forte
1201 2303 1282 2338 213
1299 2304 1447 2332 nascituris
1463 2305 1609 2334 imminens
1622 2316 1722 2343 oppor-

934 2347 1109 2379 tunitatibus,
1127 2353 1218 2383 petere
1233 2350 1341 2376 interim
1369 2351 1403 2384 ab
1428 2352 1554 2387 Augusto
1574 2353 1674 2382 institit
1691 2361 1722 2381 ιιι

932 2399 962 2419 se
987 2393 1022 2419 ab
1039 2393 1082 2419 illa
1115 2393 1289 2428 prarfeetura,
1317 2403 1398 2429 quam
1430 2402 1474 2423 sat
1500 2397 1546 2424 diu
1575 2399 1718 2432 gessisset.

932 2444 1071 2467 amoveret
1088 2440 1198 2475 alioque
1215 2440 1387 2473 traduceret;
1403 2443 1476 2476 quod
1501 2443 1614 2471 minime
1633 2445 1721 2480 impe-

933 2486 1024 2512 travit.
1039 2485 1112 2518 Quin
1136 2490 1162 2512 et
1180 2485 1237 2513 haec
1254 2486 1412 2520 sequiorem
1435 2487 1461 2514 in
1480 2491 1584 2522 partem
1606 2496 1720 2524 accepta

932 2531 959 2558 in
977 2531 1038 2558 aula
1056 2532 1154 2566 petitio
1179 2537 1231 2564 est,
1246 2537 1328 2566 prout
1348 2533 1414 2559 mihi
1438 2534 1556 2568 contigit
1571 2535 1722 2571 intelligere

931 2586 947 2605 e
973 2577 1107 2605 Michaele
1139 2578 1264 2612 Angusto
1297 2578 1432 2614 Juniore,
1459 2581 1589 2609 familiari
1617 2590 1665 2617 per
1692 2583 1721 2609 id

931 2624 1064 2660 temporis
1083 2625 1232 2659 colloquio.
1257 2625 1401 2653 Referebat
1429 2627 1475 2654 ille
1497 2628 1584 2659 mihi,
1603 2627 1721 2655 laudans

931 2675 958 2698 et
992 2671 1146 2706 praedicans
1191 2679 1356 2707 magnopere
1388 2673 1499 2708 sapiens
1532 2673 1720 2708 protosebasti

932 2719 1030 2752 (frater
1056 2718 1100 2745 hic
1126 2724 1185 2746 erat
1212 2717 1450 2753 Philanthropeni,
1468 2720 1501 2746 de
1526 2728 1581 2753 qtto
1597 2719 1718 2754 agimus,

932 2765 1030 2800 major)
1059 2765 1092 2792 de
1125 2766 1176 2792 hoc
1204 2765 1264 2800 ipso
1282 2765 1354 2793 facto
1368 2766 1518 2800 judicium.
1537 2767 1562 2793 ls
1577 2770 1720 2799 comperto

931 2820 1092 2847 germanum
1108 2820 1188 2839 suum
1205 2812 1340 2839 minorem
1353 2812 1438 2839 semel
1456 2812 1554 2839 iterum
1566 2816 1593 2839 ct
1607 2811 1719 2846 sepius,

931 2859 1064 2886 adhibitis
1090 2859 1173 2887 etiam
1205 2859 1299 2886 eodem
1325 2858 1475 2886 amicorum
1492 2857 1600 2892 officiis,
1621 2862 1721 2893 postu-

1545 2906 1562 2935 8
