1944 3061
133 124 187 156 ΞΠ

602 125 649 154 DE
668 125 888 155 ANDRONICO
913 124 1142 155 l‘AL.EOLOGO
1162 126 1235 156 LIB.
1253 126 1308 156 ΠΙ.

1711 131 1762 162 233

130 189 183 208 σαν
195 177 234 207 ὢν
247 178 276 207 εὖ
296 180 444 208 πεπόνθασι
456 189 485 207 τε
508 181 553 207 καὶ
578 182 711 216 πάσχουσι
739 183 803 216 παρ’
825 182 924 213 αὐτῶν,
943 187 964 214 Α
977 183 1008 208 οὐ
1022 181 1133 217 μετρίου
1149 183 1195 208 καὶ
1207 182 1265 212 ταῖς
1287 182 1355 217 ὑπὲρ
1375 182 1421 208 τοῦ
1450 183 1499 218 ζῇν
1518 183 1645 220 εὐμαρῶς
1672 187 1764 213 ἐλπίσι

129 227 200 254 ἀλλὰ
212 227 261 253 καὶ
282 226 383 262 μᾶλλον
399 227 446 253 καὶ
471 226 524 252 τῶν
551 226 781 261 ἀποτεταγμένοι-λ
811 225 924 262 [P1553]

127 274 301 301 κολούονται,
324 273 380 299 Καὶ
395 273 607 308 προσερχόμενοι
625 273 697 299 κατὰ
719 273 814 308 στίχας
843 274 923 300 πλέον

128 321 298 356 ἓθεράττευον
311 319 358 346 τοῦ
377 320 491 351 εἰκότος,
507 319 554 346 καὶ
566 319 712 354 ἀξιώτερον
734 320 827 354 ἄρχειν
842 321 923 346 αὐτζν

128 368 209 401 παρὰ
230 367 294 397 τοὺς
317 365 413 397 ἄλλους
440 365 576 392 ἐδικαίουν
605 365 652 391 καὶ
684 366 921 400 προσηνάγκιιζον,

101 414 105 423 '
129 411 211 445 ὀλίγα
225 409 358 446 βασιλέως
370 410 481 437 καὶτῶν
500 410 546 436 τοῦ
563 410 695 444 βασιλέως
723 411 922 445 φροντίζοντες,

130 456 210 484 Εἶναι
225 459 280 491 γὰρ
297 457 388 491 σφίσιν
409 457 442 482 ἐκ
463 456 569 482 πολλῶν
595 456 624 482 τὸ
638 453 830 490 βουλευόμενον
858 457 923 483 ἁνυ-

131 504 207 535 στὸν,
225 504 271 529 καὶ
289 503 390 537 μᾶλλον
406 502 490 537 τριῶν
512 501 566 528 τῶν
595 502 789 536 ἰσχυροτάτων,
819 501 866 528 τοῦ
892 511 921 528 τε

128 550 175 577 τὸν
185 549 251 576 λαδν
264 549 353 575 πάντα
372 548 483 583 ζημίαις
508 547 674 582 βαρούμενον
704 548 751 573 καὶ
764 548 922 574 συνδόσεσιν

130 595 172 626 εἰς
186 595 355 622 ἀποστασίαν
370 594 480 628 ἕτοιμον
495 591 575 624 εἶναι,
592 593 638 618 τοῦ
654 601 682 618 τε
702 593 808 624 πάντας
839 594 922 627 εὐμε-

130 641 184 671 νῶς
199 641 267 674 πρλις
280 640 361 666 αὐτὸν
373 639 456 672 ἔχειν,
469 639 524 664 ὅσοι
540 638 571 672 δὴ
596 638 642 664 καὶ
667 638 711 664 ὑπ’
741 637 815 672 αὐτῷ
841 646 923 672 στραε

129 687 265 716 τεὺοντοιι,
279 686 325 712 καὶ
340 685 431 720 τρίτου
455 684 502 711 τοῦ
528 684 574 710 καὶ
595 684 773 718 παμπληθοῦς
796 685 921 718 εὐπορεῖν

130 731 396 766 Περσικοῦ,ἀνδρῶν
417 730 466 756 οὐκ
486 729 565 755 ἄλλον
591 729 699 755 εἰδότων
724 729 800 764 ἢτὸν
823 730 920 760 αὐτοὺς

130 777 369 811 αὐτομολήσαντας
387 776 433 801 καὶ
449 774 645 808 ὑποδεξάμενον
657 775 704 800 καὶ
726 774 763 804 ὠς
777 774 851 803 εῑκδς
875 774 919 800 θε-

132 822 308 857 ραπεύσαντα
324 829 332 836 ·
349 818 418 848 εἶναι
432 820 458 846 δὲ
473 820 519 846 καὶ
532 821 572 851 εις
585 820 706 853 χιλιάδας
724 819 918 852 ποσουμένους,

977 228 1189 263 σπερχομένους,
1204 229 1272 262 πρδς
1290 228 1338 262 μὲν
1353 228 1382 254 τὸ
1399 229 1447 263 τῆς
1468 230 1653 265 ἐγχειρήσεως
1665 225 1764 266 ’μέγμ

977 271 1022 303 οος
1032 274 1078 299 καὶ
1094 273 1153 299 λίαν
1166 273 1282 307 ἄτολμος
1296 270 1330 308 ἦν
1351 274 1397 300 καὶ
1419 275 1549 306 ἐπιεικῶς
1576 278 1762 313 κατωρῤώδει,

976 318 1014 352 τῷ
1026 318 1055 344 δὲ
1070 319 1140 344 κατὰ
1152 319 1221 352 σφᾶς
1237 318 1370 352 ἀλογίστῳ
1387 319 1480 351 θράσει
1498 321 1526 346 ὲν
1540 321 1645 349 ἐλπίσιν
1658 321 1692 358 ἦν
1702 326 1763 357 ταῖς

977 365 1118 398 μεγίσταις
1130 364 1177 390 καὶ
1195 364 1344 399 ἀπεθάρρει
1364 365 1394 390 το
1425 366 1561 401 τόλμημα.
1596 367 1666 394 Ἀλλ’
1689 369 1764 403 ὅμως

975 405 1153 445 πείρᾷοὲλων
1170 410 1265 445 μαθεῖν
1291 411 1337 437 καὶ
1360 410 1414 437 τῶν
1433 411 1533 439 λοιπῶν
1562 413 1610 448 τὴν
1637 414 1761 450 γνώμην,

974 455 1022 480 καὶ
1035 455 1058 480 εἰ
1075 455 1174 487 πάντες
1184 455 1360 490 πρόσκεινται
1379 457 1435 488 τοῖς
1466 457 1567 491 αὐτοῖς,
1600 461 1761 494 συναγαγὼν

974 501 1014 531 εἰς
1040 501 1123 527 tau-ro
1137 501 1263 532 συνόλους
1291 502 1340 527 καὶ
1353 501 1461 533 σταθεὶς
1482 503 1527 529 ἐπὶ
1541 504 1632 538 μέσων
1650 506 1762 533 πλεῖστά

973 554 1002 572 τε
1018 546 1196 578 κατετεῐνετο,
1215 545 1243 579 ἐξ
1258 543 1295 573 ὧν
1307 547 1427 582 παρίστα
1437 548 1486 583 τὴν
1502 549 1569 584 πρὸς
1581 552 1677 583 αὐτοὺς
1695 553 1762 586 ἀγάι

975 600 1028 625 πην
1045 592 1133 617 καὶτὸ
1147 592 1293 626 δημοτικὸν
1311 592 1353 626 ἐφ’
1376 593 1473 623 ἅπασι.
1491 595 1540 629 τήν
1567 604 1596 622 τε
1617 597 1686 631 ὑπὲρ
1712 600 1762 632 τῆς

973 637 1027 662 τιῖην
1046 637 1191 670 Ῥωμαίων
1211 638 1280 672 μετὰ
1301 639 1375 673 σφῶν
1397 640 1479 666 αὐτοῦ
1506 642 1636 678 σπουδὴν,
1650 644 1696 670 καὶ
1712 644 1762 679 τὴν

973 683 1026 708 ἀπὸ
1040 682 1095 708 τῶν
1108 684 1135 708 ὲν
1149 684 1238 710 ἀνέσει
1251 685 1296 710 καὶ
1318 686 1407 720 τρυφῇ
1429 686 1578 720 διαγόντων
1595 688 1670 724 (τοὺς
1699 692 1763 726 περὶ

972 727 1017 752 τὸν
1033 727 1146 762 βασιλέα
1160 729 1257 763 λέγων)
1267 730 1315 764 οὐχ
1333 731 1408 761 ὅπως
1427 729 1570 767 ἀτὲοδοχὴν,
1598 734 1656 761 ἀλλ’
1686 736 1764 762 οὐδὲν

971 770 1052 807 ἦττον
1078 774 1251 809 ἀποστροφὴν
1274 775 1320 802 καὶ
1349 776 1521 809 ὲπαιτιάσεις
1553 781 1653 814 μυρίας
1680 782 1764 815 μηδὲν

972 819 1170 853 προσηκούσας,
1200 819 1293 854 ὣσπερ
1328 821 1361 847 ἂν
1392 822 1472 854 αὐτὸς
1500 825 1550 858 μὲν
1577 825 1683 860 ἐτρύφα
1706 828 1764 859 τοῖς

133 868 268 903 μαχὲμους
285 867 454 900 ξύμπαντας.
484 865 542 895 ὲνδς
566 864 736 899 ἐξημμένους
764 864 918 898 βλέμματος
936 861 956 888 Β
971 865 1114 900 πράγμασι
1129 865 1177 891 καὶ
1195 865 1302 900 σύναιμα
1317 867 1541 900 κατεὸλακεύετο,
1556 871 1653 897 ἐκεῖνοι
1667 872 1762 898 δ’ὲπό-

129 912 176 939 τοῦ
199 913 270 946 σφᾶς
299 912 423 945 ἄγοντος.
443 910 535 936 Ταῦτα
556 910 680 943 λέγοντες
712 909 919 944 κατεμάλασςον

129 958 178 992 τὴν
191 957 296 983 ἐκείνου
310 956 424 990 γνώμην
441 954 676 990 μετεωριζομένην
703 953 754 988 ἤδη
785 953 854 987 πρὸς
869 954 918 986 άρ-

129 1003 180 1037 χῆς
200 1003 293 1035 ὄγκον,
307 1003 355 1028 ναὶ
373 1000 498 1034 φανερῶς
511 1001 674 1026 ἀποστατεῖν
699 999 820 1026 ἔπειθον.
851 999 919 1024 Τότε

129 1050 220 1075 τοίνυν
237 1049 334 1079 τόσους
351 1047 421 1082 ὁρῶν
436 1047 558 1078 ἐκείνους
583 1046 759 1081 τολμήματος
785 1045 920 1080 γέμοντας

131 1139 244 1173 quillam
269 1137 428 1164 fruitionem
447 1135 509 1163 vitae
523 1135 658 1162 aﬂlnentis
671 1135 744 1161 muni
763 1135 868 1161 honore
883 1142 915 1161 ac

131 1192 223 1212 rerum
242 1183 330 1217 copiis
346 1189 433 1216 usque
452 1182 486 1209 ad
502 1182 594 1208 luxum
620 1181 778 1208 hominibus
800 1181 922 1215 ignavis-

131 1231 218 1262 simis.
238 1230 286 1264 qui
312 1236 345 1256 ne
373 1228 441 1255 tanti
466 1228 576 1262 quidem
595 1227 727 1254 ducerent
741 1226 860 1261 proﬁteri
875 1227 920 1254 be-

131 1277 273 1308 neﬁcium,
288 1280 315 1303 et
332 1274 534 1302 infelicissimis
551 1273 686 1300 militibus
706 1273 827 1300 hostium
846 1273 919 1300 intra

131 1323 245 1350 limitem
275 1322 419 1348 incursum
446 1327 559 1347 suorum
578 1319 688 1353 objectu
715 1326 862 1353 corporum
878 1319 921 1345 in-

131 1369 364 1398 tercludentibus,
379 1368 474 1394 saltem
506 1368 594 1394 verbo
622 1367 718 1394 testari
743 1375 771 1394 se
796 1366 921 1393 nonnihil

130 1415 242 1442 debere.
272 1415 434 1448 Quanquam
464 1413 548 1440 videri
568 1413 739 1440 tolerandum
758 1412 781 1440 si
807 1413 921 1447 gratiam

131 1461 310 1488 benetneritis
334 1460 493 1486 omitterent
517 1459 643 1490 reddere,
661 1459 712 1486 nisi
729 1459 802 1494 quod
818 1459 922 1493 ingrate

971 919 1034 937 vouv
1061 911 1108 936 καὶ
1131 912 1289 945 κατεγήρων
1304 913 1360 943 τοῖς
1385 913 1497 947 κράνεσι
1523 917 1570 941 καὶ
1587 916 1686 951 μάχαις
1703 919 1762 949 ταῖς

972 955 1033 980 κατ’
1043 954 1147 989 ἐχθρῶν
1163 955 1372 989 παρεϐάλλοντο.
1397 959 1489 985 Δοκεῖν
1506 959 1560 994 γὰρ
1580 961 1700 994 ἐκείνους
1723 963 1761 999 μὴ

972 999 1077 1034 χαίρειν
1089 1000 1134 1026 ἐπὶ
1149 1001 1204 1031 τοῖς
1222 1001 1298 1034 σφῶν
1311 1001 1532 1038 κατορθώμασιν,
1545 1004 1613 1031 ἀλλὰ
1631 1008 1676 1033 καὶ
1692 1008 1761 1042 μᾶλ-

972 1047 1016 1073 λον
1031 1047 1175 1082 ἀδημονεῖν
1190 1048 1237 1074 καὶ
1255 1046 1346 1076 ἀλύειν
1356 1049 1393 1082 ὡς
1407 1050 1480 1078 κακὰ
1501 1051 1664 1087 πάσχοντας.
1691 1055 1762 1091 Παρ*

974 1135 1076 1162 auditis
1092 1134 1280 1163 emolllebatur
1306 1137 1425 1171 scilicet,
1442 1146 1473 1166 ac
1489 1139 1584 1168 volens
1602 1143 1759 1177 patiebatur

974 1181 1132 1216 detorqueri
1161 1189 1190 1208 se
1206 1183 1232 1208 in
1261 1190 1375 1216 pravum
1405 1191 1420 1211 a
1452 1186 1616 1214 rectitudine
1643 1187 1727 1216 debiti
1747 1197 1762 1216 a

973 1227 1082 1254 subdito
1116 1226 1288 1261 principibus
1314 1220 1523 1265 ofﬂeihAtqne
1553 1230 1618 1259 hinc
1652 1233 1761 1268 quidem

975 1272 1039 1299 dum
1067 1273 1179 1304 studia,
1205 1273 1270 1300 dum
1297 1278 1370 1307 vota,
1386 1277 1450 1302 dum
1483 1275 1653 1305 alacritatem
1682 1288 1712 1307 se
1727 1279 1761 1307 ad

974 1319 1117 1353 imperium
1133 1320 1288 1346 vocantium
1311 1324 1338 1346 et
1361 1327 1423 1355 spes
1449 1321 1476 1348 in
1491 1330 1524 1349 eo
1539 1323 1603 1350 vita".
1620 1324 1646 1351 in
1669 1329 1762 1359 postes

974 1372 1033 1391 rum
1055 1365 1122 1392 Itala:
1146 1365 1339 1392 collocantinm
1368 1366 1407 1394 tot
1430 1367 1551 1395 virorum
1576 1369 1688 1398 fortium
1708 1372 1763 1399 cir-

975 1411 1122 1444 cumspicit
1141 1417 1280 1445 reputans,
1300 1411 1379 1439 facile
1403 1414 1596 1447 proliciebatnr
1621 1417 1653 1443 ad
1671 1417 1761 1451 palam

976 1456 1125 1483 rebellandi
1141 1457 1348 1491 concipiendam
1371 1459 1526 1488 audaciam.
1549 1460 1656 1489 Rursus
1678 1463 1707 1489 in
1729 1472 1763 1490 eo

130 1508 340 1541 crudeliterque
365 1507 527 1537 aclitahant,
553 1506 705 1533 benefactis
733 1505 866 1532 maleficia
882 1503 960 1536 re-C.
977 1502 1091 1535 cogitati
1121 1503 1219 1529 molem
1254 1503 1373 1537 imperii,
1392 1506 1493 1539 negotii
1523 1505 1631 1539 aleam,
1662 1508 1763 1543 incepti

131 1553 304 1588 penderent,
332 1551 466 1585 stipendia
494 1555 520 1577 et
552 1551 700 1584 pensiones
731 1550 917 1577 militantibus

131 1599 195 1625 olim
214 1598 383 1625 constitutas
410 1603 490 1624 avare
515 1604 546 1624 ac
567 1596 685 1631 maligne
701 1597 921 1623 inter-vertentes.

132 1644 293 1671 Istiusmodi
319 1643 391 1678 pleni
407 1641 525 1670 turbidis
539 1642 668 1669 sensibus
689 1642 791 1668 tribuni
810 1648 841 1668 ac
859 1649 923 1669 cen-

131 1693 257 1717 turiones
284 1689 386 1724 passim
405 1690 470 1716 totis
487 1689 633 1716 ordinibus
653 1688 844 1722 manipulatim
864 1691 922 1714 tur-

131 1737 281 1770 matimque
293 1735 474 1770 sequentibus
493 1735 526 1761 ad
549 1732 813 1769 Philanthropennm
832 1734 922 1768 quoti-

131 1782 174 1808 die
197 1782 315 1813 itabant,
334 1781 453 1808 honores
471 1781 495 1807 ei
510 1788 570 1815 qua:
584 1775 672 1815 ipsius
688 1779 828 1814 fastigium
845 1787 924 1807 exce-

132 1829 227 1854 derent
252 1826 426 1857 deferentes.
445 1827 540 1861 eisque
567 1826 654 1852 multo
673 1825 802 1852 videlicet
819 1825 923 1859 dignio-

133 1881 188 1900 rem
206 1872 375 1900 afﬁrmantes
386 1873 475 1906 ipsum
492 1879 573 1906 qutun
587 1871 655 1898 istos
671 1871 752 1903 alios,
773 1872 819 1905 qui
832 1875 920 1898 tamen

134 1919 182 1945 hos
200 1918 253 1944 sibi
269 1918 368 1944 eximie
383 1916 516 1943 reservari
541 1915 673 1943 ducerent
691 1923 810 1950 :eqnnm.
835 1915 922 1942 Adde-

135 1965 198 1991 bant
215 1964 257 1990 his
282 1964 336 1990 vim
357 1971 424 1997 pene
442 1963 590 1996 quamdam
617 1969 751 1997 supremm
780 1962 922 1996 dignitatis

132 2009 295 2044 arripiendae
324 2008 527 2043 deficiendiqne
557 2009 590 2035 ab
614 2009 780 2043 imperatore
809 2009 921 2042 palam,

134 2056 200 2082 nihil
220 2056 291 2090 ejus,
318 2056 422 2090 quippe
447 2054 566 2081 imbellis
596 2053 760 2088 debilisque,
779 2061 829 2081 nec
846 2054 922 2081 iner-

133 2103 199 2128 tium
220 2107 247 2128 et
269 2101 374 2135 pariter
401 2100 575 2127 imbecillimn
602 2100 689 2134 ipsius
717 2099 920 2133 ministrorum,

133 2148 308 2182 quantumvis
324 2153 472 2174 exarsuras
494 2146 536 2172 his
555 2146 658 2172 auditis
673 2146 728 2172 iras
745 2154 805 2173 sese
821 2154 921 2173 curare

975 1548 1189 1582 magnitudinem
1206 1549 1371 1582 aestimante,
1380 1550 1448 1577 adeo
1464 1551 1676 1585 clanguescebat
1687 1554 1764 1588 prior

975 1593 1019 1620 ille
1041 1594 1172 1627 impetus,
1187 1597 1217 1620 ut
1234 1593 1347 1621 horrore
1375 1603 1430 1621 non
1446 1595 1531 1623 dubio
1548 1598 1648 1624 tentari
1666 1598 1765 1624 nimia-

974 1648 1027 1674 que
1042 1641 1192 1675 constringi
1209 1639 1516 1669 formidine‘videretnr.
1531 1641 1601 1678 Ergo
1612 1643 1683 1671 inter
1694 1645 1763 1672 istos

974 1688 1059 1714 aestus
1089 1687 1230 1718 alternos,
1249 1687 1314 1714 hinc
1334 1687 1393 1722 spei
1420 1688 1517 1716 alienis
1541 1691 1765 1724 suggestionibns

975 1733 1121 1765 obtruste,
1155 1733 1230 1760 ilhnc
1255 1738 1344 1760 metus
1374 1734 1484 1768 propria
1516 1734 1766 1769 circumspectione

975 1775 1088 1811 admoti,
1113 1779 1228 1806 libratus
1242 1781 1299 1814 ipse
1317 1780 1379 1807 licet
1401 1781 1548 1807 momentis
1574 1781 1703 1816 utrinque
1718 1790 1767 1817 pa-

975 1825 1051 1852 ribns
1064 1845 1071 1857 ,
1088 1829 1115 1852 et
1145 1825 1267 1852 incertus
1296 1825 1386 1852 adhuc
1409 1826 1528 1858 consilii,
1544 1831 1574 1854 ut
1588 1828 1683 1855 saltem
1699 1828 1767 1855 alio-

975 1879 1047 1902 rum,
1064 1878 1182 1905 quorum
1197 1872 1288 1898 minus
1308 1872 1461 1899 eminerent
1479 1868 1581 1906 studia,
1600 1874 1764 1900 sententiam

974 1917 1166 1950 experimento
1185 1916 1405 1951 deprehenderet
1419 1924 1558 1948 arcanam,
1580 1919 1765 1953 probaretqne

975 1967 1040 1987 num
1057 1969 1153 1988 otnnes
1170 1961 1338 1988 unanimiter
1361 1961 1403 1987 sui
1433 1962 1534 1988 milites
1552 1963 1580 1988 in
1594 1964 1764 1996 propositum

975 2006 1029 2038 sui,
1047 2007 1179 2041 quidquid
1194 2007 1400 2040 aggrederetur,
1416 2008 1547 2041 sequendi
1563 2008 1596 2034 ad
1610 2013 1763 2036 extremum

975 2049 1182 2084 conspirarent,
1199 2051 1304 2078 vocatis
1330 2052 1356 2077 in
1378 2052 1539 2079 concionem
1566 2053 1710 2080 militarem
1726 2054 1765 2081 si—

977 2096 1031 2122 mul
1058 2097 1179 2128 cunctis,
1195 2097 1272 2123 stetit
1300 2097 1382 2124 altior
1412 2097 1439 2124 in
1462 2098 1563 2129 medio,
1591 2099 1766 2134 plurimaque

975 2143 1120 2175 disseruit,
1143 2150 1307 2178 magnopere
1335 2144 1498 2171 incumbens
1517 2145 1548 2170 ad
1574 2144 1766 2172 demonstran-

133 2194 314 2220 derlarantes.
337 2191 490 2218 Secessioni
507 2192 579 2218 enim
597 2191 632 2218 ab
646 2191 680 2218 iis
706 2198 762 2218 sua;
788 2191 922 2219 detectio-
938 2184 960 2211 ῐ)
973 2189 1035 2216 dam
1052 2196 1130 2216 suam
1152 2189 1179 2215 in
1196 2196 1291 2217 omnes
1318 2189 1481 2216 charitatem
1501 2191 1650 2225 mitemque
1665 2198 1697 2217 ac
1715 2198 1765 2225 po-

133 2241 215 2273 nique
235 2238 404 2265 sustinenda:
432 2245 463 2264 ac
483 2238 550 2264 citra
566 2245 647 2264 omne
672 2237 832 2272 improsperi
856 2246 921 2265 suc-

134 2292 228 2311 cessus
249 2283 401 2317 pericnlnm
432 2284 539 2309 tuenda:
561 2283 613 2308 tria
641 2282 692 2310 sibi
713 2283 809 2311 adesse
827 2284 921 2310 fortis-

135 2331 201 2355 sima
232 2328 369 2362 pmsidta,
399 2328 516 2362 primum
544 2328 714 2354 eversionem
748 2336 762 2355 a
788 2329 922 2363 regimine

139 2372 265 2404 lmsenli
295 2377 322 2398 et
356 2371 521 2405 prauitatem
551 2371 578 2397 in
607 2379 651 2399 res
682 2380 767 2400 novas
797 2373 920 2401 nnivorsi

137 2417 240 2452 populi,
255 2417 368 2442 tributis
386 2415 632 2450 exactionihnsqne
652 2417 710 2444 sine
726 2417 779 2444 line
795 2418 922 2445 immani—

135 2463 184 2490 bus
198 2463 339 2493 exhausti,
361 2461 478 2488 alterum
495 2461 614 2490 favorem
632 2471 664 2490 ac
679 2464 843 2491 benevolum
863 2468 922 2492 stu-

136 2509 206 2536 dinm
224 2509 250 2534 in
264 2507 527 2541 Philanthropennm
539 2510 629 2536 omnis
646 2509 785 2537 hominum
801 2512 920 2545 generis.

135 2554 285 2589 praesertim
302 2558 396 2579 autem
413 2552 464 2579 sub
490 2554 578 2588 signis
601 2554 659 2588 ejus
678 2556 851 2586 merentium.
865 2559 922 2582 ter-

135 2602 199 2625 tium
218 2598 338 2633 denique
364 2598 484 2633 ingentis
502 2599 684 2626 multitudinis
706 2599 850 2628 Persarum
868 2601 922 2628 vir-

135 2651 191 2672 tute
205 2645 279 2672 illius
296 2653 328 2672 ac
346 2644 511 2671 liberalitate
529 2645 733 2676 devinclornm.
749 2650 922 2681 paratorum-

133 2699 185 2726 que
199 2692 232 2719 ad
250 2695 348 2718 nutum
370 2691 448 2725 sequi
473 2699 637 2726 quocunque
662 2691 782 2719 duxerit.
805 2693 919 2724 Horum,

133 2739 253 2771 aiebant,
273 2738 358 2765 multa
381 2737 466 2764 millia
490 2738 703 2766 fortissimorum
726 2744 753 2766 ct
776 2739 854 2766 bellis
873 2740 922 2765 tri-

132 2789 221 2812 tornm
250 2784 396 2811 hominum
428 2789 587 2818 exspectare
606 2784 640 2811 ab
666 2791 698 2812 eo
727 2785 833 2819 signum
861 2792 923 2818 pro-

132 2831 230 2863 missi,
252 2830 337 2858 simul
363 2829 494 2863 innuerit,
523 2830 679 2865 transfugii.
707 2830 753 2858 His
783 2831 827 2858 ille
840 2831 922 2866 216

977 2234 1098 2268 pularcm
1114 2243 1162 2270 per
1179 2235 1271 2262 omnia
1303 2236 1456 2271 imperandi
1491 2236 1622 2263 rationem
1637 2255 1645 2268 .
1670 2244 1764 2264 verum

976 2285 1112 2320 praeterea
1131 2280 1252 2307 studium
1280 2281 1307 2307 in
1335 2289 1390 2308 rem
1414 2280 1567 2309 Romanam
1596 2290 1658 2309 cum
1684 2290 1765 2310 suum

976 2331 1034 2352 tum
1063 2326 1196 2360 ipsorum.
1223 2326 1295 2360 quod
1322 2327 1509 2361 pchpiCCl‘til;
1537 2329 1659 2362 glorians
1681 2329 1766 2356 etiam

976 2376 1002 2397 et.
1017 2372 1158 2405 gratulans
1173 2372 1299 2407 utrisque
1315 2373 1510 2408 connnunitcr,
1524 2373 1596 2408 quod
1614 2378 1668 2400 tam
1687 2375 1768 2410 longe

976 2418 1103 2444 abessent
1120 2420 1155 2444 ab
1171 2418 1339 2445 assentando
1356 2419 1410 2446 illis
1432 2419 1542 2450 otiosis.
1559 2420 1605 2454 qui
1625 2421 1707 2447 vitam
1737 2422 1766 2449 in

976 2464 1139 2491 remissione
1163 2473 1194 2491 ac
1210 2464 1276 2491 luxu
1296 2465 1483 2498 transigerent
1501 2466 1553 2500 (sic
1570 2466 1767 2501 imperat-orem

977 2515 1003 2536 rt
1022 2510 1092 2543 apud
1110 2517 1172 2537 eum
1189 2510 1316 2537 assiduos
1331 2511 1502 2546 tradurebat)
1517 2516 1546 2539 ut
1566 2517 1767 2540 succenserent

976 2556 1011 2582 iis
1030 2555 1115 2582 libere
1140 2563 1274 2590 suamque
1302 2557 1336 2583 ab
1359 2558 1455 2591 ignava
1485 2558 1604 2591 ipsorum
1633 2559 1767 2594 segnique

977 2601 1092 2629 mollitie
1109 2603 1283 2629 aversionem
1309 2604 1420 2630 minime
1442 2603 1663 2631 dissimularent.
1678 2606 1766 2639 Atque

977 2647 1021 2674 hic
1048 2647 1151 2674 effusus
1175 2647 1288 2675 licenter
1305 2654 1348 2676 est
1367 2649 1393 2676 in
1415 2650 1623 2676 criminationes
1639 2650 1765 2676 innume-

977 2700 1022 2719 ras
1044 2693 1208 2728 regentium.
1240 2702 1334 2729 parum
1357 2700 1404 2722 aut
1433 2695 1501 2722 nihil
1533 2695 1701 2730 pertinentes
1729 2695 1766 2722 ad

977 2746 1044 2771 rem,
1068 2747 1187 2767 causans
1211 2740 1541 2776 imperatoremquidem
1563 2740 1673 2775 defungi
1689 2739 1765 2768 ludi-

976 2785 1067 2813 bunde
1089 2787 1218 2821 negotiis,
1240 2795 1317 2814 suam
1334 2795 1366 2815 ex
1387 2788 1429 2815 his
1449 2788 1529 2814 unice
1548 2786 1763 2815 oblectationem

977 2832 1124 2866 captando.
1142 2839 1261 2868 euntque
1293 2833 1479 2861 familiaribus
1505 2831 1648 2867 regiminis
1679 2832 1764 2861 mini-
