1944 3061
142 76 195 106 239

759 75 920 106 GEORGII
941 74 1181 106 ΡΑΟΙΙΥΜΕΒΑῑ

1720 72 1773 103 2.ίο

141 128 177 157 ὧν
191 132 235 157 xxi.
245 132 270 157 τί
289 131 437 167 προσδοκᾷν
457 129 590 158 εἶναιτῶν
606 131 715 165 ἁγαοῶν
731 133 786 163 τοῖς
796 133 930 167 ὁτημέραι
945 135 968 162 Α
982 132 1229 168 προσποιουμένους
1247 132 1295 165 τὴν
1311 131 1356 157 ὑπ’
1384 130 1479 164 ἐκείνῳ
1506 128 1628 156 δουλείαν
1653 127 1698 154 καὶ
1727 128 1773 154 ὑπ’

142 178 410 212 ταλαιπωρουμένοις
423 199 430 210 ,
448 178 514 205 ὅπου
528 187 559 212 γε
575 178 622 205 καὶ
636 178 685 204 οὐκ
700 178 805 212 ἀγαθὰς
823 180 872 210 τὰς
887 180 934 206 ἀπ’

145 224 255 250 ἐκείνων
271 225 338 260 πρδς
364 224 463 256 αὐτοὺς
486 225 639 259 ἀφιγμένας
667 225 760 260 φήμας
785 226 867 260 φόϐον
889 227 935 252 τὸν

145 270 257 305 ἔσχατον
269 272 391 305 ἐμποιεῖν
399 270 541 305 συμϐαίνει
550 271 586 302 ὼς
595 271 832 306 διαπραττομένοις
842 272 874 297 τὰ
881 272 935 306 χει-

143 325 239 352 ριστας
253 317 344 344 Ταῦτα.
359 317 379 344 δ’
392 315 459 344 εἷναι
480 317 516 352 μὴ
539 317 617 351 μόνον
633 318 737 344 πολλῶν
765 318 933 352 φθονούντων

143 362 240 394 ἄλλων,
260 363 326 389 ἀλλὰ
343 364 388 389 καὶ
420 363 549 398 βασιλέως
575 363 657 389 αὑτοῦ
681 363 766 397 μηδὲν
795 364 935 394 ἐπαῖοντος

144 409 212 442 πρὸς
230 409 262 434 τὰ
280 409 344 443 παρ’
365 408 453 434 αὐτῶν
466 416 473 424 ·
491 418 499 433 ι
516 405 551 434 Οὔ
567 408 596 441 δὴ
624 408 660 442 μὴ
684 408 873 442 συνηδομένου,
897 408 934 435 ὡς

143 455 175 480 ὲκ
188 454 241 480 τῶν
258 454 426 488 πραγμάτων
438 454 469 480 ἄν
482 462 523 482 τις
542 454 588 479 καὶ
613 453 655 488 [Ρ.
671 453 733 488 H7]
766 453 933 486 συλλογίσαι-

144 508 185 531 το,
204 509 213 524 ι
235 499 321 531 ἔλεγε,
338 508 346 523 ι
367 499 544 532 κατορθοῦσιν
563 499 638 532 ἡμῖν,
659 498 781 531 σφαλείσί
810 507 841 531 γε
865 499 934 525 πάνυ

144 553 197 576 τως
219 545 260 576 τίς
284 545 360 576 ἐλπὶς
386 544 589 575 ὑπολέλειπται;
608 553 617 569 ι
643 544 734 570 Ταῦτα
763 544 861 577 λέγων,
887 544 933 570 καὶ

143 592 193 622 τὰς
216 590 342 624 δυνάμεις
375 590 616 625 καταδημαγωγῶν
645 589 684 624 τῷ
710 591 755 616 καὶ
776 589 933 624 βαθυτέρων

144 637 277 663 ἅπτεσθαι
305 636 352 663 καί
373 636 398 670 γ’
424 636 629 670 ἐμφανεστέραν
657 635 706 670 τὴν
727 635 807 661 αὐτοῦ
822 635 934 669 γνώμην

145 684 230 709 ποιεῖν
241 683 278 713 ὡς
297 682 557 716 ὰποστατηςείοντος
572 683 619 707 σὺν
637 681 738 712 αὐτοῖς,
757 682 780 706 εἰ
798 681 933 715 βούλοιντο

146 727 225 755 (οὕτω
251 727 306 761 γὰρ
333 727 366 753 ἂν
391 726 497 754 καὶτοῦ
511 726 605 752 λοιποῦ
624 726 752 761 εὐμαρῶς
781 726 893 758 διάξειν,
908 727 933 752 εἰ

145 772 207 798 καθ’
224 772 321 803 αὐτοὺς
335 772 477 803 πονοῦντες
494 772 570 797 αὐτοὶ
589 771 642 798 τῶν
660 771 788 798 κινδύνων
804 772 837 797 τὰ
863 769 930 797 ἆθλα

146 817 341 852 καρπίζοιντο),
357 818 435 849 εὐθὺς
450 818 496 843 καὶ
519 817 559 843 ἔτι
587 817 716 852 συνείρων
741 818 804 848 τοὺς
825 817 930 850 λόγους,

147 865 193 889 καὶ
205 864 259 889 τῶν
271 863 440 897 κρατούντων
452 863 485 889 τὰ
499 863 582 889 πολλὰ
599 863 806 896 καθαπτόμενο-
825 864 858 894 ὣς
872 863 933 897 μηδ’

145 910 209 935 οἴων
221 910 244 935 τ’
256 909 391 944 ἐσομένων
416 909 522 939 ἑαυτοῖς
544 908 658 943 ἀμύνειν
676 909 742 944 μηδὲ
759 909 845 944 βραχυ
863 909 935 935 ὲκεί-

148 964 199 981 νων
215 955 428 987 ἀποκλινάντων,
446 955 630 990 ὑπερηφανῶν
652 955 718 986 ὅλως
742 956 789 982 καὶ
821 955 934 990 μεγαλι-

145 1002 256 1036 ζόμενος
267 1001 295 1026 ἐν
306 1002 362 1032 τοῖς
371 1000 541 1035 πράγμασιν,
552 1001 671 1031 ἐκείνους
683 1000 792 1035 εὕρισκε
809 1000 936 1034 παραυτὰ

145 1047 299 1081 πειθηνίους
314 1047 340 1076 ὲς
356 1045 433 1072 τόσον
449 1045 519 1072 ὥστε
534 1046 581 1072 καὶ
605 1045 670 1080 βοᾷν
691 1045 857 1072 ἀπεντεῦθεν
887 1046 935 1072 καὶ

146 1092 219 1119 πόλλ’
242 1093 309 1119 ἄττα
332 1093 420 1126 λέγειν
443 1092 577 1127 ἀπόφημα
598 1092 669 1118 κατὰ
692 1091 833 1127 βασιλέως,
863 1093 935 1119 ἀπο-

148 1181 214 1209 stris
251 1180 402 1208 indormire
429 1179 527 1215 supine
554 1179 630 1207 curis
658 1180 797 1215 publicis,
832 1181 936 1208 neutris

149 1228 226 1262 pensi
244 1226 394 1261 quidquam
413 1227 588 1259 habentibus,
604 1227 674 1254 bene
692 1235 725 1254 an
740 1235 822 1255 secus
836 1221 936 1263 popqu

149 1279 238 1304 esset,
264 1274 328 1300 dum
357 1280 468 1299 suarum
499 1273 566 1307 ipsis
595 1278 737 1300 constaret
762 1278 837 1300 certa
865 1275 937 1301 ratio

150 1318 296 1352 {ruitioque
308 1319 497 1352 voluptatum:
513 1327 522 1342 t
537 1317 592 1345 Nos
606 1318 708 1352 quippe
722 1318 843 1350 interim,
857 1319 939 1346 addc-

153 1365 209 1396 bat,
226 1365 285 1392 vice
301 1364 423 1399 ipsorum
439 1363 595 1390 laboramus
607 1372 614 1395 ;
626 1368 718 1391 nostra
734 1364 785 1391 sub
800 1365 883 1398 galeis
895 1373 940 1391 ea-

151 1410 205 1443 pita
222 1412 383 1436 canescunt.
397 1407 449 1434 Nos
461 1407 488 1433 in
503 1407 560 1434 acie
573 1413 697 1440 stamus;
714 1415 763 1434 nos
776 1407 865 1442 praelia
875 1415 938 1434 eum

150 1453 230 1487 217
254 1452 378 1479 hostibus
402 1451 529 1483 facimus,
551 1452 655 1478 utinam
680 1451 750 1483 istis,
766 1452 812 1486 qui
843 1451 936 1479 fructu

151 1503 306 1526 nostrarum
330 1505 514 1534 terumnarum
533 1497 708 1528 deliciantur,
735 1498 855 1532 gaudere
880 1499 936 1525 sal-

154 1552 207 1573 tetn
226 1545 401 1580 dignantibus
419 1544 500 1571 allato
512 1544 687 1571 victoriarum
704 1549 856 1571 nostrarum
871 1553 940 1570 nun-

153 1593 209 1619 tio!
231 1592 352 1619 Invident
367 1592 438 1618 enim
455 1596 550 1618 contra
566 1591 646 1617 nobis
661 1591 752 1618 sterile
768 1591 834 1617 illud
849 1591 938 1625 ipsum

154 1640 250 1671 doctis,
281 1643 308 1664 et
336 1638 382 1664 ira:
412 1640 560 1672 pnetextus
590 1640 726 1670 quaerunt,
763 1644 797 1662 ne
823 1637 938 1671 gratiam

151 1684 252 1711 debere
266 1684 420 1711 videantur.
434 1683 530 1716 Itaque
546 1682 646 1708 nostris
668 1682 843 1709 successibus
860 1682 938 1708 audi-

154 1731 190 1758 tis
211 1734 328 1758 a'stuare
356 1731 430 1764 ipsos
447 1729 605 1763 dolorisque
624 1729 701 1763 signa
719 1729 807 1755 intimi
834 1737 939 1763 cogno-

156 1775 245 1802 vimus
273 1774 377 1801 edere:
409 1774 474 1808 quin
500 1777 527 1799 et
555 1773 631 1807 queri
659 1777 787 1808 tanquam
809 1773 937 1807 injuriam

155 1828 262 1854 passos.
279 1820 358 1847 Unde
373 1819 525 1853 intelligitis
541 1826 622 1852 quam
640 1820 791 1846 mercedem
812 1820 939 1846 heroico-

158 1874 216 1892 rutu
242 1865 335 1891 abhis
351 1869 510 1899 exspectare
531 1864 682 1891 facinorum
705 1865 864 1892 debeamus.
885 1865 938 1892 νο-

157 1919 216 1938 rutn
233 1911 284 1937 hoc
300 1911 389 1945 ipsum
409 1910 511 1937 certius
524 1910 685 1944 quotidiana
703 1911 872 1945 experientia
888 1918 938 1938 nos

155 1958 245 1990 docet,
267 1957 335 1984 nihil
359 1956 422 1983 inde
437 1957 509 1983 aliud
527 1958 652 1992 accipere
669 1956 765 1984 solitos
782 1957 835 1984 nisi
854 1964 937 1984 novo-

155 2013 215 2031 rqu
243 2004 428 2038 injnttcliones
453 2004 588 2036 laborum,
604 2004 809 2032 imminutiones
830 2005 939 2039 slipen-

154 2051 262 2077 diorutn
280 2054 412 2082 veterum,
428 2050 629 2077 subtractiones
643 2051 846 2082 alimentorum,
863 2050 940 2077 deni-

156 2104 208 2130 que
227 2096 315 2122 minas
332 2095 417 2122 sortis
436 2095 462 2121 in
480 2099 618 2130 posterum
634 2095 716 2121 etiam
734 2095 846 2128 pejoris.
864 2094 939 2122 Fidis

155 2142 228 2169 enim
248 2142 398 2168 amicorum
425 2141 533 2168 iudiciis
548 2140 680 2167 discimus
698 2144 745 2166 aut
768 2139 868 2167 deferri
893 2144 941 2167 aut

156 2189 246 2214 delata
272 2187 394 2214 situulari
420 2187 512 2221 gravia
540 2186 566 2213 in
596 2193 645 2213 nos
671 2185 734 2212 illuc
757 2186 883 2218 crimina,
907 2186 941 2213 de

157 2234 257 2269 quibus
281 2233 344 2260 dum
372 2232 416 2260 isti
438 2231 599 2263 deliberant,
629 2230 710 2256 nobis
731 2230 797 2263 quid
822 2230 895 2257 aliud
913 2232 942 2258 lit

157 2281 292 2315 reliquum
318 2287 398 2313 quam
424 2278 451 2304 itt
477 2277 548 2304 tristi
571 2276 776 2310 exspectatione
798 2282 941 2311 poenarum

157 2327 371 2354 ssevissimarum
396 2323 529 2358 trepidant
546 2323 710 2356 anxiumque
731 2323 814 2349 vitam
831 2322 940 2354 ducere.

158 2375 249 2408 utique
271 2380 332 2399 mox
354 2370 475 2405 pessima
501 2368 637 2404 passuris,
652 2375 682 2394 ea
700 2368 788 2395 solum
805 2369 838 2395 de
859 2375 942 2394 causa

157 2419 228 2454 quod
254 2419 400 2445 fecerimus
424 2415 549 2449 optima?
567 2413 662 2448 Neque
686 2414 711 2439 Ιιὶ
736 2414 822 2448 magis
846 2415 871 2440 in
893 2422 942 2441 nos

157 2464 340 2499 ingratissimi
363 2469 462 2489 sensus
487 2460 704 2488 ministrantium
732 2460 788 2486 illic
812 2465 839 2486 et
859 2460 942 2487 rebus

159 2509 348 2547 gubernandis
368 2508 556 2542 pra-rectorum
582 2514 663 2540 qualn
681 2506 766 2539 ipsius
789 2510 850 2532 sunt
866 2505 942 2539 prin-

157 2556 238 2591 cipis.
263 2554 372 2580 Primus
396 2552 441 2578 ille
457 2557 484 2578 et
499 2551 616 2578 maxime
631 2552 753 2578 ninnium
773 2551 876 2578 invidet
895 2559 943 2577 no-

158 2603 209 2632 his.
227 2601 270 2628 ille
287 2605 314 2627 et
330 2597 538 2633 implacabiliter
562 2605 611 2624 nos
628 2597 686 2623 odit
704 2606 711 2622 :
726 2597 771 2623 ille
787 2597 866 2624 avide
883 2604 942 2623 om-

157 2657 206 2676 nes
228 2647 357 2675 sinistros
377 2644 410 2672 de
430 2644 514 2671 rebus
535 2645 637 2670 nostris
652 2643 835 2677 undecunque
850 2651 942 2669 rumo-

157 2704 202 2723 res
224 2694 374 2727 accipiens.
396 2691 428 2718 ad
453 2690 564 2725 quasvis
590 2689 764 2717 defensiones
781 2688 943 2715 innocentia:

158 2747 258 2768 nostra:
275 2738 509 2774 patrocinantium
535 2743 617 2762 aures
639 2736 720 2762 habet
739 2734 944 2762 inexorabiliter

157 2787 295 2814 oet-lusus.
315 2785 410 2812 Videte
426 2787 517 2810 autem
533 2790 613 2817 quam
639 2782 673 2808 ab
693 2789 737 2814 eo,
760 2781 806 2816 qui
823 2780 941 2807 felicium

988 177 1061 212 αὑτῷ
1071 177 1213 205 τάττεσθαι
1232 176 1366 207 θέλοντας.
1379 175 1461 201 Ὅθεν
1478 175 1524 201 καὶ
1540 173 1672 207 ἀλλήλους
1686 181 1775 208 παρα-

987 223 1170 258 κροτήσαντες
1183 222 1219 253 ὼς
1235 222 1311 247 οὐδὲν
1325 217 1361 247 ὧν
1380 220 1502 254 ἔγνωσαν
1529 218 1773 254 μεταϐληοησόμε-

986 276 1037 299 νοι,
1055 267 1135 293 αὑτὸν
1149 267 1193 293 καὶ
1208 266 1256 301 τὴν
1268 265 1413 300 ἡγεμονίαν
1428 263 1550 298 δέχεσθαι
1567 262 1774 297 κατηνάγκαζον

986 313 1023 342 ὡς
1038 313 1106 346 ὑπὲρ
1120 311 1200 338 αὐτοῦ
1211 320 1241 345 γε
1259 311 1305 336 καὶ
1319 309 1521 343 τεθνηξομένων
1537 309 1676 340 ἁπάντων,
1692 307 1717 334 εἰ
1733 309 1773 339 εἰς

985 360 1105 393 ἀνάγκην
1118 360 1177 385 τινὰ
1196 358 1369 384 κατασταῖεν.
1383 357 1436 382 Καὶ
1452 355 1530 381 τοῦτο
1545 353 1668 389 συμὸαἰη
1683 362 1689 368 ·
1703 353 1772 388 μηδὲ

985 405 1038 438 γὰρ
1055 405 1127 438 ἔχειν
1143 403 1264 430 ἐντεῦθεν
1278 403 1344 433 ὅλως
1359 401 1562 436 ἁφηνιάσσιντας
1588 400 1772 434 ἀμφιγνωμο-

985 451 1040 475 νεῖν
1055 450 1098 475 ἐπ’
1113 449 1220 481 ἐκείνῳ,
1239 448 1296 475 ἀλλ’
1319 448 1410 479 ἀξιοῦν
1434 447 1597 482 ἐρρωμένως
1608 446 1656 472 καὶ
1678 444 1773 471 τοῦτον

986 495 1079 528 στῆναι
1093 496 1155 525 τοὺς
1171 494 1317 528 λογισμοὺς
1334 495 1380 519 καὶ
1397 493 1480 527 μηδὲν
1494 492 1547 519 τῶν
1560 492 1608 518 ὅσα
1621 491 1699 525 φέρει
1715 491 1772 522 τοῖς

985 539 1046 566 καθ’
1065 539 1146 566 αὑτὸν
1160 539 1271 574 ἀρωγὴν
1285 539 1343 569 ταῖς
1359 537 1515 572 ἀμφινοίαις
1531 535 1771 571 καταπροΐξεσθαι.

985 586 1060 620 Μηδὲ
1078 585 1131 620 γὰρ
1151 585 1254 611 δίκαιον
1270 584 1369 614 αὐτοὺς
1396 583 1444 617 μὲν
1465 583 1497 608 ἐκ
1523 581 1569 608 τοῦ
1601 582 1772 616 παραχρῆμα

984 632 1056 662 ὅλαις
1086 630 1176 664 ἡνίαις
1203 629 1276 664 αὐτῷ
1304 628 1474 663 προσρυῆναι
1501 627 1548 654 καὶ
1578 627 1659 653 αὑτοῦ
1690 626 1771 660 μονου

984 677 1106 713 ἔχεσθαι,
1122 677 1170 703 καὶ
1187 676 1203 710 ἢ
1220 675 1351 706 θωπείαις
1367 674 1383 708 ἢ
1398 674 1489 708 φόϐοις
1502 674 1609 708 ἕτοιμον
1620 671 1687 698 εἶναι
1703 672 1772 698 ἐνδι-

984 725 1058 750 δόναι
1073 732 1102 750 τε
1118 724 1165 749 καὶ
1186 722 1332 757 ὑποχαλᾷν.
1352 721 1437 747 Τοῦτο
1459 720 1513 756 γὰρ
1537 720 1600 746 ἰδεῖν
1626 728 1701 750 τινας
1723 718 1772 745 καὶ

985 771 1031 796 ἐπὶ
1043 771 1095 796 τῶν
1110 768 1298 804 ἐνοχλούντων,
1316 768 1398 803 βάρος
1414 768 1444 794 τὸ
1456 766 1608 802 προστυχὸν
1630 766 1708 801 εἴπερ
1723 765 1772 799 οὐχ

947 800 970 830 Β
985 816 1042 850 ἅμα
1055 800 1333 851 πάντες-’ὲῤῥωμὲνως
1350 800 1404 840 οὐδ’
1416 814 1468 840 ἀπὸ
1479 800 1550 848 pta,-
1562 800 1612 838 καὶ
1625 812 1674 846 τῆς
1687 812 1772 846 αὐτῆς

984 860 1111 886 ἀνωοοῖεν
1130 859 1290 891 ὲνστάσεως,
1307 858 1483 890 κινδυνεύειν,
1500 858 1526 884 εἴ
1539 866 1609 887 τινες
1624 857 1771 890 καθυφεῖν-

985 914 1025 936 το,
1043 904 1168 931 ἐντεῦθεν
1182 905 1298 939 πάσχειν
1315 904 1349 930 τὰ
1360 904 1460 938 ἔσχατα
1485 903 1652 938 ξύμπαντας.
1677 902 1773 936 Μέγαν

985 949 1007 975 δ’
1025 947 1094 975 εἶναι
1107 949 1153 975 καὶ
1163 948 1255 975 τοῦτον
1270 949 1318 984 οὐχ
1333 945 1412 984 ἧττον
1426 948 1471 975 τὸν
1485 945 1576 979 ἆθλον,
1607 948 1653 973 καὶ
1679 946 1771 980 κοινῆς

986 996 1034 1028 τῆς
1049 995 1102 1020 ἀπὸ
1117 995 1224 1021 πάντων
1234 994 1358 1029 δεόμενον
1375 993 1445 1020 κατὰ
1458 994 1488 1020 τὸ
1512 994 1648 1028 προσῆκον
1676 992 1774 1018 ἐνστά-

988 1047 1066 1069 σεως.
1084 1039 1174 1065 Ταῦτα
1198 1039 1330 1072 λεγόντων
1346 1047 1375 1064 τε
1403 1038 1449 1064 καὶ
1463 1037 1501 1072 τῷ
1515 1037 1603 1073 πιστῷ
1617 1037 1687 1063 κατὰ
1703 1038 1774 1070 σφᾶς

988 1083 1083 1119 Οάρῤει
1099 1084 1233 1117 διδόντων,
1249 1084 1318 1111 εἴκει
1330 1084 1407 1119 μόλις
1421 1084 1523 1114 ἐκεῖνος
1536 1084 1583 1110 καὶ
1594 1083 1623 1109 τὸ
1637 1082 1685 1117 τῆξ
1708 1083 1773 1118 ἡγε-

989 1180 1146 1202 nostrnrum
1176 1180 1272 1202 contra
1296 1175 1388 1204 hostes
1414 1183 1589 1203 successuum
1602 1176 1703 1203 nullam
1727 1184 1774 1203 ac-

992 1222 1159 1256 quiescentis
1172 1223 1256 1249 anitui
1273 1223 1394 1249 lwtitiam
1410 1230 1441 1249 ae
1457 1222 1666 1257 gratulationem
1683 1226 1773 1250 osten-

989 1267 1060 1294 derit
1081 1269 1204 1299 audiens,
1230 1269 1401 1301 offensionis,
1418 1269 1439 1296 si
1453 1276 1506 1301 qua
1526 1267 1623 1300 Marte,
1646 1273 1673 1295 ut
1695 1269 1770 1301 solet,

991 1314 1067 1340 vario
1092 1314 1118 1340 in
1148 1313 1226 1341 bellis
1254 1313 1393 1346 inciderit,
1419 1322 1530 1348 sperare
1552 1315 1659 1341 veniam
1685 1315 1775 1349 possi-

992 1366 1064 1386 mus.
1085 1367 1094 1383 ›
1113 1358 1201 1393 Super
1226 1358 1282 1385 haer.
1302 1360 1379 1394 plura
1403 1361 1543 1395 congessit
1570 1361 1617 1387 irae
1635 1361 1661 1387 in
1687 1362 1775 1395 impe-

990 1410 1084 1432 rantes
1100 1405 1272 1432 eoncitandae
1288 1406 1407 1432 militum
1425 1411 1452 1433 et.
1476 1407 1646 1441 contemptui
1663 1415 1775 1434 eorum-

991 1451 1052 1478 dem
1076 1451 1265 1484 ingencrando
1281 1452 1501 1484 accommodata,
1516 1460 1570 1487 quo
1592 1454 1632 1480 sic
1646 1454 1775 1488 explora-

994 1501 1034 1523 ret
1047 1498 1150 1524 certius
1178 1497 1242 1531 quid
1261 1498 1298 1524 illi
1317 1498 1401 1525 animi
1427 1499 1567 1531 haberent,
1587 1506 1776 1536 quantumque

994 1543 1020 1569 in
1033 1543 1131 1571 stmliis
1142 1544 1251 1571 illorum
1267 1553 1297 1572 ac
1313 1545 1363 1572 lide
1375 1553 1438 1580 erga
1451 1553 1479 1573 se
1490 1548 1626 1577 constanti
1639 1549 1774 1575 collocare

993 1589 1100 1616 ﬁduciae
1123 1599 1178 1617 non
1205 1590 1394 1625 imprudenter
1415 1597 1518 1626 posset.
1536 1593 1574 1620 Eo
1589 1593 1672 1624 enim.
1693 1599 1721 1620 ut
1736 1594 1778 1621 di-

993 1637 1094 1668 ximus,
1121 1637 1238 1663 consilio
1263 1637 1334 1664 hanc
1357 1642 1416 1664 erat
1444 1638 1586 1672 ingressus
1611 1639 1775 1671 orationem,

994 1685 1024 1707 ut
1046 1681 1171 1707 intimam
1193 1681 1342 1707 astantium
1367 1682 1480 1708 eliceret
1508 1684 1671 1709 sententiam
1698 1691 1778 1711 area-

994 1735 1098 1762 uasque
1124 1727 1241 1754 nudaret
1264 1729 1438 1760 voluntates;
1456 1728 1481 1755 id
1509 1729 1579 1763 quod
1604 1729 1676 1756 haud
1693 1730 1778 1758 dubie

995 1777 1164 1800 consecutus
1194 1777 1247 1800 est.
1280 1772 1328 1800 Illo
1363 1774 1436 1800 enim
1467 1774 1538 1802 ultra
1565 1775 1622 1810 jam
1656 1777 1776 1804 indicata

993 1822 1125 1853 pergente
1159 1826 1313 1846 metnorare
1348 1818 1382 1846 de
1413 1821 1647 1855 contemptissima
1677 1821 1776 1850 inertia

993 1865 1109 1892 duorum
1139 1866 1336 1898 Augustorum,
1362 1865 1444 1899 218
1468 1865 1501 1892 de
1525 1865 1775 1894 adtninistrautium

994 1917 1038 1938 res
1059 1911 1109 1938 sub
1138 1910 1198 1937 istis
1226 1910 1383 1937 inconsulta
1409 1910 1547 1942 socordia,
1575 1911 1609 1937 de
1633 1912 1726 1946 inopia
1749 1918 1776 1939 ct

993 1957 1179 1985 imbecillitate
1196 1956 1270 1983 illius
1288 1956 1345 1983 sola
1367 1956 1421 1991 iam
1442 1958 1533 1991 specie
1550 1965 1675 1991 vanaque
1693 1958 1778 1992 maje-

993 2007 1063 2030 state
1084 2003 1191 2037 antiqui
1211 2002 1330 2029 notninis
1353 2004 1501 2037 perstantis
1536 2004 1714 2038 principatus,
1729 2005 1775 2039 qui

993 2057 1028 2077 ne
1056 2050 1169 2076 minimo
1198 2049 1307 2084 quidem
1337 2053 1432 2076 contra
1462 2050 1628 2083 insurgentis
1654 2051 1777 2084 cujusvis

990 2096 1116 2122 incursui
1132 2095 1308 2126 sustinendo,
1330 2095 1428 2122 nedum
1450 2096 1609 2130 repellendo
1642 2098 1777 2125 uleiscen—

954 2141 1062 2181 Ddove
1093 2148 1141 2175 par
1169 2143 1282 2167 otnnino
1310 2141 1348 2167 sit
1378 2141 1505 2175 futurus;
1523 2150 1642 2177 cumque
1671 2144 1713 2170 his
1742 2140 1806 2181 ειχῇ

993 2186 1108 2212 adverso
1136 2186 1280 2220 magniﬁca
1307 2187 1341 2213 de
1370 2195 1399 2213 se
1425 2188 1577 2221 prmdicans
1604 2187 1776 2222 adiungeret.

993 2240 1071 2259 suam
1087 2237 1185 2263 artem,
1203 2240 1280 2259 suam
1298 2233 1421 2260 bellicam
1444 2233 1613 2267 felicitatem,
1628 2243 1679 2262 suo
1695 2237 1776 2262 ductu

992 2278 1074 2305 toties
1093 2279 1248 2306 victricium
1276 2279 1360 2305 robur
1378 2288 1579 2314 numerumque
1599 2281 1716 2315 gloriose
1736 2281 1779 2315 ja-

992 2328 1080 2351 ctaret
1105 2325 1259 2358 copiarum,
1282 2325 1351 2351 adeo
1370 2324 1571 2352 multitudinem
1588 2327 1735 2354 commovit
1750 2332 1779 2354 ut

992 2377 1007 2396 0
1028 2370 1162 2396 concione
1187 2377 1268 2396 \'OC(‘S
1291 2375 1467 2405 erumperent
1485 2379 1612 2399 ροηδοηιε
1635 2373 1778 2400 universo-

993 2422 1053 2441 rum
1076 2416 1173 2449 partitn
1200 2417 1357 2450 imperatori
1381 2417 1451 2443 mala
1478 2418 1563 2444 multa
1587 2418 1734 2446 dicentium
1751 2425 1780 2446 et

993 2461 1217 2495 imprecantium,
1243 2463 1341 2495 partim
1370 2463 1407 2489 illi
1426 2463 1460 2489 de
1485 2465 1554 2490 solio
1579 2466 1692 2491 detruso
1714 2464 1780 2491 Phi-

993 2506 1200 2541 lanthropenum
1224 2507 1367 2541 subrogari
1383 2507 1551 2541 jubentium.
1570 2507 1646 2535 Hunc
1660 2508 1733 2535 enim
1750 2516 1780 2535 se

993 2552 1122 2586 deinceps
1149 2560 1232 2578 unum
1258 2560 1419 2587 agnoscere,
1445 2554 1490 2579 uni
1510 2553 1580 2580 velle
1602 2554 1715 2587 servire,
1733 2562 1781 2588 pro

994 2606 1048 2625 uno
1067 2603 1207 2632 promptos
1227 2607 1286 2626 esse
1313 2599 1478 2633 periclitari;
1496 2600 1587 2632 unius,
1613 2600 1712 2634 quovis
1729 2605 1780 2626 uu-

995 2648 1080 2674 ceret,
1101 2643 1234 2678 quidquid
1259 2646 1431 2678 pra'ciperct,
1450 2644 1562 2678 imperia
1584 2645 1710 2679 exsequi,
1729 2653 1780 2672 nu-

996 2694 1052 2716 tum
1078 2691 1174 2724 sequi;
1192 2690 1253 2724 ejus
1281 2688 1399 2725 denique
1425 2690 1506 2718 unius
1533 2692 1664 2725 auspiciis
1693 2698 1781 2725 usque

995 2735 1028 2761 ad
1044 2741 1172 2762 mortem.
1189 2736 1211 2761 si
1229 2735 1285 2762 fors
1302 2736 1338 2762 ita
1355 2735 1458 2767 tulerit,
1478 2736 1583 2762 l'nrliter
1599 2735 1780 2770 oppetendam

995 2785 1176 2813 pugnaturos.
1202 2779 1289 2806 Unum
1318 2789 1331 2806 ιι
1357 2788 1408 2806 suo
1437 2781 1506 2807 duce
1533 2781 1652 2808 vicissim
1677 2785 1782 2815 petere,
