1944 3061
114 189 163 221 ειι

585 188 872 220 DEANDRONICO
893 189 1123 218 PALr-EOLOGO
1145 190 1217 220 LIB.
1243 191 1295 222 lll.

1697 194 1748 224 “24-2

116 250 204 285 μονίας
220 249 376 284 ἀναδέχεται
388 248 484 283 ὄνομα.
501 248 556 274 Καὶ
572 247 652 283 δῆλος
672 245 706 282 ἦν
722 247 846 273 ἐντεῦθεν
871 247 903 272 ὲκ
919 247 942 277 Α
955 247 1001 281 ὑφ’
1015 247 1110 273 ἑαυτὸν
1124 247 1211 278 ἄλλως
1224 247 1339 282 καθίστη
1355 248 1392 278 ὡς
1409 247 1574 278 δεσποτικῶς
1588 248 1749 276 τούντεῦθεν

115 296 217 322 πολλῶν
232 292 270 322 ὧν
286 296 404 331 ἔπραττε
421 294 588 330 στρατηγίαν
619 294 709 328 φέρων
739 293 787 320 καὶ
814 292 902 328 ἀρχὴν

114 342 302 373 ἀνυπεύθυνον,
318 341 394 368 οὔπω
407 341 436 368 δὲ
452 341 468 377 ῆ
484 341 660 377 παρασήμοις
685 340 701 375 ἢ
720 340 773 375 μὴν
789 340 901 375 ὀνόματι

114 387 261 423 ἀπεθάρρει
276 387 442 419 κλεῖζεσθαι.
458 387 547 413 καίτοι
573 386 606 413 τὰ
636 385 723 412 πολλὰ
747 386 822 420 παρὰ
849 386 904 412 τῶν

115 434 286 469 προύχόντων
320 434 349 459 ὲν
366 432 407 468 τῷ
424 432 532 468 στρατῷ
558 432 729 467 βιαζόμενος.
764 431 905 464 Ἐξουσια-

118 480 227 506 στικώτε
233 487 278 514 ρον
292 479 321 505 δὲ
337 478 394 506 τῶν
408 479 580 513 πραγμάτων
592 478 750 513 ἐπείληπτο,
765 478 813 504 καὶ
828 478 904 504 οὐδὲν

116 525 280 558 ὶδόκειοϊέξ
292 523 378 560 οὗπερ
394 525 428 552 ἂν
443 525 489 552 καὶ
511 525 644 560 ὠρρώδει,
670 525 724 551 οὐδ’
745 524 836 556 ἄλλοις
855 524 906 550 ὑπ-

119 570 225 596 ακούειν
257 570 326 602 ὅλως
348 570 378 597 τὺ
403 569 457 598 ἀπὸ
480 570 557 597 τοῦδε
582 570 723 604 ὑφίστατο,
738 570 797 596 ἀλλ’
826 569 905 601 αὐτὸς

119 615 159 651 [Ρ.
181 615 242 652 H8]
262 616 374 651 ἡγεμὼν
389 617 418 643 ὲν
432 617 500 642 πᾶσι
518 616 566 643 καὶ
583 615 657 650 παρὰ
679 615 753 650 σφίσι
778 617 824 642 καὶ
852 616 905 651 ὅπη

119 662 226 697 παρῄει.
241 663 376 698 Ἐφριξαν
387 663 442 698 γὰρ
455 663 516 689 τότε
532 664 579 689 καὶ
597 663 622 688 oi
634 662 766 696 περίοικοι
785 662 835 695 τὴν
852 662 908 687 ἑπι-

119 709 258 740 σὺστασιν,
274 710 321 735 καὶ
338 709 439 743 μᾶλλον
453 709 493 735 ὅτι
511 709 542 734 τὺ
556 709 691 742 Περσικὸν
717 707 783 733 πολὺ
811 705 855 742 ἦν,
868 705 908 738 οἷς

89 767 91 792 ς
117 752 148 788 δὴ
164 753 210 779 καὶ
225 754 332 784 πιστοῖς
349 754 449 788 ἐχρῆτο
463 753 509 780 καὶ
533 753 753 788 παρασπίζουσιν
781 750 908 785 ἀπεθάρ-

87 797 91 821 ἷ
118 799 167 832 ρει,
186 799 235 826 καὶ
247 799 328 833 μόνον
343 799 463 825 κελεύειν
474 796 509 834 ἦν
534 798 573 830 ὼς
593 798 842 832 συνδραμουμένοις
860 797 908 822 αὐ-

118 844 178 871 τίκα
191 845 240 871 καὶ
265 845 336 871 κατὰ
348 845 378 870 τὺ
394 845 498 871 ἐκείνου
513 844 669 879 δρασείουσι
688 843 805 877 θέλημα.
827 841 908 868 ’Δπέ-

120 889 213 917 σϐεστο
223 890 370 926 τοιγαροῦν
385 891 474 917 ἐκεῖσε
495 891 526 917 τὸ
553 890 685 926 βασιλέων
712 889 808 924 δνομα,
835 888 910 923 παρὰ

121 935 196 969 μόνον
209 935 243 962 τὺ
255 937 296 967 εἰς
310 936 481 971 περισυρμὺν
506 935 662 971 μεμνῆσθαι
688 936 736 962 καὶ
763 935 908 969 λοιδορίαν.

120 980 201 1011 Αὐτὸς
214 981 241 1007 δ’
253 979 288 1016 ἦν
300 982 415 1013 ἐκείνοις
436 983 483 1008 καὶ
499 982 591 1017 ἄρχων
605 982 653 1008 καὶ
677 981 789 1017 ἡγεμὼν
803 982 850 1008 καὶ
862 981 910 1016 βα-

121 1026 214 1057 σιλέως
228 1026 333 1060 φέρων,
346 1028 370 1053 εἰ
384 1028 431 1053 καὶ
445 1028 483 1062 μὴ
506 1028 602 1062 ὄνομα,
626 1027 684 1054 ἀλλ’
711 1027 830 1062 ἀξίωμα.
856 1027 911 1053 Καὶ

118 1072 186 1098 ὅσων
197 1072 253 1098 τῶν
268 1073 326 1099 ἐκεῖ
339 1073 478 1108 φρουρίων
488 1073 524 1104 ὡς
537 1074 659 1109 ὕπαρχος
680 1073 811 1109 βασιλέως
837 1074 912 1099 ἐπεί-

120 1118 204 1153 ληπτο
220 1119 365 1154 πρότερον,
383 1119 459 1145 ταῦτ’
476 1119 639 1151 ἀποστείλας
659 1119 722 1151 τοὺς
748 1119 912 1150 καθέξοντας

121 1215 152 1235 ne
168 1208 313 1235 dimidiate
335 1216 389 1236 rem
414 1213 517 1236 tantam
536 1213 609 1244 agat,
629 1216 662 1236 ne
675 1216 775 1236 nomen
793 1208 910 1243 Augusti

121 1255 277 1281 recusando
305 1259 352 1281 aut
377 1255 497 1290 insignia
523 1255 631 1289 imperii
656 1255 745 1290 palam
769 1262 912 1281 assumere

120 1300 291 1331 cunctando,
314 1301 452 1335 respicere
475 1300 666 1334 imperantium
686 1301 800 1334 gratiam
831 1304 857 1327 el
875 1308 913 1327 re-

121 1350 228 1379 ceptum
255 1344 328 1378 apud
348 1352 396 1372 eos
419 1345 506 1371 veniae
521 1345 573 1371 sibi
610 1349 685 1371 retro
701 1345 847 1379 providere
866 1344 907 1370 vi-

122 1391 228 1418 deatur.
256 1391 358 1419 Metum
376 1399 407 1418 ac
423 1392 610 1426 suspicionem
632 1391 691 1418 suis
716 1398 746 1419 se
769 1399 818 1425 pro
836 1398 869 1418 eo
885 1391 912 1417 in

122 1442 278 1465 extremum
295 1437 427 1465 dantibus
449 1438 598 1465 discrimen
621 1437 754 1464 militibus
769 1437 911 1469 demeret;

123 1489 157 1510 ne
181 1483 255 1509 aulae
278 1483 304 1509 in
329 1486 469 1514 posterum
493 1486 540 1509 aut
560 1483 672 1509 delusus
690 1481 832 1509 fallacibus
848 1489 913 1516 pro-

125 1529 217 1555 missis
236 1532 284 1554 aut
300 1528 378 1555 minis
394 1528 524 1556 inanibus
540 1529 691 1555 deterritus
708 1536 738 1555 se
756 1522 913 1558 subtrahat,

123 1581 247 1608 suosque
265 1573 396 1601 deserens
411 1574 464 1601 sibi
486 1575 623 1606 consulat,
640 1575 852 1608 destitutusque,
867 1574 913 1608 qui

125 1623 230 1646 tantam
256 1621 341 1647 semel
362 1620 449 1647 aleam
470 1621 530 1655 ejus
556 1628 637 1648 causa
658 1620 787 1655 jeceriut,
804 1620 836 1646 iis
852 1627 917 1654 pro-

124 1665 169 1691 dat
191 1665 263 1700 ipsis
285 1673 415 1700 quorum,
432 1669 460 1692 ut
475 1666 498 1692 ei
515 1665 747 1700 gratiﬁcarentur,
764 1665 826 1692 odia
844 1665 871 1691 in
889 1672 920 1691 se

125 1708 351 1742 provocaverint.
380 1708 527 1736 Communi
555 1709 633 1736 ducis
653 1717 684 1736 ac
712 1709 829 1736 militum
851 1716 918 1735 con-

126 1754 292 1788 spiratione.
324 1754 466 1782 insolubili
497 1763 577 1787 nexu,
607 1755 754 1786 iudivulsa,
783 1753 920 1789 quidquid

127 1799 261 1827 blandum
277 1804 325 1826 aut
341 1807 443 1827 srevum
463 1801 576 1827 undevis
592 1801 757 1831 occurrerit,
776 1804 920 1828 utrorum-

128 1854 181 1881 que
201 1846 338 1874 societate
360 1854 417 1873 rem
436 1854 517 1881 egere
536 1855 616 1881 quant
643 1847 828 1880 susciperent.
852 1847 919 1874 faci—

129 1891 183 1918 'em
200 1891 382 1919 concorditer
397 1891 631 1923 incumbentibus,
652 1892 795 1919 dubitante
811 1896 858 1919 aut
878 1899 921 1918 re-

131 1942 278 1972 spectante
284 1937 433 1972 quidquam
441 1938 498 1964 ullo
505 1938 744 1972 corrumpondam.
755 1937 850 1972 Magna
858 1945 924 1972 prat-

131 1982 184 2008 mia
195 1982 282 2017 219
290 1983 415 2017 proponi.
426 1983 476 2010 sed
491 1990 552 2017 qua:
561 1990 658 2017 magno
672 1986 697 2009 et
715 1982 838 2017 perfecte
855 1991 925 2010 una-

131 2028 197 2054 nimi
222 2029 278 2055 nisi
303 2033 403 2055 conatu
420 2034 559 2063 petantur,
578 2029 649 2055 ltaud
672 2034 838 2063 proventura
855 2030 922 2056 sint.

131 2073 212 2101 Talia
234 2074 455 2114 vpciferantibus
483 2079 510 2101 et
535 2075 736 2102 instantissime
762 2075 925 2110 urgentibus

131 2122 237 2149 cedens
257 2121 521 2156 Philanthropenus,
553 2122 664 2148 tandem
692 2128 793 2148 nomen
819 2121 925 2155 imperii

132 2168 265 2195 assumit.
297 2167 395 2201 Itaque
425 2169 508 2202 coepit
527 2176 559 2195 ex
581 2168 633 2195 hoc
657 2175 738 2202 agere
758 2172 788 2194 ut
814 2167 926 2202 proprio

132 2222 184 2242 nec
207 2222 242 2241 ex
267 2215 324 2242 ullo
347 2214 404 2249 jam
426 2215 540 2241 alterius
563 2218 631 2241 nutu
648 2221 785 2248 suspenso
803 2214 926 2248 regimen

954 293 1083 327 ἄρχοντα.
1099 292 1151 318 Ἦν
1164 291 1191 318 δέ
1205 301 1256 318 που
1279 291 1324 318 καὶ
1341 294 1433 326 μοναῐς
1455 292 1616 327 παραϐάλλῃ
1638 294 1748 327 (πολλαὶ

954 337 977 364 δ’
1001 334 1080 364 αὗται.
1107 338 1152 364 καὶ
1184 337 1333 372 μέγισται),
1360 338 1390 364 οὐ
1415 337 1545 372 βασιλέως
1568 336 1601 373 ἦν
1614 339 1700 372 ονομα
1716 340 1747 365 τὺ

957 385 1204 420 μνημονευόμενον,
1236 385 1295 412 ἀλλ’
1319 385 1402 412 αὐτοῦ
1414 393 1445 419 γε
1459 386 1505 412 καὶ
1524 386 1604 420 μόνου
1635 387 1705 413 κατά
1719 395 1745 413 τι

957 432 1058 466 κράτος
1070 431 1229 466 ἀρχοντικδν
1243 431 1289 457 καὶ
1304 431 1497 458 αὐτοδέσποτον
1516 432 1610 466 ὖνομα.
1640 428 1747 466 Ἀφ’ὧν

957 479 1004 504 καὶ
1024 477 1109 504 πολλὰ
1120 478 1285 509 δεσποτικῶς
1299 477 1499 513 ἀφαιρούμενος
1526 480 1582 509 τοῖς
1612 479 1745 513 στρατιώ-

958 532 1018 554 ταις
1031 524 1168 558 παρεῖχεν,
1183 524 1308 558 ἁσμένως
1323 525 1376 550 τῶν
1398 524 1512 559 ἐχόντων
1526 524 1746 559 κατατιθεμένων

958 579 994 596 πα
1001 570 1024 604 ρ⁹
1038 571 1128 596 αἰτίαν
1138 569 1238 605 ταύτην
1249 571 1288 597 ὅτι
1299 570 1429 601 τοιούτοις
1451 571 1556 606 καιροῖς
1584 571 1748 605 ἐμπεσόντες

958 617 989 642 οὺ
1005 616 1040 641 τὰ
1051 616 1223 650 προσήκοντα
1241 617 1296 647 τοῖς
1309 617 1414 652 καιροῖς
1427 617 1556 651 ἔπασχον,
1575 616 1631 643 ἀλλ’
1648 617 1748 644 ἄσκυλ-

959 669 998 686 τοι
1019 660 1143 695 διέμενον
1170 662 1217 687 καὶ
1245 662 1387 697 ἀτάραχοι.
1417 662 1528 696 Πρῶτον
1542 662 1571 696 ,δ’
1592 660 1627 697 ἦν
1645 662 1748 688 ἐκείνου

960 709 1141 741 στρατήγημα
1155 708 1184 733 τὺ
1198 708 1258 734 ἐκεῖ
1271 717 1322 734 που
1337 708 1379 734 τδν
1404 708 1516 742 ἀδελφὸν
1540 707 1587 735 τοῦ
1618 708 1750 742 βασιλέως

960 752 1099 786 Θεόδωρον
1113 753 1286 787 διατρίϐοντα
1297 754 1454 780 ἀποστεῖλαι
1467 754 1530 784 τοὺς
1545 754 1730 788 κατασχόντας
1741 762 1749 769 ·

961 798 989 824 ὃν
1005 798 1035 832 δὴ
1053 798 1100 824 καὶ
1120 799 1301 833 κατασχόντες
1319 799 1357 833 τῷ
1384 799 1444 825 κατ’
1475 798 1592 833 Ἔφεσον
1628 799 1750 834 φρουρίῳ

962 842 1090 877 φέροντες
1125 843 1345 876 ἐγκατέκλεισαν.
1375 844 1497 871 Ἔπειτα,
1521 845 1569 879 τὴν
1608 845 1751 878 στρατείαν

962 888 1112 920 ἀναλαῦὼν,
1129 889 1323 924 συνεωσμένων
1342 889 1416 923 σφίσι
1433 890 1497 925 παρ’
1513 890 1606 916 ἐλπίδα
1620 891 1667 916 καὶ
1695 890 1750 916 τῶν

962 935 1153 970 πραγμάτων,
1183 936 1212 961 ὲν
1246 937 1301 966 τοῖς
1327 936 1397 962 κατὰ
1417 935 1559 970 Νύμφαιον
1587 936 1679 966 τόποις
1705 926 1752 969 ἅμ’

963 981 1113 1015 ηὐλίζοντο.
1128 981 1181 1007 Καὶ
1195 981 1227 1017 δὴ
1248 982 1403 1016 συνεκρότει
1421 982 1469 1016 μὲν
1494 983 1556 1013 τοὺς
1586 982 1679 1010 ἱππεῖς
1705 983 1752 1007 καὶ

963 1028 1128 1063 φιλοτιμίαις
1149 1029 1249 1064 ἦγαλλε
1265 1030 1376 1059 πάσαις.
1393 1029 1455 1058 τοὺς
1470 1027 1498 1053 δὲ
1520 1036 1551 1061 γε
1570 1027 1668 1059 πεζοὺς
1694 1028 1754 1054 ἐπι-

963 1073 1049 1107 ὃήσας
1065 1074 1154 1099 ἵππων
1170 1073 1277 1104 ἱκανοὺς
1288 1073 1397 1104 ὁπλίτας
1413 1072 1615 1106 ἐξητοιμάζετο.
1626 1071 1753 1105 Ἀςρεώρα

963 1118 990 1144 δὲ
1008 1119 1055 1145 καὶ
1069 1119 1137 1154 πρὸς
1151 1120 1213 1151 τοὺς
1227 1119 1354 1154 ἀλλαχόθι
1370 1118 1596 1153 ἡγεμονεύοντας.
1611 1118 1657 1144 καὶ
1674 1118 1753 1143 ἐσκό-

963 1211 1093 1247 pulat'ent
1122 1211 1222 1242 praeter
1249 1207 1401 1234 exercitqu
1434 1212 1487 1233 tam
1517 1214 1696 1234 numerosum
1724 1214 1755 1232 ac

964 1251 1063 1280 fortem
1087 1258 1187 1287 przesto
1217 1260 1278 1280 esse
1305 1252 1540 1287 Philanthropeno
1586 1256 1695 1285 paratas
1721 1253 1753 1278 ait

965 1303 1076 1331 nutum,
1090 1303 1116 1326 et
1129 1300 1237 1333 signum
1253 1299 1333 1326 modo
1348 1299 1474 1326 veniendi
1491 1301 1696 1332 exspectantes,
1711 1305 1755 1322 va-

968 1345 1119 1372 lidissimas
1135 1353 1150 1372 e
1164 1344 1276 1372 Perside
1297 1346 1404 1379 copias;
1430 1345 1530 1378 quibus
1551 1343 1584 1370 ad
1611 1343 1776 1379 rebellium.

965 1392 1114 1420 factionem
1133 1392 1296 1427 aggregatis,
1313 1391 1358 1418 ubi
1375 1396 1546 1426 reperturus,
1564 1390 1635 1428 unde
1656 1381 1755 1424 petitu-

966 1447 1014 1466 I‘US
1041 1443 1199 1473 διιθι-ιιτιιιιιιη
1229 1439 1378 1474 imperator
1404 1443 1535 1473 quantum
1557 1441 1616 1464 t‘l‘ill
1643 1444 1754 1463 necesse

966 1483 1064 1510 virium
1087 1483 1258 1514 idonearum,
1281 1487 1310 1510 ut
1335 1487 1427 1517 posset
1451 1483 1476 1509 in
1496 1487 1619 1515 tempore
1634 1481 1754 1508 obsisti?

967 1529 1107 1557 Exstincla
1120 1530 1147 1556 in
1165 1529 1198 1556 iis
1214 1529 1279 1556 locis
1295 1534 1354 1556 erat
1371 1529 1518 1555 auctoritas
1530 1527 1619 1555 omnis
1637 1527 1754 1560 imperii,

970 1583 1126 1609 nomenque
1150 1577 1335 1609 Augustorum
1361 1574 1471 1602 nonnisi
1497 1574 1529 1600 ad
1555 1573 1701 1600 ludibrium
1731 1577 1759 1599 et

971 1622 1162 1650 contumeliam
1180 1621 1391 1649 memorabatur.
1410 1620 1486 1648 Unus
1506 1620 1570 1650 dux.
1593 1627 1664 1645 unus
1681 1619 1757 1653 prin-

972 1675 1037 1702 ceps
1065 1667 1315 1702 Philantltropenus
1341 1666 1542 1695 celebrabatur.
1571 1672 1652 1698 penes
1678 1671 1759 1697 quem

973 1721 1081 1740 summa
1100 1713 1208 1747 imperii
1230 1721 1280 1739 usu
1298 1712 1358 1746 ipso
1381 1711 1537 1749 residebat,
1562 1713 1702 1743 utcunque
1717 1708 1762 1735 ille

973 1759 1094 1786 nondum
1105 1758 1213 1785 titulum
1227 1762 1273 1784 aut
1285 1757 1402 1795 insignia
1415 1755 1587 1790 imperatoris
1598 1753 1762 1788 asSumpsis-

973 1809 1025 1832 set.
1049 1807 1134 1831 Arces
1156 1804 1250 1830 limitis
1267 1803 1352 1834 illius,
1371 1810 1439 1837 quas
1463 1802 1604 1829 ﬁduciario
1629 1800 1762 1826 hactenus

972 1852 1033 1887 jure
1049 1851 1087 1878 uti
1105 1851 1138 1877 ab
1158 1850 1281 1885 Augusto
1298 1849 1461 1876 couunissas
1482 1851 1617 1877 tenuerat,
1634 1853 1687 1880 quo
1704 1845 1760 1879 jam

975 1897 1025 1924 sibi
1041 1896 1149 1931 proprie
1160 1900 1305 1926 assereret,
1318 1888 1443 1921 deductis
1458 1893 1522 1920 inde
1538 1891 1676 1918 veteribus
1692 1898 1761 1925 prae-

975 1943 1053 1970 sidiis
1071 1949 1156 1969 novos
1174 1941 1256 1976 220
1276 1939 1407 1974 imposuit.
1421 1947 1435 1965 e
1450 1939 1501 1966 sibi
1523 1938 1574 1964 tida
1590 1937 1689 1964 militia
1713 1942 1764 1963 Cu—

977 1988 1083 2016 stodes.
1106 1987 1137 2014 ln
1169 1986 1352 2018 niunasteriis,
1380 1992 1439 2019 qum
1467 1984 1556 2010 obiter
1585 1985 1764 2009 occurrerent

978 2035 1055 2069 (sunt
1078 2037 1168 2060 autern
1190 2033 1218 2059 in
1245 2032 1299 2059 illis
1322 2031 1456 2058 tractibus
1477 2029 1562 2057 multa
1589 2033 1615 2056 et
1633 2028 1762 2060 maxima)

977 2081 1068 2108 omitti
1086 2079 1200 2114 jubebat
1215 2079 1286 2105 inter
1303 2085 1380 2105 sacra
1398 2077 1507 2104 solitam
1524 2074 1689 2102 mentionem
1711 2074 1765 2100 Au-

978 2131 1132 2162 gnatorum,
1153 2132 1289 2160 suumque
1316 2127 1345 2151 ut
1371 2123 1471 2150 nemini
1495 2121 1611 2156 subjecti
1635 2119 1765 2154 principis

979 2172 1126 2200 memorari
1149 2179 1246 2198 nomen
1272 2170 1417 2198 mandabat
1438 2169 1512 2196 nullo
1536 2167 1654 2194 audente
1677 2166 1767 2193 detre—

978 2223 1062 2246 ctare.
1083 2217 1152 2251 Quid
1167 2218 1239 2245 enim
1254 2222 1348 2245 contra
1370 2217 1511 2244 hiscereut‘
1531 2215 1651 2242 inermes
1667 2218 1765 2241 asceta:

133 2260 331 2287 adminiﬂrare
345 2260 460 2287 arbitrio
475 2268 529 2295 pra:
542 2268 572 2287 se
585 2259 680 2287 ferret.
694 2259 821 2287 Nondum
834 2263 926 2286 tamen
944 2272 965 2299 ι)
981 2263 1112 2290 adversus
1123 2263 1241 2290 edictum
1261 2267 1338 2290 tanto
1358 2261 1520 2290 circumfusi
1537 2261 1658 2288 exercitu
1676 2260 1766 2292 ducis,

134 2307 250 2333 titulum
284 2306 400 2341 Augusti
431 2307 473 2333 vel
506 2305 625 2341 insignia
662 2304 769 2340 imperii
804 2305 925 2337 admisit,

134 2352 328 2387 quamtnmvis
354 2352 406 2379 hoc
421 2359 484 2378 eum
510 2355 540 2378 ut
561 2350 663 2378 iaceret
679 2351 812 2385 prmeipui
829 2350 927 2378 ducto-

137 2406 186 2425 res
208 2398 337 2425 ordinuu-
363 2397 437 2424 omni
460 2405 511 2430 ope
532 2404 629 2432 cogere
651 2397 795 2423 tentarint.
812 2395 927 2428 Tamen,

140 2447 169 2470 at
186 2443 257 2474 dixi.
281 2443 415 2476 auspiciis
438 2446 540 2469 cuncta
568 2443 627 2470 suis
644 2443 725 2470 unius
743 2450 838 2478 gerere
853 2443 931 2471 dein-

142 2496 206 2524 :eps
219 2489 330 2521 institit,
353 2496 440 2522 eaque
455 2488 541 2515 libere
555 2496 588 2516 ac
601 2489 690 2523 palam
708 2496 770 2516 sese
786 2494 931 2516 auctorare

141 2540 290 2566 :totestate,
317 2542 413 2569 quam,
430 2540 460 2561 ut
476 2534 542 2561 nulli
562 2535 703 2561 hominum
719 2539 858 2568 acceptam
879 2535 932 2560 lcr-

141 2586 196 2614 ret,
218 2582 255 2610 ita
276 2581 337 2617 ejus
363 2589 429 2608 usus
445 2580 591 2608 reddendae
606 2580 735 2615 cuiquam
754 2580 859 2607 rationi
878 2580 931 2606 mi-

142 2627 219 2655 nime
235 2628 374 2655 obnoxius
390 2626 476 2653 videri
497 2626 588 2653 vellet.
605 2625 668 2653 Haec
684 2633 733 2660 per
753 2626 815 2652 illos
830 2625 932 2652 limita-

142 2681 213 2700 neos
234 2678 338 2700 tractus
356 2676 414 2699 tum
431 2672 542 2699 noritas
558 2671 668 2706 vulgata
687 2678 813 2705 magnam
831 2669 932 2704 passim

143 2720 399 2746 consternationem
415 2718 517 2745 attulit.
532 2717 772 2744 Caborrescebant
790 2716 862 2744 haud
884 2715 935 2742 du-

143 2765 189 2793 bie
213 2767 293 2800 periti
314 2772 409 2792 rerum
437 2771 543 2796 omnes,
559 2768 587 2791 et
611 2763 693 2790 minis
718 2763 853 2790 malorum
875 2770 936 2796 quae

144 2819 179 2838 ex
195 2815 248 2838 tam
263 2811 366 2846 potenti
381 2810 572 2845 canjuratione
584 2809 612 2836 in
624 2808 776 2836 Romanum
791 2808 934 2843 imperiunm

144 2863 280 2893 eruptura
294 2859 359 2893 jure
372 2858 548 2888 timerentur,
566 2863 653 2890 usque
669 2856 701 2882 ad
717 2855 936 2890 desperationem

146 2903 243 2932 salutis
261 2903 379 2938 publica:
407 2902 650 2930 conturbabantur.
672 2901 789 2928 maxime
807 2908 870 2927 cum
894 2907 937 2927 re-

980 2310 1025 2345 qui
1046 2317 1076 2337 se
1088 2309 1229 2337 dominum
1248 2309 1383 2340 omnium,
1403 2316 1437 2336 ne
1454 2308 1540 2335 sacris
1556 2307 1667 2341 quidem
1685 2313 1767 2332 cxce-

981 2357 1045 2392 ptis,
1057 2357 1148 2391 reipsa
1162 2357 1305 2392 probabat,
1323 2355 1408 2383 multa
1423 2354 1525 2389 passim
1541 2362 1556 2381 e
1572 2353 1708 2381 coenobiis
1719 2359 1769 2379 au-

981 2404 1071 2432 ferens
1082 2410 1143 2438 qua:
1156 2403 1287 2430 militibus
1301 2402 1457 2436 largiretur,
1471 2399 1613 2428 monachis
1641 2406 1775 2433 quaecum

983 2458 1035 2485 que
1052 2450 1236 2484 poscebantur
1256 2449 1372 2475 libenter
1395 2446 1570 2473 tradentibus
1583 2465 1590 2478 ,
1611 2445 1674 2471 dum
1692 2451 1775 2478 repu-.

982 2497 1077 2523 tabant
1098 2504 1147 2529 pro
1170 2495 1329 2522 comlitione
1349 2499 1503 2528 temporum
1532 2499 1631 2526 parvas
1652 2491 1720 2518 istas
1744 2495 1774 2516 et

984 2542 1141 2570 tolerabiles
1157 2541 1252 2568 haberi
1266 2541 1365 2567 debere
1377 2540 1512 2574 jnctnras,
1525 2538 1559 2565 iis
1576 2537 1671 2572 utique
1683 2535 1777 2571 quiut.

987 2589 1041 2624 ipsi
1059 2589 1127 2615 locis
1144 2587 1313 2621 periufeslis,
1335 2586 1404 2613 adeo
1424 2585 1580 2612 turbulenta
1599 2585 1776 2616 tempestate,.

986 2634 1126 2668 inspoliati
1143 2634 1277 2660 hactenus
1296 2633 1323 2659 in
1338 2635 1411 2659 statu
1428 2630 1495 2659 satis
1512 2629 1659 2664 tranquillo
1677 2634 1773 2662 perse-

986 2685 1121 2708 verarent.
1141 2680 1262 2707 Primum
1285 2686 1378 2714 porro,
1404 2682 1548 2712 postquam
1577 2673 1772 2702 rebellaverat,

986 2725 1215 2760 Philanthropeni
1245 2725 1372 2753 bellicum
1399 2723 1507 2750 facinus
1533 2720 1583 2747 fuit
1599 2718 1708 2746 mittere
1726 2715 1773 2751 qui

988 2773 1250 2807 comprehenderent
1269 2770 1442 2798 Theodorqu
1459 2765 1633 2802 imperatoris
1651 2763 1772 2792 fratrem.

988 2820 1016 2846 in
1032 2818 1131 2845 vicinia
1145 2822 1202 2844 tum
1216 2817 1285 2844 forte
1300 2819 1527 2844 commorautcm,
1541 2818 1621 2847 quem
1636 2809 1662 2837 iu
1681 2816 1775 2836 arcem

990 2865 1164 2899 deportatum
1184 2863 1216 2890 ad
1236 2862 1373 2897 Ephesum
1389 2860 1470 2887 sitam
1488 2859 1536 2885 ibi'
1547 2855 1682 2884 custodiri
1698 2855 1776 2881 clau-

991 2919 1051 2940 sum
1071 2910 1161 2944 jussit.
1187 2909 1255 2937 llinc
1274 2908 1407 2943 protrusis
1423 2907 1479 2940 jam
1499 2906 1568 2932 ultra
1589 2910 1668 2939 quam
1687 2902 1777 2937 primo
