1944 3061
122 127 185 159 2ίῦ

566 130 614 158 DE
630 129 852 159 ANDRONICO
872 129 1103 159 PALEOLOGO
1120 130 1193 159 LIB.
1213 130 1270 160 IlI.

1721 126 1773 156 2ίῦ

123 183 230 210 ἐλπίδι
250 184 356 218 μαθὼν,
372 184 409 218 τῷ
432 184 536 218 βασιλεῖ
563 185 774 218 καθοσιούμενος
806 184 844 214 ὡς
866 183 929 216 παρ’
945 187 965 214 Α
982 184 1012 209 τὸ
1028 184 1167 218 παράπαν.
1188 185 1279 218 Ἔγνω
1291 183 1357 218 γοῦν
1376 183 1460 214 ἄλλως
1482 184 1516 209 τὰ
1531 183 1682 217 πράγματα
1710 190 1773 215 μετ-

124 228 218 257 αὐτοῦ
234 229 373 263 τιμηθεὶς,
394 230 422 256 ἐν
438 230 577 264 φροντίσιν
590 227 623 263 ἦν
644 229 691 256 καὶ
703 229 766 263 περὶ
783 230 839 259 τοῖς
857 228 927 259 ὅλοις

123 275 240 301 ἐδεδίει.
261 275 315 301 Ποῦ
334 276 389 310 γὰρ
402 274 475 310 εἶχεν
488 277 589 307 ἐκεῖνος
604 276 818 311 ἀναρῤιφῦἐντος
835 275 928 301 τοσού-

125 329 181 347 του
198 321 326 349 κινδύνου
343 321 411 355 πρὸς
425 322 502 349 τόσον
522 322 652 356 στρατιᾶς
668 321 827 354 ἀντιστῆναι
857 320 927 354 πλῆο

126 365 199 397 οος;
219 366 251 392 Et
267 366 290 392 δ’
305 366 362 398 οὖν,
375 367 433 393 ἀλλ’
447 368 471 394 εί
487 368 534 393 καὶ
551 367 710 400 συμπλοκὰς
724 366 823 392 ἐνενόει
839 365 926 400 μόλις,

128 413 143 437 ὁ
162 411 230 446 γοῦν
246 412 373 439 ἐντεῦθεν
387 412 511 443 κίνδυνος
525 411 602 438 οὔπω
625 412 765 438 συστᾶσαν
782 411 830 445 τὴν
863 412 927 445 περὶ

127 457 238 483 τούτων
258 458 364 483 ἔννοιαν
377 457 448 484 ἔλυε.
467 458 558 491 Χιυρὶς
573 458 627 491 γὰρ
646 457 698 482 τῶν
724 458 756 483 ὲκ
776 457 827 490 τῆς
859 456 926 482 Ῥω-

129 502 232 536 μαῑδος
249 502 405 536 δυνάμεων,
425 502 455 528 τὺ
475 502 541 536 περὶ
565 503 669 528 ἐκεῖνον
692 501 825 536 Περσικὸν
847 501 926 535 μόνον

129 548 181 574 καὶ
196 547 302 580 ξενικὸν
314 547 443 582 ἀποχρῶν
455 545 527 574 εἶναι
544 547 612 581 πρὸς
624 547 687 578 τοὺς
699 547 763 582 περὶ
782 546 863 573 αὑτὸν
888 548 928 579 εἰς

129 592 316 626 ἀνταγώνισιν
342 593 421 627 ᾤετο,
450 593 520 619 ὥστε
551 593 614 627 μηδ’
635 592 786 626 ὑποστῆναι
816 591 927 622 τούτους

129 637 273 671 φανέντων
284 638 408 664 ἐκείνων.
423 637 528 670 ’Ἄλλως
547 646 576 663 τε
593 637 621 664 δὲ
637 637 683 663 καὶ
695 637 820 672 φοϐερῶν
836 637 925 662 τοιού-

130 691 189 708 των
216 683 374 716 ἁψαμένους
402 682 524 713 ἐκείνους
546 682 619 713 εἰκὸς
639 680 772 708 εἶναικαὶ
798 681 868 715 ὑπὲρ
898 681 928 707 τὸ

129 729 194 755 ὂέον
211 728 397 764 ἀνδρίζεσθαι,
411 728 449 759 ὡς
459 729 508 763 τῆς
524 728 609 763 ἥττης
622 728 736 762 ἐχούσης
761 727 809 753 καὶ
836 726 928 753 κίνδυ-

131 783 191 801 νον.
213 776 275 800 Δεῖν
288 775 311 801 δ’
327 773 398 801 εἶναι
423 775 469 801 καὶ
497 775 559 806 τοὺς
587 774 751 804 ἀντιπάλους
779 772 926 806 τοιούτους,

130 817 170 848 ὡς
190 817 251 852 ἴσας
264 817 364 853 ὑσμίνῃ
381 818 431 849 τὰς
447 818 569 851 κεφαλὰς
597 817 736 851 γίνεσθαι·
770 816 839 844 ἀλλὰ
861 825 929 852 συμ-

983 229 1080 262 ελοεῖν,
1099 230 1147 256 καὶ
1163 230 1259 264 θράσει
1282 230 1329 256 καὶ
1344 229 1440 264 πλήθει
1464 231 1512 255 καὶ
1537 229 1683 263 παραλόγῳ
1707 236 1772 262 φρο-

982 277 1083 309 νήματι
1097 276 1124 301 ἒν
1136 276 1297 310 ἀντιστῆσαι
1310 276 1340 302 τὸ
1359 276 1485 310 μέγιστον
1501 275 1618 306 σύνεσιν,
1644 274 1681 304 ὡς
1708 274 1772 305 ἴσως

982 322 1054 349 οὕτω
1067 323 1115 349 καὶ
1129 323 1264 355 ὲξανύσων
1277 323 1328 350 κᾶν
1338 324 1368 349 οὺ
1391 323 1420 349 τὸ
1443 323 1563 357 σύμπαν,
1580 321 1649 348 ἀλλά
1671 330 1696 347 τι
1724 321 1771 346 καὶ

983 369 1105 403 μερικόν.
1124 369 1177 394 Καὶ
1199 369 1298 395 αὐτίκα
1318 369 1420 394 στέλλει
1441 369 1568 404 μὲντοὺς
1591 366 1772 400 ἀγγελοῦντας

981 415 1011 439 τὸ
1027 414 1133 450 σκμδὰν
1152 415 1220 449 πρὸς
1235 416 1281 441 τὸν
1301 415 1425 449 βασιλέα,
1442 415 1543 440 στέλλει
1560 414 1583 439 δ’
1605 414 1633 439 ὲν
1648 412 1770 446 ἀποῂρψ

981 468 1038 490 τοις
1050 461 1096 485 καὶ
1107 460 1175 494 πρός
1191 468 1266 492 τινας
1282 461 1335 486 τῶν
1352 460 1507 495 Κρητικῶν,
1522 459 1568 490 οὒς
1590 460 1649 494 ᾔδει
1662 458 1770 484 δοκοῦν-

981 513 1039 538 τας,
1054 503 1091 532 ὦν
1106 507 1119 532 ό
1131 506 1289 541 Χορτὰτζης
1301 508 1463 541 προέφερεν,
1488 505 1641 539 ἀμνηστίαν
1665 512 1694 529 τε
1721 512 1770 529 κα-

982 551 1038 577 κῶν
1053 551 1128 586 παρὰ
1142 551 1189 577 τοῦ
1205 552 1367 586 κρατοῦντος
1383 552 1459 586 σφίσι
1481 551 1607 585 γενέσθαι
1623 550 1769 582 διομνύμε-

981 604 1025 626 νος
1043 596 1089 622 καί
1106 604 1137 629 γε
1153 596 1435 631 προσφιλοτιμηθῆναι
1448 596 1482 622 τὰ
1506 595 1632 629 μέγιστα,
1655 594 1687 629 ἦν
1717 603 1768 619 που

981 641 1028 667 καὶ
1045 642 1209 676 στραφέντες
1224 642 1483 676 μεταὸουλεύσαιντο
1494 641 1538 667 καὶ
1556 641 1596 671 εἰς
1609 639 1769 674 συμπλοκὴν

981 686 1061 720 δῆθεν
1077 688 1247 720 παραστάσει
1261 687 1379 721 πολέμου
1393 687 1540 721 παραδοῖεν
1551 687 1598 712 τὸν
1614 686 1770 719 ἀποστατή-

983 741 1067 758 σαντα
1079 740 1085 746 “
1106 732 1194 764 δόξειν
1209 733 1264 767 γὰρ
1276 733 1398 759 ὲντεῦοεν
1418 733 1464 759 καὶ
1482 732 1602 766 ἀγαθοὺς
1627 732 1675 757 καὶ
1701 732 1769 765 πρὸς

983 777 1093 811 βασιλέα
1105 779 1225 808 πιστοὺς,
1238 779 1284 804 καὶ
1299 779 1327 809 ὲς
1337 779 1350 804 ὃ
1359 786 1385 804 τι
1403 778 1451 813 μὲν
1467 779 1513 805 καὶ
1530 779 1673 812 πέπρακτο
1685 778 1770 803 ἀκου-

982 823 1045 852 σίως
1067 823 1285 855 ἀναγκασθέντας
1307 824 1516 858 καθυπαχθῆναι
1548 825 1580 858 τῇ
1600 823 1648 850 τοῦ
1674 821 1769 856 καιροῦ

132 863 241 889 δ²ίνί¹ν
258 863 296 898 μὴ
316 861 387 890 εἶναι
404 864 538 893 τοιούτους
566 863 596 895 ἐξ
618 863 785 896 ἀναγκαίων.
809 863 857 888 καὶ
878 862 927 896 μά·
945 865 965 891 Β
980 869 1063 903 ῥύμῃ,
1086 869 1123 904 μὴ
1133 869 1243 904 ἔχοντας
1259 871 1415 896 ἀντιτείνειν
1449 871 1497 897 καὶ
1517 869 1641 896 τοσοῦτον
1669 868 1771 902 πλῆθος

132 908 206 934 ὶισθ*
220 910 262 936 ὅτι
278 910 407 944 πολέμοις
420 909 561 944 ἐμφυλίοις
576 909 657 943 ὁμόσε
666 910 762 944 χωρεῖν
777 909 832 934 οὐδ’
843 909 929 935 οἴδασι

137 1004 279 1032 metuens,
296 1000 323 1026 in
343 1007 442 1034 magna
468 1003 525 1027 tum
542 998 732 1027 sollicitudine
744 1003 801 1026 tum
815 999 930 1026 incerti—

137 1046 238 1074 tudine
251 1047 363 1077 consilii
379 1046 549 1081 iactabatur,
564 1053 657 1073 secum
679 1046 761 1072 anxie
771 1045 930 1080 disquirens

140 1093 188 1119 nhi
206 1093 354 1127 reperiret,
374 1093 446 1123 unde
463 1097 511 1119 aut
525 1092 637 1127 quando
667 1092 819 1127 colligeret,
842 1099 932 1119 arma-

140 1144 194 1171 ret,
212 1143 332 1174 quantas
345 1146 465 1173 praesens
482 1147 550 1167 usus
560 1140 691 1174 poscebat
707 1139 775 1166 satis
795 1139 890 1167 lirmas
904 1146 931 1166 rt

140 1187 312 1214 exercitatas
328 1188 435 1220 copias,
457 1195 519 1221 quae
536 1190 614 1214 tanto
634 1186 769 1217 exercitui
799 1186 932 1220 conjura-

142 1239 235 1261 torum
250 1234 308 1268 jam
323 1233 467 1268 procinctu
481 1233 515 1262 ad
534 1233 656 1268 praelium
672 1241 735 1260 cum
750 1241 798 1267 spe
811 1233 932 1261 victoria:

141 1285 363 1315 opponerentur.
391 1280 492 1308 Vide-Is
514 1287 598 1316 porro
616 1287 700 1314 quam
717 1284 792 1309 esset
819 1287 933 1307 necesse

143 1326 312 1359 perniciosis
321 1326 465 1360 principiis
479 1327 539 1354 sine
550 1334 625 1357 mora
638 1326 760 1358 obstare,
775 1333 846 1360 mgre
859 1327 931 1356 licet.

144 1377 237 1401 tamen
253 1371 421 1399 efferebatur
434 1373 461 1403 in
475 1374 648 1407 prqpoisitum
662 1372 824 1401 occurrendi
837 1377 932 1398 coulta

143 1422 258 1445 strenue
277 1418 392 1452 acieque
415 1426 476 1446 cum
504 1419 653 1449 rebellibus
680 1418 856 1447 decernendi.
881 1418 932 1444 Sed

144 1466 237 1496 istam,
251 1469 399 1499 antequam
416 1466 498 1500 plene
511 1465 623 1494 sideret.
639 1467 805 1494 sententiam
827 1465 933 1498 gravis-

144 1511 221 1538 sima:
242 1511 365 1545 undique
381 1511 409 1538 in
426 1511 678 1538 considerationem
693 1511 869 1538 incurrentes
887 1519 932 1536 ra-

144 1558 236 1585 tiones
257 1557 411 1586 diluebant.
429 1557 585 1592 Beputabat
599 1558 673 1585 enim
690 1558 762 1591 apud
776 1565 806 1584 se
821 1557 933 1585 [’iliiatl-

146 1603 323 1637 thropenum,
335 1603 464 1636 sepositis
474 1603 570 1635 etiam,
586 1610 655 1636 quas
673 1603 725 1629 sub
741 1602 828 1636 signis
838 1611 934 1629 nurne-

147 1654 232 1680 raret,
249 1650 377 1683 plurimis
394 1653 419 1676 et
432 1649 588 1684 praevalidis
608 1649 740 1677 Romanis
756 1649 853 1682 copiis,
871 1657 933 1675 cum

148 1696 215 1723 solis
236 1703 306 1730 quos
327 1703 419 1723 secum
437 1696 552 1723 duceret
573 1697 754 1724 auxiliaribus
772 1696 865 1723 Persis
883 1703 942 1735 cas:

147 1746 263 1776 teraque
290 1742 434 1777 peregrina
452 1742 561 1773 militia,
590 1742 671 1770 facile
697 1749 776 1776 posse
803 1742 935 1776 repellere

146 1789 258 1822 quosvis
270 1796 383 1817 suorum
395 1795 426 1815 ac
435 1796 502 1816 suos
519 1790 648 1822 impetus,
659 1788 726 1822 quin
737 1793 764 1815 et
784 1788 933 1820 debellare,

147 1835 295 1869 delereqtte
311 1837 443 1869 quantum
462 1834 520 1867 ipse
532 1834 559 1861 in
571 1834 700 1868 expedito
716 1834 834 1861 militum
855 1834 936 1861 babe-

147 1885 200 1912 ret,
227 1881 263 1906 ita
290 1885 320 1906 ut
337 1880 380 1907 sui
407 1888 443 1908 ne
466 1880 586 1914 primum
610 1880 721 1914 quidem
754 1884 934 1914 conspectum

147 1929 370 1960 comparatorum
385 1933 417 1952 ex
435 1924 554 1953 adverso
573 1925 654 1959 223
672 1924 934 1958 Philanthropeniar

147 1979 258 2003 norum,
274 1972 375 2000 nedum
394 1971 448 1998 vim
463 1975 544 2005 atque
558 1971 699 1998 incursum
718 1970 798 1997 laturi
812 1971 936 1999 videt-en.-

147 2025 201 2048 tur.
227 2019 322 2054 Atque
344 2018 382 2051 id,
411 2018 521 2048 etiamsi
539 2017 647 2048 numeri
668 2018 755 2044 solius
785 2017 935 2045 haberetur

147 2066 227 2097 ratio,
245 2073 296 2092 nec
313 2064 463 2099 quidquam
476 2064 704 2093 extraordinariae
720 2063 891 2092 fortitudinis
906 2064 933 2091 in

148 2113 180 2143 iis
196 2112 375 2146 cogitaretur,
390 2119 461 2146 quos
475 2111 741 2145 ultroaggredientes
752 2118 807 2137 rem
819 2110 936 2139 maxime

148 2156 356 2187 formidolosam
382 2161 408 2186 et
428 2157 554 2187 arduam,
573 2156 624 2183 hoc
639 2156 699 2190 ipso
723 2163 806 2190 supra
825 2154 934 2183 modum

981 914 1020 945 si;
1052 915 1202 949 μεταϐολὰς
1231 915 1486 950 παρακεκινημένον
1519 916 1659 950 ἐπισχεῖν,
1685 914 1716 940 τὸ
1741 914 1770 940 ss

986 1002 1114 1030 vincendi
1142 1005 1348 1031 contentionem
1379 1005 1466 1039 prima
1494 1005 1595 1038 quavis
1623 1004 1771 1031 Occasione

983 1047 1161 1076 adhibituris.
1184 1049 1337 1077 Accedebat
1360 1050 1433 1084 quod
1449 1049 1490 1077 sui
1513 1057 1654 1084 nunquam
1673 1049 1726 1076 nisi
1743 1049 1769 1075 in

983 1093 1117 1121 barbaros
1137 1095 1241 1125 educti.
1260 1104 1311 1123 nsu
1341 1096 1418 1123 nullo
1436 1096 1559 1123 valerent
1588 1096 1678 1123 civilis
1694 1095 1769 1122 belli.

985 1140 1051 1168 Esse
1069 1146 1160 1168 autem
1191 1142 1218 1169 in
1240 1142 1468 1176 Philamhropeni
1484 1142 1583 1169 castris
1603 1141 1768 1176 pra-cipuum

985 1186 1071 1214 robur
1099 1186 1236 1221 legionum
1263 1187 1465 1216 Romanorum.
1495 1188 1618 1220 Quarum
1632 1195 1686 1214 una
1708 1195 1769 1214 cum

984 1233 1075 1260 Persis
1086 1237 1113 1260 ct
1130 1234 1192 1261 aliis
1204 1234 1384 1262 auxiliaribus
1399 1236 1506 1262 caneris
1519 1236 1655 1261 ruentium
1673 1235 1700 1261 in
1719 1243 1770 1261 nn-

985 1284 1070 1310 stios,
1087 1284 1270 1314 praeterquam
1287 1280 1442 1313 pauciores,
1467 1280 1549 1308 etiam
1575 1281 1771 1307 inexercitatos

985 1324 1106 1353 ferendis
1123 1326 1282 1354 incursibus
1307 1328 1364 1360 pari
1393 1334 1487 1354 secum
1515 1334 1655 1354 armorum
1672 1335 1771 1361 gernere

986 1371 1132 1403 utentium,
1152 1372 1213 1406 quis
1227 1379 1282 1400 non
1305 1372 1395 1400 videat
1414 1372 1620 1400 ineluctabilem
1639 1374 1770 1406 impetum

987 1416 1054 1447 fore.
1071 1417 1233 1452 clademque
1254 1426 1286 1445 ac
1313 1418 1530 1446 internecionem
1558 1418 1682 1446 ultimam
1708 1419 1772 1445 inde

986 1469 1062 1489 certo
1075 1468 1232 1491 secuturam
1249 1465 1401 1496 exercitus,
1416 1472 1472 1499 quo
1487 1472 1541 1491 uno
1557 1466 1692 1492 niteretur
1709 1472 1771 1498 spes

988 1512 1053 1535 tunc
1069 1509 1197 1538 universa
1212 1511 1311 1539 salutis
1327 1511 1435 1544 imperii
1451 1518 1482 1537 ac
1494 1511 1651 1544 reipublica:
1662 1511 1673 1536 ?
1685 1511 1772 1544 Igitur

986 1555 1066 1582 aliam
1090 1555 1204 1583 omnino
1219 1564 1233 1583 a
1256 1556 1454 1584 commissione
1473 1564 1612 1583 armorum
1641 1557 1772 1583 audin-ia-

986 1609 1040 1635 que
1058 1602 1222 1636 confligendi
1252 1603 1397 1631 iucundam
1427 1603 1478 1630 sibi
1509 1610 1571 1629 esse
1602 1603 1664 1630 belli
1689 1603 1771 1637 hujus

987 1647 1197 1680 administrandi
1215 1648 1359 1677 rationem.
1378 1649 1444 1676 Arte
1467 1656 1563 1683 nempe
1577 1656 1609 1675 ac
1627 1648 1771 1683 prudentia

986 1695 1166 1728 grassandum
1183 1704 1189 1721 :
1212 1702 1273 1721 nam
1291 1695 1347 1723 haec
1365 1695 1492 1722 machina
1506 1695 1626 1725 ferociae,
1644 1695 1770 1721 innititu-

987 1739 1043 1766 dini
1067 1744 1094 1766 et
1115 1740 1261 1768 temerario
1286 1741 1374 1768 furori
1407 1749 1460 1769 una
1479 1741 1582 1769 utiliter
1610 1741 1771 1775 opponitur.

988 1785 1020 1810 Et
1037 1785 1099 1819 quis
1116 1785 1168 1812 scit
1193 1793 1226 1812 an
1252 1793 1306 1813 non
1323 1791 1518 1820 strategemate
1537 1787 1670 1814 debellem
1689 1794 1770 1821 quem

986 1831 1073 1859 Marte
1089 1837 1184 1866 aperto
1202 1832 1302 1859 frustra
1320 1838 1452 1862 tentarem
1465 1833 1477 1859 ‘i
1488 1833 1568 1868 Atqui
1585 1834 1609 1860 si
1620 1833 1710 1860 minus
1722 1833 1771 1860 de-

987 1878 1138 1910 bellavero,
1152 1883 1295 1913 totamque
1325 1880 1405 1907 istam
1435 1879 1613 1907 formidanda
1644 1879 1772 1906 coitionis

988 1924 1086 1951 molem
1113 1933 1169 1951 uno
1187 1925 1263 1953 velut
1278 1926 1333 1952 ictu
1349 1926 1391 1953 sic
1405 1926 1543 1962 deiecero,
1569 1933 1682 1959 sperare
1695 1931 1771 1952 certe

988 1970 1051 1997 licet
1065 1975 1170 2005 partem
1185 1971 1244 2004 ejus
1269 1978 1312 1998 me
1335 1975 1503 2005 carptnrum,
1524 1975 1551 1997 et
1565 1970 1707 1998 dei-uendo
1723 1971 1775 1996 ali—

987 2017 1091 2050 quidde
1099 2020 1221 2048 cumulo,
1231 2017 1302 2051 quod
1314 2017 1458 2050 supererit,
1472 2016 1590 2043 debilius
1609 2015 1771 2048 faciliusque

988 2067 1118 2096 snperatu
1135 2063 1319 2090 redditurum.
1333 2063 1370 2090 ita
1386 2063 1529 2090 subductis
1540 2062 1694 2089 rationibus
1706 2068 1773 2088 con—

987 2109 1040 2136 silii
1059 2108 1128 2136 duos
1144 2109 1253 2143 expedit
1270 2117 1324 2136 uno
1338 2114 1459 2143 tempore
1473 2108 1540 2136 fidos
1554 2109 1689 2140 homines,
1704 2108 1772 2135 alte-

987 2163 1047 2181 rum
1063 2155 1109 2190 qui
1138 2155 1315 2182 rebellionem
1340 2154 1564 2188 Philanthropeni
1590 2157 1619 2180 ct
1640 2152 1773 2187 irruptio-

148 2202 267 2230 audaces
279 2206 308 2229 et
321 2203 347 2228 in
361 2203 450 2236 primo
466 2201 617 2229 certamine
627 2206 708 2228 totam
723 2206 935 2236 expromptnros
952 2203 974 2230 D
988 2209 1052 2228 nem
1067 2201 1094 2227 in
1110 2200 1300 2236 Nymphaeum,
1317 2201 1501 2229 resnondum
1522 2201 1549 2227 in
1563 2200 1626 2227 aula
1638 2200 1773 2234 cognitas,

148 2248 320 2275 ferocitatem
342 2248 481 2274 temerarii
509 2255 564 2282 quo
588 2253 702 2276 ruerent
724 2248 839 2278 furoris.
859 2253 936 2275 certo

148 2294 260 2321 deberet
275 2293 443 2331 exspectari.
462 2293 557 2326 utique
573 2300 635 2320 eum
652 2299 724 2320 esset
741 2293 808 2327 ipsis
824 2300 937 2328 perspe-

149 2339 302 2367 ctissimum
318 2344 421 2372 quanto
445 2345 496 2368 suo
513 2338 637 2372 periculo
655 2338 754 2373 primis
782 2339 937 2373 congressi-

151 2385 201 2412 bus
213 2385 403 2413 vincerentur.
422 2384 516 2418 itaque
532 2391 594 2412 cum
607 2384 843 2418 universimjuxta
864 2384 937 2418 leges

150 2431 306 2466 discipline
323 2430 451 2459 militaris
467 2430 584 2458 ofﬁcium
601 2431 707 2465 providi
725 2431 804 2457 ducis
818 2430 854 2458 sit
866 2438 938 2457 nun-

151 2485 232 2512 quam
245 2476 370 2511 objicere
389 2476 417 2504 in
433 2476 581 2507 discrimen
597 2476 739 2510 aleamqne
757 2475 843 2510 praelii
860 2484 939 2503 exer-

151 2524 234 2550 citum
254 2530 371 2550 numero
381 2527 407 2549 et
417 2530 516 2556 genere
527 2522 646 2556 capitum
663 2529 716 2549 non
736 2523 818 2549 talem
831 2523 877 2556 qui
889 2523 940 2549 ho-

152 2570 239 2601 stibus
256 2573 355 2596 contra
370 2569 486 2603 objectis
502 2577 550 2604 par
574 2569 682 2598 iuturus
708 2569 878 2599 snstiucndis
895 2577 939 2595 ve-

151 2616 307 2644 risimiliter
326 2620 464 2650 speretur,
483 2615 660 2642 manifestum
686 2623 749 2642 esse
769 2619 872 2650 quanta
889 2623 939 2642 sua

151 2661 342 2697 imprudentia
356 2661 485 2689 ordinare
508 2662 535 2688 in
551 2669 650 2696 campo
675 2661 877 2695 certaminique
894 2661 938 2688 of-

153 2708 224 2736 ferre
243 2714 316 2742 quas
329 2707 455 2734 ductaret
469 2707 562 2741 copias
587 2707 711 2739 auderet,
727 2715 790 2741 qua:
803 2714 853 2733 nec
870 2708 941 2733 mnl~

153 2754 271 2782 tiiudine
292 2760 373 2788 pares
385 2753 542 2780 necauimis
558 2760 591 2780 ac
609 2753 781 2788 pugnacitate
794 2760 940 2787 compara-

153 2799 222 2828 biles
239 2799 357 2827 hosticis
386 2798 488 2831 forent,
513 2804 540 2827 et
563 2807 680 2827 numero
706 2799 895 2834 superioribus
913 2804 941 2827 et

154 2846 228 2874 rabie
248 2845 370 2882 quadam
384 2853 417 2872 ac
429 2845 627 2879 desperationis
644 2846 777 2874 instinctu
789 2850 938 2875 extremam

986 2248 1119 2282 Augustis
1136 2248 1254 2279 nuntiet,
1270 2247 1386 2274 alterum
1397 2247 1443 2281 qui
1455 2248 1589 2282 primores
1601 2245 1773 2274 Cretensium

986 2292 1222 2327 Philanthropeno
1237 2293 1417 2319 militantium
1441 2298 1469 2319 et
1499 2292 1527 2319 in
1545 2292 1587 2319 his
1605 2291 1774 2326 praecipuum

989 2341 1110 2374 ipsorum
1131 2340 1202 2366 clam
1222 2347 1235 2367 a
1247 2347 1277 2366 se
1296 2339 1443 2366 conveniat
1460 2338 1639 2366 Chortatzen.
1656 2337 1711 2365 illis
1727 2338 1772 2364 iu—

988 2387 1061 2414 dicet
1091 2386 1214 2421 polliceri
1239 2385 1416 2413 Libadarium
1432 2389 1459 2412 et
1474 2385 1587 2419 polliciti
1604 2385 1683 2413 fidem
1708 2394 1774 2414 san—

989 2432 1112 2460 ctissimo
1130 2431 1309 2466 jurejurando
1326 2436 1452 2458 astruere
1468 2437 1604 2465 paratum,
1629 2440 1690 2459 sese
1708 2433 1775 2467 ipsis

989 2479 1023 2508 ab
1039 2479 1164 2513 Augusto
1184 2479 1395 2513 impetraturum
1415 2477 1498 2513 224,
1524 2486 1577 2504 non
1598 2480 1687 2505 solum
1706 2480 1775 2506 obli-

990 2525 1097 2552 vionem
1117 2529 1144 2551 et
1157 2525 1265 2552 veniam
1280 2524 1387 2555 delicti,
1406 2525 1453 2551 sed
1471 2525 1583 2558 pra-mia
1605 2525 1718 2560 insuper
1732 2527 1758 2552 in

991 2570 1096 2605 gentia,
1112 2570 1194 2599 modo
1211 2570 1375 2597 inducerent
1393 2570 1419 2597 in
1448 2570 1582 2603 aniinum,
1601 2572 1672 2604 quod
1697 2571 1777 2598 facile

991 2624 1053 2643 mox
1070 2620 1175 2642 stantes
1204 2616 1231 2643 in
1253 2617 1314 2643 acie
1329 2621 1454 2650 possent,
1478 2617 1711 2650 comprehendere
1735 2626 1772 2644 re.

991 2662 1118 2690 bellimlis
1129 2666 1269 2689 auctorem
1285 2662 1393 2696 sibique
1404 2662 1515 2691 dedere.
1530 2661 1576 2689 Sic
1587 2663 1775 2696 appariturum

993 2713 1148 2744 pet-tractos
1164 2715 1213 2736 eos
1229 2709 1256 2735 in
1273 2709 1457 2736 defectionem
1475 2708 1563 2735 aliena
1580 2709 1618 2737 vi.
1635 2709 1708 2740 quod
1724 2709 1774 2735 soli

992 2761 1048 2783 tam
1062 2756 1155 2783 multis
1166 2755 1194 2782 in
1203 2755 1293 2782 scelus
1303 2755 1524 2783 incumbentibus
1534 2754 1667 2781 obsistere
1679 2756 1775 2789 neqnie

993 2803 1109 2835 vissent,
1138 2803 1189 2829 etsi
1209 2803 1326 2829 maxime
1356 2805 1500 2836 cuperent.
1528 2801 1638 2834 Frigerc
1667 2802 1777 2836 quidem

995 2849 1074 2876 istam
1100 2848 1180 2884 vulgo
1192 2849 1399 2877 excusationem
1424 2852 1450 2874 et
1475 2855 1523 2882 pro
1551 2847 1684 2876 tralalitin
1712 2857 1778 2876 cou-
