  <div class='ocr_page' id='page_1' title='image "/cluster/home/n/w/nwhite01/storage/ocr_20150623/144/njp.32101010942892/137.png"; bbox 0 0 1944 3061; ppageno 0'>
   <div class='ocr_carea' id='block_1_1' title="bbox 135 111 187 141">
    <p class='ocr_par' dir='ltr' id='par_1_1' title="bbox 135 111 187 141">
     <span class='ocr_line' id='line_1_1' title="bbox 135 111 187 141; baseline 0.019 -1"><span class='ocrx_word' id='word_1_1' title='bbox 135 111 187 141; x_wconf 69' lang='grc'><strong>247</strong></span> 
     </span>
    </p>
   </div>
   <div class='ocr_carea' id='block_1_2' title="bbox 733 118 1149 150">
    <p class='ocr_par' dir='ltr' id='par_1_2' title="bbox 733 118 1149 150">
     <span class='ocr_line' id='line_1_2' title="bbox 733 118 1149 150; baseline 0.01 -4"><span class='ocrx_word' id='word_1_2' title='bbox 733 119 755 147; x_wconf 70' lang='grc' dir='ltr'>ι]</span> <span class='ocrx_word' id='word_1_3' title='bbox 763 118 861 148; x_wconf 67' lang='grc' dir='ltr'><strong>ΕΟΗΗ</strong></span> <span class='ocrx_word' id='word_1_4' title='bbox 869 119 893 147; x_wconf 83' lang='grc' dir='ltr'><strong>ιι</strong></span> <span class='ocrx_word' id='word_1_5' title='bbox 911 119 1005 149; x_wconf 81' lang='lat' dir='ltr'><strong>[’ACH</strong></span> <span class='ocrx_word' id='word_1_6' title='bbox 1011 120 1149 150; x_wconf 70' lang='grc' dir='ltr'><strong>ΥΜΕΒΕ</strong></span> 
     </span>
    </p>
   </div>
   <div class='ocr_carea' id='block_1_3' title="bbox 1720 117 1777 148">
    <p class='ocr_par' dir='ltr' id='par_1_3' title="bbox 1720 117 1777 148">
     <span class='ocr_line' id='line_1_3' title="bbox 1720 117 1777 148; baseline -0.018 0"><span class='ocrx_word' id='word_1_7' title='bbox 1720 117 1777 148; x_wconf 70' lang='grc'><strong>248</strong></span> 
     </span>
    </p>
   </div>
   <div class='ocr_carea' id='block_1_4' title="bbox 135 168 1777 213">
    <p class='ocr_par' dir='ltr' id='par_1_4' title="bbox 135 168 1777 213">
     <span class='ocr_line' id='line_1_4' title="bbox 135 168 1777 213; baseline 0.004 -19"><span class='ocrx_word' id='word_1_8' title='bbox 135 168 224 204; x_wconf 78' lang='grc' dir='ltr'>παρδν</span> <span class='ocrx_word' id='word_1_9' title='bbox 241 169 308 207; x_wconf 62' lang='lat' dir='ltr'><strong>tio);</strong></span> <span class='ocrx_word' id='word_1_10' title='bbox 320 171 460 203; x_wconf 76' lang='grc' dir='ltr'>ἐνστάντος</span> <span class='ocrx_word' id='word_1_11' title='bbox 477 173 585 208; x_wconf 79' lang='grc' dir='ltr'><strong>καιροῦ,</strong></span> <span class='ocrx_word' id='word_1_12' title='bbox 607 174 653 200; x_wconf 68' lang='grc' dir='ltr'>καὶ</span> <span class='ocrx_word' id='word_1_13' title='bbox 668 175 770 209; x_wconf 79' lang='grc' dir='ltr'>ἀνδρῶν</span> <span class='ocrx_word' id='word_1_14' title='bbox 788 177 926 209; x_wconf 76' lang='grc' dir='ltr'><strong>φανέντων</strong></span> <span class='ocrx_word' id='word_1_15' title='bbox 941 179 966 207; x_wconf 79' lang='grc' dir='ltr'>Α</span> <span class='ocrx_word' id='word_1_16' title='bbox 979 178 1136 212; x_wconf 76' lang='grc' dir='ltr'>πειρᾶσθαι,</span> <span class='ocrx_word' id='word_1_17' title='bbox 1148 177 1192 204; x_wconf 77' lang='grc' dir='ltr'><strong>ἐπ’</strong></span> <span class='ocrx_word' id='word_1_18' title='bbox 1205 178 1280 213; x_wconf 83' lang='grc' dir='ltr'>αὐτῷ</span> <span class='ocrx_word' id='word_1_19' title='bbox 1296 178 1343 206; x_wconf 83' lang='grc' dir='ltr'>καὶ</span> <span class='ocrx_word' id='word_1_20' title='bbox 1359 177 1432 213; x_wconf 80' lang='grc' dir='ltr'>μόνῳ</span> <span class='ocrx_word' id='word_1_21' title='bbox 1455 177 1490 203; x_wconf 83' lang='grc' dir='ltr'>τὰ</span> <span class='ocrx_word' id='word_1_22' title='bbox 1511 176 1559 203; x_wconf 85' lang='grc' dir='ltr'>τοῦ</span> <span class='ocrx_word' id='word_1_23' title='bbox 1577 174 1702 202; x_wconf 80' lang='grc' dir='ltr'><strong>κινδύνου</strong></span> <span class='ocrx_word' id='word_1_24' title='bbox 1716 175 1777 210; x_wconf 76' lang='grc' dir='ltr'>τρέ-</span> 
     </span>
    </p>
   </div>
   <div class='ocr_carea' id='block_1_5' title="bbox 135 215 930 256">
    <p class='ocr_par' dir='ltr' id='par_1_5' title="bbox 135 215 930 256">
     <span class='ocr_line' id='line_1_5' title="bbox 135 215 930 256; baseline 0.01 -16"><span class='ocrx_word' id='word_1_25' title='bbox 135 215 373 250; x_wconf 81' lang='grc' dir='ltr'>ἀντιστησομένων</span> <span class='ocrx_word' id='word_1_26' title='bbox 392 219 449 250; x_wconf 87' lang='grc' dir='ltr'>τοῖς</span> <span class='ocrx_word' id='word_1_27' title='bbox 468 219 602 252; x_wconf 81' lang='grc' dir='ltr'><strong>γεγονόσι,</strong></span> <span class='ocrx_word' id='word_1_28' title='bbox 620 220 667 246; x_wconf 78' lang='grc' dir='ltr'>καὶ</span> <span class='ocrx_word' id='word_1_29' title='bbox 686 221 785 252; x_wconf 69' lang='grc' dir='ltr'>αὐτοὺς</span> <span class='ocrx_word' id='word_1_30' title='bbox 805 222 930 256; x_wconf 72' lang='grc' dir='ltr'><strong>ἑτοίμους</strong></span> 
     </span>
    </p>
   </div>
   <div class='ocr_carea' id='block_1_6' title="bbox 140 261 931 303">
    <p class='ocr_par' dir='ltr' id='par_1_6' title="bbox 140 261 931 303">
     <span class='ocr_line' id='line_1_6' title="bbox 140 261 931 303; baseline 0.01 -18"><span class='ocrx_word' id='word_1_31' title='bbox 140 261 361 295; x_wconf 79' lang='grc' dir='ltr'>μετακληθέντας</span> <span class='ocrx_word' id='word_1_32' title='bbox 386 263 435 298; x_wconf 78' lang='grc' dir='ltr'>τὴν</span> <span class='ocrx_word' id='word_1_33' title='bbox 458 264 578 299; x_wconf 75' lang='grc' dir='ltr'>ἀρχῆθεν</span> <span class='ocrx_word' id='word_1_34' title='bbox 607 266 697 292; x_wconf 76' lang='grc' dir='ltr'>πίστιν</span> <span class='ocrx_word' id='word_1_35' title='bbox 723 267 866 301; x_wconf 66' lang='grc' dir='ltr'>ἐμφαίνειν</span> <span class='ocrx_word' id='word_1_36' title='bbox 893 267 931 303; x_wconf 81' lang='grc' dir='ltr'>τῷ</span> 
     </span>
    </p>
   </div>
   <div class='ocr_carea' id='block_1_7' title="bbox 137 309 928 346">
    <p class='ocr_par' dir='ltr' id='par_1_7' title="bbox 137 309 928 346">
     <span class='ocr_line' id='line_1_7' title="bbox 137 309 928 346; baseline 0.011 -15"><span class='ocrx_word' id='word_1_37' title='bbox 137 309 279 341; x_wconf 71' lang='grc' dir='ltr'>συνεργεῖν</span> <span class='ocrx_word' id='word_1_38' title='bbox 308 310 363 339; x_wconf 83' lang='grc' dir='ltr'>τοῖς</span> <span class='ocrx_word' id='word_1_39' title='bbox 388 309 430 344; x_wconf 81' lang='grc' dir='ltr'><strong>[Ρ.</strong></span> <span class='ocrx_word' id='word_1_40' title='bbox 449 309 510 346; x_wconf 68' lang='lat'><strong>152]</strong></span> <span class='ocrx_word' id='word_1_41' title='bbox 540 311 749 345; x_wconf 81' lang='grc' dir='ltr'>ἁνθισταμὲνοις</span> <span class='ocrx_word' id='word_1_42' title='bbox 779 313 818 344; x_wconf 88' lang='grc' dir='ltr'><strong>εἰς</strong></span> <span class='ocrx_word' id='word_1_43' title='bbox 845 313 928 340; x_wconf 81' lang='grc' dir='ltr'>ἆπαν.</span> 
     </span>
    </p>
   </div>
   <div class='ocr_carea' id='block_1_8' title="bbox 136 352 931 392">
    <p class='ocr_par' dir='ltr' id='par_1_8' title="bbox 136 352 931 392">
     <span class='ocr_line' id='line_1_8' title="bbox 136 352 931 392; baseline 0.011 -15"><span class='ocrx_word' id='word_1_44' title='bbox 136 352 224 378; x_wconf 69' lang='grc' dir='ltr'>Αὐτὸν</span> <span class='ocrx_word' id='word_1_45' title='bbox 240 353 262 380; x_wconf 83' lang='grc' dir='ltr'>δ’</span> <span class='ocrx_word' id='word_1_46' title='bbox 276 355 399 386; x_wconf 73' lang='grc' dir='ltr'><strong>ἐκείνους</strong></span> <span class='ocrx_word' id='word_1_47' title='bbox 414 355 594 391; x_wconf 80' lang='grc' dir='ltr'><strong>ἀναδέχεσθαι</strong></span> <span class='ocrx_word' id='word_1_48' title='bbox 620 358 656 392; x_wconf 83' lang='grc' dir='ltr'>μὴ</span> <span class='ocrx_word' id='word_1_49' title='bbox 677 359 751 389; x_wconf 79' lang='grc' dir='ltr'>ὅπως</span> <span class='ocrx_word' id='word_1_50' title='bbox 779 359 875 386; x_wconf 82' lang='grc' dir='ltr'>παθεῖν</span> <span class='ocrx_word' id='word_1_51' title='bbox 903 368 931 386; x_wconf 88' lang='grc' dir='ltr'><strong>τι</strong></span> 
     </span>
    </p>
   </div>
   <div class='ocr_carea' id='block_1_9' title="bbox 136 398 928 440">
    <p class='ocr_par' dir='ltr' id='par_1_9' title="bbox 136 398 928 440">
     <span class='ocr_line' id='line_1_9' title="bbox 136 398 928 440; baseline 0.01 -16"><span class='ocrx_word' id='word_1_52' title='bbox 136 398 205 432; x_wconf 78' lang='grc' dir='ltr'>πρὸς</span> <span class='ocrx_word' id='word_1_53' title='bbox 223 398 355 434; x_wconf 80' lang='grc' dir='ltr'>βασιλέως</span> <span class='ocrx_word' id='word_1_54' title='bbox 382 401 437 429; x_wconf 81' lang='grc' dir='ltr'>τῶν</span> <span class='ocrx_word' id='word_1_55' title='bbox 452 402 620 436; x_wconf 80' lang='grc' dir='ltr'><strong>ἀνηκέστων,</strong></span> <span class='ocrx_word' id='word_1_56' title='bbox 647 404 715 430; x_wconf 71' lang='grc' dir='ltr'>ἀλλὰ</span> <span class='ocrx_word' id='word_1_57' title='bbox 747 405 794 431; x_wconf 76' lang='grc' dir='ltr'>καὶ</span> <span class='ocrx_word' id='word_1_58' title='bbox 820 405 928 440; x_wconf 74' lang='grc' dir='ltr'>εὐεργε-</span> 
     </span>
    </p>
   </div>
   <div class='ocr_carea' id='block_1_10' title="bbox 138 445 930 486">
    <p class='ocr_par' dir='ltr' id='par_1_10' title="bbox 138 445 930 486">
     <span class='ocr_line' id='line_1_10' title="bbox 138 445 930 486; baseline 0.011 -16"><span class='ocrx_word' id='word_1_59' title='bbox 138 445 198 476; x_wconf 77' lang='grc' dir='ltr'>σίας</span> <span class='ocrx_word' id='word_1_60' title='bbox 213 446 312 479; x_wconf 72' lang='grc' dir='ltr'>εὑρεῖν.</span> <span class='ocrx_word' id='word_1_61' title='bbox 334 446 425 473; x_wconf 82' lang='grc' dir='ltr'>Ταῦτα</span> <span class='ocrx_word' id='word_1_62' title='bbox 440 448 502 479; x_wconf 84' lang='grc' dir='ltr'>τοὺς</span> <span class='ocrx_word' id='word_1_63' title='bbox 512 449 585 483; x_wconf 77' lang='grc' dir='ltr'><strong>ἀμφὶ</strong></span> <span class='ocrx_word' id='word_1_64' title='bbox 596 449 642 476; x_wconf 84' lang='grc' dir='ltr'>τὸν</span> <span class='ocrx_word' id='word_1_65' title='bbox 662 451 820 486; x_wconf 81' lang='grc' dir='ltr'>Χορτάτζην</span> <span class='ocrx_word' id='word_1_66' title='bbox 847 451 930 478; x_wconf 77' lang='grc' dir='ltr'>ἀκού-</span> 
     </span>
    </p>
   </div>
   <div class='ocr_carea' id='block_1_11' title="bbox 137 491 929 531">
    <p class='ocr_par' dir='ltr' id='par_1_11' title="bbox 137 491 929 531">
     <span class='ocr_line' id='line_1_11' title="bbox 137 491 929 531; baseline 0.011 -16"><span class='ocrx_word' id='word_1_67' title='bbox 137 498 238 520; x_wconf 66' lang='grc' dir='ltr'>σαντας</span> <span class='ocrx_word' id='word_1_68' title='bbox 251 491 297 516; x_wconf 77' lang='grc' dir='ltr'><strong>ἐπὶ</strong></span> <span class='ocrx_word' id='word_1_69' title='bbox 309 491 435 518; x_wconf 82' lang='grc' dir='ltr'>πλεῖστόν</span> <span class='ocrx_word' id='word_1_70' title='bbox 449 502 478 519; x_wconf 84' lang='grc' dir='ltr'><strong>τε</strong></span> <span class='ocrx_word' id='word_1_71' title='bbox 490 496 710 530; x_wconf 83' lang='grc' dir='ltr'>γνωσιμαχῆσαι,</span> <span class='ocrx_word' id='word_1_72' title='bbox 723 497 770 523; x_wconf 70' lang='grc' dir='ltr'>καὶ</span> <span class='ocrx_word' id='word_1_73' title='bbox 783 498 810 527; x_wconf 71' lang='grc' dir='ltr'>ἐς</span> <span class='ocrx_word' id='word_1_74' title='bbox 830 497 929 531; x_wconf 77' lang='grc' dir='ltr'>βουλὴν</span> 
     </span>
    </p>
   </div>
   <div class='ocr_carea' id='block_1_12' title="bbox 137 535 928 577">
    <p class='ocr_par' dir='ltr' id='par_1_12' title="bbox 137 535 928 577">
     <span class='ocr_line' id='line_1_12' title="bbox 137 535 928 577; baseline 0.011 -17"><span class='ocrx_word' id='word_1_75' title='bbox 137 535 230 561; x_wconf 77' lang='grc' dir='ltr'>θέσθαι</span> <span class='ocrx_word' id='word_1_76' title='bbox 244 537 272 566; x_wconf 71' lang='grc' dir='ltr'>ἐς</span> <span class='ocrx_word' id='word_1_77' title='bbox 287 536 301 562; x_wconf 85' lang='grc' dir='ltr'><strong>ὃ</strong></span> <span class='ocrx_word' id='word_1_78' title='bbox 321 537 350 563; x_wconf 81' lang='grc' dir='ltr'>τὸ</span> <span class='ocrx_word' id='word_1_79' title='bbox 376 538 514 566; x_wconf 81' lang='grc' dir='ltr'>ἀκίνδυνον</span> <span class='ocrx_word' id='word_1_80' title='bbox 531 540 637 572; x_wconf 77' lang='grc' dir='ltr'>ἑαυτοῖς</span> <span class='ocrx_word' id='word_1_81' title='bbox 661 542 737 575; x_wconf 80' lang='grc' dir='ltr'>σφίσι</span> <span class='ocrx_word' id='word_1_82' title='bbox 765 544 928 577; x_wconf 78' lang='grc' dir='ltr'>περιποιεῖν.</span> 
     </span>
    </p>
   </div>
   <div class='ocr_carea' id='block_1_13' title="bbox 138 580 928 623">
    <p class='ocr_par' dir='ltr' id='par_1_13' title="bbox 138 580 928 623">
     <span class='ocr_line' id='line_1_13' title="bbox 138 580 928 623; baseline 0.01 -17"><span class='ocrx_word' id='word_1_83' title='bbox 138 581 174 607; x_wconf 82' lang='grc' dir='ltr'><strong>Τὸ</strong></span> <span class='ocrx_word' id='word_1_84' title='bbox 185 581 207 607; x_wconf 80' lang='grc' dir='ltr'>δ’</span> <span class='ocrx_word' id='word_1_85' title='bbox 223 580 256 616; x_wconf 83' lang='grc' dir='ltr'>ἦν</span> <span class='ocrx_word' id='word_1_86' title='bbox 272 584 309 614; x_wconf 81' lang='grc' dir='ltr'>ὡς</span> <span class='ocrx_word' id='word_1_87' title='bbox 325 583 349 609; x_wconf 85' lang='grc' dir='ltr'><strong>εί</strong></span> <span class='ocrx_word' id='word_1_88' title='bbox 365 583 414 619; x_wconf 78' lang='grc' dir='ltr'>μὲν</span> <span class='ocrx_word' id='word_1_89' title='bbox 431 584 602 620; x_wconf 82' lang='grc' dir='ltr'>βιασαμένων</span> <span class='ocrx_word' id='word_1_90' title='bbox 615 587 727 613; x_wconf 73' lang='grc' dir='ltr'>ἐκείνων</span> <span class='ocrx_word' id='word_1_91' title='bbox 746 588 792 614; x_wconf 76' lang='grc' dir='ltr'><strong>τὸν</strong></span> <span class='ocrx_word' id='word_1_92' title='bbox 808 596 928 623; x_wconf 78' lang='grc' dir='ltr'>στρατη-</span> 
     </span>
    </p>
   </div>
   <div class='ocr_carea' id='block_1_14' title="bbox 137 627 931 667">
    <p class='ocr_par' dir='ltr' id='par_1_14' title="bbox 137 627 931 667">
     <span class='ocr_line' id='line_1_14' title="bbox 137 627 931 667; baseline 0.009 -13"><span class='ocrx_word' id='word_1_93' title='bbox 137 627 277 660; x_wconf 46' lang='lat' dir='ltr'><strong>ﬁmo-.6;</strong></span> <span class='ocrx_word' id='word_1_94' title='bbox 294 630 395 665; x_wconf 78' lang='grc' dir='ltr'>χωροίη</span> <span class='ocrx_word' id='word_1_95' title='bbox 411 631 456 657; x_wconf 77' lang='grc' dir='ltr'>καὶ</span> <span class='ocrx_word' id='word_1_96' title='bbox 481 632 509 662; x_wconf 74' lang='grc' dir='ltr'>ἐς</span> <span class='ocrx_word' id='word_1_97' title='bbox 533 631 569 658; x_wconf 60' lang='grc' dir='ltr'>τᾶ</span> <span class='ocrx_word' id='word_1_98' title='bbox 601 632 696 667; x_wconf 77' lang='grc' dir='ltr'>μείζω,</span> <span class='ocrx_word' id='word_1_99' title='bbox 710 633 780 660; x_wconf 78' lang='grc' dir='ltr'>ὥστε</span> <span class='ocrx_word' id='word_1_100' title='bbox 805 636 852 660; x_wconf 71' lang='grc' dir='ltr'>καὶ</span> <span class='ocrx_word' id='word_1_101' title='bbox 875 634 931 661; x_wconf 88' lang='grc' dir='ltr'>ὀνό-</span> 
     </span>
    </p>
   </div>
   <div class='ocr_carea' id='block_1_15' title="bbox 140 671 930 712">
    <p class='ocr_par' dir='ltr' id='par_1_15' title="bbox 140 671 930 712">
     <span class='ocr_line' id='line_1_15' title="bbox 140 671 930 712; baseline 0.009 -14"><span class='ocrx_word' id='word_1_102' title='bbox 140 671 347 707; x_wconf 76' lang='grc' dir='ltr'>ματιεῑξαικαὶ</span> <span class='ocrx_word' id='word_1_103' title='bbox 369 677 543 712; x_wconf 71' lang='grc' dir='ltr'>παρασήμοις</span> <span class='ocrx_word' id='word_1_104' title='bbox 564 678 701 712; x_wconf 81' lang='grc' dir='ltr'>συνήθεσι,</span> <span class='ocrx_word' id='word_1_105' title='bbox 724 678 784 704; x_wconf 71' lang='grc' dir='ltr'>τότε</span> <span class='ocrx_word' id='word_1_106' title='bbox 809 679 855 705; x_wconf 70' lang='grc' dir='ltr'>καὶ</span> <span class='ocrx_word' id='word_1_107' title='bbox 881 680 930 705; x_wconf 70' lang='grc' dir='ltr'><strong>αὖ-</strong></span> 
     </span>
    </p>
   </div>
   <div class='ocr_carea' id='block_1_16' title="bbox 137 718 932 759">
    <p class='ocr_par' dir='ltr' id='par_1_16' title="bbox 137 718 932 759">
     <span class='ocr_line' id='line_1_16' title="bbox 137 718 932 759; baseline 0.009 -16"><span class='ocrx_word' id='word_1_108' title='bbox 137 718 201 749; x_wconf 71' lang='grc' dir='ltr'>τοὺς</span> <span class='ocrx_word' id='word_1_109' title='bbox 216 719 250 745; x_wconf 85' lang='grc' dir='ltr'>τὰ</span> <span class='ocrx_word' id='word_1_110' title='bbox 273 720 358 746; x_wconf 73' lang='grc' dir='ltr'>πιστὰ</span> <span class='ocrx_word' id='word_1_111' title='bbox 381 721 512 753; x_wconf 80' lang='grc' dir='ltr'>λαϐόντας</span> <span class='ocrx_word' id='word_1_112' title='bbox 533 721 570 752; x_wconf 83' lang='grc' dir='ltr'>ὡς</span> <span class='ocrx_word' id='word_1_113' title='bbox 593 722 632 754; x_wconf 86' lang='grc' dir='ltr'>εἰς</span> <span class='ocrx_word' id='word_1_114' title='bbox 650 723 726 754; x_wconf 77' lang='grc' dir='ltr'>τέλος</span> <span class='ocrx_word' id='word_1_115' title='bbox 760 723 932 759; x_wconf 78' lang='grc' dir='ltr'>ἁνθεξομένῳ</span> 
     </span>
    </p>
   </div>
   <div class='ocr_carea' id='block_1_17' title="bbox 138 765 930 805">
    <p class='ocr_par' dir='ltr' id='par_1_17' title="bbox 138 765 930 805">
     <span class='ocr_line' id='line_1_17' title="bbox 138 765 930 805; baseline 0.009 -15"><span class='ocrx_word' id='word_1_116' title='bbox 138 765 378 798; x_wconf 75' lang='grc' dir='ltr'>παρακινδυνεύειν</span> <span class='ocrx_word' id='word_1_117' title='bbox 396 775 402 782; x_wconf 90' lang='grc'><strong>·</strong></span> <span class='ocrx_word' id='word_1_118' title='bbox 417 768 443 793; x_wconf 74' lang='grc' dir='ltr'>εἰ</span> <span class='ocrx_word' id='word_1_119' title='bbox 455 767 483 793; x_wconf 78' lang='grc' dir='ltr'>δὲ</span> <span class='ocrx_word' id='word_1_120' title='bbox 502 768 538 803; x_wconf 81' lang='grc' dir='ltr'>μὴ</span> <span class='ocrx_word' id='word_1_121' title='bbox 554 768 674 803; x_wconf 80' lang='grc' dir='ltr'>βούλοιτο</span> <span class='ocrx_word' id='word_1_122' title='bbox 685 769 772 796; x_wconf 81' lang='grc' dir='ltr'>ταῦτα</span> <span class='ocrx_word' id='word_1_123' title='bbox 790 772 930 805; x_wconf 68' lang='grc' dir='ltr'>πράττειν,</span> 
     </span>
    </p>
   </div>
   <div class='ocr_carea' id='block_1_18' title="bbox 140 810 932 851">
    <p class='ocr_par' dir='ltr' id='par_1_18' title="bbox 140 810 932 851">
     <span class='ocr_line' id='line_1_18' title="bbox 140 810 932 851; baseline 0.01 -15"><span class='ocrx_word' id='word_1_124' title='bbox 140 810 240 842; x_wconf 73' lang='grc' dir='ltr'>αὐτοὺς</span> <span class='ocrx_word' id='word_1_125' title='bbox 257 812 306 847; x_wconf 78' lang='grc' dir='ltr'>τὴν</span> <span class='ocrx_word' id='word_1_126' title='bbox 318 814 567 848; x_wconf 79' lang='grc' dir='ltr'>παρακινδύνευσιν</span> <span class='ocrx_word' id='word_1_127' title='bbox 579 815 662 842; x_wconf 70' lang='grc' dir='ltr'>παντὶ</span> <span class='ocrx_word' id='word_1_128' title='bbox 672 816 765 851; x_wconf 84' lang='grc' dir='ltr'>τρόπῳ</span> <span class='ocrx_word' id='word_1_129' title='bbox 775 817 932 851; x_wconf 81' lang='grc' dir='ltr'>διεκφυγεῖν</span> 
     </span>
    </p>
   </div>
   <div class='ocr_carea' id='block_1_19' title="bbox 137 902 931 940">
    <p class='ocr_par' dir='ltr' id='par_1_19' title="bbox 137 902 931 940">
     <span class='ocr_line' id='line_1_19' title="bbox 137 902 931 940; baseline 0.009 -12"><span class='ocrx_word' id='word_1_130' title='bbox 137 904 236 936; x_wconf 88' lang='lat' dir='ltr'><strong>temni,</strong></span> <span class='ocrx_word' id='word_1_131' title='bbox 249 902 294 929; x_wconf 95' lang='lat' dir='ltr'><strong>ubi</strong></span> <span class='ocrx_word' id='word_1_132' title='bbox 308 910 340 930; x_wconf 78' lang='lat' dir='ltr'><strong>ex</strong></span> <span class='ocrx_word' id='word_1_133' title='bbox 359 904 414 931; x_wconf 91' lang='lat' dir='ltr'><strong>reis</strong></span> <span class='ocrx_word' id='word_1_134' title='bbox 430 903 542 931; x_wconf 89' lang='lat' dir='ltr'><strong>auditur</strong></span> <span class='ocrx_word' id='word_1_135' title='bbox 553 904 734 939; x_wconf 82' lang='lat' dir='ltr'><strong>deprehensis</strong></span> <span class='ocrx_word' id='word_1_136' title='bbox 751 906 778 933; x_wconf 93' lang='lat' dir='ltr'><strong>in</strong></span> <span class='ocrx_word' id='word_1_137' title='bbox 797 907 931 940; x_wconf 76' lang='lat' dir='ltr'><strong>facinore,</strong></span> 
     </span>
    </p>
   </div>
   <div class='ocr_carea' id='block_1_20' title="bbox 140 948 933 988">
    <p class='ocr_par' dir='ltr' id='par_1_20' title="bbox 140 948 933 988">
     <span class='ocr_line' id='line_1_20' title="bbox 140 948 933 988; baseline 0.008 -13"><span class='ocrx_word' id='word_1_138' title='bbox 140 948 195 976; x_wconf 86' lang='lat' dir='ltr'><strong>nisi</strong></span> <span class='ocrx_word' id='word_1_139' title='bbox 214 956 273 976; x_wconf 85' lang='lat' dir='ltr'><strong>eaut</strong></span> <span class='ocrx_word' id='word_1_140' title='bbox 288 949 481 985; x_wconf 82' lang='lat' dir='ltr'><strong>irrefragabile</strong></span> <span class='ocrx_word' id='word_1_141' title='bbox 495 951 681 979; x_wconf 84' lang='lat' dir='ltr'><strong>testimonium</strong></span> <span class='ocrx_word' id='word_1_142' title='bbox 698 952 795 980; x_wconf 81' lang='lat' dir='ltr'><strong>fulciat</strong></span> <span class='ocrx_word' id='word_1_143' title='bbox 808 952 871 980; x_wconf 85' lang='lat' dir='ltr'><strong>facti</strong></span> <span class='ocrx_word' id='word_1_144' title='bbox 885 961 933 988; x_wconf 93' lang='lat' dir='ltr'><strong>op-</strong></span> 
     </span>
    </p>
   </div>
   <div class='ocr_carea' id='block_1_21' title="bbox 139 994 934 1034">
    <p class='ocr_par' dir='ltr' id='par_1_21' title="bbox 139 994 934 1034">
     <span class='ocr_line' id='line_1_21' title="bbox 139 994 934 1034; baseline 0.01 -15"><span class='ocrx_word' id='word_1_145' title='bbox 139 994 263 1029; x_wconf 88' lang='lat' dir='ltr'><strong>portuni.</strong></span> <span class='ocrx_word' id='word_1_146' title='bbox 280 994 370 1030; x_wconf 87' lang='lat' dir='ltr'><strong>Hujus</strong></span> <span class='ocrx_word' id='word_1_147' title='bbox 383 1004 413 1023; x_wconf 84' lang='lat' dir='ltr'><strong>se</strong></span> <span class='ocrx_word' id='word_1_148' title='bbox 438 997 505 1031; x_wconf 77' lang='lat' dir='ltr'><strong>ipsis</strong></span> <span class='ocrx_word' id='word_1_149' title='bbox 520 996 679 1025; x_wconf 71' lang='lat' dir='ltr'><strong>facultatem</strong></span> <span class='ocrx_word' id='word_1_150' title='bbox 693 1000 848 1033; x_wconf 82' lang='lat' dir='ltr'><strong>occupandi</strong></span> <span class='ocrx_word' id='word_1_151' title='bbox 865 1007 934 1034; x_wconf 64' lang='lat' dir='ltr'><strong>pra:-</strong></span> 
     </span>
    </p>
   </div>
   <div class='ocr_carea' id='block_1_22' title="bbox 140 1041 934 1080">
    <p class='ocr_par' dir='ltr' id='par_1_22' title="bbox 140 1041 934 1080">
     <span class='ocr_line' id='line_1_22' title="bbox 140 1041 934 1080; baseline 0.008 -13"><span class='ocrx_word' id='word_1_152' title='bbox 140 1041 204 1068; x_wconf 88' lang='lat' dir='ltr'><strong>sidii</strong></span> <span class='ocrx_word' id='word_1_153' title='bbox 221 1041 332 1069; x_wconf 78' lang='lat' dir='ltr'><strong>oﬂ‘erre.</strong></span> <span class='ocrx_word' id='word_1_154' title='bbox 355 1042 465 1070; x_wconf 83' lang='lat' dir='ltr'><strong>Movere</strong></span> <span class='ocrx_word' id='word_1_155' title='bbox 494 1051 525 1071; x_wconf 89' lang='lat' dir='ltr'><strong>se</strong></span> <span class='ocrx_word' id='word_1_156' title='bbox 552 1045 579 1071; x_wconf 85' lang='lat' dir='ltr'><strong>iii</strong></span> <span class='ocrx_word' id='word_1_157' title='bbox 608 1044 890 1080; x_wconf 87' lang='lat' dir='ltr'><strong>Philantliropenum,</strong></span> <span class='ocrx_word' id='word_1_158' title='bbox 907 1051 934 1074; x_wconf 89' lang='lat' dir='ltr'><strong>et</strong></span> 
     </span>
    </p>
   </div>
   <div class='ocr_carea' id='block_1_23' title="bbox 138 1088 934 1125">
    <p class='ocr_par' dir='ltr' id='par_1_23' title="bbox 138 1088 934 1125">
     <span class='ocr_line' id='line_1_23' title="bbox 138 1088 934 1125; baseline 0.008 -11"><span class='ocrx_word' id='word_1_159' title='bbox 138 1088 247 1123; x_wconf 90' lang='lat' dir='ltr'><strong>copiam</strong></span> <span class='ocrx_word' id='word_1_160' title='bbox 279 1088 303 1115; x_wconf 92' lang='lat' dir='ltr'><strong>ei</strong></span> <span class='ocrx_word' id='word_1_161' title='bbox 322 1090 528 1124; x_wconf 79' lang='lat' dir='ltr'><strong>quamprimum</strong></span> <span class='ocrx_word' id='word_1_162' title='bbox 546 1091 616 1118; x_wconf 81' lang='lat' dir='ltr'><strong>velle</strong></span> <span class='ocrx_word' id='word_1_163' title='bbox 629 1091 715 1125; x_wconf 68' lang='lat' dir='ltr'><strong>praelii</strong></span> <span class='ocrx_word' id='word_1_164' title='bbox 732 1091 831 1119; x_wconf 85' lang='lat' dir='ltr'><strong>facere.</strong></span> <span class='ocrx_word' id='word_1_165' title='bbox 853 1092 934 1120; x_wconf 91' lang='lat' dir='ltr'><strong>Ordi-</strong></span> 
     </span>
    </p>
   </div>
   <div class='ocr_carea' id='block_1_24' title="bbox 138 1135 933 1171">
    <p class='ocr_par' dir='ltr' id='par_1_24' title="bbox 138 1135 933 1171">
     <span class='ocr_line' id='line_1_24' title="bbox 138 1135 933 1171; baseline 0.005 -9"><span class='ocrx_word' id='word_1_166' title='bbox 138 1135 214 1163; x_wconf 85' lang='lat' dir='ltr'><strong>natis</strong></span> <span class='ocrx_word' id='word_1_167' title='bbox 237 1135 265 1162; x_wconf 94' lang='lat' dir='ltr'><strong>iu</strong></span> <span class='ocrx_word' id='word_1_168' title='bbox 289 1143 388 1171; x_wconf 84' lang='lat' dir='ltr'><strong>campo</strong></span> <span class='ocrx_word' id='word_1_169' title='bbox 414 1137 515 1170; x_wconf 87' lang='lat' dir='ltr'><strong>copiis,</strong></span> <span class='ocrx_word' id='word_1_170' title='bbox 535 1141 600 1165; x_wconf 83' lang='lat' dir='ltr'><strong>ante</strong></span> <span class='ocrx_word' id='word_1_171' title='bbox 619 1138 858 1171; x_wconf 89' lang='lat' dir='ltr'><strong>comtnissionem,</strong></span> <span class='ocrx_word' id='word_1_172' title='bbox 876 1140 933 1166; x_wconf 89' lang='lat' dir='ltr'><strong>cir-</strong></span> 
     </span>
    </p>
   </div>
   <div class='ocr_carea' id='block_1_25' title="bbox 138 1181 934 1218">
    <p class='ocr_par' dir='ltr' id='par_1_25' title="bbox 138 1181 934 1218">
     <span class='ocr_line' id='line_1_25' title="bbox 138 1181 934 1218; baseline 0.005 -10"><span class='ocrx_word' id='word_1_173' title='bbox 138 1181 338 1209; x_wconf 86' lang='lat' dir='ltr'><strong>cumsisterent</strong></span> <span class='ocrx_word' id='word_1_174' title='bbox 354 1181 453 1210; x_wconf 86' lang='lat' dir='ltr'><strong>ducem</strong></span> <span class='ocrx_word' id='word_1_175' title='bbox 469 1183 578 1218; x_wconf 81' lang='lat' dir='ltr'><strong>sibique</strong></span> <span class='ocrx_word' id='word_1_176' title='bbox 598 1184 766 1218; x_wconf 80' lang='lat' dir='ltr'><strong>prehensum</strong></span> <span class='ocrx_word' id='word_1_177' title='bbox 781 1185 934 1213; x_wconf 88' lang='lat' dir='ltr'><strong>traderent.</strong></span> 
     </span>
    </p>
   </div>
   <div class='ocr_carea' id='block_1_26' title="bbox 139 1227 934 1259">
    <p class='ocr_par' dir='ltr' id='par_1_26' title="bbox 139 1227 934 1259">
     <span class='ocr_line' id='line_1_26' title="bbox 139 1227 934 1259; baseline 0.005 -5"><span class='ocrx_word' id='word_1_178' title='bbox 139 1227 314 1255; x_wconf 83' lang='lat' dir='ltr'><strong>Documento</strong></span> <span class='ocrx_word' id='word_1_179' title='bbox 326 1228 352 1255; x_wconf 86' lang='lat' dir='ltr'><strong>id</strong></span> <span class='ocrx_word' id='word_1_180' title='bbox 367 1229 526 1256; x_wconf 88' lang='lat' dir='ltr'><strong>certissimo</strong></span> <span class='ocrx_word' id='word_1_181' title='bbox 541 1230 663 1257; x_wconf 92' lang='lat' dir='ltr'><strong>futurum</strong></span> <span class='ocrx_word' id='word_1_182' title='bbox 677 1231 791 1258; x_wconf 89' lang='lat' dir='ltr'><strong>minimc</strong></span> <span class='ocrx_word' id='word_1_183' title='bbox 805 1238 934 1259; x_wconf 79' lang='lat' dir='ltr'><strong>assensus</strong></span> 
     </span>
    </p>
   </div>
   <div class='ocr_carea' id='block_1_27' title="bbox 139 1274 935 1310">
    <p class='ocr_par' dir='ltr' id='par_1_27' title="bbox 139 1274 935 1310">
     <span class='ocr_line' id='line_1_27' title="bbox 139 1274 935 1310; baseline 0.005 -10"><span class='ocrx_word' id='word_1_184' title='bbox 139 1281 205 1301; x_wconf 75' lang='lat' dir='ltr'><strong>vera</strong></span> <span class='ocrx_word' id='word_1_185' title='bbox 221 1274 366 1302; x_wconf 74' lang='lat' dir='ltr'><strong>voluntate</strong></span> <span class='ocrx_word' id='word_1_186' title='bbox 381 1275 509 1303; x_wconf 86' lang='lat' dir='ltr'><strong>consiliis</strong></span> <span class='ocrx_word' id='word_1_187' title='bbox 527 1276 688 1304; x_wconf 87' lang='lat' dir='ltr'><strong>rebellionis</strong></span> <span class='ocrx_word' id='word_1_188' title='bbox 703 1277 861 1310; x_wconf 86' lang='lat' dir='ltr'><strong>Cretenses,</strong></span> <span class='ocrx_word' id='word_1_189' title='bbox 881 1278 935 1304; x_wconf 92' lang='lat' dir='ltr'><strong>uti-</strong></span> 
     </span>
    </p>
   </div>
   <div class='ocr_carea' id='block_1_28' title="bbox 139 1321 934 1358">
    <p class='ocr_par' dir='ltr' id='par_1_28' title="bbox 139 1321 934 1358">
     <span class='ocr_line' id='line_1_28' title="bbox 139 1321 934 1358; baseline 0.004 -11"><span class='ocrx_word' id='word_1_190' title='bbox 139 1329 195 1356; x_wconf 85' lang='lat' dir='ltr'><strong>que</strong></span> <span class='ocrx_word' id='word_1_191' title='bbox 208 1321 255 1355; x_wconf 91' lang='lat' dir='ltr'><strong>qui</strong></span> <span class='ocrx_word' id='word_1_192' title='bbox 268 1328 329 1348; x_wconf 80' lang='lat' dir='ltr'><strong>cunt</strong></span> <span class='ocrx_word' id='word_1_193' title='bbox 344 1321 462 1356; x_wconf 87' lang='lat' dir='ltr'><strong>primunt</strong></span> <span class='ocrx_word' id='word_1_194' title='bbox 480 1323 631 1357; x_wconf 88' lang='lat' dir='ltr'><strong>potuerint,</strong></span> <span class='ocrx_word' id='word_1_195' title='bbox 646 1323 726 1350; x_wconf 89' lang='lat' dir='ltr'><strong>ﬁdem</strong></span> <span class='ocrx_word' id='word_1_196' title='bbox 736 1324 761 1350; x_wconf 91' lang='lat' dir='ltr'><strong>in</strong></span> <span class='ocrx_word' id='word_1_197' title='bbox 778 1323 934 1358; x_wconf 83' lang='lat' dir='ltr'><strong>Augustum</strong></span> 
     </span>
    </p>
   </div>
   <div class='ocr_carea' id='block_1_29' title="bbox 141 1365 935 1404">
    <p class='ocr_par' dir='ltr' id='par_1_29' title="bbox 141 1365 935 1404">
     <span class='ocr_line' id='line_1_29' title="bbox 141 1365 935 1404; baseline 0.004 -11"><span class='ocrx_word' id='word_1_198' title='bbox 141 1370 197 1393; x_wconf 90' lang='lat' dir='ltr'><strong>tam</strong></span> <span class='ocrx_word' id='word_1_199' title='bbox 211 1365 368 1394; x_wconf 85' lang='lat' dir='ltr'><strong>luculenter</strong></span> <span class='ocrx_word' id='word_1_200' title='bbox 380 1367 636 1395; x_wconf 83' lang='lat' dir='ltr'><strong>constantissimam</strong></span> <span class='ocrx_word' id='word_1_201' title='bbox 649 1368 712 1403; x_wconf 88' lang='lat' dir='ltr'><strong>perd</strong></span> <span class='ocrx_word' id='word_1_202' title='bbox 719 1369 782 1396; x_wconf 91' lang='lat' dir='ltr'><strong>uelli</strong></span> <span class='ocrx_word' id='word_1_203' title='bbox 793 1369 935 1404; x_wconf 84' lang='lat' dir='ltr'><strong>prodendo</strong></span> 
     </span>
    </p>
   </div>
   <div class='ocr_carea' id='block_1_30' title="bbox 141 1412 935 1449">
    <p class='ocr_par' dir='ltr' id='par_1_30' title="bbox 141 1412 935 1449">
     <span class='ocr_line' id='line_1_30' title="bbox 141 1412 935 1449; baseline 0.008 -11"><span class='ocrx_word' id='word_1_204' title='bbox 141 1413 368 1440; x_wconf 87' lang='lat' dir='ltr'><strong>nionstraverint.</strong></span> <span class='ocrx_word' id='word_1_205' title='bbox 387 1412 546 1441; x_wconf 79' lang='lat' dir='ltr'><strong>Istiusmodi</strong></span> <span class='ocrx_word' id='word_1_206' title='bbox 575 1414 749 1449; x_wconf 83' lang='lat' dir='ltr'><strong>perefﬁcacis</strong></span> <span class='ocrx_word' id='word_1_207' title='bbox 776 1417 935 1444; x_wconf 77' lang='lat' dir='ltr'><strong>evincenda:</strong></span> 
     </span>
    </p>
   </div>
   <div class='ocr_carea' id='block_1_31' title="bbox 142 1459 934 1497">
    <p class='ocr_par' dir='ltr' id='par_1_31' title="bbox 142 1459 934 1497">
     <span class='ocr_line' id='line_1_31' title="bbox 142 1459 934 1497; baseline 0.006 -12"><span class='ocrx_word' id='word_1_208' title='bbox 142 1466 235 1486; x_wconf 63' lang='lat' dir='ltr'><strong>causa!</strong></span> <span class='ocrx_word' id='word_1_209' title='bbox 250 1459 374 1494; x_wconf 84' lang='lat' dir='ltr'><strong>ipsorum</strong></span> <span class='ocrx_word' id='word_1_210' title='bbox 392 1462 549 1494; x_wconf 83' lang='lat' dir='ltr'><strong>argumenti</strong></span> <span class='ocrx_word' id='word_1_211' title='bbox 567 1461 590 1488; x_wconf 90' lang='lat' dir='ltr'><strong>si</strong></span> <span class='ocrx_word' id='word_1_212' title='bbox 620 1461 762 1488; x_wconf 81' lang='lat' dir='ltr'><strong>materiam</strong></span> <span class='ocrx_word' id='word_1_213' title='bbox 781 1462 844 1493; x_wconf 83' lang='lat' dir='ltr'><strong>sibi.</strong></span> <span class='ocrx_word' id='word_1_214' title='bbox 862 1462 934 1497; x_wconf 85' lang='lat' dir='ltr'><strong>quod</strong></span> 
     </span>
    </p>
   </div>
   <div class='ocr_carea' id='block_1_32' title="bbox 981 220 1778 258">
    <p class='ocr_par' dir='ltr' id='par_1_32' title="bbox 981 220 1778 258">
     <span class='ocr_line' id='line_1_32' title="bbox 981 220 1778 258; baseline -0.005 -8"><span class='ocrx_word' id='word_1_215' title='bbox 981 223 1095 257; x_wconf 74' lang='grc' dir='ltr'>ψαντας.</span> <span class='ocrx_word' id='word_1_216' title='bbox 1123 224 1165 255; x_wconf 85' lang='grc' dir='ltr'>Ὠς</span> <span class='ocrx_word' id='word_1_217' title='bbox 1179 223 1306 258; x_wconf 84' lang='grc' dir='ltr'>λέγοντες</span> <span class='ocrx_word' id='word_1_218' title='bbox 1320 223 1411 250; x_wconf 79' lang='grc' dir='ltr'>τοίνυν</span> <span class='ocrx_word' id='word_1_219' title='bbox 1420 223 1470 249; x_wconf 80' lang='grc' dir='ltr'>οὐκ</span> <span class='ocrx_word' id='word_1_220' title='bbox 1481 221 1600 253; x_wconf 74' lang='grc' dir='ltr'>ἔπειθον,</span> <span class='ocrx_word' id='word_1_221' title='bbox 1618 220 1778 254; x_wconf 79' lang='grc' dir='ltr'>ἁλλ’ὲώρων</span> 
     </span>
    </p>
   </div>
   <div class='ocr_carea' id='block_1_33' title="bbox 980 265 1778 304">
    <p class='ocr_par' dir='ltr' id='par_1_33' title="bbox 980 265 1778 304">
     <span class='ocr_line' id='line_1_33' title="bbox 980 265 1778 304; baseline -0.003 -10"><span class='ocrx_word' id='word_1_222' title='bbox 980 268 1074 294; x_wconf 77' lang='grc' dir='ltr'>τοῦτον</span> <span class='ocrx_word' id='word_1_223' title='bbox 1102 269 1390 304; x_wconf 80' lang='grc' dir='ltr'>καταλαζονευόμενον</span> <span class='ocrx_word' id='word_1_224' title='bbox 1414 268 1469 295; x_wconf 88' lang='grc' dir='ltr'>τῶν</span> <span class='ocrx_word' id='word_1_225' title='bbox 1503 267 1700 303; x_wconf 80' lang='grc' dir='ltr'>φανησομένων</span> <span class='ocrx_word' id='word_1_226' title='bbox 1729 265 1778 292; x_wconf 69' lang='grc' dir='ltr'>καὶ</span> 
     </span>
    </p>
   </div>
   <div class='ocr_carea' id='block_1_34' title="bbox 981 311 1777 350">
    <p class='ocr_par' dir='ltr' id='par_1_34' title="bbox 981 311 1777 350">
     <span class='ocr_line' id='line_1_34' title="bbox 981 311 1777 350; baseline -0.003 -11"><span class='ocrx_word' id='word_1_227' title='bbox 981 313 1078 348; x_wconf 75' lang='grc' dir='ltr'>ὖὸρεσι</span> <span class='ocrx_word' id='word_1_228' title='bbox 1093 314 1228 340; x_wconf 79' lang='grc' dir='ltr'>πλύνοντα</span> <span class='ocrx_word' id='word_1_229' title='bbox 1238 315 1284 340; x_wconf 81' lang='grc' dir='ltr'>τὸν</span> <span class='ocrx_word' id='word_1_230' title='bbox 1306 315 1375 350; x_wconf 80' lang='grc' dir='ltr'>πρὸς</span> <span class='ocrx_word' id='word_1_231' title='bbox 1384 314 1466 340; x_wconf 77' lang='grc' dir='ltr'>αὐτὺν</span> <span class='ocrx_word' id='word_1_232' title='bbox 1493 311 1777 347; x_wconf 67' lang='grc' dir='ltr'>ἀπιπαρατάττεσθαι</span> 
     </span>
    </p>
   </div>
   <div class='ocr_carea' id='block_1_35' title="bbox 981 357 1778 394">
    <p class='ocr_par' dir='ltr' id='par_1_35' title="bbox 981 357 1778 394">
     <span class='ocr_line' id='line_1_35' title="bbox 981 357 1778 394; baseline -0.004 -8"><span class='ocrx_word' id='word_1_233' title='bbox 981 360 1148 394; x_wconf 77' lang='grc' dir='ltr'>ἀκουόμενον</span> <span class='ocrx_word' id='word_1_234' title='bbox 1161 361 1200 391; x_wconf 85' lang='grc' dir='ltr'><strong>ὡς</strong></span> <span class='ocrx_word' id='word_1_235' title='bbox 1210 360 1310 387; x_wconf 80' lang='grc' dir='ltr'>αὐτίκα</span> <span class='ocrx_word' id='word_1_236' title='bbox 1328 359 1389 386; x_wconf 86' lang='grc' dir='ltr'>κατ’</span> <span class='ocrx_word' id='word_1_237' title='bbox 1404 360 1509 386; x_wconf 76' lang='grc' dir='ltr'>ἐκείνου</span> <span class='ocrx_word' id='word_1_238' title='bbox 1524 358 1681 393; x_wconf 79' lang='grc' dir='ltr'>λαφύξοντα</span> <span class='ocrx_word' id='word_1_239' title='bbox 1702 357 1778 392; x_wconf 80' lang='grc' dir='ltr'>(τού-</span> 
     </span>
    </p>
   </div>
   <div class='ocr_carea' id='block_1_36' title="bbox 980 403 1778 442">
    <p class='ocr_par' dir='ltr' id='par_1_36' title="bbox 980 403 1778 442">
     <span class='ocr_line' id='line_1_36' title="bbox 980 403 1778 442; baseline -0.003 -11"><span class='ocrx_word' id='word_1_240' title='bbox 980 414 1037 436; x_wconf 83' lang='grc' dir='ltr'>τοις</span> <span class='ocrx_word' id='word_1_241' title='bbox 1058 406 1105 431; x_wconf 70' lang='grc' dir='ltr'>καὶ</span> <span class='ocrx_word' id='word_1_242' title='bbox 1122 406 1176 441; x_wconf 79' lang='grc' dir='ltr'><strong>γὰρ</strong></span> <span class='ocrx_word' id='word_1_243' title='bbox 1194 405 1418 442; x_wconf 75' lang='grc' dir='ltr'>παραθαρρύνειν</span> <span class='ocrx_word' id='word_1_244' title='bbox 1433 405 1520 432; x_wconf 80' lang='grc' dir='ltr'>ἐδόκει</span> <span class='ocrx_word' id='word_1_245' title='bbox 1539 406 1588 436; x_wconf 82' lang='grc' dir='ltr'>τὰς</span> <span class='ocrx_word' id='word_1_246' title='bbox 1604 405 1715 430; x_wconf 74' lang='grc' dir='ltr'>ἐκείνων</span> <span class='ocrx_word' id='word_1_247' title='bbox 1729 403 1778 438; x_wconf 86' lang='grc' dir='ltr'><strong>ὁρ-</strong></span> 
     </span>
    </p>
   </div>
   <div class='ocr_carea' id='block_1_37' title="bbox 983 450 1779 486">
    <p class='ocr_par' dir='ltr' id='par_1_37' title="bbox 983 450 1779 486">
     <span class='ocr_line' id='line_1_37' title="bbox 983 450 1779 486; baseline -0.004 -8"><span class='ocrx_word' id='word_1_248' title='bbox 983 452 1047 486; x_wconf 82' lang='grc' dir='ltr'>μὰς,</span> <span class='ocrx_word' id='word_1_249' title='bbox 1061 452 1140 478; x_wconf 80' lang='grc' dir='ltr'>οὐδὲν</span> <span class='ocrx_word' id='word_1_250' title='bbox 1163 452 1245 478; x_wconf 81' lang='grc' dir='ltr'>πλέον</span> <span class='ocrx_word' id='word_1_251' title='bbox 1259 452 1354 486; x_wconf 72' lang='grc' dir='ltr'>ἢθελεν</span> <span class='ocrx_word' id='word_1_252' title='bbox 1369 451 1569 486; x_wconf 80' lang='grc' dir='ltr'>ἀναδέχεσθαι),</span> <span class='ocrx_word' id='word_1_253' title='bbox 1597 450 1779 480; x_wconf 74' lang='grc' dir='ltr'>ὑπυλαὸόντες</span> 
     </span>
    </p>
   </div>
   <div class='ocr_carea' id='block_1_38' title="bbox 982 497 1778 533">
    <p class='ocr_par' dir='ltr' id='par_1_38' title="bbox 982 497 1778 533">
     <span class='ocr_line' id='line_1_38' title="bbox 982 497 1778 533; baseline -0.003 -9"><span class='ocrx_word' id='word_1_254' title='bbox 982 499 1081 525; x_wconf 85' lang='grc' dir='ltr'>ὲκεῖνοι</span> <span class='ocrx_word' id='word_1_255' title='bbox 1109 500 1138 525; x_wconf 81' lang='grc' dir='ltr'>ὲν</span> <span class='ocrx_word' id='word_1_256' title='bbox 1171 499 1266 532; x_wconf 60' lang='grc' dir='ltr'>σκέψει</span> <span class='ocrx_word' id='word_1_257' title='bbox 1291 499 1415 533; x_wconf 85' lang='grc' dir='ltr'>γίνεσθαι</span> <span class='ocrx_word' id='word_1_258' title='bbox 1437 498 1524 525; x_wconf 78' lang='grc' dir='ltr'>ταῦτα</span> <span class='ocrx_word' id='word_1_259' title='bbox 1555 497 1602 523; x_wconf 79' lang='grc' dir='ltr'>καὶ</span> <span class='ocrx_word' id='word_1_260' title='bbox 1621 498 1662 528; x_wconf 76' lang='grc' dir='ltr'><strong>εἰς</strong></span> <span class='ocrx_word' id='word_1_261' title='bbox 1681 497 1778 530; x_wconf 76' lang='grc' dir='ltr'>καιρὸν</span> 
     </span>
    </p>
   </div>
   <div class='ocr_carea' id='block_1_39' title="bbox 983 542 1777 580">
    <p class='ocr_par' dir='ltr' id='par_1_39' title="bbox 983 542 1777 580">
     <span class='ocr_line' id='line_1_39' title="bbox 983 542 1777 580; baseline -0.003 -10"><span class='ocrx_word' id='word_1_262' title='bbox 983 545 1182 579; x_wconf 77' lang='grc' dir='ltr'>μεταγνώσεως</span> <span class='ocrx_word' id='word_1_263' title='bbox 1216 545 1381 572; x_wconf 71' lang='grc' dir='ltr'>ἀποκεῖσθαι</span> <span class='ocrx_word' id='word_1_264' title='bbox 1407 546 1432 571; x_wconf 74' lang='grc' dir='ltr'>οἱ</span> <span class='ocrx_word' id='word_1_265' title='bbox 1461 544 1616 580; x_wconf 80' lang='grc' dir='ltr'>βούλεσθαι,</span> <span class='ocrx_word' id='word_1_266' title='bbox 1643 544 1657 569; x_wconf 86' lang='grc' dir='ltr'><strong>ὅ</strong></span> <span class='ocrx_word' id='word_1_267' title='bbox 1681 551 1714 577; x_wconf 87' lang='grc' dir='ltr'><strong>γε</strong></span> <span class='ocrx_word' id='word_1_268' title='bbox 1731 542 1777 569; x_wconf 70' lang='grc' dir='ltr'><strong>καὶ</strong></span> 
     </span>
    </p>
   </div>
   <div class='ocr_carea' id='block_1_40' title="bbox 981 589 1777 626">
    <p class='ocr_par' dir='ltr' id='par_1_40' title="bbox 981 589 1777 626">
     <span class='ocr_line' id='line_1_40' title="bbox 981 589 1777 626; baseline -0.004 -9"><span class='ocrx_word' id='word_1_269' title='bbox 981 591 1056 626; x_wconf 84' lang='grc' dir='ltr'>αὐτῷ</span> <span class='ocrx_word' id='word_1_270' title='bbox 1074 592 1123 626; x_wconf 86' lang='grc' dir='ltr'>μὲν</span> <span class='ocrx_word' id='word_1_271' title='bbox 1133 592 1198 622; x_wconf 69' lang='grc' dir='ltr'>ἴσως</span> <span class='ocrx_word' id='word_1_272' title='bbox 1216 592 1343 625; x_wconf 81' lang='grc' dir='ltr'>ξυνοίσει,</span> <span class='ocrx_word' id='word_1_273' title='bbox 1362 591 1436 624; x_wconf 89' lang='grc' dir='ltr'>σφίσι</span> <span class='ocrx_word' id='word_1_274' title='bbox 1453 591 1481 617; x_wconf 86' lang='grc' dir='ltr'>δὲ</span> <span class='ocrx_word' id='word_1_275' title='bbox 1504 591 1699 626; x_wconf 81' lang='grc' dir='ltr'>περιστήσεται</span> <span class='ocrx_word' id='word_1_276' title='bbox 1729 589 1777 623; x_wconf 85' lang='grc' dir='ltr'><strong>μό-</strong></span> 
     </span>
    </p>
   </div>
   <div class='ocr_carea' id='block_1_41' title="bbox 981 633 1778 671">
    <p class='ocr_par' dir='ltr' id='par_1_41' title="bbox 981 633 1778 671">
     <span class='ocr_line' id='line_1_41' title="bbox 981 633 1778 671; baseline -0.005 -8"><span class='ocrx_word' id='word_1_277' title='bbox 981 645 1037 667; x_wconf 87' lang='grc' dir='ltr'>νοις</span> <span class='ocrx_word' id='word_1_278' title='bbox 1051 637 1090 668; x_wconf 75' lang='grc' dir='ltr'>εἰς</span> <span class='ocrx_word' id='word_1_279' title='bbox 1107 637 1241 666; x_wconf 74' lang='grc' dir='ltr'>κίνδυνον,</span> <span class='ocrx_word' id='word_1_280' title='bbox 1253 637 1380 671; x_wconf 63' lang='grc' dir='ltr'>πρὺμναν</span> <span class='ocrx_word' id='word_1_281' title='bbox 1392 644 1421 662; x_wconf 87' lang='grc' dir='ltr'><strong>τε</strong></span> <span class='ocrx_word' id='word_1_282' title='bbox 1438 635 1594 671; x_wconf 86' lang='grc' dir='ltr'>κρούονται,</span> <span class='ocrx_word' id='word_1_283' title='bbox 1614 635 1644 660; x_wconf 81' lang='grc' dir='ltr'><strong>τὺ</strong></span> <span class='ocrx_word' id='word_1_284' title='bbox 1659 634 1706 660; x_wconf 79' lang='grc' dir='ltr'><strong>τοῦ</strong></span> <span class='ocrx_word' id='word_1_285' title='bbox 1733 633 1778 659; x_wconf 86' lang='grc' dir='ltr'>λό-</span> 
     </span>
    </p>
   </div>
   <div class='ocr_carea' id='block_1_42' title="bbox 981 679 1778 717">
    <p class='ocr_par' dir='ltr' id='par_1_42' title="bbox 981 679 1778 717">
     <span class='ocr_line' id='line_1_42' title="bbox 981 679 1778 717; baseline -0.004 -9"><span class='ocrx_word' id='word_1_286' title='bbox 981 690 1042 716; x_wconf 81' lang='grc' dir='ltr'>γου,</span> <span class='ocrx_word' id='word_1_287' title='bbox 1064 682 1109 708; x_wconf 87' lang='grc' dir='ltr'><strong>καί</strong></span> <span class='ocrx_word' id='word_1_288' title='bbox 1137 682 1205 717; x_wconf 67' lang='grc' dir='ltr'>πρδς</span> <span class='ocrx_word' id='word_1_289' title='bbox 1228 682 1273 708; x_wconf 71' lang='grc' dir='ltr'><strong>τὺν</strong></span> <span class='ocrx_word' id='word_1_290' title='bbox 1293 682 1565 717; x_wconf 78' lang='grc' dir='ltr'>πρωτοόεστιαρίτην</span> <span class='ocrx_word' id='word_1_291' title='bbox 1589 679 1639 712; x_wconf 83' lang='grc' dir='ltr'>τὰς</span> <span class='ocrx_word' id='word_1_292' title='bbox 1664 679 1778 714; x_wconf 81' lang='grc' dir='ltr'>γνώμας</span> 
     </span>
    </p>
   </div>
   <div class='ocr_carea' id='block_1_43' title="bbox 982 724 1778 760">
    <p class='ocr_par' dir='ltr' id='par_1_43' title="bbox 982 724 1778 760">
     <span class='ocr_line' id='line_1_43' title="bbox 982 724 1778 760; baseline -0.005 -6"><span class='ocrx_word' id='word_1_293' title='bbox 982 727 1216 759; x_wconf 77' lang='grc' dir='ltr'>ἀνταποκλίνουσι,</span> <span class='ocrx_word' id='word_1_294' title='bbox 1230 728 1278 753; x_wconf 71' lang='grc' dir='ltr'><strong>καὶ</strong></span> <span class='ocrx_word' id='word_1_295' title='bbox 1292 727 1398 758; x_wconf 77' lang='grc' dir='ltr'>πίστεις</span> <span class='ocrx_word' id='word_1_296' title='bbox 1423 727 1552 758; x_wconf 72' lang='grc' dir='ltr'>λαϐόντες</span> <span class='ocrx_word' id='word_1_297' title='bbox 1582 726 1641 760; x_wconf 74' lang='grc' dir='ltr'>ἅμα</span> <span class='ocrx_word' id='word_1_298' title='bbox 1656 725 1702 751; x_wconf 81' lang='grc' dir='ltr'>καὶ</span> <span class='ocrx_word' id='word_1_299' title='bbox 1720 724 1778 750; x_wconf 84' lang='grc' dir='ltr'>δόν-</span> 
     </span>
    </p>
   </div>
   <div class='ocr_carea' id='block_1_44' title="bbox 981 770 1778 806">
    <p class='ocr_par' dir='ltr' id='par_1_44' title="bbox 981 770 1778 806">
     <span class='ocr_line' id='line_1_44' title="bbox 981 770 1778 806; baseline -0.004 -8"><span class='ocrx_word' id='word_1_300' title='bbox 981 781 1028 804; x_wconf 83' lang='grc' dir='ltr'><strong>τες</strong></span> <span class='ocrx_word' id='word_1_301' title='bbox 1043 771 1073 804; x_wconf 77' lang='grc' dir='ltr'><strong>ἐξ</strong></span> <span class='ocrx_word' id='word_1_302' title='bbox 1087 773 1176 806; x_wconf 83' lang='grc' dir='ltr'>ὅρκων</span> <span class='ocrx_word' id='word_1_303' title='bbox 1191 772 1292 806; x_wconf 73' lang='grc' dir='ltr'>φρίκης</span> <span class='ocrx_word' id='word_1_304' title='bbox 1307 772 1413 806; x_wconf 78' lang='grc' dir='ltr'>μεστῶν</span> <span class='ocrx_word' id='word_1_305' title='bbox 1430 772 1475 798; x_wconf 85' lang='grc' dir='ltr'><strong>καί</strong></span> <span class='ocrx_word' id='word_1_306' title='bbox 1488 780 1520 805; x_wconf 81' lang='grc' dir='ltr'><strong>γε</strong></span> <span class='ocrx_word' id='word_1_307' title='bbox 1546 772 1596 798; x_wconf 70' lang='grc' dir='ltr'>καὶ</span> <span class='ocrx_word' id='word_1_308' title='bbox 1612 770 1778 797; x_wconf 73' lang='grc' dir='ltr'>ἀντιδόσεσιν</span> 
     </span>
    </p>
   </div>
   <div class='ocr_carea' id='block_1_45' title="bbox 983 814 1778 852">
    <p class='ocr_par' dir='ltr' id='par_1_45' title="bbox 983 814 1778 852">
     <span class='ocr_line' id='line_1_45' title="bbox 983 814 1778 852; baseline -0.003 -10"><span class='ocrx_word' id='word_1_309' title='bbox 983 817 1065 851; x_wconf 79' lang='grc' dir='ltr'>ἱερῶν</span> <span class='ocrx_word' id='word_1_310' title='bbox 1087 817 1252 850; x_wconf 79' lang='grc' dir='ltr'>ὲγκολπίων,</span> <span class='ocrx_word' id='word_1_311' title='bbox 1276 814 1294 852; x_wconf 82' lang='grc' dir='ltr'><strong>ἧ</strong></span> <span class='ocrx_word' id='word_1_312' title='bbox 1320 816 1372 852; x_wconf 82' lang='grc' dir='ltr'>μὴν</span> <span class='ocrx_word' id='word_1_313' title='bbox 1387 815 1553 851; x_wconf 80' lang='grc' dir='ltr'>παραδοῦναι</span> <span class='ocrx_word' id='word_1_314' title='bbox 1567 815 1662 842; x_wconf 82' lang='grc' dir='ltr'>τοῦτον</span> <span class='ocrx_word' id='word_1_315' title='bbox 1674 815 1703 846; x_wconf 80' lang='grc' dir='ltr'>ἐς</span> <span class='ocrx_word' id='word_1_316' title='bbox 1722 814 1778 849; x_wconf 83' lang='grc' dir='ltr'>χεῖ-</span> 
     </span>
    </p>
   </div>
   <div class='ocr_carea' id='block_1_46' title="bbox 985 905 1779 940">
    <p class='ocr_par' dir='ltr' id='par_1_46' title="bbox 985 905 1779 940">
     <span class='ocr_line' id='line_1_46' title="bbox 985 905 1779 940; baseline -0.006 -4"><span class='ocrx_word' id='word_1_317' title='bbox 985 907 1214 936; x_wconf 86' lang='lat' dir='ltr'><strong>exitiosissimum</strong></span> <span class='ocrx_word' id='word_1_318' title='bbox 1234 907 1288 935; x_wconf 87' lang='lat' dir='ltr'><strong>sibi</strong></span> <span class='ocrx_word' id='word_1_319' title='bbox 1302 907 1410 934; x_wconf 83' lang='lat' dir='ltr'><strong>facinus</strong></span> <span class='ocrx_word' id='word_1_320' title='bbox 1433 907 1490 934; x_wconf 87' lang='lat' dir='ltr'><strong>suis</strong></span> <span class='ocrx_word' id='word_1_321' title='bbox 1509 906 1585 933; x_wconf 93' lang='lat' dir='ltr'><strong>illum</strong></span> <span class='ocrx_word' id='word_1_322' title='bbox 1604 905 1713 932; x_wconf 91' lang='lat' dir='ltr'><strong>artibus</strong></span> <span class='ocrx_word' id='word_1_323' title='bbox 1730 912 1779 940; x_wconf 86' lang='lat' dir='ltr'><strong>pe-</strong></span> 
     </span>
    </p>
   </div>
   <div class='ocr_carea' id='block_1_47' title="bbox 987 950 1777 988">
    <p class='ocr_par' dir='ltr' id='par_1_47' title="bbox 987 950 1777 988">
     <span class='ocr_line' id='line_1_47' title="bbox 987 950 1777 988; baseline -0.005 -7"><span class='ocrx_word' id='word_1_324' title='bbox 987 955 1083 986; x_wconf 88' lang='lat' dir='ltr'><strong>tendo,</strong></span> <span class='ocrx_word' id='word_1_325' title='bbox 1102 954 1291 988; x_wconf 85' lang='lat' dir='ltr'><strong>vertendaque</strong></span> <span class='ocrx_word' id='word_1_326' title='bbox 1309 958 1421 981; x_wconf 89' lang='lat' dir='ltr'><strong>strenue</strong></span> <span class='ocrx_word' id='word_1_327' title='bbox 1445 954 1471 980; x_wconf 90' lang='lat' dir='ltr'><strong>in</strong></span> <span class='ocrx_word' id='word_1_328' title='bbox 1497 955 1580 987; x_wconf 89' lang='lat' dir='ltr'><strong>caput</strong></span> <span class='ocrx_word' id='word_1_329' title='bbox 1596 950 1777 986; x_wconf 81' lang='lat' dir='ltr'><strong>ingratissimi</strong></span> 
     </span>
    </p>
   </div>
   <div class='ocr_carea' id='block_1_48' title="bbox 985 996 1778 1034">
    <p class='ocr_par' dir='ltr' id='par_1_48' title="bbox 985 996 1778 1034">
     <span class='ocr_line' id='line_1_48' title="bbox 985 996 1778 1034; baseline -0.005 -7"><span class='ocrx_word' id='word_1_330' title='bbox 985 1000 1142 1034; x_wconf 83' lang='lat' dir='ltr'><strong>deceptoris</strong></span> <span class='ocrx_word' id='word_1_331' title='bbox 1159 1000 1292 1034; x_wconf 89' lang='lat' dir='ltr'><strong>pernicie,</strong></span> <span class='ocrx_word' id='word_1_332' title='bbox 1317 1007 1400 1034; x_wconf 85' lang='lat' dir='ltr'><strong>quam</strong></span> <span class='ocrx_word' id='word_1_333' title='bbox 1428 999 1455 1025; x_wconf 91' lang='lat' dir='ltr'><strong>in</strong></span> <span class='ocrx_word' id='word_1_334' title='bbox 1473 998 1523 1026; x_wconf 80' lang='lat' dir='ltr'><strong>sibi</strong></span> <span class='ocrx_word' id='word_1_335' title='bbox 1549 998 1630 1025; x_wconf 89' lang='lat' dir='ltr'><strong>stulte</strong></span> <span class='ocrx_word' id='word_1_336' title='bbox 1650 996 1778 1024; x_wconf 71' lang='lat' dir='ltr'><strong>credulos</strong></span> 
     </span>
    </p>
   </div>
   <div class='ocr_carea' id='block_1_49' title="bbox 985 1044 1780 1073">
    <p class='ocr_par' dir='ltr' id='par_1_49' title="bbox 985 1044 1780 1073">
     <span class='ocr_line' id='line_1_49' title="bbox 985 1044 1780 1073; baseline -0.004 -1"><span class='ocrx_word' id='word_1_337' title='bbox 985 1046 1079 1073; x_wconf 80' lang='lat' dir='ltr'><strong>surdis</strong></span> <span class='ocrx_word' id='word_1_338' title='bbox 1095 1046 1289 1073; x_wconf 88' lang='lat' dir='ltr'><strong>iuolitionibus</strong></span> <span class='ocrx_word' id='word_1_339' title='bbox 1305 1045 1435 1072; x_wconf 84' lang='lat' dir='ltr'><strong>cudcbat.</strong></span> <span class='ocrx_word' id='word_1_340' title='bbox 1457 1044 1536 1071; x_wconf 73' lang='lat' dir='ltr'><strong>Hanc</strong></span> <span class='ocrx_word' id='word_1_341' title='bbox 1554 1051 1691 1072; x_wconf 88' lang='lat' dir='ltr'><strong>summam</strong></span> <span class='ocrx_word' id='word_1_342' title='bbox 1714 1050 1780 1070; x_wconf 86' lang='lat' dir='ltr'><strong>con-</strong></span> 
     </span>
    </p>
   </div>
   <div class='ocr_carea' id='block_1_50' title="bbox 989 1088 1780 1126">
    <p class='ocr_par' dir='ltr' id='par_1_50' title="bbox 989 1088 1780 1126">
     <span class='ocr_line' id='line_1_50' title="bbox 989 1088 1780 1126; baseline -0.005 -7"><span class='ocrx_word' id='word_1_343' title='bbox 989 1093 1116 1119; x_wconf 88' lang='lat' dir='ltr'><strong>siliorum</strong></span> <span class='ocrx_word' id='word_1_344' title='bbox 1131 1091 1248 1126; x_wconf 80' lang='lat' dir='ltr'><strong>digressi</strong></span> <span class='ocrx_word' id='word_1_345' title='bbox 1261 1100 1275 1118; x_wconf 92' lang='lat' dir='ltr'><strong>a</strong></span> <span class='ocrx_word' id='word_1_346' title='bbox 1292 1096 1400 1118; x_wconf 84' lang='lat' dir='ltr'><strong>secreto</strong></span> <span class='ocrx_word' id='word_1_347' title='bbox 1411 1091 1549 1125; x_wconf 88' lang='lat' dir='ltr'><strong>colloquio</strong></span> <span class='ocrx_word' id='word_1_348' title='bbox 1572 1096 1701 1125; x_wconf 79' lang='lat' dir='ltr'><strong>proceres</strong></span> <span class='ocrx_word' id='word_1_349' title='bbox 1712 1088 1780 1115; x_wconf 76' lang='lat' dir='ltr'><strong>Cre~</strong></span> 
     </span>
    </p>
   </div>
   <div class='ocr_carea' id='block_1_51' title="bbox 987 1136 1779 1170">
    <p class='ocr_par' dir='ltr' id='par_1_51' title="bbox 987 1136 1779 1170">
     <span class='ocr_line' id='line_1_51' title="bbox 987 1136 1779 1170; baseline -0.005 -5"><span class='ocrx_word' id='word_1_350' title='bbox 987 1138 1107 1165; x_wconf 91' lang='lat' dir='ltr'><strong>tensium</strong></span> <span class='ocrx_word' id='word_1_351' title='bbox 1127 1138 1219 1165; x_wconf 88' lang='lat' dir='ltr'><strong>statim</strong></span> <span class='ocrx_word' id='word_1_352' title='bbox 1236 1138 1264 1164; x_wconf 91' lang='lat' dir='ltr'><strong>in</strong></span> <span class='ocrx_word' id='word_1_353' title='bbox 1281 1145 1337 1164; x_wconf 87' lang='lat' dir='ltr'><strong>rem</strong></span> <span class='ocrx_word' id='word_1_354' title='bbox 1368 1137 1526 1164; x_wconf 88' lang='lat' dir='ltr'><strong>contulere.</strong></span> <span class='ocrx_word' id='word_1_355' title='bbox 1544 1136 1640 1163; x_wconf 82' lang='lat' dir='ltr'><strong>Adorti</strong></span> <span class='ocrx_word' id='word_1_356' title='bbox 1656 1136 1779 1170; x_wconf 87' lang='lat' dir='ltr'><strong>primum</strong></span> 
     </span>
    </p>
   </div>
   <div class='ocr_carea' id='block_1_52' title="bbox 986 1181 1780 1219">
    <p class='ocr_par' dir='ltr' id='par_1_52' title="bbox 986 1181 1780 1219">
     <span class='ocr_line' id='line_1_52' title="bbox 986 1181 1780 1219; baseline -0.004 -8"><span class='ocrx_word' id='word_1_357' title='bbox 986 1184 1272 1219; x_wconf 83' lang='lat' dir='ltr'><strong>Philanthropenum,</strong></span> <span class='ocrx_word' id='word_1_358' title='bbox 1298 1184 1454 1218; x_wconf 83' lang='lat' dir='ltr'><strong>allegarunt</strong></span> <span class='ocrx_word' id='word_1_359' title='bbox 1481 1184 1602 1210; x_wconf 81' lang='lat' dir='ltr'><strong>instante</strong></span> <span class='ocrx_word' id='word_1_360' title='bbox 1620 1181 1715 1218; x_wconf 67' lang='lat' dir='ltr'><strong>prazlio</strong></span> <span class='ocrx_word' id='word_1_361' title='bbox 1738 1182 1780 1208; x_wconf 85' lang='lat' dir='ltr'><strong>vi-</strong></span> 
     </span>
    </p>
   </div>
   <div class='ocr_carea' id='block_1_53' title="bbox 987 1227 1780 1264">
    <p class='ocr_par' dir='ltr' id='par_1_53' title="bbox 987 1227 1780 1264">
     <span class='ocr_line' id='line_1_53' title="bbox 987 1227 1780 1264; baseline -0.005 -7"><span class='ocrx_word' id='word_1_362' title='bbox 987 1230 1045 1257; x_wconf 90' lang='lat' dir='ltr'><strong>deri</strong></span> <span class='ocrx_word' id='word_1_363' title='bbox 1064 1234 1253 1264; x_wconf 87' lang='lat' dir='ltr'><strong>opportunum</strong></span> <span class='ocrx_word' id='word_1_364' title='bbox 1270 1229 1417 1257; x_wconf 83' lang='lat' dir='ltr'><strong>ﬁrmandis</strong></span> <span class='ocrx_word' id='word_1_365' title='bbox 1435 1228 1535 1255; x_wconf 85' lang='lat' dir='ltr'><strong>animis</strong></span> <span class='ocrx_word' id='word_1_366' title='bbox 1562 1234 1676 1255; x_wconf 89' lang='lat' dir='ltr'><strong>suorum</strong></span> <span class='ocrx_word' id='word_1_367' title='bbox 1692 1227 1780 1254; x_wconf 88' lang='lat' dir='ltr'><strong>semel</strong></span> 
     </span>
    </p>
   </div>
   <div class='ocr_carea' id='block_1_54' title="bbox 986 1272 1782 1308">
    <p class='ocr_par' dir='ltr' id='par_1_54' title="bbox 986 1272 1782 1308">
     <span class='ocr_line' id='line_1_54' title="bbox 986 1272 1782 1308; baseline -0.004 -6"><span class='ocrx_word' id='word_1_368' title='bbox 986 1283 1090 1302; x_wconf 81' lang='lat' dir='ltr'><strong>exuere</strong></span> <span class='ocrx_word' id='word_1_369' title='bbox 1110 1276 1207 1302; x_wconf 90' lang='lat' dir='ltr'><strong>ducem</strong></span> <span class='ocrx_word' id='word_1_370' title='bbox 1221 1274 1362 1302; x_wconf 77' lang='lat' dir='ltr'><strong>exercitus</strong></span> <span class='ocrx_word' id='word_1_371' title='bbox 1382 1274 1458 1306; x_wconf 83' lang='lat' dir='ltr'><strong>talis,</strong></span> <span class='ocrx_word' id='word_1_372' title='bbox 1483 1281 1546 1308; x_wconf 69' lang='lat' dir='ltr'><strong>quae</strong></span> <span class='ocrx_word' id='word_1_373' title='bbox 1562 1273 1653 1300; x_wconf 89' lang='lat' dir='ltr'><strong>adhuc</strong></span> <span class='ocrx_word' id='word_1_374' title='bbox 1668 1272 1720 1308; x_wconf 88' lang='lat' dir='ltr'><strong>ipsi</strong></span> <span class='ocrx_word' id='word_1_375' title='bbox 1738 1278 1782 1299; x_wconf 84' lang='lat' dir='ltr'><strong>re-</strong></span> 
     </span>
    </p>
   </div>
   <div class='ocr_carea' id='block_1_55' title="bbox 988 1318 1780 1354">
    <p class='ocr_par' dir='ltr' id='par_1_55' title="bbox 988 1318 1780 1354">
     <span class='ocr_line' id='line_1_55' title="bbox 988 1318 1780 1354; baseline -0.006 -5"><span class='ocrx_word' id='word_1_376' title='bbox 988 1322 1069 1349; x_wconf 88' lang='lat' dir='ltr'><strong>sidua</strong></span> <span class='ocrx_word' id='word_1_377' title='bbox 1103 1322 1207 1349; x_wconf 62' lang='lat' dir='ltr'><strong>haerere</strong></span> <span class='ocrx_word' id='word_1_378' title='bbox 1234 1321 1386 1353; x_wconf 75' lang='lat' dir='ltr'><strong>videretur,</strong></span> <span class='ocrx_word' id='word_1_379' title='bbox 1412 1319 1530 1354; x_wconf 84' lang='lat' dir='ltr'><strong>speciem</strong></span> <span class='ocrx_word' id='word_1_380' title='bbox 1559 1318 1683 1346; x_wconf 92' lang='lat' dir='ltr'><strong>nondum</strong></span> <span class='ocrx_word' id='word_1_381' title='bbox 1710 1318 1780 1345; x_wconf 89' lang='lat' dir='ltr'><strong>satis</strong></span> 
     </span>
    </p>
   </div>
   <div class='ocr_carea' id='block_1_56' title="bbox 988 1364 1782 1402">
    <p class='ocr_par' dir='ltr' id='par_1_56' title="bbox 988 1364 1782 1402">
     <span class='ocr_line' id='line_1_56' title="bbox 988 1364 1782 1402; baseline -0.006 -7"><span class='ocrx_word' id='word_1_382' title='bbox 988 1368 1089 1402; x_wconf 82' lang='lat' dir='ltr'><strong>ejurati</strong></span> <span class='ocrx_word' id='word_1_383' title='bbox 1108 1367 1226 1395; x_wconf 87' lang='lat' dir='ltr'><strong>servitii.</strong></span> <span class='ocrx_word' id='word_1_384' title='bbox 1239 1366 1422 1394; x_wconf 81' lang='lat' dir='ltr'><strong>Incitanieuto</strong></span> <span class='ocrx_word' id='word_1_385' title='bbox 1435 1366 1460 1393; x_wconf 94' lang='lat' dir='ltr'><strong>id</strong></span> <span class='ocrx_word' id='word_1_386' title='bbox 1473 1366 1583 1393; x_wconf 86' lang='lat' dir='ltr'><strong>cunctis</strong></span> <span class='ocrx_word' id='word_1_387' title='bbox 1599 1365 1646 1400; x_wconf 89' lang='lat' dir='ltr'><strong>qui</strong></span> <span class='ocrx_word' id='word_1_388' title='bbox 1661 1364 1722 1398; x_wconf 87' lang='lat' dir='ltr'><strong>ejus</strong></span> <span class='ocrx_word' id='word_1_389' title='bbox 1733 1372 1782 1391; x_wconf 87' lang='lat' dir='ltr'><strong>au-</strong></span> 
     </span>
    </p>
   </div>
   <div class='ocr_carea' id='block_1_57' title="bbox 988 1412 1782 1450">
    <p class='ocr_par' dir='ltr' id='par_1_57' title="bbox 988 1412 1782 1450">
     <span class='ocr_line' id='line_1_57' title="bbox 988 1412 1782 1450; baseline -0.006 -8"><span class='ocrx_word' id='word_1_390' title='bbox 988 1415 1085 1450; x_wconf 89' lang='lat' dir='ltr'><strong>spiciis</strong></span> <span class='ocrx_word' id='word_1_391' title='bbox 1101 1421 1159 1441; x_wconf 85' lang='lat' dir='ltr'><strong>rem</strong></span> <span class='ocrx_word' id='word_1_392' title='bbox 1183 1417 1313 1448; x_wconf 75' lang='lat' dir='ltr'><strong>gererent</strong></span> <span class='ocrx_word' id='word_1_393' title='bbox 1328 1412 1524 1440; x_wconf 73' lang='lat' dir='ltr'><strong>efﬁcacissime</strong></span> <span class='ocrx_word' id='word_1_394' title='bbox 1541 1413 1573 1438; x_wconf 87' lang='lat' dir='ltr'><strong>ad</strong></span> <span class='ocrx_word' id='word_1_395' title='bbox 1594 1412 1704 1446; x_wconf 84' lang='lat' dir='ltr'><strong>quidvis</strong></span> <span class='ocrx_word' id='word_1_396' title='bbox 1717 1418 1782 1446; x_wconf 87' lang='lat' dir='ltr'><strong>per-</strong></span> 
     </span>
    </p>
   </div>
   <div class='ocr_carea' id='block_1_58' title="bbox 989 1459 1782 1495">
    <p class='ocr_par' dir='ltr' id='par_1_58' title="bbox 989 1459 1782 1495">
     <span class='ocr_line' id='line_1_58' title="bbox 989 1459 1782 1495; baseline -0.005 -7"><span class='ocrx_word' id='word_1_397' title='bbox 989 1460 1170 1495; x_wconf 82' lang='lat' dir='ltr'><strong>rumpendum</strong></span> <span class='ocrx_word' id='word_1_398' title='bbox 1188 1459 1322 1492; x_wconf 90' lang='lat' dir='ltr'><strong>futurum,</strong></span> <span class='ocrx_word' id='word_1_399' title='bbox 1334 1459 1406 1494; x_wconf 86' lang='lat' dir='ltr'><strong>quod</strong></span> <span class='ocrx_word' id='word_1_400' title='bbox 1419 1466 1449 1486; x_wconf 88' lang='lat' dir='ltr'><strong>se</strong></span> <span class='ocrx_word' id='word_1_401' title='bbox 1460 1466 1510 1494; x_wconf 91' lang='lat' dir='ltr'><strong>pro</strong></span> <span class='ocrx_word' id='word_1_402' title='bbox 1518 1459 1648 1493; x_wconf 88' lang='lat' dir='ltr'><strong>verojani</strong></span> <span class='ocrx_word' id='word_1_403' title='bbox 1658 1459 1782 1493; x_wconf 84' lang='lat' dir='ltr'><strong>Augusto</strong></span> 
     </span>
    </p>
   </div>
   <div class='ocr_carea' id='block_1_59' title="bbox 142 1504 1780 1558">
    <p class='ocr_par' dir='ltr' id='par_1_59' title="bbox 142 1504 1780 1558">
     <span class='ocr_line' id='line_1_59' title="bbox 142 1504 1780 1558; baseline 0.003 -27"><span class='ocrx_word' id='word_1_404' title='bbox 142 1504 170 1531; x_wconf 90' lang='lat' dir='ltr'><strong>in</strong></span> <span class='ocrx_word' id='word_1_405' title='bbox 187 1509 316 1540; x_wconf 89' lang='lat' dir='ltr'><strong>promptu</strong></span> <span class='ocrx_word' id='word_1_406' title='bbox 344 1505 493 1539; x_wconf 88' lang='lat' dir='ltr'><strong>haberent,</strong></span> <span class='ocrx_word' id='word_1_407' title='bbox 521 1507 736 1535; x_wconf 81' lang='lat' dir='ltr'><strong>subministrare</strong></span> <span class='ocrx_word' id='word_1_408' title='bbox 754 1516 806 1535; x_wconf 81' lang='lat' dir='ltr'><strong>non</strong></span> <span class='ocrx_word' id='word_1_409' title='bbox 826 1509 935 1536; x_wconf 80' lang='lat' dir='ltr'><strong>omitte-</strong></span> <span class='ocrx_word' id='word_1_410' title='bbox 952 1530 973 1558; x_wconf 63' lang='grc' dir='ltr'>ο</span> <span class='ocrx_word' id='word_1_411' title='bbox 992 1514 1115 1543; x_wconf 72' lang='lat' dir='ltr'><strong>pugnare</strong></span> <span class='ocrx_word' id='word_1_412' title='bbox 1134 1506 1340 1537; x_wconf 69' lang='lat' dir='ltr'><strong>Illeminissenl.</strong></span> <span class='ocrx_word' id='word_1_413' title='bbox 1364 1505 1488 1540; x_wconf 70' lang='lat' dir='ltr'><strong>segnius,</strong></span> <span class='ocrx_word' id='word_1_414' title='bbox 1501 1506 1524 1532; x_wconf 65' lang='lat' dir='ltr'><strong>Si</strong></span> <span class='ocrx_word' id='word_1_415' title='bbox 1542 1505 1595 1532; x_wconf 66' lang='lat' dir='ltr'><strong>hoc</strong></span> <span class='ocrx_word' id='word_1_416' title='bbox 1611 1504 1683 1531; x_wconf 72' lang='grc' dir='ltr'><strong>Ῑοτῑε</strong></span> <span class='ocrx_word' id='word_1_417' title='bbox 1697 1505 1780 1536; x_wconf 65' lang='lat' dir='ltr'><strong>illis&quot;.</strong></span> 
     </span>
    </p>
   </div>
   <div class='ocr_carea' id='block_1_60' title="bbox 142 1551 937 1590">
    <p class='ocr_par' dir='ltr' id='par_1_60' title="bbox 142 1551 937 1590">
     <span class='ocr_line' id='line_1_60' title="bbox 142 1551 937 1590; baseline 0.006 -14"><span class='ocrx_word' id='word_1_418' title='bbox 142 1555 214 1583; x_wconf 89' lang='lat' dir='ltr'><strong>rent,</strong></span> <span class='ocrx_word' id='word_1_419' title='bbox 230 1556 327 1578; x_wconf 88' lang='lat' dir='ltr'><strong>sancte</strong></span> <span class='ocrx_word' id='word_1_420' title='bbox 347 1551 487 1586; x_wconf 84' lang='lat' dir='ltr'><strong>spondere</strong></span> <span class='ocrx_word' id='word_1_421' title='bbox 503 1560 576 1585; x_wconf 85' lang='lat' dir='ltr'><strong>sese,</strong></span> <span class='ocrx_word' id='word_1_422' title='bbox 595 1561 628 1580; x_wconf 90' lang='lat' dir='ltr'><strong>ac</strong></span> <span class='ocrx_word' id='word_1_423' title='bbox 639 1554 739 1588; x_wconf 87' lang='lat' dir='ltr'><strong>quovis</strong></span> <span class='ocrx_word' id='word_1_424' title='bbox 763 1556 877 1590; x_wconf 79' lang='lat' dir='ltr'><strong>pignore</strong></span> <span class='ocrx_word' id='word_1_425' title='bbox 890 1555 937 1582; x_wconf 90' lang='lat' dir='ltr'><strong>ﬁr-</strong></span> 
     </span>
    </p>
   </div>
   <div class='ocr_carea' id='block_1_61' title="bbox 142 1597 938 1632">
    <p class='ocr_par' dir='ltr' id='par_1_61' title="bbox 142 1597 938 1632">
     <span class='ocr_line' id='line_1_61' title="bbox 142 1597 938 1632; baseline 0.008 -10"><span class='ocrx_word' id='word_1_426' title='bbox 142 1603 218 1624; x_wconf 89' lang='lat' dir='ltr'><strong>mare</strong></span> <span class='ocrx_word' id='word_1_427' title='bbox 245 1597 408 1632; x_wconf 77' lang='lat' dir='ltr'><strong>religionem</strong></span> <span class='ocrx_word' id='word_1_428' title='bbox 438 1598 511 1630; x_wconf 86' lang='lat' dir='ltr'><strong>pacti</strong></span> <span class='ocrx_word' id='word_1_429' title='bbox 542 1599 615 1626; x_wconf 94' lang='lat' dir='ltr'><strong>ultro</strong></span> <span class='ocrx_word' id='word_1_430' title='bbox 634 1599 716 1632; x_wconf 83' lang='lat' dir='ltr'><strong>velle,</strong></span> <span class='ocrx_word' id='word_1_431' title='bbox 731 1600 872 1627; x_wconf 72' lang='lat' dir='ltr'><strong>victricem</strong></span> <span class='ocrx_word' id='word_1_432' title='bbox 888 1601 938 1628; x_wconf 90' lang='lat' dir='ltr'><strong>de-</strong></span> 
     </span>
    </p>
   </div>
   <div class='ocr_carea' id='block_1_62' title="bbox 141 1642 935 1681">
    <p class='ocr_par' dir='ltr' id='par_1_62' title="bbox 141 1642 935 1681">
     <span class='ocr_line' id='line_1_62' title="bbox 141 1642 935 1681; baseline 0.004 -12"><span class='ocrx_word' id='word_1_433' title='bbox 141 1642 296 1671; x_wconf 81' lang='lat' dir='ltr'><strong>fensionem</strong></span> <span class='ocrx_word' id='word_1_434' title='bbox 331 1644 500 1671; x_wconf 73' lang='lat' dir='ltr'><strong>innocentia:</strong></span> <span class='ocrx_word' id='word_1_435' title='bbox 528 1645 653 1679; x_wconf 88' lang='lat' dir='ltr'><strong>ipsorum</strong></span> <span class='ocrx_word' id='word_1_436' title='bbox 684 1653 714 1673; x_wconf 91' lang='lat' dir='ltr'><strong>se</strong></span> <span class='ocrx_word' id='word_1_437' title='bbox 740 1650 935 1681; x_wconf 83' lang='lat' dir='ltr'><strong>peroratui-um</strong></span> 
     </span>
    </p>
   </div>
   <div class='ocr_carea' id='block_1_63' title="bbox 142 1689 937 1727">
    <p class='ocr_par' dir='ltr' id='par_1_63' title="bbox 142 1689 937 1727">
     <span class='ocr_line' id='line_1_63' title="bbox 142 1689 937 1727; baseline 0.005 -11"><span class='ocrx_word' id='word_1_438' title='bbox 142 1689 214 1724; x_wconf 87' lang='lat' dir='ltr'><strong>apud</strong></span> <span class='ocrx_word' id='word_1_439' title='bbox 235 1689 387 1725; x_wconf 80' lang='lat' dir='ltr'><strong>Augustos,</strong></span> <span class='ocrx_word' id='word_1_440' title='bbox 402 1694 429 1717; x_wconf 88' lang='lat' dir='ltr'><strong>et</strong></span> <span class='ocrx_word' id='word_1_441' title='bbox 445 1695 543 1725; x_wconf 53' lang='lat' dir='ltr'><strong>praeter</strong></span> <span class='ocrx_word' id='word_1_442' title='bbox 557 1692 750 1726; x_wconf 78' lang='lat' dir='ltr'><strong>purgationem</strong></span> <span class='ocrx_word' id='word_1_443' title='bbox 769 1693 937 1727; x_wconf 87' lang='lat' dir='ltr'><strong>suspicionis</strong></span> 
     </span>
    </p>
   </div>
   <div class='ocr_carea' id='block_1_64' title="bbox 143 1736 937 1773">
    <p class='ocr_par' dir='ltr' id='par_1_64' title="bbox 143 1736 937 1773">
     <span class='ocr_line' id='line_1_64' title="bbox 143 1736 937 1773; baseline 0.005 -11"><span class='ocrx_word' id='word_1_444' title='bbox 143 1736 171 1763; x_wconf 86' lang='lat' dir='ltr'><strong>iu</strong></span> <span class='ocrx_word' id='word_1_445' title='bbox 191 1743 240 1763; x_wconf 85' lang='lat' dir='ltr'><strong>eos</strong></span> <span class='ocrx_word' id='word_1_446' title='bbox 256 1736 348 1764; x_wconf 87' lang='lat' dir='ltr'><strong>omnis</strong></span> <span class='ocrx_word' id='word_1_447' title='bbox 364 1736 538 1771; x_wconf 77' lang='lat' dir='ltr'><strong>largissimas</strong></span> <span class='ocrx_word' id='word_1_448' title='bbox 555 1737 666 1765; x_wconf 88' lang='lat' dir='ltr'><strong>cunctis</strong></span> <span class='ocrx_word' id='word_1_449' title='bbox 684 1737 752 1772; x_wconf 88' lang='lat' dir='ltr'><strong>ipsis</strong></span> <span class='ocrx_word' id='word_1_450' title='bbox 770 1745 802 1765; x_wconf 88' lang='lat' dir='ltr'><strong>ac</strong></span> <span class='ocrx_word' id='word_1_451' title='bbox 819 1738 937 1773; x_wconf 78' lang='lat' dir='ltr'><strong>singulis</strong></span> 
     </span>
    </p>
   </div>
   <div class='ocr_carea' id='block_1_65' title="bbox 143 1781 937 1817">
    <p class='ocr_par' dir='ltr' id='par_1_65' title="bbox 143 1781 937 1817">
     <span class='ocr_line' id='line_1_65' title="bbox 143 1781 937 1817; baseline 0.004 -9"><span class='ocrx_word' id='word_1_452' title='bbox 143 1789 159 1809; x_wconf 88' lang='lat' dir='ltr'><strong>a</strong></span> <span class='ocrx_word' id='word_1_453' title='bbox 174 1781 372 1809; x_wconf 83' lang='lat' dir='ltr'><strong>liberalissima</strong></span> <span class='ocrx_word' id='word_1_454' title='bbox 401 1783 557 1817; x_wconf 82' lang='lat' dir='ltr'><strong>principum</strong></span> <span class='ocrx_word' id='word_1_455' title='bbox 577 1783 667 1817; x_wconf 84' lang='lat' dir='ltr'><strong>gratia</strong></span> <span class='ocrx_word' id='word_1_456' title='bbox 697 1785 937 1811; x_wconf 83' lang='lat' dir='ltr'><strong>remuneratioues</strong></span> 
     </span>
    </p>
   </div>
   <div class='ocr_carea' id='block_1_66' title="bbox 145 1827 936 1864">
    <p class='ocr_par' dir='ltr' id='par_1_66' title="bbox 145 1827 936 1864">
     <span class='ocr_line' id='line_1_66' title="bbox 145 1827 936 1864; baseline 0.004 -10"><span class='ocrx_word' id='word_1_457' title='bbox 145 1834 371 1862; x_wconf 71' lang='lat' dir='ltr'><strong>procuratorum.</strong></span> <span class='ocrx_word' id='word_1_458' title='bbox 386 1827 434 1855; x_wconf 89' lang='lat' dir='ltr'><strong>His</strong></span> <span class='ocrx_word' id='word_1_459' title='bbox 448 1828 612 1856; x_wconf 83' lang='lat' dir='ltr'><strong>Cliortatzes</strong></span> <span class='ocrx_word' id='word_1_460' title='bbox 624 1834 651 1856; x_wconf 90' lang='lat' dir='ltr'><strong>et</strong></span> <span class='ocrx_word' id='word_1_461' title='bbox 667 1830 749 1864; x_wconf 84' lang='lat' dir='ltr'><strong>primi</strong></span> <span class='ocrx_word' id='word_1_462' title='bbox 764 1829 936 1858; x_wconf 88' lang='lat' dir='ltr'><strong>Cretensium</strong></span> 
     </span>
    </p>
   </div>
   <div class='ocr_carea' id='block_1_67' title="bbox 144 1874 937 1904">
    <p class='ocr_par' dir='ltr' id='par_1_67' title="bbox 144 1874 937 1904">
     <span class='ocr_line' id='line_1_67' title="bbox 144 1874 937 1904; baseline 0.004 -4"><span class='ocrx_word' id='word_1_463' title='bbox 144 1876 172 1901; x_wconf 90' lang='lat' dir='ltr'><strong>in</strong></span> <span class='ocrx_word' id='word_1_464' title='bbox 184 1881 288 1901; x_wconf 83' lang='lat' dir='ltr'><strong>arcano</strong></span> <span class='ocrx_word' id='word_1_465' title='bbox 317 1874 422 1902; x_wconf 83' lang='lat' dir='ltr'><strong>auditis</strong></span> <span class='ocrx_word' id='word_1_466' title='bbox 442 1874 544 1902; x_wconf 82' lang='lat' dir='ltr'><strong>seriam</strong></span> <span class='ocrx_word' id='word_1_467' title='bbox 560 1876 654 1903; x_wconf 81' lang='lat' dir='ltr'><strong>statim</strong></span> <span class='ocrx_word' id='word_1_468' title='bbox 671 1876 705 1903; x_wconf 89' lang='lat' dir='ltr'><strong>de</strong></span> <span class='ocrx_word' id='word_1_469' title='bbox 721 1884 749 1903; x_wconf 89' lang='lat' dir='ltr'><strong>re</strong></span> <span class='ocrx_word' id='word_1_470' title='bbox 768 1882 824 1903; x_wconf 87' lang='lat' dir='ltr'><strong>tota</strong></span> <span class='ocrx_word' id='word_1_471' title='bbox 843 1884 937 1904; x_wconf 89' lang='lat' dir='ltr'><strong>secum</strong></span> 
     </span>
    </p>
   </div>
   <div class='ocr_carea' id='block_1_68' title="bbox 146 1919 938 1956">
    <p class='ocr_par' dir='ltr' id='par_1_68' title="bbox 146 1919 938 1956">
     <span class='ocr_line' id='line_1_68' title="bbox 146 1919 938 1956; baseline 0.001 -9"><span class='ocrx_word' id='word_1_472' title='bbox 146 1919 216 1955; x_wconf 87' lang='lat' dir='ltr'><strong>ipsis</strong></span> <span class='ocrx_word' id='word_1_473' title='bbox 232 1919 459 1947; x_wconf 84' lang='lat' dir='ltr'><strong>deliberationem</strong></span> <span class='ocrx_word' id='word_1_474' title='bbox 474 1924 541 1948; x_wconf 88' lang='lat' dir='ltr'><strong>sunt</strong></span> <span class='ocrx_word' id='word_1_475' title='bbox 566 1920 697 1955; x_wconf 84' lang='lat' dir='ltr'><strong>ingressi.</strong></span> <span class='ocrx_word' id='word_1_476' title='bbox 712 1920 798 1948; x_wconf 83' lang='lat' dir='ltr'><strong>Multo</strong></span> <span class='ocrx_word' id='word_1_477' title='bbox 812 1921 867 1949; x_wconf 86' lang='lat' dir='ltr'><strong>illic</strong></span> <span class='ocrx_word' id='word_1_478' title='bbox 887 1930 938 1956; x_wconf 92' lang='lat' dir='ltr'><strong>pu-</strong></span> 
     </span>
    </p>
   </div>
   <div class='ocr_carea' id='block_1_69' title="bbox 144 1966 940 2001">
    <p class='ocr_par' dir='ltr' id='par_1_69' title="bbox 144 1966 940 2001">
     <span class='ocr_line' id='line_1_69' title="bbox 144 1966 940 2001; baseline 0.003 -8"><span class='ocrx_word' id='word_1_479' title='bbox 144 1971 258 2001; x_wconf 84' lang='lat' dir='ltr'><strong>gnatum</strong></span> <span class='ocrx_word' id='word_1_480' title='bbox 275 1966 404 1994; x_wconf 81' lang='lat' dir='ltr'><strong>conﬂictu</strong></span> <span class='ocrx_word' id='word_1_481' title='bbox 432 1967 647 1999; x_wconf 86' lang='lat' dir='ltr'><strong>sententiarum,</strong></span> <span class='ocrx_word' id='word_1_482' title='bbox 673 1973 702 1994; x_wconf 88' lang='lat' dir='ltr'><strong>ut</strong></span> <span class='ocrx_word' id='word_1_483' title='bbox 718 1970 828 1995; x_wconf 87' lang='lat' dir='ltr'><strong>cunctis</strong></span> <span class='ocrx_word' id='word_1_484' title='bbox 841 1969 869 1995; x_wconf 91' lang='lat' dir='ltr'><strong>in</strong></span> <span class='ocrx_word' id='word_1_485' title='bbox 887 1969 940 1995; x_wconf 88' lang='lat' dir='ltr'><strong>ﬁne</strong></span> 
     </span>
    </p>
   </div>
   <div class='ocr_carea' id='block_1_70' title="bbox 146 2012 939 2048">
    <p class='ocr_par' dir='ltr' id='par_1_70' title="bbox 146 2012 939 2048">
     <span class='ocr_line' id='line_1_70' title="bbox 146 2012 939 2048; baseline 0.003 -10"><span class='ocrx_word' id='word_1_486' title='bbox 146 2012 413 2047; x_wconf 82' lang='lat' dir='ltr'><strong>:ippetendosalutis</strong></span> <span class='ocrx_word' id='word_1_487' title='bbox 427 2013 644 2047; x_wconf 84' lang='lat' dir='ltr'><strong>securitatisque</strong></span> <span class='ocrx_word' id='word_1_488' title='bbox 657 2014 815 2040; x_wconf 90' lang='lat' dir='ltr'><strong>communis</strong></span> <span class='ocrx_word' id='word_1_489' title='bbox 829 2014 939 2048; x_wconf 79' lang='lat' dir='ltr'><strong>egregie</strong></span> 
     </span>
    </p>
   </div>
   <div class='ocr_carea' id='block_1_71' title="bbox 145 2058 937 2092">
    <p class='ocr_par' dir='ltr' id='par_1_71' title="bbox 145 2058 937 2092">
     <span class='ocr_line' id='line_1_71' title="bbox 145 2058 937 2092; baseline 0.001 -7"><span class='ocrx_word' id='word_1_490' title='bbox 145 2058 383 2092; x_wconf 87' lang='lat' dir='ltr'><strong>conspirantibus,</strong></span> <span class='ocrx_word' id='word_1_491' title='bbox 413 2058 450 2085; x_wconf 85' lang='lat' dir='ltr'><strong>ita</strong></span> <span class='ocrx_word' id='word_1_492' title='bbox 475 2059 578 2092; x_wconf 85' lang='lat' dir='ltr'><strong>quibus</strong></span> <span class='ocrx_word' id='word_1_493' title='bbox 602 2058 664 2086; x_wconf 86' lang='lat' dir='ltr'><strong>illas</strong></span> <span class='ocrx_word' id='word_1_494' title='bbox 693 2059 745 2086; x_wconf 87' lang='lat' dir='ltr'><strong>viis</strong></span> <span class='ocrx_word' id='word_1_495' title='bbox 767 2064 793 2086; x_wconf 86' lang='lat' dir='ltr'><strong>et</strong></span> <span class='ocrx_word' id='word_1_496' title='bbox 820 2065 881 2086; x_wconf 83' lang='lat' dir='ltr'><strong>utra</strong></span> <span class='ocrx_word' id='word_1_497' title='bbox 910 2060 937 2086; x_wconf 93' lang='lat' dir='ltr'><strong>in</strong></span> 
     </span>
    </p>
   </div>
   <div class='ocr_carea' id='block_1_72' title="bbox 146 2103 936 2138">
    <p class='ocr_par' dir='ltr' id='par_1_72' title="bbox 146 2103 936 2138">
     <span class='ocr_line' id='line_1_72' title="bbox 146 2103 936 2138; baseline 0 -7"><span class='ocrx_word' id='word_1_498' title='bbox 146 2106 268 2138; x_wconf 83' lang='lat' dir='ltr'><strong>partium</strong></span> <span class='ocrx_word' id='word_1_499' title='bbox 281 2104 398 2131; x_wconf 88' lang='lat' dir='ltr'><strong>invicem</strong></span> <span class='ocrx_word' id='word_1_500' title='bbox 416 2103 589 2131; x_wconf 86' lang='lat' dir='ltr'><strong>itifensarunt</strong></span> <span class='ocrx_word' id='word_1_501' title='bbox 602 2105 705 2131; x_wconf 81' lang='lat' dir='ltr'><strong>certius</strong></span> <span class='ocrx_word' id='word_1_502' title='bbox 720 2105 936 2137; x_wconf 72' lang='lat' dir='ltr'><strong>constituerent,</strong></span> 
     </span>
    </p>
   </div>
   <div class='ocr_carea' id='block_1_73' title="bbox 146 2150 936 2185">
    <p class='ocr_par' dir='ltr' id='par_1_73' title="bbox 146 2150 936 2185">
     <span class='ocr_line' id='line_1_73' title="bbox 146 2150 936 2185; baseline 0.003 -9"><span class='ocrx_word' id='word_1_503' title='bbox 146 2152 222 2177; x_wconf 87' lang='lat' dir='ltr'><strong>varia</strong></span> <span class='ocrx_word' id='word_1_504' title='bbox 241 2150 402 2185; x_wconf 83' lang='lat' dir='ltr'><strong>conjectura</strong></span> <span class='ocrx_word' id='word_1_505' title='bbox 428 2150 602 2178; x_wconf 88' lang='lat' dir='ltr'><strong>certantibus</strong></span> <span class='ocrx_word' id='word_1_506' title='bbox 634 2150 783 2185; x_wconf 78' lang='lat' dir='ltr'><strong>plerisque.</strong></span> <span class='ocrx_word' id='word_1_507' title='bbox 813 2150 936 2178; x_wconf 84' lang='lat' dir='ltr'><strong>Tandem</strong></span> 
     </span>
    </p>
   </div>
   <div class='ocr_carea' id='block_1_74' title="bbox 991 1551 1782 1586">
    <p class='ocr_par' dir='ltr' id='par_1_74' title="bbox 991 1551 1782 1586">
     <span class='ocr_line' id='line_1_74' title="bbox 991 1551 1782 1586; baseline -0.004 -6"><span class='ocrx_word' id='word_1_508' title='bbox 991 1553 1280 1586; x_wconf 82' lang='lat' dir='ltr'><strong>circumspectiusque</strong></span> <span class='ocrx_word' id='word_1_509' title='bbox 1300 1552 1488 1579; x_wconf 83' lang='lat' dir='ltr'><strong>dimicaturis.</strong></span> <span class='ocrx_word' id='word_1_510' title='bbox 1504 1552 1544 1578; x_wconf 84' lang='lat' dir='ltr'><strong>Ad</strong></span> <span class='ocrx_word' id='word_1_511' title='bbox 1561 1559 1593 1578; x_wconf 87' lang='lat' dir='ltr'><strong>ea</strong></span> <span class='ocrx_word' id='word_1_512' title='bbox 1608 1552 1654 1578; x_wconf 89' lang='lat' dir='ltr'><strong>ille</strong></span> <span class='ocrx_word' id='word_1_513' title='bbox 1668 1551 1782 1585; x_wconf 55' lang='lat' dir='ltr'><strong>prvelse</strong></span> 
     </span>
    </p>
   </div>
   <div class='ocr_carea' id='block_1_75' title="bbox 990 1594 1781 1633">
    <p class='ocr_par' dir='ltr' id='par_1_75' title="bbox 990 1594 1781 1633">
     <span class='ocr_line' id='line_1_75' title="bbox 990 1594 1781 1633; baseline -0.003 -9"><span class='ocrx_word' id='word_1_514' title='bbox 990 1598 1100 1633; x_wconf 76' lang='lat' dir='ltr'><strong>negavit</strong></span> <span class='ocrx_word' id='word_1_515' title='bbox 1116 1606 1145 1624; x_wconf 85' lang='lat' dir='ltr'><strong>se</strong></span> <span class='ocrx_word' id='word_1_516' title='bbox 1163 1597 1237 1632; x_wconf 90' lang='lat' dir='ltr'><strong>quod</strong></span> <span class='ocrx_word' id='word_1_517' title='bbox 1256 1601 1379 1632; x_wconf 84' lang='lat' dir='ltr'><strong>peterent</strong></span> <span class='ocrx_word' id='word_1_518' title='bbox 1402 1602 1540 1624; x_wconf 89' lang='lat' dir='ltr'><strong>acturum.</strong></span> <span class='ocrx_word' id='word_1_519' title='bbox 1562 1596 1653 1623; x_wconf 88' lang='lat' dir='ltr'><strong>Vetuit</strong></span> <span class='ocrx_word' id='word_1_520' title='bbox 1669 1594 1781 1626; x_wconf 80' lang='lat' dir='ltr'><strong>deinde.</strong></span> 
     </span>
    </p>
   </div>
   <div class='ocr_carea' id='block_1_76' title="bbox 990 1642 1782 1679">
    <p class='ocr_par' dir='ltr' id='par_1_76' title="bbox 990 1642 1782 1679">
     <span class='ocr_line' id='line_1_76' title="bbox 990 1642 1782 1679; baseline -0.001 -10"><span class='ocrx_word' id='word_1_521' title='bbox 990 1643 1063 1678; x_wconf 84' lang='lat' dir='ltr'><strong>quod</strong></span> <span class='ocrx_word' id='word_1_522' title='bbox 1084 1651 1140 1679; x_wconf 78' lang='lat' dir='ltr'><strong>pra:</strong></span> <span class='ocrx_word' id='word_1_523' title='bbox 1154 1651 1184 1670; x_wconf 90' lang='lat' dir='ltr'><strong>sc</strong></span> <span class='ocrx_word' id='word_1_524' title='bbox 1203 1644 1336 1674; x_wconf 85' lang='lat' dir='ltr'><strong>tulerant,</strong></span> <span class='ocrx_word' id='word_1_525' title='bbox 1353 1644 1387 1670; x_wconf 87' lang='lat' dir='ltr'><strong>de</strong></span> <span class='ocrx_word' id='word_1_526' title='bbox 1403 1643 1490 1678; x_wconf 65' lang='lat' dir='ltr'><strong>praelii</strong></span> <span class='ocrx_word' id='word_1_527' title='bbox 1507 1649 1606 1670; x_wconf 79' lang='lat' dir='ltr'><strong>eventu</strong></span> <span class='ocrx_word' id='word_1_528' title='bbox 1623 1650 1684 1669; x_wconf 80' lang='lat' dir='ltr'><strong>esse</strong></span> <span class='ocrx_word' id='word_1_529' title='bbox 1703 1642 1782 1668; x_wconf 89' lang='lat' dir='ltr'><strong>solli-</strong></span> 
     </span>
    </p>
   </div>
   <div class='ocr_carea' id='block_1_77' title="bbox 991 1689 1781 1724">
    <p class='ocr_par' dir='ltr' id='par_1_77' title="bbox 991 1689 1781 1724">
     <span class='ocr_line' id='line_1_77' title="bbox 991 1689 1781 1724; baseline -0.004 -6"><span class='ocrx_word' id='word_1_530' title='bbox 991 1690 1074 1718; x_wconf 83' lang='lat' dir='ltr'><strong>citos.</strong></span> <span class='ocrx_word' id='word_1_531' title='bbox 1094 1689 1188 1716; x_wconf 84' lang='lat' dir='ltr'><strong>Primo</strong></span> <span class='ocrx_word' id='word_1_532' title='bbox 1201 1691 1274 1717; x_wconf 83' lang='lat' dir='ltr'><strong>cnim</strong></span> <span class='ocrx_word' id='word_1_533' title='bbox 1290 1690 1351 1724; x_wconf 89' lang='lat' dir='ltr'><strong>ipso</strong></span> <span class='ocrx_word' id='word_1_534' title='bbox 1368 1695 1518 1724; x_wconf 81' lang='lat' dir='ltr'><strong>conspectu</strong></span> <span class='ocrx_word' id='word_1_535' title='bbox 1536 1697 1596 1716; x_wconf 85' lang='lat' dir='ltr'><strong>sese</strong></span> <span class='ocrx_word' id='word_1_536' title='bbox 1612 1689 1781 1716; x_wconf 77' lang='lat' dir='ltr'><strong>dililaturum</strong></span> 
     </span>
    </p>
   </div>
   <div class='ocr_carea' id='block_1_78' title="bbox 992 1735 1782 1772">
    <p class='ocr_par' dir='ltr' id='par_1_78' title="bbox 992 1735 1782 1772">
     <span class='ocr_line' id='line_1_78' title="bbox 992 1735 1782 1772; baseline -0.001 -9"><span class='ocrx_word' id='word_1_537' title='bbox 992 1743 1099 1772; x_wconf 88' lang='lat' dir='ltr'><strong>paucas</strong></span> <span class='ocrx_word' id='word_1_538' title='bbox 1116 1736 1179 1763; x_wconf 90' lang='lat' dir='ltr'><strong>illas</strong></span> <span class='ocrx_word' id='word_1_539' title='bbox 1194 1740 1222 1763; x_wconf 92' lang='lat' dir='ltr'><strong>et</strong></span> <span class='ocrx_word' id='word_1_540' title='bbox 1237 1735 1364 1763; x_wconf 83' lang='lat' dir='ltr'><strong>imbelles</strong></span> <span class='ocrx_word' id='word_1_541' title='bbox 1377 1737 1476 1762; x_wconf 79' lang='lat' dir='ltr'><strong>inertis</strong></span> <span class='ocrx_word' id='word_1_542' title='bbox 1493 1736 1669 1770; x_wconf 85' lang='lat' dir='ltr'><strong>imperitique</strong></span> <span class='ocrx_word' id='word_1_543' title='bbox 1687 1735 1782 1762; x_wconf 78' lang='lat' dir='ltr'><strong>adver-</strong></span> 
     </span>
    </p>
   </div>
   <div class='ocr_carea' id='block_1_79' title="bbox 991 1780 1782 1816">
    <p class='ocr_par' dir='ltr' id='par_1_79' title="bbox 991 1780 1782 1816">
     <span class='ocr_line' id='line_1_79' title="bbox 991 1780 1782 1816; baseline -0.003 -7"><span class='ocrx_word' id='word_1_544' title='bbox 991 1782 1060 1809; x_wconf 83' lang='lat' dir='ltr'><strong>sarii</strong></span> <span class='ocrx_word' id='word_1_545' title='bbox 1079 1781 1186 1816; x_wconf 77' lang='lat' dir='ltr'><strong>copias,</strong></span> <span class='ocrx_word' id='word_1_546' title='bbox 1200 1781 1291 1815; x_wconf 88' lang='lat' dir='ltr'><strong>ipsum</strong></span> <span class='ocrx_word' id='word_1_547' title='bbox 1305 1788 1370 1808; x_wconf 83' lang='lat' dir='ltr'><strong>vero</strong></span> <span class='ocrx_word' id='word_1_548' title='bbox 1392 1780 1532 1808; x_wconf 89' lang='lat' dir='ltr'><strong>mordicus</strong></span> <span class='ocrx_word' id='word_1_549' title='bbox 1549 1781 1719 1815; x_wconf 82' lang='lat' dir='ltr'><strong>discerptum</strong></span> <span class='ocrx_word' id='word_1_550' title='bbox 1733 1788 1782 1807; x_wconf 87' lang='lat' dir='ltr'><strong>vo-</strong></span> 
     </span>
    </p>
   </div>
   <div class='ocr_carea' id='block_1_80' title="bbox 992 1826 1784 1861">
    <p class='ocr_par' dir='ltr' id='par_1_80' title="bbox 992 1826 1784 1861">
     <span class='ocr_line' id='line_1_80' title="bbox 992 1826 1784 1861; baseline 0.001 -8"><span class='ocrx_word' id='word_1_551' title='bbox 992 1831 1138 1859; x_wconf 88' lang='lat' dir='ltr'><strong>raturum;</strong></span> <span class='ocrx_word' id='word_1_552' title='bbox 1155 1834 1236 1860; x_wconf 81' lang='lat' dir='ltr'><strong>quem</strong></span> <span class='ocrx_word' id='word_1_553' title='bbox 1253 1826 1369 1860; x_wconf 82' lang='lat' dir='ltr'><strong>proinde</strong></span> <span class='ocrx_word' id='word_1_554' title='bbox 1386 1826 1411 1853; x_wconf 88' lang='lat' dir='ltr'><strong>id</strong></span> <span class='ocrx_word' id='word_1_555' title='bbox 1431 1827 1522 1861; x_wconf 87' lang='lat' dir='ltr'><strong>ipsum</strong></span> <span class='ocrx_word' id='word_1_556' title='bbox 1539 1831 1666 1854; x_wconf 83' lang='lat' dir='ltr'><strong>metuere</strong></span> <span class='ocrx_word' id='word_1_557' title='bbox 1680 1826 1784 1854; x_wconf 79' lang='lat' dir='ltr'><strong>deben-</strong></span> 
     </span>
    </p>
   </div>
   <div class='ocr_carea' id='block_1_81' title="bbox 992 1872 1781 1908">
    <p class='ocr_par' dir='ltr' id='par_1_81' title="bbox 992 1872 1781 1908">
     <span class='ocr_line' id='line_1_81' title="bbox 992 1872 1781 1908; baseline 0 -8"><span class='ocrx_word' id='word_1_558' title='bbox 992 1876 1046 1900; x_wconf 89' lang='lat' dir='ltr'><strong>tem</strong></span> <span class='ocrx_word' id='word_1_559' title='bbox 1070 1872 1138 1899; x_wconf 86' lang='lat' dir='ltr'><strong>nihil</strong></span> <span class='ocrx_word' id='word_1_560' title='bbox 1159 1873 1253 1900; x_wconf 88' lang='lat' dir='ltr'><strong>minus</strong></span> <span class='ocrx_word' id='word_1_561' title='bbox 1273 1880 1359 1907; x_wconf 78' lang='lat' dir='ltr'><strong>quam</strong></span> <span class='ocrx_word' id='word_1_562' title='bbox 1385 1873 1509 1901; x_wconf 83' lang='lat' dir='ltr'><strong>insanire</strong></span> <span class='ocrx_word' id='word_1_563' title='bbox 1536 1878 1696 1908; x_wconf 84' lang='lat' dir='ltr'><strong>appareret,</strong></span> <span class='ocrx_word' id='word_1_564' title='bbox 1716 1873 1781 1900; x_wconf 85' lang='lat' dir='ltr'><strong>dum</strong></span> 
     </span>
    </p>
   </div>
   <div class='ocr_carea' id='block_1_82' title="bbox 990 1919 1781 1954">
    <p class='ocr_par' dir='ltr' id='par_1_82' title="bbox 990 1919 1781 1954">
     <span class='ocr_line' id='line_1_82' title="bbox 990 1919 1781 1954; baseline -0.003 -8"><span class='ocrx_word' id='word_1_565' title='bbox 990 1919 1042 1946; x_wconf 90' lang='lat' dir='ltr'><strong>sibi</strong></span> <span class='ocrx_word' id='word_1_566' title='bbox 1071 1927 1125 1946; x_wconf 90' lang='lat' dir='ltr'><strong>nou</strong></span> <span class='ocrx_word' id='word_1_567' title='bbox 1145 1919 1284 1946; x_wconf 82' lang='lat' dir='ltr'><strong>dubitaret</strong></span> <span class='ocrx_word' id='word_1_568' title='bbox 1300 1927 1458 1952; x_wconf 86' lang='lat' dir='ltr'><strong>occurrere,</strong></span> <span class='ocrx_word' id='word_1_569' title='bbox 1474 1921 1548 1946; x_wconf 91' lang='lat' dir='ltr'><strong>ultro</strong></span> <span class='ocrx_word' id='word_1_570' title='bbox 1569 1920 1596 1946; x_wconf 92' lang='lat' dir='ltr'><strong>in</strong></span> <span class='ocrx_word' id='word_1_571' title='bbox 1627 1919 1781 1954; x_wconf 85' lang='lat' dir='ltr'><strong>perniciem</strong></span> 
     </span>
    </p>
   </div>
   <div class='ocr_carea' id='block_1_83' title="bbox 991 1964 1784 2000">
    <p class='ocr_par' dir='ltr' id='par_1_83' title="bbox 991 1964 1784 2000">
     <span class='ocr_line' id='line_1_83' title="bbox 991 1964 1784 2000; baseline -0.003 -8"><span class='ocrx_word' id='word_1_572' title='bbox 991 1966 1151 1992; x_wconf 87' lang='lat' dir='ltr'><strong>incurrens.</strong></span> <span class='ocrx_word' id='word_1_573' title='bbox 1168 1964 1246 1991; x_wconf 86' lang='lat' dir='ltr'><strong>Talia</strong></span> <span class='ocrx_word' id='word_1_574' title='bbox 1262 1965 1307 1992; x_wconf 88' lang='lat' dir='ltr'><strong>isti</strong></span> <span class='ocrx_word' id='word_1_575' title='bbox 1328 1966 1360 1991; x_wconf 81' lang='lat' dir='ltr'><strong>de</strong></span> <span class='ocrx_word' id='word_1_576' title='bbox 1378 1972 1408 1991; x_wconf 88' lang='lat' dir='ltr'><strong>se</strong></span> <span class='ocrx_word' id='word_1_577' title='bbox 1422 1964 1582 1992; x_wconf 86' lang='lat' dir='ltr'><strong>thrasonice</strong></span> <span class='ocrx_word' id='word_1_578' title='bbox 1600 1965 1718 2000; x_wconf 85' lang='lat' dir='ltr'><strong>jactanti</strong></span> <span class='ocrx_word' id='word_1_579' title='bbox 1741 1966 1784 1991; x_wconf 89' lang='lat' dir='ltr'><strong>in-</strong></span> 
     </span>
    </p>
   </div>
   <div class='ocr_carea' id='block_1_84' title="bbox 993 2011 1782 2046">
    <p class='ocr_par' dir='ltr' id='par_1_84' title="bbox 993 2011 1782 2046">
     <span class='ocr_line' id='line_1_84' title="bbox 993 2011 1782 2046; baseline -0.001 -8"><span class='ocrx_word' id='word_1_580' title='bbox 993 2011 1177 2046; x_wconf 88' lang='lat' dir='ltr'><strong>dulgentique</strong></span> <span class='ocrx_word' id='word_1_581' title='bbox 1209 2011 1448 2046; x_wconf 82' lang='lat' dir='ltr'><strong>arrogantissimis</strong></span> <span class='ocrx_word' id='word_1_582' title='bbox 1481 2012 1575 2045; x_wconf 79' lang='lat' dir='ltr'><strong>minisI</strong></span> <span class='ocrx_word' id='word_1_583' title='bbox 1606 2016 1634 2039; x_wconf 91' lang='lat' dir='ltr'><strong>et</strong></span> <span class='ocrx_word' id='word_1_584' title='bbox 1653 2011 1782 2038; x_wconf 76' lang='lat' dir='ltr'><strong>:emulum</strong></span> 
     </span>
    </p>
   </div>
   <div class='ocr_carea' id='block_1_85' title="bbox 991 2058 1782 2093">
    <p class='ocr_par' dir='ltr' id='par_1_85' title="bbox 991 2058 1782 2093">
     <span class='ocr_line' id='line_1_85' title="bbox 991 2058 1782 2093; baseline -0.001 -8"><span class='ocrx_word' id='word_1_585' title='bbox 991 2059 1104 2093; x_wconf 86' lang='lat' dir='ltr'><strong>probris</strong></span> <span class='ocrx_word' id='word_1_586' title='bbox 1133 2058 1323 2093; x_wconf 86' lang='lat' dir='ltr'><strong>conviciisque</strong></span> <span class='ocrx_word' id='word_1_587' title='bbox 1345 2059 1490 2092; x_wconf 86' lang='lat' dir='ltr'><strong>laceranti,</strong></span> <span class='ocrx_word' id='word_1_588' title='bbox 1516 2059 1576 2086; x_wconf 83' lang='lat' dir='ltr'><strong>vale</strong></span> <span class='ocrx_word' id='word_1_589' title='bbox 1604 2058 1680 2085; x_wconf 89' lang='lat' dir='ltr'><strong>dicto</strong></span> <span class='ocrx_word' id='word_1_590' title='bbox 1695 2058 1782 2084; x_wconf 90' lang='lat' dir='ltr'><strong>Chor-</strong></span> 
     </span>
    </p>
   </div>
   <div class='ocr_carea' id='block_1_86' title="bbox 992 2103 1781 2139">
    <p class='ocr_par' dir='ltr' id='par_1_86' title="bbox 992 2103 1781 2139">
     <span class='ocr_line' id='line_1_86' title="bbox 992 2103 1781 2139; baseline -0.004 -7"><span class='ocrx_word' id='word_1_591' title='bbox 992 2109 1080 2132; x_wconf 87' lang='lat' dir='ltr'><strong>tatzes</strong></span> <span class='ocrx_word' id='word_1_592' title='bbox 1095 2112 1157 2131; x_wconf 84' lang='lat' dir='ltr'><strong>cum</strong></span> <span class='ocrx_word' id='word_1_593' title='bbox 1174 2104 1245 2135; x_wconf 87' lang='lat' dir='ltr'><strong>suis,</strong></span> <span class='ocrx_word' id='word_1_594' title='bbox 1268 2111 1361 2138; x_wconf 84' lang='lat' dir='ltr'><strong>prora,</strong></span> <span class='ocrx_word' id='word_1_595' title='bbox 1377 2104 1450 2139; x_wconf 88' lang='lat' dir='ltr'><strong>quod</strong></span> <span class='ocrx_word' id='word_1_596' title='bbox 1464 2103 1518 2130; x_wconf 89' lang='lat' dir='ltr'><strong>dici</strong></span> <span class='ocrx_word' id='word_1_597' title='bbox 1545 2105 1624 2137; x_wconf 85' lang='lat' dir='ltr'><strong>solet,</strong></span> <span class='ocrx_word' id='word_1_598' title='bbox 1654 2104 1781 2136; x_wconf 79' lang='lat' dir='ltr'><strong>inhibita,</strong></span> 
     </span>
    </p>
   </div>
   <div class='ocr_carea' id='block_1_87' title="bbox 991 2143 1819 2178">
    <p class='ocr_par' dir='ltr' id='par_1_87' title="bbox 991 2143 1819 2178">
     <span class='ocr_line' id='line_1_87' title="bbox 991 2143 1819 2178; baseline 0 -2"><span class='ocrx_word' id='word_1_599' title='bbox 991 2157 1106 2176; x_wconf 86' lang='lat' dir='ltr'><strong>cursum</strong></span> <span class='ocrx_word' id='word_1_600' title='bbox 1123 2149 1150 2176; x_wconf 90' lang='lat' dir='ltr'><strong>in</strong></span> <span class='ocrx_word' id='word_1_601' title='bbox 1167 2150 1340 2176; x_wconf 81' lang='lat' dir='ltr'><strong>contrarium</strong></span> <span class='ocrx_word' id='word_1_602' title='bbox 1366 2154 1516 2177; x_wconf 87' lang='lat' dir='ltr'><strong>torserunt.</strong></span> <span class='ocrx_word' id='word_1_603' title='bbox 1539 2149 1784 2178; x_wconf 84' lang='lat' dir='ltr'><strong>Protovestiariten</strong></span> <span class='ocrx_word' id='word_1_604' title='bbox 1816 2143 1819 2165; x_wconf 61' lang='grc' dir='ltr'>ἶ</span> 
     </span>
    </p>
   </div>
   <div class='ocr_carea' id='block_1_88' title="bbox 147 2195 1784 2231">
    <p class='ocr_par' dir='ltr' id='par_1_88' title="bbox 147 2195 1784 2231">
     <span class='ocr_line' id='line_1_88' title="bbox 147 2195 1784 2231; baseline 0 -8"><span class='ocrx_word' id='word_1_605' title='bbox 147 2203 287 2223; x_wconf 89' lang='lat' dir='ltr'><strong>consensu</strong></span> <span class='ocrx_word' id='word_1_606' title='bbox 311 2195 435 2223; x_wconf 91' lang='lat' dir='ltr'><strong>omnium</strong></span> <span class='ocrx_word' id='word_1_607' title='bbox 459 2196 542 2229; x_wconf 87' lang='lat' dir='ltr'><strong>sedit,</strong></span> <span class='ocrx_word' id='word_1_608' title='bbox 565 2196 701 2231; x_wconf 80' lang='lat' dir='ltr'><strong>profunde</strong></span> <span class='ocrx_word' id='word_1_609' title='bbox 723 2196 902 2223; x_wconf 81' lang='lat' dir='ltr'><strong>dissimulato</strong></span> <span class='ocrx_word' id='word_1_610' title='bbox 922 2201 935 2220; x_wconf 87' lang='lat' dir='ltr'><strong>a</strong></span> <span class='ocrx_word' id='word_1_611' title='bbox 951 2198 978 2228; x_wconf 86' lang='lat' dir='ltr'><strong>D</strong></span> <span class='ocrx_word' id='word_1_612' title='bbox 991 2196 1062 2224; x_wconf 88' lang='lat' dir='ltr'><strong>clam</strong></span> <span class='ocrx_word' id='word_1_613' title='bbox 1077 2196 1188 2223; x_wconf 86' lang='lat' dir='ltr'><strong>adeunt.</strong></span> <span class='ocrx_word' id='word_1_614' title='bbox 1204 2195 1353 2231; x_wconf 84' lang='lat' dir='ltr'><strong>Promptos</strong></span> <span class='ocrx_word' id='word_1_615' title='bbox 1372 2204 1401 2223; x_wconf 73' lang='lat' dir='ltr'><strong>sa</strong></span> <span class='ocrx_word' id='word_1_616' title='bbox 1417 2196 1569 2223; x_wconf 86' lang='lat' dir='ltr'><strong>ostendunt</strong></span> <span class='ocrx_word' id='word_1_617' title='bbox 1597 2197 1698 2231; x_wconf 75' lang='lat' dir='ltr'><strong>pacisci</strong></span> <span class='ocrx_word' id='word_1_618' title='bbox 1712 2196 1784 2231; x_wconf 90' lang='lat' dir='ltr'><strong>quod</strong></span> 
     </span>
    </p>
   </div>
   <div class='ocr_carea' id='block_1_89' title="bbox 147 2241 940 2276">
    <p class='ocr_par' dir='ltr' id='par_1_89' title="bbox 147 2241 940 2276">
     <span class='ocr_line' id='line_1_89' title="bbox 147 2241 940 2276; baseline -0.001 -8"><span class='ocrx_word' id='word_1_619' title='bbox 147 2241 298 2268; x_wconf 85' lang='lat' dir='ltr'><strong>Libadario</strong></span> <span class='ocrx_word' id='word_1_620' title='bbox 314 2241 429 2274; x_wconf 84' lang='lat' dir='ltr'><strong>iudicio,</strong></span> <span class='ocrx_word' id='word_1_621' title='bbox 446 2241 522 2268; x_wconf 85' lang='lat' dir='ltr'><strong>adire</strong></span> <span class='ocrx_word' id='word_1_622' title='bbox 534 2242 568 2269; x_wconf 85' lang='lat' dir='ltr'><strong>de</strong></span> <span class='ocrx_word' id='word_1_623' title='bbox 581 2249 652 2269; x_wconf 85' lang='lat' dir='ltr'><strong>noro</strong></span> <span class='ocrx_word' id='word_1_624' title='bbox 663 2242 940 2276; x_wconf 84' lang='lat' dir='ltr'><strong>Pliilanthiopenum,</strong></span> 
     </span>
    </p>
   </div>
   <div class='ocr_carea' id='block_1_90' title="bbox 147 2287 943 2322">
    <p class='ocr_par' dir='ltr' id='par_1_90' title="bbox 147 2287 943 2322">
     <span class='ocr_line' id='line_1_90' title="bbox 147 2287 943 2322; baseline -0.003 -8"><span class='ocrx_word' id='word_1_625' title='bbox 147 2294 372 2322; x_wconf 78' lang='lat' dir='ltr'><strong>magnopereque</strong></span> <span class='ocrx_word' id='word_1_626' title='bbox 386 2287 491 2314; x_wconf 83' lang='lat' dir='ltr'><strong>instare</strong></span> <span class='ocrx_word' id='word_1_627' title='bbox 510 2292 539 2314; x_wconf 89' lang='lat' dir='ltr'><strong>ut</strong></span> <span class='ocrx_word' id='word_1_628' title='bbox 554 2295 655 2315; x_wconf 89' lang='lat' dir='ltr'><strong>nomen</strong></span> <span class='ocrx_word' id='word_1_629' title='bbox 672 2292 699 2315; x_wconf 91' lang='lat' dir='ltr'><strong>et</strong></span> <span class='ocrx_word' id='word_1_630' title='bbox 712 2287 833 2322; x_wconf 69' lang='lat' dir='ltr'><strong>insignia</strong></span> <span class='ocrx_word' id='word_1_631' title='bbox 847 2291 943 2314; x_wconf 82' lang='lat' dir='ltr'><strong>sumat</strong></span> 
     </span>
    </p>
   </div>
   <div class='ocr_carea' id='block_1_91' title="bbox 148 2333 939 2369">
    <p class='ocr_par' dir='ltr' id='par_1_91' title="bbox 148 2333 939 2369">
     <span class='ocr_line' id='line_1_91' title="bbox 148 2333 939 2369; baseline -0.004 -8"><span class='ocrx_word' id='word_1_632' title='bbox 148 2334 269 2369; x_wconf 86' lang='lat' dir='ltr'><strong>imperii.</strong></span> <span class='ocrx_word' id='word_1_633' title='bbox 295 2333 323 2361; x_wconf 88' lang='lat' dir='ltr'><strong>Si</strong></span> <span class='ocrx_word' id='word_1_634' title='bbox 357 2334 517 2368; x_wconf 85' lang='lat' dir='ltr'><strong>persuaderi</strong></span> <span class='ocrx_word' id='word_1_635' title='bbox 543 2342 574 2361; x_wconf 91' lang='lat' dir='ltr'><strong>se</strong></span> <span class='ocrx_word' id='word_1_636' title='bbox 594 2334 709 2366; x_wconf 77' lang='lat' dir='ltr'><strong>sineret,</strong></span> <span class='ocrx_word' id='word_1_637' title='bbox 728 2339 783 2360; x_wconf 80' lang='lat' dir='ltr'><strong>tum</strong></span> <span class='ocrx_word' id='word_1_638' title='bbox 803 2333 939 2359; x_wconf 81' lang='lat' dir='ltr'><strong>fortunam</strong></span> 
     </span>
    </p>
   </div>
   <div class='ocr_carea' id='block_1_92' title="bbox 149 2379 940 2415">
    <p class='ocr_par' dir='ltr' id='par_1_92' title="bbox 149 2379 940 2415">
     <span class='ocr_line' id='line_1_92' title="bbox 149 2379 940 2415; baseline -0.004 -7"><span class='ocrx_word' id='word_1_639' title='bbox 149 2381 211 2415; x_wconf 86' lang='lat' dir='ltr'><strong>ejus</strong></span> <span class='ocrx_word' id='word_1_640' title='bbox 229 2380 262 2407; x_wconf 79' lang='lat' dir='ltr'><strong>ad</strong></span> <span class='ocrx_word' id='word_1_641' title='bbox 275 2384 432 2407; x_wconf 72' lang='lat' dir='ltr'><strong>extremum</strong></span> <span class='ocrx_word' id='word_1_642' title='bbox 459 2384 663 2415; x_wconf 87' lang='lat' dir='ltr'><strong>sequerentur:</strong></span> <span class='ocrx_word' id='word_1_643' title='bbox 680 2380 724 2406; x_wconf 92' lang='lat' dir='ltr'><strong>sin</strong></span> <span class='ocrx_word' id='word_1_644' title='bbox 740 2379 896 2406; x_wconf 87' lang='lat' dir='ltr'><strong>obstinaret</strong></span> <span class='ocrx_word' id='word_1_645' title='bbox 914 2380 940 2405; x_wconf 92' lang='lat' dir='ltr'><strong>in</strong></span> 
     </span>
    </p>
   </div>
   <div class='ocr_carea' id='block_1_93' title="bbox 149 2426 942 2464">
    <p class='ocr_par' dir='ltr' id='par_1_93' title="bbox 149 2426 942 2464">
     <span class='ocr_line' id='line_1_93' title="bbox 149 2426 942 2464; baseline -0.004 -8"><span class='ocrx_word' id='word_1_646' title='bbox 149 2428 232 2464; x_wconf 73' lang='lat'><strong>225</strong></span> <span class='ocrx_word' id='word_1_647' title='bbox 247 2428 391 2456; x_wconf 87' lang='lat' dir='ltr'><strong>renuendo</strong></span> <span class='ocrx_word' id='word_1_648' title='bbox 404 2428 602 2460; x_wconf 83' lang='lat' dir='ltr'><strong>constantiam,</strong></span> <span class='ocrx_word' id='word_1_649' title='bbox 616 2428 667 2454; x_wconf 88' lang='lat' dir='ltr'><strong>hoc</strong></span> <span class='ocrx_word' id='word_1_650' title='bbox 679 2427 740 2462; x_wconf 62' lang='lat' dir='ltr'><strong>ipso</strong></span> <span class='ocrx_word' id='word_1_651' title='bbox 752 2426 942 2454; x_wconf 86' lang='lat' dir='ltr'><strong>intellecturos</strong></span> 
     </span>
    </p>
   </div>
   <div class='ocr_carea' id='block_1_94' title="bbox 150 2472 940 2505">
    <p class='ocr_par' dir='ltr' id='par_1_94' title="bbox 150 2472 940 2505">
     <span class='ocr_line' id='line_1_94' title="bbox 150 2472 940 2505; baseline -0.004 -4"><span class='ocrx_word' id='word_1_652' title='bbox 150 2474 307 2501; x_wconf 81' lang='lat' dir='ltr'><strong>machinari</strong></span> <span class='ocrx_word' id='word_1_653' title='bbox 322 2482 384 2501; x_wconf 89' lang='lat' dir='ltr'><strong>eutn</strong></span> <span class='ocrx_word' id='word_1_654' title='bbox 401 2482 482 2501; x_wconf 78' lang='lat' dir='ltr'><strong>suam</strong></span> <span class='ocrx_word' id='word_1_655' title='bbox 511 2481 573 2500; x_wconf 89' lang='lat' dir='ltr'><strong>cum</strong></span> <span class='ocrx_word' id='word_1_656' title='bbox 593 2474 654 2499; x_wconf 85' lang='lat' dir='ltr'><strong>aula</strong></span> <span class='ocrx_word' id='word_1_657' title='bbox 676 2472 940 2505; x_wconf 83' lang='lat' dir='ltr'><strong>reconciliationem,</strong></span> 
     </span>
    </p>
   </div>
   <div class='ocr_carea' id='block_1_95' title="bbox 151 2519 941 2555">
    <p class='ocr_par' dir='ltr' id='par_1_95' title="bbox 151 2519 941 2555">
     <span class='ocr_line' id='line_1_95' title="bbox 151 2519 941 2555; baseline -0.001 -8"><span class='ocrx_word' id='word_1_658' title='bbox 151 2527 232 2555; x_wconf 89' lang='lat' dir='ltr'><strong>quam</strong></span> <span class='ocrx_word' id='word_1_659' title='bbox 262 2520 385 2555; x_wconf 84' lang='lat' dir='ltr'><strong>pernicie</strong></span> <span class='ocrx_word' id='word_1_660' title='bbox 402 2520 455 2547; x_wconf 87' lang='lat' dir='ltr'><strong>sibi</strong></span> <span class='ocrx_word' id='word_1_661' title='bbox 479 2519 679 2546; x_wconf 57' lang='lat' dir='ltr'><strong>adhareutium</strong></span> <span class='ocrx_word' id='word_1_662' title='bbox 711 2519 872 2547; x_wconf 86' lang='lat' dir='ltr'><strong>sanciturtts</strong></span> <span class='ocrx_word' id='word_1_663' title='bbox 895 2519 941 2552; x_wconf 91' lang='lat' dir='ltr'><strong>sit,</strong></span> 
     </span>
    </p>
   </div>
   <div class='ocr_carea' id='block_1_96' title="bbox 151 2565 942 2603">
    <p class='ocr_par' dir='ltr' id='par_1_96' title="bbox 151 2565 942 2603">
     <span class='ocr_line' id='line_1_96' title="bbox 151 2565 942 2603; baseline 0 -9"><span class='ocrx_word' id='word_1_664' title='bbox 151 2567 321 2603; x_wconf 80' lang='lat' dir='ltr'><strong>paciscenda</strong></span> <span class='ocrx_word' id='word_1_665' title='bbox 352 2574 403 2601; x_wconf 87' lang='lat' dir='ltr'><strong>pro</strong></span> <span class='ocrx_word' id='word_1_666' title='bbox 431 2574 479 2601; x_wconf 84' lang='lat' dir='ltr'><strong>spe</strong></span> <span class='ocrx_word' id='word_1_667' title='bbox 509 2565 586 2593; x_wconf 90' lang='lat' dir='ltr'><strong>illinc</strong></span> <span class='ocrx_word' id='word_1_668' title='bbox 615 2566 703 2593; x_wconf 72' lang='lat' dir='ltr'><strong>venia:</strong></span> <span class='ocrx_word' id='word_1_669' title='bbox 731 2565 942 2601; x_wconf 86' lang='lat' dir='ltr'><strong>opimarumque</strong></span> 
     </span>
    </p>
   </div>
   <div class='ocr_carea' id='block_1_97' title="bbox 151 2612 943 2643">
    <p class='ocr_par' dir='ltr' id='par_1_97' title="bbox 151 2612 943 2643">
     <span class='ocr_line' id='line_1_97' title="bbox 151 2612 943 2643; baseline -0.001 -2"><span class='ocrx_word' id='word_1_670' title='bbox 151 2613 310 2643; x_wconf 82' lang='lat' dir='ltr'><strong>mercedum</strong></span> <span class='ocrx_word' id='word_1_671' title='bbox 333 2612 406 2640; x_wconf 78' lang='lat' dir='ltr'><strong>facili</strong></span> <span class='ocrx_word' id='word_1_672' title='bbox 422 2612 582 2640; x_wconf 86' lang='lat' dir='ltr'><strong>conditione</strong></span> <span class='ocrx_word' id='word_1_673' title='bbox 594 2612 738 2640; x_wconf 84' lang='lat' dir='ltr'><strong>deserendi</strong></span> <span class='ocrx_word' id='word_1_674' title='bbox 751 2613 943 2640; x_wconf 80' lang='lat' dir='ltr'><strong>condonandi—</strong></span> 
     </span>
    </p>
   </div>
   <div class='ocr_carea' id='block_1_98' title="bbox 152 2658 942 2695">
    <p class='ocr_par' dir='ltr' id='par_1_98' title="bbox 152 2658 942 2695">
     <span class='ocr_line' id='line_1_98' title="bbox 152 2658 942 2695; baseline -0.001 -8"><span class='ocrx_word' id='word_1_675' title='bbox 152 2667 205 2695; x_wconf 83' lang='lat' dir='ltr'><strong>que</strong></span> <span class='ocrx_word' id='word_1_676' title='bbox 221 2667 254 2687; x_wconf 89' lang='lat' dir='ltr'><strong>ae</strong></span> <span class='ocrx_word' id='word_1_677' title='bbox 272 2666 323 2694; x_wconf 86' lang='lat' dir='ltr'><strong>pro</strong></span> <span class='ocrx_word' id='word_1_678' title='bbox 334 2666 364 2686; x_wconf 88' lang='lat' dir='ltr'><strong>se</strong></span> <span class='ocrx_word' id='word_1_679' title='bbox 376 2658 622 2693; x_wconf 85' lang='lat' dir='ltr'><strong>supponendorutu</strong></span> <span class='ocrx_word' id='word_1_680' title='bbox 639 2659 686 2686; x_wconf 67' lang='lat' dir='ltr'><strong>ira:</strong></span> <span class='ocrx_word' id='word_1_681' title='bbox 696 2659 851 2695; x_wconf 86' lang='lat' dir='ltr'><strong>ultionique</strong></span> <span class='ocrx_word' id='word_1_682' title='bbox 867 2660 942 2695; x_wconf 88' lang='lat' dir='ltr'><strong>prin-</strong></span> 
     </span>
    </p>
   </div>
   <div class='ocr_carea' id='block_1_99' title="bbox 154 2705 942 2742">
    <p class='ocr_par' dir='ltr' id='par_1_99' title="bbox 154 2705 942 2742">
     <span class='ocr_line' id='line_1_99' title="bbox 154 2705 942 2742; baseline -0.001 -9"><span class='ocrx_word' id='word_1_683' title='bbox 154 2706 246 2742; x_wconf 79' lang='lat' dir='ltr'><strong>:ipum</strong></span> <span class='ocrx_word' id='word_1_684' title='bbox 266 2705 327 2733; x_wconf 89' lang='lat' dir='ltr'><strong>illos</strong></span> <span class='ocrx_word' id='word_1_685' title='bbox 347 2705 422 2740; x_wconf 85' lang='lat' dir='ltr'><strong>ipsos</strong></span> <span class='ocrx_word' id='word_1_686' title='bbox 437 2705 554 2732; x_wconf 81' lang='lat' dir='ltr'><strong>miseras</strong></span> <span class='ocrx_word' id='word_1_687' title='bbox 570 2712 642 2740; x_wconf 85' lang='lat' dir='ltr'><strong>quos</strong></span> <span class='ocrx_word' id='word_1_688' title='bbox 659 2705 685 2732; x_wconf 94' lang='lat' dir='ltr'><strong>in</strong></span> <span class='ocrx_word' id='word_1_689' title='bbox 705 2705 794 2740; x_wconf 61' lang='lat' dir='ltr'><strong>culpa:</strong></span> <span class='ocrx_word' id='word_1_690' title='bbox 818 2706 942 2733; x_wconf 86' lang='lat' dir='ltr'><strong>societa-</strong></span> 
     </span>
    </p>
   </div>
   <div class='ocr_carea' id='block_1_100' title="bbox 153 2752 942 2788">
    <p class='ocr_par' dir='ltr' id='par_1_100' title="bbox 153 2752 942 2788">
     <span class='ocr_line' id='line_1_100' title="bbox 153 2752 942 2788; baseline 0 -8"><span class='ocrx_word' id='word_1_691' title='bbox 153 2757 206 2780; x_wconf 89' lang='lat' dir='ltr'><strong>tem</strong></span> <span class='ocrx_word' id='word_1_692' title='bbox 222 2753 282 2788; x_wconf 91' lang='lat' dir='ltr'><strong>ipse</strong></span> <span class='ocrx_word' id='word_1_693' title='bbox 297 2757 393 2780; x_wconf 85' lang='lat' dir='ltr'><strong>auctor</strong></span> <span class='ocrx_word' id='word_1_694' title='bbox 422 2752 534 2779; x_wconf 83' lang='lat' dir='ltr'><strong>sceleris</strong></span> <span class='ocrx_word' id='word_1_695' title='bbox 550 2752 683 2785; x_wconf 77' lang='lat' dir='ltr'><strong>traxerit;</strong></span> <span class='ocrx_word' id='word_1_696' title='bbox 700 2761 784 2787; x_wconf 86' lang='lat' dir='ltr'><strong>quare</strong></span> <span class='ocrx_word' id='word_1_697' title='bbox 805 2757 869 2780; x_wconf 91' lang='lat' dir='ltr'><strong>tunc</strong></span> <span class='ocrx_word' id='word_1_698' title='bbox 892 2753 942 2780; x_wconf 88' lang='lat' dir='ltr'><strong>ini-</strong></span> 
     </span>
    </p>
   </div>
   <div class='ocr_carea' id='block_1_101' title="bbox 151 2799 941 2834">
    <p class='ocr_par' dir='ltr' id='par_1_101' title="bbox 151 2799 941 2834">
     <span class='ocr_line' id='line_1_101' title="bbox 151 2799 941 2834; baseline 0 -8"><span class='ocrx_word' id='word_1_699' title='bbox 151 2799 226 2826; x_wconf 84' lang='lat' dir='ltr'><strong>ninie</strong></span> <span class='ocrx_word' id='word_1_700' title='bbox 240 2799 342 2826; x_wconf 88' lang='lat' dir='ltr'><strong>debere</strong></span> <span class='ocrx_word' id='word_1_701' title='bbox 357 2799 498 2833; x_wconf 87' lang='lat' dir='ltr'><strong>dubitare,</strong></span> <span class='ocrx_word' id='word_1_702' title='bbox 515 2804 560 2826; x_wconf 89' lang='lat' dir='ltr'><strong>aut</strong></span> <span class='ocrx_word' id='word_1_703' title='bbox 581 2800 635 2827; x_wconf 91' lang='lat' dir='ltr'><strong>ulla</strong></span> <span class='ocrx_word' id='word_1_704' title='bbox 653 2800 786 2834; x_wconf 80' lang='lat' dir='ltr'><strong>religione</strong></span> <span class='ocrx_word' id='word_1_705' title='bbox 802 2801 941 2833; x_wconf 83' lang='lat' dir='ltr'><strong>cunctari,</strong></span> 
     </span>
    </p>
   </div>
   <div class='ocr_carea' id='block_1_102' title="bbox 153 2844 943 2876">
    <p class='ocr_par' dir='ltr' id='par_1_102' title="bbox 153 2844 943 2876">
     <span class='ocr_line' id='line_1_102' title="bbox 153 2844 943 2876; baseline 0 -5"><span class='ocrx_word' id='word_1_706' title='bbox 153 2844 300 2874; x_wconf 74' lang='lat' dir='ltr'><strong>quominus</strong></span> <span class='ocrx_word' id='word_1_707' title='bbox 318 2851 401 2872; x_wconf 84' lang='lat' dir='ltr'><strong>uuam</strong></span> <span class='ocrx_word' id='word_1_708' title='bbox 416 2845 523 2876; x_wconf 68' lang='lat' dir='ltr'><strong>possint</strong></span> <span class='ocrx_word' id='word_1_709' title='bbox 550 2845 745 2873; x_wconf 84' lang='lat' dir='ltr'><strong>efﬁcacissime</strong></span> <span class='ocrx_word' id='word_1_710' title='bbox 776 2849 943 2876; x_wconf 54' lang='lat' dir='ltr'><strong>praevertam</strong></span> 
     </span>
    </p>
   </div>
   <div class='ocr_carea' id='block_1_103' title="bbox 991 2242 1785 2278">
    <p class='ocr_par' dir='ltr' id='par_1_103' title="bbox 991 2242 1785 2278">
     <span class='ocr_line' id='line_1_103' title="bbox 991 2242 1785 2278; baseline -0.001 -8"><span class='ocrx_word' id='word_1_711' title='bbox 991 2243 1115 2278; x_wconf 85' lang='lat' dir='ltr'><strong>petebat.</strong></span> <span class='ocrx_word' id='word_1_712' title='bbox 1131 2243 1160 2270; x_wconf 93' lang='lat' dir='ltr'><strong>ln</strong></span> <span class='ocrx_word' id='word_1_713' title='bbox 1177 2243 1201 2270; x_wconf 89' lang='lat' dir='ltr'><strong>id</strong></span> <span class='ocrx_word' id='word_1_714' title='bbox 1221 2242 1288 2270; x_wconf 88' lang='lat' dir='ltr'><strong>ﬁdes</strong></span> <span class='ocrx_word' id='word_1_715' title='bbox 1312 2244 1442 2277; x_wconf 89' lang='lat' dir='ltr'><strong>utrinqtte</strong></span> <span class='ocrx_word' id='word_1_716' title='bbox 1455 2243 1622 2277; x_wconf 22' lang='lat' dir='ltr'><strong>juramcn‘tis</strong></span> <span class='ocrx_word' id='word_1_717' title='bbox 1633 2247 1660 2269; x_wconf 90' lang='lat' dir='ltr'><strong>ct</strong></span> <span class='ocrx_word' id='word_1_718' title='bbox 1680 2243 1785 2278; x_wconf 80' lang='lat' dir='ltr'><strong>impre-</strong></span> 
     </span>
    </p>
   </div>
   <div class='ocr_carea' id='block_1_104' title="bbox 993 2287 1785 2320">
    <p class='ocr_par' dir='ltr' id='par_1_104' title="bbox 993 2287 1785 2320">
     <span class='ocr_line' id='line_1_104' title="bbox 993 2287 1785 2320; baseline -0.001 -5"><span class='ocrx_word' id='word_1_719' title='bbox 993 2289 1161 2320; x_wconf 85' lang='lat' dir='ltr'><strong>cationibus,</strong></span> <span class='ocrx_word' id='word_1_720' title='bbox 1190 2289 1243 2316; x_wconf 93' lang='lat' dir='ltr'><strong>utri</strong></span> <span class='ocrx_word' id='word_1_721' title='bbox 1259 2288 1398 2320; x_wconf 87' lang='lat' dir='ltr'><strong>fallerent,</strong></span> <span class='ocrx_word' id='word_1_722' title='bbox 1423 2288 1562 2315; x_wconf 88' lang='lat' dir='ltr'><strong>horriﬁcis</strong></span> <span class='ocrx_word' id='word_1_723' title='bbox 1579 2288 1714 2314; x_wconf 86' lang='lat' dir='ltr'><strong>ﬁrmatur.</strong></span> <span class='ocrx_word' id='word_1_724' title='bbox 1733 2287 1785 2315; x_wconf 84' lang='lat' dir='ltr'><strong>Sa-</strong></span> 
     </span>
    </p>
   </div>
   <div class='ocr_carea' id='block_1_105' title="bbox 993 2334 1785 2370">
    <p class='ocr_par' dir='ltr' id='par_1_105' title="bbox 993 2334 1785 2370">
     <span class='ocr_line' id='line_1_105' title="bbox 993 2334 1785 2370; baseline -0.003 -8"><span class='ocrx_word' id='word_1_725' title='bbox 993 2343 1040 2363; x_wconf 89' lang='lat' dir='ltr'><strong>cra</strong></span> <span class='ocrx_word' id='word_1_726' title='bbox 1057 2335 1124 2370; x_wconf 88' lang='lat' dir='ltr'><strong>quin</strong></span> <span class='ocrx_word' id='word_1_727' title='bbox 1139 2335 1222 2361; x_wconf 86' lang='lat' dir='ltr'><strong>etiam</strong></span> <span class='ocrx_word' id='word_1_728' title='bbox 1246 2335 1363 2362; x_wconf 86' lang='lat' dir='ltr'><strong>amuleta</strong></span> <span class='ocrx_word' id='word_1_729' title='bbox 1386 2335 1420 2361; x_wconf 92' lang='lat' dir='ltr'><strong>de</strong></span> <span class='ocrx_word' id='word_1_730' title='bbox 1438 2335 1509 2361; x_wconf 92' lang='lat' dir='ltr'><strong>collo</strong></span> <span class='ocrx_word' id='word_1_731' title='bbox 1528 2334 1641 2369; x_wconf 83' lang='lat' dir='ltr'><strong>quique,</strong></span> <span class='ocrx_word' id='word_1_732' title='bbox 1668 2339 1698 2360; x_wconf 92' lang='lat' dir='ltr'><strong>ut</strong></span> <span class='ocrx_word' id='word_1_733' title='bbox 1724 2341 1785 2360; x_wconf 88' lang='lat' dir='ltr'><strong>nios</strong></span> 
     </span>
    </p>
   </div>
   <div class='ocr_carea' id='block_1_106' title="bbox 993 2381 1785 2416">
    <p class='ocr_par' dir='ltr' id='par_1_106' title="bbox 993 2381 1785 2416">
     <span class='ocr_line' id='line_1_106' title="bbox 993 2381 1785 2416; baseline -0.001 -8"><span class='ocrx_word' id='word_1_734' title='bbox 993 2386 1047 2412; x_wconf 84' lang='lat' dir='ltr'><strong>est.</strong></span> <span class='ocrx_word' id='word_1_735' title='bbox 1067 2381 1094 2408; x_wconf 91' lang='lat' dir='ltr'><strong>in</strong></span> <span class='ocrx_word' id='word_1_736' title='bbox 1108 2382 1199 2408; x_wconf 88' lang='lat' dir='ltr'><strong>sinum</strong></span> <span class='ocrx_word' id='word_1_737' title='bbox 1223 2381 1342 2415; x_wconf 88' lang='lat' dir='ltr'><strong>pendula</strong></span> <span class='ocrx_word' id='word_1_738' title='bbox 1360 2381 1479 2408; x_wconf 84' lang='lat' dir='ltr'><strong>invicem</strong></span> <span class='ocrx_word' id='word_1_739' title='bbox 1499 2384 1667 2416; x_wconf 86' lang='lat' dir='ltr'><strong>permutant,</strong></span> <span class='ocrx_word' id='word_1_740' title='bbox 1687 2387 1718 2407; x_wconf 84' lang='lat' dir='ltr'><strong>ea</strong></span> <span class='ocrx_word' id='word_1_741' title='bbox 1735 2387 1785 2414; x_wconf 88' lang='lat' dir='ltr'><strong>pro</strong></span> 
     </span>
    </p>
   </div>
   <div class='ocr_carea' id='block_1_107' title="bbox 995 2426 1784 2461">
    <p class='ocr_par' dir='ltr' id='par_1_107' title="bbox 995 2426 1784 2461">
     <span class='ocr_line' id='line_1_107' title="bbox 995 2426 1784 2461; baseline -0.003 -7"><span class='ocrx_word' id='word_1_742' title='bbox 995 2427 1154 2454; x_wconf 88' lang='lat' dir='ltr'><strong>certissimo</strong></span> <span class='ocrx_word' id='word_1_743' title='bbox 1170 2426 1294 2453; x_wconf 87' lang='lat' dir='ltr'><strong>habituri</strong></span> <span class='ocrx_word' id='word_1_744' title='bbox 1313 2426 1429 2461; x_wconf 85' lang='lat' dir='ltr'><strong>pignore</strong></span> <span class='ocrx_word' id='word_1_745' title='bbox 1445 2426 1667 2453; x_wconf 89' lang='lat' dir='ltr'><strong>irrevocabiliter</strong></span> <span class='ocrx_word' id='word_1_746' title='bbox 1685 2426 1743 2452; x_wconf 73' lang='lat' dir='ltr'><strong>ﬁxae</strong></span> <span class='ocrx_word' id='word_1_747' title='bbox 1758 2426 1784 2452; x_wconf 88' lang='lat' dir='ltr'><strong>in</strong></span> 
     </span>
    </p>
   </div>
   <div class='ocr_carea' id='block_1_108' title="bbox 997 2472 1786 2508">
    <p class='ocr_par' dir='ltr' id='par_1_108' title="bbox 997 2472 1786 2508">
     <span class='ocr_line' id='line_1_108' title="bbox 997 2472 1786 2508; baseline -0.003 -8"><span class='ocrx_word' id='word_1_748' title='bbox 997 2474 1196 2508; x_wconf 82' lang='lat' dir='ltr'><strong>promissorum</strong></span> <span class='ocrx_word' id='word_1_749' title='bbox 1212 2473 1387 2500; x_wconf 85' lang='lat' dir='ltr'><strong>exhibitione</strong></span> <span class='ocrx_word' id='word_1_750' title='bbox 1407 2473 1571 2500; x_wconf 76' lang='lat' dir='ltr'><strong>voluntatis.</strong></span> <span class='ocrx_word' id='word_1_751' title='bbox 1588 2472 1730 2506; x_wconf 86' lang='lat' dir='ltr'><strong>Ejusmodi</strong></span> <span class='ocrx_word' id='word_1_752' title='bbox 1744 2480 1786 2498; x_wconf 85' lang='lat' dir='ltr'><strong>re-</strong></span> 
     </span>
    </p>
   </div>
   <div class='ocr_carea' id='block_1_109' title="bbox 996 2518 1788 2555">
    <p class='ocr_par' dir='ltr' id='par_1_109' title="bbox 996 2518 1788 2555">
     <span class='ocr_line' id='line_1_109' title="bbox 996 2518 1788 2555; baseline -0.001 -9"><span class='ocrx_word' id='word_1_753' title='bbox 996 2520 1099 2555; x_wconf 80' lang='lat' dir='ltr'><strong>ligione</strong></span> <span class='ocrx_word' id='word_1_754' title='bbox 1115 2527 1177 2546; x_wconf 82' lang='lat' dir='ltr'><strong>sese</strong></span> <span class='ocrx_word' id='word_1_755' title='bbox 1194 2519 1341 2548; x_wconf 82' lang='lat' dir='ltr'><strong>Cretenses</strong></span> <span class='ocrx_word' id='word_1_756' title='bbox 1364 2519 1579 2547; x_wconf 85' lang='lat' dir='ltr'><strong>obstrinxerunt</strong></span> <span class='ocrx_word' id='word_1_757' title='bbox 1597 2518 1630 2545; x_wconf 89' lang='lat' dir='ltr'><strong>ad</strong></span> <span class='ocrx_word' id='word_1_758' title='bbox 1661 2525 1788 2552; x_wconf 80' lang='lat' dir='ltr'><strong>compre-</strong></span> 
     </span>
    </p>
   </div>
   <div class='ocr_carea' id='block_1_110' title="bbox 998 2565 1787 2600">
    <p class='ocr_par' dir='ltr' id='par_1_110' title="bbox 998 2565 1787 2600">
     <span class='ocr_line' id='line_1_110' title="bbox 998 2565 1787 2600; baseline -0.001 -8"><span class='ocrx_word' id='word_1_759' title='bbox 998 2565 1174 2593; x_wconf 87' lang='lat' dir='ltr'><strong>liendendum</strong></span> <span class='ocrx_word' id='word_1_760' title='bbox 1193 2567 1221 2593; x_wconf 88' lang='lat' dir='ltr'><strong>in</strong></span> <span class='ocrx_word' id='word_1_761' title='bbox 1246 2567 1308 2600; x_wconf 90' lang='lat' dir='ltr'><strong>ipso</strong></span> <span class='ocrx_word' id='word_1_762' title='bbox 1324 2565 1415 2600; x_wconf 88' lang='lat' dir='ltr'><strong>primo</strong></span> <span class='ocrx_word' id='word_1_763' title='bbox 1433 2566 1579 2600; x_wconf 90' lang='lat' dir='ltr'><strong>procinctu</strong></span> <span class='ocrx_word' id='word_1_764' title='bbox 1595 2565 1694 2600; x_wconf 56' lang='lat' dir='ltr'><strong>praelii,</strong></span> <span class='ocrx_word' id='word_1_765' title='bbox 1712 2565 1787 2592; x_wconf 66' lang='grc' dir='ltr'>οιαὶ-</span> 
     </span>
    </p>
   </div>
   <div class='ocr_carea' id='block_1_111' title="bbox 995 2611 1788 2647">
    <p class='ocr_par' dir='ltr' id='par_1_111' title="bbox 995 2611 1788 2647">
     <span class='ocr_line' id='line_1_111' title="bbox 995 2611 1788 2647; baseline 0 -9"><span class='ocrx_word' id='word_1_766' title='bbox 995 2618 1058 2639; x_wconf 85' lang='lat' dir='ltr'><strong>nata</strong></span> <span class='ocrx_word' id='word_1_767' title='bbox 1078 2612 1135 2647; x_wconf 84' lang='lat' dir='ltr'><strong>jam</strong></span> <span class='ocrx_word' id='word_1_768' title='bbox 1167 2613 1297 2647; x_wconf 86' lang='lat' dir='ltr'><strong>utrinque</strong></span> <span class='ocrx_word' id='word_1_769' title='bbox 1322 2612 1392 2644; x_wconf 86' lang='lat' dir='ltr'><strong>acie,</strong></span> <span class='ocrx_word' id='word_1_770' title='bbox 1416 2611 1682 2646; x_wconf 83' lang='lat' dir='ltr'><strong>Philanthropenum</strong></span> <span class='ocrx_word' id='word_1_771' title='bbox 1705 2611 1788 2646; x_wconf 77' lang='lat'><strong>226</strong></span> 
     </span>
    </p>
   </div>
   <div class='ocr_carea' id='block_1_112' title="bbox 996 2657 1786 2692">
    <p class='ocr_par' dir='ltr' id='par_1_112' title="bbox 996 2657 1786 2692">
     <span class='ocr_line' id='line_1_112' title="bbox 996 2657 1786 2692; baseline -0.001 -7"><span class='ocrx_word' id='word_1_772' title='bbox 996 2659 1096 2686; x_wconf 79' lang='lat' dir='ltr'><strong>ducem</strong></span> <span class='ocrx_word' id='word_1_773' title='bbox 1114 2666 1208 2690; x_wconf 82' lang='lat' dir='ltr'><strong>suum,</strong></span> <span class='ocrx_word' id='word_1_774' title='bbox 1238 2666 1358 2692; x_wconf 86' lang='lat' dir='ltr'><strong>eumque</strong></span> <span class='ocrx_word' id='word_1_775' title='bbox 1376 2657 1525 2686; x_wconf 86' lang='lat' dir='ltr'><strong>Libadario</strong></span> <span class='ocrx_word' id='word_1_776' title='bbox 1549 2658 1728 2685; x_wconf 87' lang='lat' dir='ltr'><strong>tradendum.</strong></span> <span class='ocrx_word' id='word_1_777' title='bbox 1749 2657 1786 2684; x_wconf 81' lang='lat' dir='ltr'><strong>Ea</strong></span> 
     </span>
    </p>
   </div>
   <div class='ocr_carea' id='block_1_113' title="bbox 996 2704 1788 2740">
    <p class='ocr_par' dir='ltr' id='par_1_113' title="bbox 996 2704 1788 2740">
     <span class='ocr_line' id='line_1_113' title="bbox 996 2704 1788 2740; baseline -0.001 -8"><span class='ocrx_word' id='word_1_778' title='bbox 996 2713 1040 2732; x_wconf 78' lang='lat' dir='ltr'><strong>res</strong></span> <span class='ocrx_word' id='word_1_779' title='bbox 1057 2704 1258 2731; x_wconf 86' lang='lat' dir='ltr'><strong>condicebatur</strong></span> <span class='ocrx_word' id='word_1_780' title='bbox 1286 2706 1313 2731; x_wconf 95' lang='lat' dir='ltr'><strong>in</strong></span> <span class='ocrx_word' id='word_1_781' title='bbox 1334 2704 1360 2731; x_wconf 93' lang='lat' dir='ltr'><strong>id</strong></span> <span class='ocrx_word' id='word_1_782' title='bbox 1379 2705 1555 2740; x_wconf 87' lang='lat' dir='ltr'><strong>potissimum</strong></span> <span class='ocrx_word' id='word_1_783' title='bbox 1576 2705 1710 2739; x_wconf 82' lang='lat' dir='ltr'><strong>temporis</strong></span> <span class='ocrx_word' id='word_1_784' title='bbox 1729 2712 1788 2731; x_wconf 86' lang='lat' dir='ltr'><strong>mo-</strong></span> 
     </span>
    </p>
   </div>
   <div class='ocr_carea' id='block_1_114' title="bbox 997 2750 1789 2784">
    <p class='ocr_par' dir='ltr' id='par_1_114' title="bbox 997 2750 1789 2784">
     <span class='ocr_line' id='line_1_114' title="bbox 997 2750 1789 2784; baseline -0.003 -6"><span class='ocrx_word' id='word_1_785' title='bbox 997 2757 1132 2783; x_wconf 82' lang='lat' dir='ltr'><strong>mentum,</strong></span> <span class='ocrx_word' id='word_1_786' title='bbox 1153 2752 1274 2778; x_wconf 91' lang='lat' dir='ltr'><strong>nondum</strong></span> <span class='ocrx_word' id='word_1_787' title='bbox 1296 2751 1437 2779; x_wconf 88' lang='lat' dir='ltr'><strong>comtnissi</strong></span> <span class='ocrx_word' id='word_1_788' title='bbox 1461 2751 1509 2778; x_wconf 84' lang='lat' dir='ltr'><strong>sed</strong></span> <span class='ocrx_word' id='word_1_789' title='bbox 1526 2751 1615 2778; x_wconf 85' lang='lat' dir='ltr'><strong>solum</strong></span> <span class='ocrx_word' id='word_1_790' title='bbox 1630 2750 1789 2784; x_wconf 85' lang='lat' dir='ltr'><strong>paraticer-</strong></span> 
     </span>
    </p>
   </div>
   <div class='ocr_carea' id='block_1_115' title="bbox 998 2797 1787 2833">
    <p class='ocr_par' dir='ltr' id='par_1_115' title="bbox 998 2797 1787 2833">
     <span class='ocr_line' id='line_1_115' title="bbox 998 2797 1787 2833; baseline -0.001 -9"><span class='ocrx_word' id='word_1_791' title='bbox 998 2799 1122 2829; x_wconf 83' lang='lat' dir='ltr'><strong>taminis,</strong></span> <span class='ocrx_word' id='word_1_792' title='bbox 1138 2798 1211 2833; x_wconf 90' lang='lat' dir='ltr'><strong>quod</strong></span> <span class='ocrx_word' id='word_1_793' title='bbox 1224 2798 1247 2825; x_wconf 90' lang='lat' dir='ltr'><strong>si</strong></span> <span class='ocrx_word' id='word_1_794' title='bbox 1263 2798 1380 2825; x_wconf 88' lang='lat' dir='ltr'><strong>ulterius</strong></span> <span class='ocrx_word' id='word_1_795' title='bbox 1396 2802 1616 2832; x_wconf 83' lang='lat' dir='ltr'><strong>exspectaretur,</strong></span> <span class='ocrx_word' id='word_1_796' title='bbox 1634 2797 1787 2832; x_wconf 77' lang='lat' dir='ltr'><strong>periculum</strong></span> 
     </span>
    </p>
   </div>
   <div class='ocr_carea' id='block_1_116' title="bbox 997 2844 1788 2877">
    <p class='ocr_par' dir='ltr' id='par_1_116' title="bbox 997 2844 1788 2877">
     <span class='ocr_line' id='line_1_116' title="bbox 997 2844 1788 2877; baseline -0.001 -4"><span class='ocrx_word' id='word_1_797' title='bbox 997 2852 1055 2873; x_wconf 74' lang='lat' dir='ltr'><strong>erat</strong></span> <span class='ocrx_word' id='word_1_798' title='bbox 1072 2853 1104 2872; x_wconf 89' lang='lat' dir='ltr'><strong>ne</strong></span> <span class='ocrx_word' id='word_1_799' title='bbox 1118 2846 1218 2877; x_wconf 65' lang='lat' dir='ltr'><strong>Persae.</strong></span> <span class='ocrx_word' id='word_1_800' title='bbox 1243 2845 1289 2877; x_wconf 77' lang='lat' dir='ltr'><strong>qui</strong></span> <span class='ocrx_word' id='word_1_801' title='bbox 1318 2845 1429 2876; x_wconf 89' lang='lat' dir='ltr'><strong>pluritni</strong></span> <span class='ocrx_word' id='word_1_802' title='bbox 1455 2850 1481 2874; x_wconf 84' lang='lat' dir='ltr'><strong>et</strong></span> <span class='ocrx_word' id='word_1_803' title='bbox 1500 2852 1585 2873; x_wconf 84' lang='lat' dir='ltr'><strong>manu</strong></span> <span class='ocrx_word' id='word_1_804' title='bbox 1597 2845 1703 2873; x_wconf 88' lang='lat' dir='ltr'><strong>strenui</strong></span> <span class='ocrx_word' id='word_1_805' title='bbox 1723 2844 1788 2872; x_wconf 78' lang='lat' dir='ltr'><strong>Phi-</strong></span> 
     </span>
    </p>
   </div>
  </div>
