1944 3061
71 113 133 145 249
562 118 611 147 DE
631 118 855 149 ANDRONICO
874 120 1106 150 PAL/EOLOGO
1129 122 1201 152 LIB.
1226 122 1282 153 lli.
1677 120 1732 151 950

73 179 131 204 ρας
147 171 255 206 ἐκείνῳ
270 171 381 198 ἀκονιτὶ
393 171 504 205 φανέντι
520 173 568 199 καὶ
583 167 664 208 μόνοῆ
680 174 749 208 μετὰ
759 175 813 201 τῶν
828 183 890 200 συν-
904 177 928 203 Α
942 175 1057 202 πλεῖστα
1073 177 1301 211 νεανιευσάμενος
1315 176 1410 209 ἔξεισι.
1431 176 1484 202 Καὶ
1496 176 1527 210 δὴ
1541 176 1588 209 ἀερ¹
1600 175 1734 209 ἑκατέρου

73 216 195 249 τάξεων
208 217 281 250 (δέος
297 218 353 253 γὰρ
374 219 411 254 μή
435 227 461 244 τι
484 219 532 245 καὶ
556 220 823 255 παρακινδυνευθείη
849 220 896 247 τοῦ

950 223 1051 256 μέρους
1078 223 1230 250 σταθεισῶν
1257 223 1309 249 τῶν
1337 223 1489 256 δυνάμεων,
1506 223 1554 248 καὶ
1572 222 1633 248 ὅσον
1658 220 1735 247 οὔπω

74 263 243 297 Περσικοῦ,
254 261 296 296 οἷς
311 265 360 291 καὶ
384 265 486 299 μᾶλλον
513 266 636 302 ἐθάρρει,
663 266 896 299 ἐπεισπεσόντος),

950 269 1107 303 μελλουσῶν
1130 269 1346 303 συμπλέκεσθαι,
1366 269 1436 295 ὥστε
1454 269 1501 295 καὶ
1518 266 1735 302 ἀκροϐολισμοὺς

79 308 170 334 ταῦτ’
193 309 225 335 ἂν
255 310 426 346 ἀπορρήτοις
459 311 614 346 πράξαντες
637 313 825 347 ἐκαρτέρουν,
849 313 897 348 τὴν

82 352 216 388 ὑποψίαν
224 354 256 386 ἐξ
272 355 394 387 ᾰπαντος
413 355 451 388 ὡς
469 355 542 392 εἶχον
559 357 742 388 ἐκκλίνοντες.

167 421 215 450 ια’.
234 423 338 457 Ὅπως
355 425 505 459 παρεδόθη
523 427 540 452 ὁ
560 426 826 460 Φιλανθρωπηνός.

133 492 212 519 Ἀλλ’
228 492 334 528 ἐπέστη
347 495 396 520 καὶ
414 495 427 529 ἡ
444 494 528 529 κυρία
539 503 546 510 ·
562 495 579 529 ὴ
593 495 617 522 δ’
632 493 667 530 ἦν
680 495 823 530 ὑστεραία.
840 496 898 522 Καὶ

89 540 104 564 ὸ
127 538 184 572 μὲν
203 539 397 574 συνηθροικὼς
411 541 461 571 τὰς
480 541 545 576 περὶ
557 541 639 567 αὑτὸν
656 540 784 575 δυνάμεις
799 541 831 568 ὲκ
847 542 900 567 Λυ-

88 584 154 616 δίας
170 586 322 620 ἐφίσταται
339 586 379 619 τῷ
401 586 551 621 Νυμφαίῳ,
575 587 643 612 ὅπου
665 586 714 614 καὶ
728 588 752 612 οἱ
778 589 899 613 ἀποστα-

90 629 210 661 τοῦντες
226 630 322 666 διῆγον
334 639 341 647 ·
353 633 367 657 ὸ
384 631 412 657 δὲ
428 631 473 657 τὸν
490 631 584 657 αὐτόθι
611 631 727 664 πύργον,
740 631 770 656 ὃν
792 632 806 657 ὁ
831 639 899 666 πορ-

92 676 309 709 φυρογέννητος
329 677 395 711 τῇδε
407 676 510 709 διάγων
521 676 728 712 ᾠκοδομήσατο,
741 676 836 702 τοῦτον
846 675 901 702 τοί-

93 729 145 746 νυν
164 721 293 756 κατὲχων
310 723 360 748 καὶ
377 723 496 755 γυναῖκα
514 722 561 747 καὶ
583 722 664 748 παῖδα
684 722 733 748 καὶ
749 721 902 755 πράγματα

95 766 160 792 ἐκεῖ
176 766 349 800 συγκλείσας
366 776 396 793 τε
414 768 462 793 καὶ
479 767 711 801 ἀσφαλισάμενος,
728 768 836 802 πρῶτον
853 767 901 800 μὲν

94 811 147 846 τὴν
164 812 277 838 ἐκείνου
291 813 402 840 ἀκούων
416 813 508 847 ἄφιξιν
529 813 576 839 καὶ
593 812 655 839 λίαν
674 814 704 839 ὲν
726 812 846 847 θαύματι
862 812 902 847 τῷ

98 858 228 894 μεγίστῳ
245 859 343 890 ἐτίθει,
369 859 428 890 πῶς
445 859 478 886 ἂν
499 859 546 885 καὶ
568 858 679 894 τολμῴη
703 859 804 893 χωρεῖν
818 858 900 892 ὁμόσε

97 905 245 936 τοσούτοις
262 913 291 931 τε
304 906 354 932 καὶ
371 905 512 937 τοιούτοις.
536 906 633 939 Ὅμως
656 905 766 940 θαρρῶν
781 905 828 930 ἐπὶ
845 905 900 935 τοῖς

98 952 185 983 ἕλοις,
208 952 247 983 ὡς
260 952 362 978 αὐτίκα
383 953 480 986 φανεὶς
496 952 526 978 τὸ
542 953 597 979 πᾶν
619 952 777 986 ἐργάσαιτο,
795 958 902 985 παραγ-

99 997 200 1031 γείλας
222 998 270 1024 καὶ
286 998 352 1029 τοὺς
364 998 460 1029 ἄλλους
483 997 655 1029 ὁπλίζεσθαι,
672 998 752 1027 αὐτὸς
764 996 814 1031 τὴν
824 997 902 1030 ταχί-

101 1051 171 1079 στην
185 1042 364 1075 ἐξοπλισθεὶς
376 1044 424 1070 καὶ
438 1043 508 1070 κατὰ
517 1043 565 1070 τοῦ
581 1043 711 1078 φανέντος
729 1043 772 1078 [Ρ.
792 1041 855 1078 154]
869 1042 903 1068 τὰ

102 1135 295 1170 lanthropeno
325 1135 492 1168 militabant,
506 1135 645 1162 destinata
659 1140 758 1162 eventu
785 1133 903 1161 frustra-

103 1187 217 1213 rentur,
249 1182 282 1209 iis
307 1189 339 1209 se
364 1181 555 1209 verisiuiilitcr
577 1185 773 1216 aggregaturo.
803 1181 904 1215 quibus

104 1229 232 1255 maxime
251 1228 358 1259 lideret,
373 1231 450 1260 duce,
468 1228 552 1255 simul
579 1228 688 1254 initium
704 1226 844 1262 pugnandi
863 1226 905 1252 fa-

106 1280 185 1301 ctum
198 1279 286 1302 essot.
307 1274 335 1301 ld
353 1282 408 1309 quo
424 1279 647 1308 prawerteretur,
673 1274 820 1308 oportebat
836 1273 904 1299 volio

107 1325 218 1346 tantem
235 1328 298 1346 eum
314 1319 405 1346 adhuc
418 1325 481 1346 ante
496 1319 596 1351 aciem,
615 1323 642 1346 et
654 1319 778 1354 singulos
793 1319 906 1346 ordines

109 1367 144 1392 ad
166 1375 224 1392 rem
240 1366 312 1393 bene
332 1365 480 1401 gerendam
505 1365 710 1396 adhortantem,
731 1365 778 1392 tibi
794 1364 827 1391 ad
841 1365 906 1392 Cre-

111 1417 207 1440 tenSes
225 1420 340 1447 quoque
353 1412 378 1439 id
397 1417 510 1439 acturus
524 1413 659 1445 venisSct,
682 1412 716 1439 ab
734 1412 769 1438 iis
785 1412 907 1438 circum-

111 1458 175 1485 sisti
193 1458 356 1493 abducique
370 1465 452 1492 quam
474 1459 588 1485 minimo
607 1458 739 1489 tumultu,
754 1458 827 1484 haud
839 1458 906 1484 dum

948 313 1147 348 ἀμφοτέρωθεν
1163 314 1298 347 γίνεσθαι,
1314 315 1338 340 οἱ
1356 313 1489 347 Κρητικοὶ
1502 313 1548 339 τοῦ
1563 312 1735 346 συνθήματος

950 359 999 385 οὐκ
1013 359 1145 394 ἠμέλουν,
1166 359 1232 386 ἀλλὰ
1249 360 1379 393 φανέντος
1394 359 1442 385 τοῦ
1457 358 1734 393 πρωτοῦεστιαρίτου,

949 405 1064 436 δεδιότος
1084 406 1130 432 καὶ
1141 405 1182 432 ἔτι
1199 406 1264 440 περὶ
1283 407 1339 437 τοῖς
1359 405 1441 436 ὅλοις.
1459 405 1496 439 μή
1512 413 1568 436 πως
1583 404 1676 438 ἀπάτῃ
1689 403 1732 428 κα“

948 450 1017 485 δόλῳ
1028 452 1177 486 χρήσαιντο
1190 452 1215 477 οἱ
1230 451 1298 481 τέως
1311 450 1559 485 καθυπισχούμενοι
1570 449 1722 483 προδιδόναι

949 497 973 523 οἱ
990 497 1062 531 ἀμφὶ
1078 498 1124 524 τὸν
1134 498 1294 532 Χορτάτζην
1304 497 1415 528 αὐτίκα,
1426 497 1513 527 οὕτως
1526 496 1562 527 ὡς
1569 493 1640 530 εἶχον
1656 496 1723 528 ὲφιπ

949 545 996 570 ποί
1009 552 1040 570 τε
1055 544 1103 570 καὶ
1118 544 1298 578 ὡπλισμένοι,
1313 543 1417 577 ἀθρόως
1436 541 1546 569 ἄλλοθεν
1561 541 1640 570 ἄλλος
1658 548 1735 574 περι-

951 589 1062 621 στάντες
1085 590 1130 616 τὸν
1156 590 1288 623 ἡγεμόνα,
1309 589 1334 615 οί
1362 589 1412 622 μὲν
1438 588 1569 622 ῥυτῆρας,
1591 587 1615 611 οἱ
1635 585 1664 611 δὲ
1689 586 1736 609 καὶ

951 636 1060 670 σπάθην
1085 637 1241 670 ἐπέχουσιν,
1259 637 1283 662 οἱ
1307 636 1331 662 δ’
1350 634 1560 670 ὲμόριθέστερον
1579 631 1738 658 ἀποὸαίνειν

950 683 997 709 τοῦ
1016 683 1099 708 ἵππου
1118 682 1252 708 ἐκέλευον.
1274 682 1303 708 '0
1325 682 1352 707 δὲ
1367 681 1447 714 γνοὺς
1461 680 1511 713 τὴν
1527 676 1673 710 ὲπιόουλὴν
1689 676 1739 701 αὺ-

951 728 1026 760 τίκα,
1043 728 1153 764 θαῤῥῶν
1176 730 1232 760 τοῖς
1260 728 1379 762 Πέρσαις
1410 726 1549 760 ἐπεχείρει
1571 724 1621 758 μὲν
1639 721 1741 757 ἀμύνε-

953 773 1026 803 σθαι,
1045 774 1287 808 καταταχούμενος
1306 772 1336 798 δὲ
1352 773 1382 798 τὺ
1401 771 1532 806 παράπαν
1548 768 1669 803 ἁπηύδα,
1693 766 1741 792 καὶ

954 819 1120 854 συσχεθέντα
1130 821 1187 851 τοῖς
1201 820 1273 854 ἀμφὶ
1284 820 1328 846 τὸν
1346 817 1616 854 πρωτοῦεστιαρίτην
1632 815 1741 848 ἕτοιμον

954 867 1078 901 θήραμα,
1094 865 1223 892 ταπεινὸν
1238 866 1284 892 τὸν
1299 865 1429 891 σοϐοῦντα
1446 864 1499 898 πρὸ
1512 862 1560 889 τοῦ
1577 862 1623 889 καὶ
1634 862 1742 895 ἄφωνον

952 914 999 940 τὸν
1011 913 1096 939 πολλὰ
1108 913 1233 946 λέγοντα,
1249 911 1420 944 παρεδίδουν.
1438 910 1470 936 Οἱ
1480 910 1503 935 δ’
1517 908 1698 942 ἐκδραμόντες
1712 906 1744 932 ἐκ

956 959 1004 985 τοῦ
1030 959 1169 993 ἐξαίφνης.
1190 958 1250 983 ἐπεὶ
1274 957 1319 983 τὸν
1334 955 1540 982 ἀποστατοῦντα
1564 955 1592 980 ὲν
1610 953 1743 987 ἀφύκτοις

954 1003 1038 1041 εἶχον,
1056 1003 1123 1035 κους
1140 1004 1205 1038 περὶ
1222 1004 1325 1029 ἐκεῖνον
1339 1001 1621 1034 διασκεδαννυμένους
1633 999 1683 1034 ἥδη
1697 999 1744 1024 καὶ

956 1052 1037 1088 μόνον
1055 1052 1110 1085 ὅπη
1134 1050 1287 1086 σωθήσεται
1310 1049 1427 1078 ἕκαστος
1450 1047 1611 1082 ἀφορῶντας
1640 1046 1743 1079 ἀμετα-

956 1147 1012 1172 ses,
1025 1139 1106 1166 simul
1122 1139 1202 1173 227
1217 1137 1454 1173 protovestiarites
1474 1136 1601 1170 apparuit
1618 1142 1633 1162 e
1652 1133 1743 1162 medio

957 1192 1072 1212 suorum
1105 1184 1232 1211 eminens
1253 1183 1374 1217 agmine,
1401 1182 1482 1208 anxie
1498 1181 1544 1208 ille
1562 1180 1674 1215 quidem
1689 1179 1745 1206 cir-

958 1234 1164 1265 cumspectans,
1181 1235 1208 1257 et
1223 1229 1287 1256 dum
1304 1228 1485 1255 instabilitate
1500 1226 1652 1261 reputanda
1669 1226 1740 1253 mili-

959 1277 1004 1303 tia:
1021 1276 1128 1303 venalis
1147 1275 1274 1302 fraudum
1292 1281 1386 1309 operta
1401 1275 1579 1306 subveretur,
1602 1273 1672 1300 haud
1689 1272 1748 1300 sine

958 1331 1006 1350 cor
1022 1322 1168 1349 vellicante
1181 1321 1239 1348 acri
1259 1325 1333 1348 metu
1351 1319 1430 1347 fidem
1451 1319 1650 1353 promissorum
1666 1325 1750 1352 oppe-

958 1370 1045 1402 riens,
1070 1368 1214 1396 confestim
1246 1367 1406 1394 Chortatzes
1430 1373 1493 1393 cum
1510 1366 1580 1397 suis,
1597 1365 1697 1392 annali
1720 1368 1750 1390 ut

958 1421 1038 1444 erant
1058 1416 1084 1442 in
1103 1416 1183 1450 equis
1195 1414 1265 1442 alius
1276 1413 1388 1441 aliunde
1405 1416 1615 1442 concurrentes,
1636 1410 1751 1437 Philan-

959 1464 1124 1496 thropemim
1137 1462 1242 1489 circum
1256 1461 1376 1494 undique
1387 1459 1551 1491 funduntur,
1572 1462 1600 1485 et
1617 1458 1641 1484 ei
1657 1458 1751 1483 'exlor-

113 1505 198 1538 plane
214 1504 391 1538 intelligente
406 1503 473 1538 quid
484 1506 630 1537 gereretur
641 1503 765 1529 exercitu
787 1501 906 1536 reliquo,

963 1509 998 1536 tis
1016 1508 1044 1534 hi
1061 1507 1138 1534 fraeui
1158 1506 1285 1538 habenis,
1302 1506 1414 1540 quidam
1430 1512 1497 1532 ense
1509 1504 1645 1534 detracto,
1664 1503 1750 1536 impe-

113 1557 145 1577 ac
156 1554 309 1584 propterea
325 1549 466 1583 quieturo.
484 1548 589 1576 Horum
602 1548 644 1575 sic
662 1548 857 1582 stipulatorum
883 1547 909 1574 iu

114 1603 226 1623 summa
242 1595 469 1622 dissimulatione
483 1594 633 1622 Cretenses
644 1594 819 1621 occasionem
833 1601 913 1620 exse-

115 1642 297 1677 quendorum
327 1641 547 1676 exspectabant,
580 1641 700 1668 sollicite
735 1641 913 1668 declinantes

116 1687 255 1722 quidquid
276 1687 467 1722 suspicionem
488 1686 528 1714 rei
554 1694 616 1722 quae
636 1687 787 1721 parabatur
803 1694 914 1714 movere

117 1734 161 1762 vel
179 1734 326 1762 minimam
350 1734 439 1762 cuivis
455 1738 562 1769 posset.

207 1802 253 1830 Η.
273 1801 307 1828 Ut
332 1801 437 1828 deditus
461 1800 706 1835 Philantlzrapenus
733 1800 824 1835 fuerit.

156 1867 294 1897 Condicta
321 1875 384 1894 mox
407 1866 468 1894 dies
487 1865 587 1899 adfuit,
607 1870 719 1900 postera
745 1865 805 1900 ejus
828 1865 916 1901 ipsius

123 1923 176 1951 qua
191 1916 283 1942 fuerat
298 1914 326 1940 in
351 1921 384 1940 ea
402 1921 462 1948 qua:
479 1913 602 1940 diximus
631 1917 809 1945 conventum.
827 1912 917 1939 Liba-

123 1963 218 1990 darius
234 1961 368 1989 collectas
383 1960 410 1986 in
427 1967 512 1986 unum
527 1967 542 1986 e
570 1958 658 1994 Lydia
673 1959 801 1986 universa
822 1965 915 1985 secum

122 2009 218 2044 copias
235 2009 354 2040 ducens,
377 2011 454 2034 recta
479 2006 662 2040 Nymphaeum
679 2012 787 2036 versus,
800 2004 846 2031 ubi
871 2012 917 2032 re-

123 2056 207 2084 belles
225 2059 320 2082 castra
342 2054 531 2085 muniverant,
558 2053 654 2080 movit.
688 2052 755 2078 Erat
774 2051 917 2087 Nymphwi

126 2102 237 2130 turrisa
255 2099 506 2135 Porphyrogenito,
518 2099 583 2126 dum
602 2098 639 2125 ibi
659 2098 784 2133 degeret,
806 2103 917 2125 exstru-

126 2152 181 2176 cta.
193 2148 223 2175 ln
241 2154 303 2175 eam
319 2145 578 2180 Philauthropenus
591 2152 606 2171 a
624 2152 654 2172 se
667 2150 831 2178 occupatam
848 2151 917 2170 uxo-

128 2202 183 2222 rem
200 2201 264 2221 cum
281 2192 338 2219 lilio
355 2198 382 2219 et
396 2191 512 2226 pecunia
529 2191 655 2222 inclusit,
677 2191 806 2225 pmsidio
817 2190 849 2217 ad
864 2190 914 2217 hn-
930 2183 955 2213 D

128 2249 186 2268 rum
221 2239 380 2267 custodiam
421 2237 520 2265 idoneo
557 2238 698 2272 imposito.
735 2237 914 2264 Libadarium

131 2294 211 2322 porro
239 2285 357 2313 audiens
375 2289 473 2312 contra
499 2292 528 2311 se
554 2285 678 2316 tendere,
711 2283 830 2318 primum
843 2291 916 2318 aegre

131 2332 274 2364 credebat,
287 2339 351 2358 mox
367 2329 546 2365 ingeminatis
571 2331 604 2356 ad
622 2330 703 2356 [idem
715 2330 770 2363 jam
796 2336 849 2356 non
865 2329 916 2356 du-

131 2379 200 2406 biam
215 2377 326 2405 iudiciis
343 2377 522 2403 vehementer
542 2375 673 2402 admirari
691 2382 721 2402 se
745 2374 918 2402 monstrabat

132 2425 309 2452 temeritatem
337 2422 468 2453 hominis,
492 2421 539 2456 qui
571 2421 705 2448 adversus
727 2425 769 2447 tot
799 2427 830 2447 ac
849 2421 918 2448 tales

133 2478 263 2506 apparere
277 2470 305 2496 in
322 2469 409 2495 armis
431 2476 462 2495 ac
476 2475 538 2494 cum
552 2468 636 2495 minis
656 2468 786 2495 vincendi
802 2468 876 2496 ferte
891 2476 921 2496 se

133 2517 238 2544 obvium
253 2515 380 2543 auderet.
397 2514 493 2541 Jussas
508 2518 599 2541 tamen
615 2515 649 2541 ad
669 2522 820 2541 occursum
836 2522 919 2550 expe-

133 2565 182 2592 diri
201 2565 298 2600 copias
315 2565 374 2599 ipse
395 2565 481 2592 armis
500 2569 616 2592 strenue
634 2565 751 2600 sumptis
774 2564 920 2599 cataphra-

133 2616 191 2639 ctus
209 2615 237 2639 et
264 2611 426 2646 iuveniliter
445 2618 474 2638 se
490 2614 637 2637 ostentans
662 2618 789 2644 prorsum
813 2610 921 2646 agebat,

134 2658 234 2693 ingenti
252 2658 352 2684 ﬁducia
365 2664 528 2685 successum
545 2657 601 2692 jam
620 2664 695 2684 nunc
713 2657 794 2692 quasi
815 2662 920 2684 certum

134 2705 224 2732 animo
235 2703 412 2739 praecipiens.
425 2708 452 2730 et
476 2703 537 2730 visu
553 2710 584 2730 se
606 2703 694 2737 primo
720 2701 922 2730 debellaturum

135 2758 258 2785 sperans.
271 2749 343 2777 Ecce
354 2753 445 2775 autem
459 2749 563 2776 directa
578 2749 641 2775 hinc
651 2753 679 2776 et
693 2747 756 2775 inde
771 2749 840 2780 acie,
854 2756 925 2783 prae-

135 2797 211 2824 libari
224 2797 283 2831 jam
308 2795 459 2830 incipiente
481 2795 648 2830 primoribus
676 2795 806 2829 utrinque
828 2795 922 2822 velita-

137 2844 269 2872 riuncutis
283 2851 387 2879 pugna,
406 2850 460 2870 non
484 2842 562 2870 obliti
592 2842 793 2877 prmuissorum
814 2842 928 2871 (li-cten-

964 1555 1131 1588 riosius'jam
1148 1553 1193 1580 alii
1206 1561 1277 1587 equo
1290 1552 1401 1579 desilire
1417 1551 1525 1586 jubent.
1540 1549 1607 1577 Sero
1623 1554 1678 1575 lum
1689 1555 1751 1575 sen-

964 1602 1000 1629 sit
1016 1601 1099 1628 miser
1112 1600 1177 1634 quid
1193 1604 1350 1633 pararetur,
1365 1601 1392 1623 et
1410 1597 1519 1623 irritum
1544 1594 1683 1629 expedivit
1700 1593 1752 1619 im—

965 1651 1055 1682 petum
1073 1653 1187 1674 suorum
1209 1652 1239 1672 se
1263 1644 1408 1670 Persarum
1430 1641 1535 1669 auxilio
1560 1640 1665 1667 tucmli.
1684 1638 1750 1665 Nam

964 1699 1116 1727 oppressus
1140 1691 1167 1717 in
1200 1693 1302 1717 conatu
1325 1687 1563 1724 proturbatusque
1594 1692 1702 1713 summa
1727 1683 1752 1710 vi

965 1737 1111 1773 despondit
1129 1737 1264 1767 animum,
1281 1739 1309 1762 et
1324 1734 1446 1761 vinclum
1470 1741 1499 1760 se
1513 1732 1615 1766 rapturi
1630 1731 1665 1757 ad
1691 1738 1752 1764 pro-

966 1784 1153 1812 tovestiariteu
1172 1782 1299 1815 ingratiis
1331 1786 1373 1808 est
1402 1787 1520 1815 passus;
1547 1780 1591 1806 cui
1613 1777 1754 1803 humilise

967 1833 1044 1868 prius
1060 1829 1179 1861 tumido,
1198 1833 1291 1855 mutus
1307 1836 1322 1855 e
1338 1827 1420 1854 modo
1446 1824 1613 1861 jactabunde
1634 1823 1752 1857 loquaci,

967 1879 1042 1906 velut
1057 1878 1114 1905 fera
1144 1876 1170 1903 in
1197 1878 1310 1908 paratos
1337 1873 1480 1907 compulsa
1506 1879 1600 1898 casses
1618 1870 1754 1896 inhianler

967 1923 1141 1958 exspectanti
1166 1921 1290 1949 venatori
1313 1919 1431 1947 deditur.
1455 1918 1502 1944 Sic
1519 1917 1754 1949 Philauthropeno

968 1971 996 1998 in
1009 1970 1175 1997 tutissimam
1189 1969 1254 1995 dato
1265 1966 1432 1997 custodiam,
1444 1964 1590 1992 Cretenses
1600 1963 1680 1989 iidem
1690 1962 1755 1996 juu-

968 2017 1004 2045 cti
1017 2016 1105 2050 copiis
1121 2013 1260 2041 Libadarii
1276 2013 1303 2039 in
1321 2012 1382 2045 ejus
1400 2010 1552 2037 exercitum
1564 2016 1631 2035 casu
1651 2007 1756 2042 percul-

969 2071 1030 2091 sum
1044 2062 1186 2096 inopinato
1203 2060 1364 2093 incerteque
1386 2056 1476 2092 primo
1499 2056 1675 2085 titubantem,
1692 2061 1755 2079 mox

969 2109 1091 2144 dispergi
1108 2112 1240 2141 emptum,
1252 2105 1277 2132 vi
1291 2110 1346 2132 tota
1361 2104 1480 2135 irruunt,
1496 2107 1523 2129 et
1539 2099 1757 2128 irrevocabiliter

971 2156 1136 2184 incumbunt
1156 2154 1183 2181 iu
1200 2151 1406 2188 persequendos
1435 2150 1537 2184 passim
1555 2151 1756 2177 consternatos,

970 2209 1054 2230 cursu
1070 2200 1143 2226 varie
1167 2199 1285 2230 intento,
1304 2201 1385 2232 prout
1407 2203 1469 2230 spes
1487 2194 1609 2224 ﬂexerat,
1636 2193 1758 2220 latebras

971 2252 998 2274 et
1010 2255 1093 2275 casus
1110 2244 1226 2273 extremi
1243 2243 1374 2278 eil‘ugium
1402 2242 1482 2269 anxie
1497 2243 1650 2275 captantes.
1664 2238 1759 2265 Infeli-

971 2293 1084 2321 cissime
1100 2290 1223 2317 conditio
1235 2289 1382 2317 Persarum
1397 2288 1457 2315 fuit.
1474 2286 1504 2313 Hi
1519 2286 1614 2321 procul
1633 2293 1647 2311 a
1659 2285 1759 2320 putria,

971 2339 1123 2368 intercluso
1141 2337 1174 2364 ad
1189 2336 1299 2371 propria
1321 2342 1459 2369 regressu,
1478 2333 1616 2367 insperato
1630 2330 1758 2358 destituti

974 2385 1103 2421 praxsidio
1120 2383 1208 2414 ducis,
1219 2383 1297 2417 cujus
1315 2382 1413 2409 fiducia
1430 2380 1570 2415 potentia),
1587 2383 1616 2406 ut
1632 2378 1759 2405 credide-

975 2433 1048 2461 rant,
1059 2428 1274 2460 fundatissimae,
1283 2428 1308 2453 in
1322 2425 1458 2453 hosticum
1468 2432 1563 2452 secure
1572 2428 1744 2459 penetrarent
1753 2443 1759 2452 .

975 2478 1021 2504 ubi
1038 2483 1100 2503 eum
1124 2475 1204 2509 cujus
1230 2474 1310 2500 unice
1336 2473 1435 2507 opibus
1458 2472 1625 2502 nitebantur,
1649 2476 1760 2504 repente

976 2520 1177 2552 miserabilem,
1189 2518 1361 2554 irreparabili
1377 2525 1540 2553 oppressum
1554 2517 1639 2548 clade,
1656 2516 1762 2543 insolu-

976 2568 1081 2596 bilibus
1106 2566 1266 2593 innodalum
1295 2564 1413 2591 vinculis
1440 2563 1593 2591 clarissime
1620 2562 1760 2592 viderunt,

977 2611 1024 2638 diu
1046 2610 1143 2644 inopes
1160 2609 1269 2636 consilii
1285 2617 1341 2643 quo
1356 2617 1386 2636 se
1400 2613 1536 2635 verterent
1546 2615 1598 2635 non
1613 2606 1761 2634 habebant.

978 2657 1058 2685 Unde
1075 2663 1128 2683 nec
1143 2655 1297 2683 consistere
1308 2662 1359 2682 nec
1371 2654 1465 2689 fugere
1481 2655 1612 2684 valentes.
1632 2653 1658 2680 in
1679 2657 1747 2679 vesti
1758 2666 1764 2670 -

977 2704 1022 2739 gio
1042 2702 1262 2729 trucidabantur.
1278 2701 1356 2728 Alius
1375 2702 1437 2733 hoc,
1464 2700 1533 2727 alius
1551 2699 1608 2730 illo,
1621 2699 1690 2724 alter
1710 2697 1763 2723 alio

979 2749 1128 2784 prehenso,
1149 2752 1232 2782 prout
1246 2747 1366 2775 libuerat
1394 2746 1571 2776 abutebatur,
1599 2746 1762 2771 lttat'lnnlt‘s.

978 2795 1107 2830 captivos
1143 2795 1324 2826 abducentes,
1369 2794 1558 2824 vulnerantes,
1594 2789 1762 2819 Ittulilaulcs.

980 2845 1161 2875 cxcwcantcs,
1188 2841 1349 2876 spoliantes,
1374 2838 1545 2874 cxpilautes;
1575 2836 1671 2872 quibus
1689 2835 1764 2862 varie
