1944 3061
202 142 255 172 255

797 144 958 174 GEORGII
978 145 991 173 i

1051 143 1217 173 HYMERE
1781 145 1848 174 ἓΞῦ

200 196 231 223 τὸ
254 196 348 228 εἰωοὺς
376 197 425 232 τὴν
452 198 648 233 προσκύνησιν,
668 199 786 234 λιπαρὰν
808 201 857 234 τὴν
881 202 985 229 ἱκεσίαν
1002 207 1024 234 Α
1039 200 1162 235 ἀκριϐῶς
1185 201 1247 231 τοὺς
1270 199 1370 230 τόπους
1390 200 1546 234 μαθόντων,
1568 201 1682 235 προσέτι
1700 200 1721 226 δ’
1747 201 1846 227 €10.5-

201 241 372 277 ποιούμενος.
402 242 532 275 ἀπονέμει
551 243 579 269 δέ
608 252 639 277 γε
663 244 710 271 καὶ
738 245 787 280 τὴν
815 247 988 281 εὐχαριστῖαν

203 288 272 323 μετὰ
284 288 388 323 οερμῆς
403 289 572 316 ὑποπτώσεω
579 298 599 321 ς,
613 290 681 325 αὐτῇ
693 299 725 324 γε
740 291 809 326 μετὰ
824 292 890 318 Θεὸν
902 293 988 326 λέγων

203 335 250 361 καὶ
270 334 410 369 βασιλείαν
437 336 484 361 καὶ
518 335 682 371 Ἐκκλησίαν
706 338 746 368 εἰς
770 339 854 372 χέρας
872 339 987 371 τιθέναι,

202 381 249 407 καὶ
265 381 330 415 παρ’
356 381 441 415 αὐτῆς
468 381 514 407 καὶ.
541 382 623 416 μόνης
643 383 764 416 ἐλπίζειν
786 385 865 417 ἀξίαν
883 394 914 419 γε
939 386 989 420 τὴν

202 425 338 459 διοίκησιν
356 424 401 450 καὶ
425 426 468 451 ἐπ’
484 427 663 461 ἀμφοτέραις.
689 428 782 455 Ταῦτα
805 431 990 465 ποτνιασάμε-

202 479 248 502 νος
261 472 307 497 καὶ
323 471 357 497 τὰ
377 471 469 498 εἰκότα
488 472 688 508 εὐχαριστήσας
702 475 798 507 ἐπιϐὰς
812 476 896 502 ἵππου
910 478 990 503 ἐπαν-

203 517 318 550 εζεύγνυ
335 517 402 550 πρὸς
419 518 452 545 τὰ
472 518 619 553 ἀνάκτορα.
638 519 682 555 Τῷ
697 520 725 546 δέ
739 529 770 554 γε
788 523 989 557 πρωτοϐεστια-

205 563 268 599 ριτῃ
284 564 447 598 πρόσταγμα
460 566 636 600 χαριστήριον
651 567 830 600 σχεδιάζεται,
846 569 892 595 καὶ
907 570 990 603 τιμῖς

204 609 361 643 ὑπερτάτης
380 609 427 635 ἐπὶ
442 610 550 641 πολλοῖς
565 610 654 642 ἄλλοις
676 612 758 646 φέρον
780 613 938 648 ὑπόσχεσιν.
957 615 989 641 Ὃ

203 655 236 689 δὴ
253 656 301 682 καὶ
317 656 375 689 μετ’
400 656 430 682 οὒ
459 657 526 683 πολὺ
550 658 710 692 ἀπεπλὴρου
729 660 760 692 τῇ
784 660 988 686 Κωνσταντῐνου

203 701 415 735 ἐπιδημήσαντι.
449 703 535 737 μέγαν
561 705 803 740 στρατοπεδάρχην
827 706 921 740 ὲτῖμα,
944 707 991 733 καὶ

202 748 295 781 τιμαῖς
314 748 364 782 τῆς
378 748 447 783 ὑπὲρ
464 749 562 776 ἑαυτοῦ
580 751 697 786 σπουδῆς
712 753 792 786 χάριν
808 751 935 787 ἦγαλλεν.

205 803 244 831 ιδ’.
272 804 339 838 Περὶ
364 804 424 832 τῶν
450 806 516 840 περὶ
539 806 591 832 τιὲν
617 808 872 841 Φιλανθρωπηνὸν
897 808 991 836 ὄντων

534 842 667 875 Περσῶν.
858 844 862 846 ⁷

1040 245 1165 277 λοιπότος
1192 245 1238 271 καὶ
1273 244 1303 272 ὃν
1334 243 1406 278 εἶχον
1430 246 1475 272 διὰ
1501 246 1584 280 φόϐου
1608 247 1638 272 τδ
1667 246 1752 272 πάλαι
1786 249 1845 272 καὶ

1041 291 1195 326 θαύματος,
1222 292 1260 321 ὡς
1276 291 1323 318 καὶ
1349 292 1447 323 ἄλλους
1468 291 1704 326 καταφρονοῦντας
1728 291 1844 326 ἀνέδην

1040 337 1114 371 ἔχειν
1129 337 1236 364 ὲκῡέειν
1254 337 1300 364 καὶ
1315 337 1349 363 τὰ
1365 337 1485 372 μέγιστα
1501 337 1628 372 ζημιοῦν,
1645 338 1691 364 καὶ
1707 337 1755 363 σὺν
1779 338 1844 364 αὐ-

1040 383 1096 412 τοῖς
1114 381 1210 412 ἄλλους
1224 381 1318 415 ὥσπερ
1331 382 1414 413 κύνας
1424 381 1668 417 ὡστοτραγηκότας
1681 382 1841 418 λιχνεύσα-

1043 427 1115 457 σθαι,
1135 428 1182 453 καὶ
1195 427 1266 454 οὕτω
1280 428 1341 453 κατ’
1362 428 1452 462 ὀλίγον
1468 430 1500 463 τῇ
1519 428 1663 463 Ῥωμαῖων
1677 429 1841 463 ἐπέχοντας

1040 472 1125 506 ἄλλην
1138 473 1246 508 ἐρήμην
1262 473 1346 505 δεῖξαι
1360 474 1410 508 τὴν
1426 475 1474 500 ἀπ’
1491 474 1616 506 Εὐξείνου
1633 475 1732 501 Πόντου
1746 475 1842 509 μέχρι

1043 517 1156 552 καὶτῆς
1170 518 1240 544 κατὰ
1261 519 1351 545 Ῥόδον
1376 519 1513 554 θαλάσσης
1535 521 1606 546 κατά
1620 529 1650 546 τε
1672 521 1759 555 μῆκος
1784 520 1841 547 καὶ

1041 563 1142 595 πλάτος
1160 565 1315 600 διέχουσαν.
1339 567 1418 593 Ἀλλὰ
1443 567 1528 594 ταῦτα
1546 567 1595 601 μὲν
1615 566 1739 602 ὕστερον.

1042 620 1083 647 ιε’.
1100 621 1167 653 Περὶ
1196 621 1249 655 τῆς
1273 622 1437 656 γενομένης
1461 623 1598 654 στάσεως
1618 622 1733 655 μεταξὺ
1757 624 1840 649 Γεν-

1076 656 1204 696 roum-(in:
1218 657 1265 684 καὶ
1280 657 1452 691 Βενετικῶν,
1466 658 1514 684 καὶ
1527 657 1593 692 περὶ
1606 656 1658 684 τοῦ
1672 665 1716 691 τε)
1725 658 1841 690 ονότος

1075 698 1217 724 (Taurum).

1078 745 1110 781 [P
1134 745 1197 781 158]
1229 747 1297 772 Τότε
1322 747 1350 773 δὲ
1378 748 1509 783 διαφορᾶς
1535 750 1668 785 ἐνστάσης
1698 750 1839 786 μεγίστης

1042 791 1149 826 μεταξὺ
1167 792 1331 818 Γεννουῐτῶν
1351 794 1398 820 καὶ
1412 794 1571 826 Βενετικῶν,
1588 796 1626 826 ὡς
1642 796 1708 822 πᾶσι
1726 797 1838 827 πάντας

1040 838 1074 863 δι’
1090 837 1189 872 ἐχῠρας
1205 835 1275 864 εἶναι
1296 839 1342 864 καὶ
1355 839 1439 865 κακὸν
1452 839 1577 874 ἀλλήλοις
1591 841 1739 875 ἀπάντημα
1754 841 1836 874 γίνε-

246 885 385 911 Ἔντεῦθεν
403 886 448 912 καὶ
459 887 539 917 πόνος
551 885 585 921 ἦν
599 887 744 922 Πέρσαιςή
762 889 815 914 τῶν
833 889 905 915 ἰδίων
918 898 989 915 παν·
1004 894 1028 924 Β
1043 883 1105 909 σθαι
1123 886 1170 910 καὶ
1188 884 1267 909 ναυσὶ
1291 884 1420 914 πλέοντας
1438 885 1485 911 καὶ
1507 885 1718 920 ὁδοιποροῦντας
1746 886 1835 920 πεζῇ.

205 929 285 964 τελὴς
302 930 455 963 ὲξαπώλεια
466 940 472 946 ·
486 931 544 963 ἶοῦς
558 932 589 967 δὴ
609 933 711 964 ἐκεῖνος
726 933 775 968 μὲν
799 934 843 960 ἐπ’
858 935 990 968 ἀνατολῆς

205 973 274 1010 ἦγεν
290 976 539 1011 αὐτομολήσαντας,
557 978 581 1003 οἱ
592 977 613 1003 δ’
629 977 741 1012 ὕστερον
757 979 879 1011 ἐλθόντες
893 979 993 1014 σύναμ¹

205 1021 320 1052 ἐκείνοις
346 1021 438 1053 κακῶς
467 1022 600 1049 διετιοουν
616 1024 665 1059 τὴν
684 1024 786 1058 χώραν.
804 1025 901 1051 Σκοπῶ
922 1026 950 1052 δὲ
966 1027 990 1051 εἰ

206 1067 254 1094 καὶ
267 1066 304 1102 μὴ
320 1067 394 1102 παρὰ
409 1068 458 1102 τὴν
473 1068 600 1102 tuatich
613 1069 751 1099 παντελῶς
766 1070 941 1105 ἐρημωθῆναι
959 1071 992 1097 τὰ

206 1112 266 1138 κατ’
287 1112 420 1147 ἀνατολὴν
445 1112 617 1147 ξομϐέῆηκεν
641 1114 764 1148 ὕστερον,
787 1115 899 1141 ἐκείνων
914 1116 992 1142 τοῦτο

208 1157 257 1192 μὲν
282 1157 456 1189 πονούντων,
491 1158 533 1193 ἐφ’
568 1156 609 1191 οἷς
635 1159 753 1191 ἔπαθον,
790 1160 868 1187 τοῦτο
892 1161 920 1187 δὲ
945 1162 993 1187 καὶ

208 1250 285 1273 stans
300 1245 380 1273 solita
393 1253 453 1273 eam
470 1247 587 1280 primmn
605 1252 646 1274 est
659 1248 821 1275 adoratione
834 1253 990 1280 veneratus,

209 1299 272 1318 tuox
299 1292 423 1326 supplice
449 1300 481 1320 ac.
513 1293 601 1320 teneri
631 1293 745 1321 alIectns
773 1295 883 1321 indiciis
911 1296 990 1330 plena

211 1338 336 1365 oratione
363 1339 539 1372 pronuntiata
567 1339 668 1372 gratias
695 1339 728 1366 ad
759 1344 913 1367 extremum
943 1348 991 1374 pro

210 1385 315 1411 recenti
330 1384 465 1411 beneﬁcio
483 1385 746 1412 munificentissimm
758 1385 891 1420 largitrici
907 1394 990 1420 quam

207 1430 298 1464 potuit
320 1431 506 1465 amplissimas
521 1431 626 1461 retulit.
657 1432 853 1459 demississime
872 1439 994 1467 prostra-

206 1477 283 1505 tione
314 1477 439 1512 corporis
477 1477 549 1512 grati
577 1477 802 1512 significationem
835 1479 993 1513 exprimens

205 1523 290 1550 animi
305 1532 313 1556 ;
327 1528 353 1551 et
374 1523 542 1558 subjungens
567 1523 653 1558 ipsius
670 1533 701 1551 se
729 1525 914 1559 potissimum,
932 1529 993 1560 post

1043 930 1092 956 οὐκ
1117 928 1150 965 ἦν
1175 930 1243 961 ὅλως
1265 931 1358 964 καιρδς
1376 931 1437 957 καθ’
1453 931 1482 957 ὃν
1503 932 1553 958 οὐκ
1579 932 1710 964 ἠκούοντο
1731 934 1747 967 ἦ
1764 933 1837 958 Γεν-

1045 974 1148 1001 νουῖται
1161 975 1194 1001 τὰ
1207 977 1330 1010 χείριστα
1346 976 1544 1008 διατεθεικότες
1563 978 1747 1012 Βενετικοὺςῆ
1768 978 1837 1004 Γεν-

1043 1022 1151 1053 νουῖτας
1169 1023 1318 1055 Βενετικοὶ,
1336 1023 1400 1054 ὅλας
1425 1024 1490 1054 ναῦς
1505 1024 1672 1058 αὐτάνδρους
1693 1033 1820 1050 καταπον

1043 1068 1174 1100 τίζοντες,
1192 1071 1239 1095 καὶ
1255 1070 1384 1104 χρήματα
1400 1070 1433 1096 τὰ
1455 1070 1504 1104 μὲν
1528 1070 1750 1104 ἁφαρπάζοντες.
1763 1071 1798 1097 τὰ
1810 1071 1835 1097 δ’

1043 1114 1232 1148 ἀφανίζοντες,
1249 1115 1287 1145 ὼς
1305 1115 1353 1141 καὶ
1365 1116 1453 1141 πᾶσαν
1469 1115 1606 1149 μεσιτείαν
1619 1117 1665 1142 καὶ
1681 1116 1768 1151 αὐτῆς
1782 1117 1833 1151 τῆς

1045 1159 1106 1185 κατ’
1123 1159 1220 1190 αὐτοὺς
1244 1158 1406 1194 Ἐκκλησίας
1423 1161 1462 1191 εἰς
1479 1161 1590 1195 εἰρήνην
1605 1161 1725 1196 ἀγούσης
1737 1162 1832 1196 ἀπρα-

1045 1249 1276 1282 t‘bilantbropeuo
1305 1249 1461 1281 militarent.
1475 1249 1596 1277 locorum
1610 1251 1705 1278 notitia
1725 1251 1757 1278 ad
1779 1259 1831 1279 no-

1044 1296 1160 1322 cendum
1189 1295 1333 1321 exiliusius
1363 1296 1524 1328 utentibus;
1548 1296 1581 1324 ad
1603 1297 1660 1323 haec
1685 1298 1759 1324 nullo
1773 1297 1828 1332 jam

1044 1345 1118 1368 metu
1144 1342 1300 1372 retardatis,
1315 1342 1386 1375 quod
1420 1342 1490 1368 idem
1508 1342 1553 1368 ille
1571 1343 1625 1370 dux
1650 1351 1729 1378 quem
1746 1352 1831 1370 unum

1047 1387 1207 1418 timuerant,
1226 1387 1305 1420 Cujus
1321 1387 1373 1412 vim
1390 1388 1494 1421 experti
1512 1393 1539 1414 et
1559 1388 1648 1415 mirati
1666 1389 1826 1416 felicitatem

1045 1433 1120 1467 prius
1136 1441 1150 1459 a
1169 1440 1262 1460 nosrro
1274 1433 1359 1460 limite
1377 1435 1505 1461 lentando
1523 1435 1639 1469 repressi
1657 1436 1830 1470 aliquatenus

1045 1477 1250 1512 fuerant,longe
1266 1478 1350 1510 illinc,
1365 1487 1413 1505 ncc
1427 1479 1563 1506 rediturus
1578 1488 1708 1515 unquam,
1719 1481 1829 1514 aberat;

1046 1531 1183 1558 postremo
1195 1523 1328 1558 plurimis,
1346 1529 1374 1550 ut
1389 1525 1429 1556 fit,
1443 1525 1504 1552 aliis
1518 1526 1551 1551 ad
1567 1526 1617 1552 hos
1635 1533 1694 1552 sese
1715 1527 1828 1552 canibus

208 1568 304 1601 Deum,
332 1569 413 1596 unius
444 1570 590 1604 imperium
612 1574 639 1596 et
665 1569 816 1598 Eeclesiam
846 1571 873 1598 in
892 1579 990 1598 manus
1003 1568 1026 1599 C
1043 1570 1254 1604 aggregautibus
1273 1578 1320 1604 spe
1334 1571 1530 1605 participandas
1545 1579 1715 1598 semesorum
1736 1573 1824 1599 rosio-

207 1614 355 1649 deponere,
371 1615 404 1642 ab
421 1616 478 1648 ipsa
503 1616 559 1642 sola
575 1622 728 1650 sperantem
744 1617 854 1652 dignam
886 1617 991 1645 nti-ius-

206 1668 260 1695 que
273 1661 498 1695 gubernationem
528 1666 734 1696 proventuram.
767 1663 802 1690 Ea
819 1663 910 1690 verbis
927 1671 992 1690 con-

208 1707 296 1740 eeptis
319 1707 530 1741 religiosissima
557 1708 726 1735 demissione
754 1708 888 1743 profatus,
910 1709 993 1735 itera-

207 1756 290 1786 taque
305 1751 338 1777 ad
353 1757 507 1779 extremum
523 1752 739 1780 devinctissimm
754 1755 780 1781 in
811 1763 897 1781 a‘vum
911 1763 992 1781 omne

207 1802 262 1824 tam
296 1797 414 1831 insignis
440 1798 523 1832 bujns
541 1799 638 1826 datrici
667 1800 792 1826 muneris
818 1800 993 1834 professione

206 1842 368 1874 voluntatis,
404 1851 558 1870 conscenso
583 1851 655 1878 equo
685 1846 711 1871 in
741 1845 873 1880 palatium
893 1846 989 1872 rediit.

207 1889 441 1915 Protovrsliarita:
456 1897 520 1916 vero
537 1890 655 1923 diploma
673 1891 885 1925 gratulatorinm
903 1899 993 1926 expe-

208 1934 258 1966 dit,
274 1935 317 1961 cui
349 1931 531 1968 prmcellentis
563 1935 716 1970 cuiuspiam
746 1944 801 1970 quo
819 1942 891 1964 esset
927 1945 989 1964 eum

207 1987 290 2014 supra
307 1980 452 2015 plerosque
468 1981 535 2008 alios
553 1988 699 2009 eveclurus
721 1983 932 2017 promissionem
950 1982 993 2009 in-

206 2026 293 2053 seruit
309 2028 441 2058 muneris,
461 2027 487 2053 in
519 2035 574 2054 rem
597 2027 667 2054 baud
699 2028 784 2054 multo
800 2033 859 2062 post
891 2028 993 2054 deduc~

207 2076 281 2097 tam:
301 2079 362 2097 nam
380 2072 538 2099 advenienti
564 2073 588 2098 ei
619 2073 887 2107 Constantinopolim
902 2073 993 2106 magni

208 2116 441 2151 stratopedarcba:
470 2118 631 2152 dignitatem
662 2119 790 2149 contulit.
834 2119 993 2146 honerariis

209 2162 325 2195 adjectis
351 2164 378 2190 in
406 2167 655 2191 remunerationem
687 2165 846 2199 priestantis
877 2165 994 2193 exliibiti

208 2216 272 2242 erga
290 2216 319 2236 se
332 2210 427 2237 studii.

244 2253 288 2280 M.
307 2254 344 2280 De
356 2255 445 2282 Persis
458 2256 504 2290 qui
522 2265 580 2283 cum
602 2256 829 2290 Pliilauthropeuo
842 2257 958 2292 [iter-aut.

244 2299 324 2334 232
343 2300 476 2335 Deinceps
515 2301 617 2333 Persae,
638 2310 751 2329 suorum
793 2302 893 2328 irritati
929 2309 996 2329 casu

209 2345 321 2376 civium.
344 2346 390 2380 qui
411 2345 634 2381 Pliilantbropeni
664 2347 754 2374 accitu
785 2347 856 2374 intra
868 2347 996 2374 Orienta-

209 2391 262 2417 lem
280 2398 311 2418 eo
324 2391 443 2419 ducente
467 2392 630 2426 deprehensi
659 2393 771 2419 limitem
796 2393 996 2425 internecione,

211 2438 384 2470 utdiximus,
412 2437 494 2464 deleti
523 2446 538 2464 a
555 2437 687 2465 Romanis
708 2439 829 2470 fuerant,
859 2447 921 2466 cum
940 2439 993 2466 hoc

211 2486 302 2520 ipsum
319 2492 334 2511 e
350 2485 444 2519 paucis
472 2492 566 2511 eorum
601 2483 664 2518 fuga
684 2485 710 2511 in
744 2486 858 2519 patriam
878 2486 997 2513 reversis

211 2531 417 2565 cognovissent,
447 2530 489 2557 liis
529 2538 591 2557 sese
623 2538 721 2565 magno
752 2531 848 2565 reliqui
884 2539 998 2558 numero

209 2578 371 2612 jungentes,
399 2577 440 2603 ira
470 2581 498 2603 et
518 2576 670 2610 cupiditate
693 2577 799 2604 incensi
815 2577 901 2604 cladis
918 2578 998 2604 istius

213 2623 392 2654 ulciscendae,
422 2623 489 2650 ﬁnes
507 2622 646 2650 Romanos
672 2623 782 2650 infestis
797 2623 999 2657 irruptionibus

212 2670 368 2696 vastabant.
388 2669 456 2695 llinc
474 2677 571 2704 magna
583 2677 614 2696 ex
633 2673 710 2703 parte
725 2673 905 2696 consecutam
922 2675 998 2703 puto,

212 2723 273 2750 qum
292 2716 371 2750 paulo
402 2720 465 2750 post
496 2715 652 2742 miserrima
669 2715 784 2751 contigit
810 2715 994 2742 Orientalium

213 2762 349 2789 dcsolatio
377 2767 525 2793 tractuum,
544 2761 668 2788 barbaris
690 2761 865 2795 prtedonibns
882 2761 999 2795 primum

214 2807 374 2834 stimulante
391 2807 522 2834 memoria
539 2815 634 2834 eorum
651 2815 711 2842 qua‘
723 2807 794 2840 passi
811 2810 889 2833 crant
913 2806 1002 2832 dirius

217 2853 419 2889 iminaniusquc
461 2854 660 2881 saevientibus:
683 2853 781 2879 deinde
812 2856 899 2886 parta,
935 2854 998 2878 dum

1045 1616 1088 1642 nis
1103 1616 1220 1646 ossium,
1242 1616 1372 1646 maxima,
1388 1617 1511 1650 inquam,
1530 1624 1611 1644 manu
1642 1616 1827 1643 fatnelicorum

1044 1661 1134 1687 omnis
1147 1661 1253 1693 generis
1271 1662 1405 1687 latronmn
1437 1669 1554 1696 unguem
1577 1661 1707 1696 intlgente
1737 1663 1828 1692 ulceri.

1043 1714 1076 1733 ac
1110 1710 1185 1733 (-eita
1208 1706 1262 1740 jam
1291 1707 1455 1741 impunitate
1485 1714 1622 1739 securam,
1653 1708 1726 1742 genti
1758 1708 1828 1734 omni

1045 1753 1174 1787 praesidio
1203 1754 1310 1778 nullane
1328 1753 1492 1779 avarissime
1519 1753 1765 1786 crudelissimeque
1788 1754 1828 1780 in-

1044 1798 1161 1824 sultaudi
1177 1798 1278 1832 passim
1305 1803 1450 1824 exercente
1478 1798 1628 1824 licentiam.
1659 1798 1704 1824 Sic
1722 1802 1830 1824 cunctas

1045 1843 1185 1878 sigillatim
1201 1843 1261 1876 ejus
1289 1848 1422 1870 tractatus
1450 1843 1576 1877 regiones
1604 1843 1656 1869 ista
1685 1848 1827 1877 pervagata

1046 1890 1131 1924 pestis
1152 1888 1273 1923 denique
1299 1888 1325 1914 in
1349 1893 1456 1915 vastant
1472 1888 1610 1915 desertum
1631 1889 1722 1918 vertit.
1743 1896 1826 1921 quati—

1047 1939 1102 1960 tmn
1131 1938 1265 1960 terrarum
1285 1941 1299 1959 a
1325 1933 1412 1960 Ponto
1428 1932 1533 1959 Euxino
1551 1934 1583 1959 ad
1600 1940 1675 1959 mare
1695 1932 1826 1958 Rhodium

1046 1979 1072 2005 in
1090 1979 1174 2005 latum
1193 1986 1224 2005 ac
1239 1978 1348 2013 longum
1363 1983 1448 2013 patet.
1463 1977 1563 2005 Verum
1586 1979 1642 2005 lucc
1655 1983 1761 2013 postea.

1046 2034 1088 2061 t5.
1112 2035 1147 2061 De
1168 2035 1296 2061 seditione
1314 2034 1462 2061 Cenuenses
1479 2035 1546 2061 inter
1561 2040 1584 2061 et
1602 2035 1708 2062 Venetos
1732 2039 1826 2068 coorta,

1308 2071 1390 2104 deque
1403 2075 1480 2096 teri-te
1496 2075 1578 2096 motu.

1084 2117 1161 2142 'l‘unc
1182 2124 1263 2150 porro
1284 2115 1414 2149 ﬂagrabat
1446 2124 1507 2142 cum
1540 2116 1658 2142 maxime
1687 2115 1825 2143 discidium

1047 2161 1239 2195 gravissimum
1272 2168 1326 2195 quo
1357 2165 1436 2188 erant
1466 2162 1536 2188 inter
1561 2169 1590 2188 se
1621 2162 1777 2189 Genuenses
1802 2167 1827 2190 et

1050 2207 1142 2234 Veneti
1171 2207 1321 2234 commissi.
1358 2206 1454 2233 Nullus
1481 2208 1578 2234 borum
1609 2216 1661 2234 non
1685 2208 1827 2242 quemlibet

1049 2252 1171 2284 illorum,
1190 2256 1217 2279 et
1234 2252 1371 2284 vicissim,
1387 2253 1522 2279 acerrime
1536 2253 1630 2278 oderat
1646 2262 1652 2278 :
1666 2260 1751 2280 saevas
1767 2262 1827 2287 quo-

1048 2307 1103 2333 que
1118 2299 1186 2325 istas
1203 2305 1229 2325 et
1253 2299 1436 2325 internecinas
1466 2299 1625 2326 inimicitias
1646 2300 1672 2325 in
1701 2301 1771 2325 omni
1783 2307 1826 2325 oi:-

1049 2353 1131 2372 cursu
1147 2345 1247 2371 Inutilis
1260 2353 1340 2379 quam
1357 2345 1555 2371 immanissima
1581 2346 1697 2372 invicem
1721 2346 1824 2372 nocendi

1049 2391 1195 2417 conatibus
1211 2391 1389 2417 exercebant.
1403 2390 1481 2417 Omni
1497 2398 1564 2425 pene
1584 2398 1723 2418 momento
1743 2391 1826 2417 audie-

1049 2437 1131 2464 batur
1150 2442 1198 2463 aut
1225 2437 1293 2462 mari
1311 2437 1470 2471 navigantes
1500 2441 1547 2462 aut
1563 2440 1635 2462 terra
1650 2437 1702 2462 iter
1725 2441 1826 2469 agentes

1049 2483 1091 2508 vel
1108 2482 1267 2509 Genucnses
1283 2491 1296 2507 a
1315 2481 1425 2509 Venetis
1443 2483 1482 2508 vel
1499 2490 1513 2508 a
1543 2482 1736 2509 Genuensibus
1756 2481 1824 2516 233

1051 2527 1169 2555 Venetus
1199 2529 1316 2562 pessime
1348 2529 1491 2555 multatos.
1509 2527 1597 2554 Naves
1625 2533 1688 2554 tota:
1721 2528 1822 2554 incursu

1051 2574 1152 2601 infesto
1169 2575 1373 2609 mergebantur.
1389 2574 1442 2602 Res
1456 2579 1482 2600 et
1496 2575 1619 2608 pecunia:
1636 2574 1735 2608 partim
1755 2578 1825 2607 rapta:

1051 2620 1258 2651 auferebantur,
1288 2620 1388 2654 partim
1425 2624 1562 2654 corrupta:
1594 2620 1731 2653 peribant.
1760 2618 1823 2645 Multi

1053 2666 1165 2696 frustra,
1182 2666 1263 2692 etiam
1279 2673 1293 2693 e
1310 2665 1474 2700 praesulibus
1492 2672 1523 2692 ac
1539 2663 1732 2692 sacerdotibus
1742 2663 1824 2690 Eccle-
1857 2663 1859 2665 ’

1051 2711 1099 2738 sia:
1121 2711 1256 2746 ipsorum.
1270 2711 1446 2738 reconciliare
1456 2711 1526 2737 inter
1535 2709 1706 2737 sicinfensos
1722 2709 1824 2744 gratiam

1053 2762 1236 2785 tentaverant.
1251 2757 1348 2784 Omnis
1362 2764 1471 2791 semper
1492 2756 1620 2783 tractatio
1646 2755 1823 2782 conventionis

1054 2804 1202 2830 inirritmu
1233 2807 1376 2835 cesserat;
1407 2810 1438 2829 ac
1470 2810 1504 2829 ne
1534 2801 1702 2828 mentionem
1728 2801 1822 2835 quidem

1056 2851 1131 2885 pacis
1149 2851 1230 2877 ullam
1253 2858 1266 2877 a
1284 2850 1438 2878 concordiae
1468 2848 1630 2877 suasoribus
1657 2848 1714 2883 jam
1745 2848 1823 2874 audire
