1944 3061
65 78 109 108 357

529 77 578 106 DE
599 76 820 108 ANDRON‘ICO
840 74 1074 127 “moroso
1096 75 1167 105 LIB.
1186 75 1244 106 Ill.

1654 76 1707 108 258

66 136 135 161 ιτεῖν
154 135 189 161 τὸ
217 135 368 170 παράπαν,
392 135 438 161 καὶ
465 134 560 168 λόγους
585 134 681 165 κενοὺς
710 132 780 160 εἶναι
805 136 869 165 τοὺς
884 137 905 164 Α
922 133 1020 160 ὃλύσαι
1045 134 1068 160 δ’
1095 133 1202 168 ἐνιαχοῦ
1225 133 1272 159 καὶ
1291 132 1385 165 ὕδατα,
1415 133 1606 168 ἀνατραπῆναι
1619 133 1648 161 δὲ
1661 136 1709 161 καὶ

65 182 135 214 σφίσι
151 182 191 208 τὰ
210 181 263 215 τῆς
280 182 397 217 εἰρήνης
423 182 648 216 εἰσηγουμένους.
673 181 790 216 Πρώτην
818 181 867 216 μὲν

63 225 103 254 ὦν
115 225 173 262 ἦγε
192 227 434 263 Μαιμακτηριὼν,
449 228 495 254 καὶ
505 227 634 262 βασιλεὺς
648 228 737 262 τρισὶν
749 220 867 262 ἡμέραις

64 272 201 307 πρότερον
232 272 282 306 τῆς
299 273 510 298 Κωνσ-ιαντίνου
537 272 710 307 ὲξεληλακὼς
727 273 793 306 πρὸς
818 272 867 307 τὴν

62 318 153 353 Χηλὴν
171 318 205 344 τὸ
226 318 477 353 ἀμφιθαλασσίδιον
492 319 623 354 φρούριον
639 318 766 354 ἤλαυνεν,
782 318 821 345 ἔτι
839 319 868 345 δὲ

62 364 128 398 πρὸς
145 364 188 398 τῷ
214 364 363 399 Δαματρύῐ
379 365 495 399 ἐσκήνου
511 365 542 390 τὸ
563 363 869 399 ὐπηρετικὸιῖπροσμέ-

61 419 123 441 νων,
149 410 202 436 καὶ
221 410 297 441 ὅσοις
313 408 348 445 ἦν
370 410 444 444 αὐτῷ
462 409 590 436 ἕπεσθαι.
612 410 667 436 Καὶ
690 411 739 444 τῆς
756 410 868 444 πρώτης

62 455 107 482 τοῦ
127 455 220 489 μηνὸς
240 456 363 490 ἑσπέρας
374 455 438 489 περί
451 464 503 486 που
519 455 549 481 τὸ
563 455 742 490 μεσονύκτιον
758 455 868 488 σεισμὸς

64 503 199 536 ἐμπίπτει
220 502 321 536 μέγας,
345 501 418 528 κατὰ
435 503 498 532 τοὺς
515 501 570 527 τῶν
596 501 707 533 ζώντων
732 501 869 536 σωμάτων

68 547 236 580 σφυγμούςο
252 547 301 578 οὓς
321 548 422 582 μᾶλλον
439 549 487 575 καὶ
505 548 611 578 δεινοὺς
631 549 655 574 οἰ
679 548 744 582 περὶ
766 549 869 574 τούτων

67 595 231 628 γράψαντες
247 594 378 628 λέγουσιν
393 597 429 626 ὡς
451 595 574 621 κάτωθεν
595 595 713 626 διιέντας
734 595 782 621 καὶ
800 595 868 620 ὑπο-

69 640 196 670 σπῶντας
210 640 340 675 θεμέλια,
363 641 446 671 Τόσος
470 641 535 674 γοῦν
550 642 563 667 ὁ
578 641 641 668 τότε
662 642 732 668 ὥστε
752 641 800 667 καὶ
817 649 870 675 μη-

68 686 126 712 ἰὲνςι
142 686 223 720 ἔχειν
246 686 284 720 μὴ
302 687 420 713 παλαιὸν
447 687 484 721 μὴ
502 688 562 713 νέον
588 688 699 718 εἰδέναι,
723 688 760 722 μὴ
780 688 822 713 ὅτι
837 695 869 720 γε

71 733 164 765 μείζω,
184 732 249 759 ἀλλ’
265 733 322 759 οὐδ’
338 733 396 759 ίσον
414 734 538 760 πώποτε.
551 734 631 764 Τινὲς
644 733 672 760 δὲ
688 734 741 760 τῶν
756 733 806 767 ἤδη
823 741 870 766 γε-

71 781 236 814 γηρακότων
256 780 295 814 τῷ
313 781 376 807 κατ’
390 780 486 815 ἐξοχὴν
501 780 644 814 λεγομένῳ
669 779 781 813 μεγάλῳ
797 779 871 805 ἐκεῖ-

72 836 112 853 νον
129 827 325 862 παρείκαζον¹
345 827 418 853 οὕτω
438 827 493 860 γὰρ
508 827 555 853 καὶ
573 825 668 852 τοῦτον
686 827 729 860 ἐφ’
752 826 871 860 ἡμέραις

74 873 215 905 πλείσταις
231 873 458 908 ὲπισυμῦαίνειν,
470 874 517 899 καὶ
532 873 691 904 πλειστάκις
704 872 753 906 τῆς
765 872 872 907 ἡμέρας

73 919 146 954 ﬁxa!
165 920 271 950 νυκτὸς
287 915 452 954 προφαίνειν
467 919 539 946 κατὰ
556 919 657 954 μικρὸν
672 920 708 945 τὰ
725 918 772 944 τοῦ
794 917 874 944 πνεύ-

75 975 156 999 ματος
183 965 451 1000 ἑγκαταλείμματα,
476 965 547 991 ὥστε
570 965 617 991 καὶ
644 964 873 999 Ἀνθεστηριῶνος

74 1012 301 1045 ἑπτακαιδεκάτῃ
327 1011 446 1038 ἐνταῦθα
472 1011 521 1046 μὲν
542 1011 628 1037 πλείω
654 1011 684 1037 τὸ
701 1010 748 1037 τοῦ
775 1011 872 1045 χρόνου

76 1058 158 1091 μῆκος
171 1058 320 1090 γενέσθαι.
338 1057 532 1092 μαλακώτερον
554 1057 582 1083 δὲ
599 1058 631 1092 τῇ
647 1056 772 1091 δυνάμει,
797 1057 825 1082 ἐν
844 1055 873 1082 δὲ

74 1106 104 1138 τῇ
124 1104 249 1138 ἀνατολῇ
265 1103 315 1130 καὶ
335 1104 420 1138 μείζω
442 1103 489 1129 τοῦ
515 1102 670 1137 φθάσαντος
689 1104 736 1128 καὶ
755 1102 874 1128 δεινζτε-

77 1156 130 1182 ρον.
155 1148 313 1181 Ἐνὲσκηψε
334 1147 362 1173 δὲ
387 1148 416 1174 τὸ
447 1147 532 1174 δεινὸν
558 1148 619 1173 τότε
648 1147 701 1173 ἀπὸ
726 1146 780 1172 τῶν
809 1146 874 1181 περὶ

77 1195 225 1229 Πέργαμον
243 1196 289 1221 διὰ
307 1194 434 1228 Χλιαρῶν
451 1194 542 1228 μέσων
562 1194 609 1220 καὶ
626 1195 654 1222 ἐς
670 1193 756 1227 αὐτῆς
773 1193 873 1227 Περσί·

77 1240 118 1271 δος
139 1241 227 1276 μέρη.
245 1239 284 1272 ὡς
297 1240 444 1274 διαστῆναι
463 1240 513 1275 μὲν
531 1239 666 1274 πολλαχοῦ
685 1239 733 1274 τὴν
751 1239 814 1273 γῆν,
828 1240 875 1264 ὲκ-

78 1335 262 1362 sustinebant.
278 1334 417 1362 Caeterum
442 1334 572 1362 Kalendis
588 1334 674 1366 Junii,
694 1341 755 1361 cum
777 1334 874 1361 triduo

80 1386 137 1407 ante
155 1381 315 1415 imperator
342 1380 582 1416 Constantinopoli
613 1388 744 1414 egressus
772 1379 874 1406 Chelen

80 1435 171 1454 versus
188 1428 245 1454 iter
258 1427 368 1454 iniisset
382 1427 451 1461 (erat
470 1427 526 1453 hate
554 1434 602 1453 arx
620 1426 688 1453 mari
703 1425 874 1460 circumﬂua)

919 181 965 207 τοῦ
984 180 1054 206 κατὰ
1079 180 1113 206 τὰ
1136 179 1244 215 Χλιαρὰ
1260 180 1394 214 φρουρίου
1420 179 1545 215 θεμέλια,
1564 180 1611 207 καὶ
1627 180 1710 212 ναοὺς

920 227 965 253 καὶ
981 227 1072 257 οἴκους
1090 225 1144 252 τῶν
1172 225 1347 261 περιπύστων
1362 228 1540 253 καταπεσεῖν.
1561 227 1614 252 Τοῦ
1642 226 1710 260 γοῦν

920 273 1029 307 πρώτου
1044 272 1156 307 σεισμοῦ
1171 274 1218 299 καὶ⁴
1240 272 1300 298 καθ’
1317 273 1390 307 ἡμᾶς
1411 273 1531 306 μεγάλου
1555 272 1712 308 ἐνσκήψαν-

921 329 966 351 τος
981 313 1066 346 πολλὰ
1079 320 1128 354 μὲν
1140 319 1320 353 ἀναστήματα
1332 319 1385 345 τῶν
1395 320 1466 346 κατὰ
1479 319 1528 354 τὴν
1541 319 1619 345 πόλιν
1632 320 1712 346 κατέ-

920 373 1032 396 πιπτον,
1055 366 1086 391 ὲκ
1104 364 1220 391 παλαιοῦ
1241 365 1286 390 τὸν
1309 365 1444 399 ἑδρασμὸν
1469 364 1500 400 [Ρ
1515 364 1576 400 159]
1603 365 1711 400 ἔχοντα,

921 411 1020 437 πολλαὶ
1035 411 1062 436 δὲ
1076 412 1123 436 καὶ
1144 411 1199 436 τῶν
1221 411 1288 437 νέων
1304 411 1389 437 οἰκῶν
1403 411 1625 444 κατηρείιποντο.
1641 411 1712 442 Τοὺς

919 457 947 483 δὲ
968 466 1000 490 γε
1019 457 1073 483 τῶν
1092 457 1212 483 αὑλαιῶν
1228 457 1368 490 Οριγκοὺς,
1391 457 1415 483 οἳ
1437 458 1483 484 καὶ
1498 459 1529 484 ἐκ
1546 457 1636 492 ξηρῶν
1651 465 1714 484 συν-

922 502 1030 528 ίσταντο
1044 502 1137 535 λίθων,
1154 503 1224 529 κατὰ
1246 504 1363 538 σωρείαν
1388 503 1505 530 ’ἑκαστον
1529 501 1583 530 είδὲ
1600 512 1641 534 τις
1655 502 1714 530 κεί-

922 557 1012 583 μενονι
1045 549 1137 583 ὅμοιον
1165 549 1203 580 ὡς
1231 550 1263 575 ἂν
1291 549 1532 583 ἐπισωρευοὲντων
1561 549 1671 576 ἄλλοθεν
1699 549 1714 574 ὁ

921 596 1047 631 τεχνίτης
1064 595 1128 627 τοὺς
1145 596 1251 631 τοίχους
1272 596 1368 631 ἔμελλε
1384 597 1521 631 συνιστᾷν.
1539 596 1590 621 Δύο
1605 595 1627 621 δ’
1644 595 1714 630 ἔργα

921 641 975 668 τῶν
996 641 1122 676 μεγάλων
1146 642 1263 669 πεσόντα
1280 642 1329 676 τὴν
1345 642 1406 676 βίαν
1422 642 1542 676 ἐσήμηνε
1568 641 1614 667 τοῦ
1635 641 1715 675 κινή-

923 695 1019 721 ματος.
1038 687 1067 712 Ὀ
1088 687 1143 722 γὰρ
1167 687 1222 713 τῶν
1245 687 1344 721 Ἀγίων
1358 687 1488 713 ἁπάντων
1509 685 1573 717 ναὸς
1599 687 1628 717 ἐς
1652 685 1715 712 τότε

921 733 1095 768 συνεστηκὼς
1107 753 1124 765 ,η
1140 738 1188 761 καὶ
1203 734 1322 768 μηδενὸς
1340 734 1393 760 τῶν
1414 733 1570 766 ἀναγκαίων
1584 732 1714 767 λειπόμε-

923 787 978 811 νος,
1000 779 1123 815 ἐλεεινὴν
1150 780 1262 814 θραῦσιν
1279 781 1379 814 πάσχει
1394 779 1443 817 ,καὶ
1460 779 1563 806 πτῶσιν
1589 780 1639 812 τῆς
1653 779 1716 814 ὁρο-

924 825 988 860 φῆς,
1003 826 1053 857 ὅση
1067 835 1096 852 τε
1113 828 1177 861 περὶ
1198 828 1228 853 τὸ
1242 827 1318 861 βῆμα
1333 827 1379 852 καὶ
1395 827 1444 860 ὅση
1470 827 1535 861 περὶ
1552 826 1634 860 μέσον
1649 827 1715 861 ἀνῳ-

925 871 1071 906 κοδόμητο.
1092 873 1145 898 Καὶ
1158 874 1171 899 ὀ
1186 874 1274 899 ἐκεῖσε
1302 873 1420 907 χαλκοῦς
1433 873 1546 906 ἀνδριὰς
1560 872 1607 899 τοῦ
1633 873 1714 908 ἀρχι-

925 919 1093 953 στρατήγου,
1111 920 1124 945 ὁ
1143 921 1189 945 ἐπὶ
1213 919 1359 950 κιονὼδους
1378 919 1427 954 μὲν
1453 919 1651 954 ἐρηρεισμένος
1666 919 1714 946 τοῦ

923 965 1129 1000 ἀναστήματος,
1151 965 1179 996 ἐς
1194 965 1278 996 πόδας
1295 965 1316 991 δ’
1332 965 1401 1000 ἔχων
1417 965 1464 992 τὸν
1479 966 1584 992 ἄνακτα
1607 964 1715 999 Μιχαὴλ

924 1013 975 1048 τὴν
992 1012 1070 1038 πόλιν
1084 1011 1202 1046 φέροντα
1218 1011 1338 1046 κάκείνῳ
1351 1011 1587 1046 προσανατιθέντα
1601 1012 1650 1038 καὶ
1663 1012 1715 1046 τὴν

925 1056 1030 1091 ταύτης
1044 1055 1169 1090 φυλακὴν
1181 1055 1374 1089 ἐπιτρέποντα,
1388 1056 1402 1081 ὁ
1411 1057 1531 1087 τοιοῦτος
1544 1056 1591 1082 οὖν
1604 1055 1715 1091 ἀνδριὰς

925 1103 972 1128 καὶ
988 1103 1004 1137 ἡ
1019 1102 1072 1128 ἀνὰ
1090 1103 1185 1136 χεῖρας
1199 1101 1238 1137 τῷ
1255 1101 1360 1132 βασιλεῖ
1374 1102 1461 1134 πόλις,
1477 1103 1492 1129 ὁ
1508 1103 1557 1137 μὲν
1568 1103 1618 1138 τὴν
1629 1111 1715 1136 κεφα-

925 1148 974 1183 λὴν
1000 1149 1171 1183 ἀφαιρεῖται,
1198 1149 1215 1182 ἡ
1241 1148 1269 1174 δὲ
1290 1148 1344 1175 τῶν
1366 1149 1467 1184 χειρῶν
1483 1149 1530 1176 τοῦ
1549 1149 1715 1184 κρατοῦντος

927 1194 1115 1225 ἐξολισθαίνει,
1134 1195 1180 1220 καὶ
1197 1194 1265 1228 πρὸς
1283 1194 1336 1229 γῆν
1351 1194 1434 1228 ἄμφω
1450 1195 1589 1222 πίπτουσι.
1606 1195 1715 1222 Τούτων

925 1238 973 1266 οὖν
986 1240 1149 1274 συμϐάντων
1161 1240 1177 1275 ἡ
1193 1241 1243 1275 μὲν
1255 1241 1331 1272 πόλις
1346 1241 1422 1268 πᾶσα
1434 1241 1478 1268 ὑπ’
1491 1241 1580 1276 αὐγὰς
1595 1243 1713 1278 ἡμέρας,

928 1331 1037 1365 templis
1056 1338 1166 1365 quoque
1185 1338 1216 1357 ac
1244 1331 1306 1358 aliis
1320 1331 1442 1359 aedificiis
1466 1332 1557 1366 specie
1571 1339 1603 1359 ac
1619 1333 1717 1360 solidi-

928 1382 982 1405 tate
998 1378 1152 1405 celebribus
1167 1379 1321 1412 prostratis.
1337 1378 1429 1405 Primo
1451 1387 1533 1413 porro
1558 1379 1641 1413 hujus
1657 1384 1714 1407 ter-

928 1432 964 1451 rae
977 1428 1069 1450 motus
1086 1424 1112 1450 in
1130 1423 1188 1450 hinc
1202 1423 1261 1451 loca
1276 1424 1398 1458 impulsu
1414 1428 1506 1452 multae
1523 1426 1610 1453 moles
1625 1427 1717 1454 excel-

81 1477 104 1498 rt
121 1474 211 1500 adhuc
237 1473 270 1498 ad
292 1473 441 1507 Damatryn
462 1472 648 1498 tabernaculis
675 1471 735 1498 fixis
761 1479 874 1505 exspec-
887 1481 908 1509 ο
927 1476 974 1501 ste,
989 1476 1050 1502 quae
1064 1475 1141 1495 suam
1157 1469 1314 1495 firmitatem
1327 1469 1408 1503 longo
1427 1474 1499 1497 statu
1522 1471 1714 1505 probaverant,

82 1523 146 1545 taret
175 1523 288 1551 partem
306 1518 380 1544 illam
408 1517 535 1552 palatina;
568 1517 679 1544 familia:
694 1525 775 1551 quam
796 1517 872 1547 illuc

82 1565 151 1599 sequi
170 1572 237 1592 sese
255 1565 414 1598 prmcedens
431 1564 689 1598 jusserat,vespera
707 1564 801 1598 primze
817 1563 870 1590 diei

82 1611 190 1641 mensis,
221 1610 299 1637 circa
315 1613 423 1636 noctem
443 1609 571 1641 mediam,
590 1613 670 1636 terra:
687 1613 780 1636 motus
797 1616 874 1636 coor-

83 1661 122 1683 tus
139 1661 180 1684 est
195 1657 309 1689 ingens,
322 1662 423 1690 quassa
441 1655 539 1681 tellure
554 1657 587 1681 ad
605 1655 719 1682 formam
742 1655 872 1690 pulsuum

83 1703 263 1730 artericorum
293 1702 321 1729 in
347 1702 415 1728 vivis
431 1702 604 1736 corporibus,
621 1701 727 1729 alterna
742 1706 873 1729 contrac-

84 1749 151 1775 tione
165 1757 196 1776 ac
210 1748 379 1775 dilatatione
400 1748 570 1775 micantium.
587 1747 666 1780 Quod
682 1756 769 1782 genus
793 1752 873 1775 terra:

84 1799 212 1823 motuum.
235 1794 282 1828 qui
300 1795 333 1820 de
348 1793 403 1820 illis
423 1794 605 1827 scripserunt,
623 1793 741 1819 maxime
757 1793 870 1820 noxium

85 1846 112 1865 ac
127 1839 304 1866 formidabile
321 1846 382 1866 esse
410 1839 593 1870 tradiderunt,
613 1843 704 1872 utpote
731 1846 788 1873 quo
815 1839 873 1873 ipsa

86 1885 155 1917 quasi
169 1884 355 1911 fundamenta
374 1885 449 1911 orbis
462 1884 569 1918 penitus
591 1885 697 1911 evoluta
714 1883 873 1911 convellan-

87 1933 136 1956 tur.
148 1930 255 1958 Tantus
268 1935 360 1957 autem
377 1932 401 1958 is
416 1931 462 1964 qui
483 1934 549 1958 tunc
563 1931 662 1958 exstitit
681 1930 742 1961 fuit.
755 1936 874 1958 utnemo

86 1975 187 2008 juvenis
215 1981 265 2003 aut
293 1984 375 2003 senex
404 1977 555 2011 quamlibet
575 1985 641 2010 vage
670 1977 873 2011 peregrinatus.

89 2025 235 2055 quantaevis
254 2024 399 2050 vetuslatis
417 2031 463 2057 per
485 2029 592 2050 aetatem
622 2023 737 2049 multum
761 2031 875 2057 provec-

90 2072 137 2094 tam
166 2077 287 2101 memor,
315 2077 407 2104 parem
433 2069 471 2096 illi
499 2077 528 2096 se
553 2077 670 2103 unquam
693 2074 739 2100 aut
768 2069 874 2103 uspiam

90 2115 213 2147 sensisse,
233 2116 336 2142 nedum
364 2115 508 2149 majorem,
529 2120 622 2149 posset
642 2115 790 2142 affirmare.
808 2114 876 2148 Qui-

927 1514 1121 1547 coneiderunt,
1137 1515 1228 1541 multae
1248 1522 1325 1541 novae
1351 1521 1496 1543 structurae
1511 1517 1622 1550 dejectte
1638 1522 1714 1544 sunt.

928 1560 1008 1595 Septa
1043 1568 1108 1587 vero
1136 1560 1188 1588 late
1217 1561 1365 1594 patentium
1382 1570 1506 1589 arearum
1522 1567 1550 1589 et
1572 1563 1709 1590 siccorum

927 1607 987 1633 sine
1001 1611 1133 1634 eminente
1150 1607 1286 1641 dispositu
1313 1615 1442 1635 saxorum
1470 1609 1583 1636 sublata:
1609 1610 1713 1636 circum

928 1652 1054 1679 maceria:
1069 1653 1231 1679 cumulatim
1259 1661 1431 1689 unaquaeque
1448 1655 1474 1681 in
1500 1655 1569 1682 latus
1586 1663 1716 1690 procum-

930 1698 1039 1730 hebant,
1059 1703 1089 1724 ut
1107 1705 1154 1725 eas
1172 1699 1216 1733 qui
1244 1703 1336 1727 strues
1349 1705 1504 1734 cernerent,
1522 1701 1555 1728 de
1579 1702 1715 1729 industria

927 1750 1115 1780 cotnportatos
1130 1751 1247 1781 apteque
1263 1747 1385 1781 digestos
1403 1747 1506 1781 lapides
1519 1747 1545 1774 in
1558 1756 1637 1775 usum
1649 1750 1717 1775 arti-

928 1790 987 1817 ﬁcis
1017 1799 1110 1819 muros
1130 1792 1186 1819 illic
1213 1792 1332 1819 molituri
1363 1793 1468 1827 opinari
1496 1793 1559 1827 jure
1591 1800 1714 1828 possent.

929 1837 986 1863 Duo
1001 1840 1091 1864 tamen
1105 1837 1219 1864 aedilicia
1237 1838 1361 1872 ingentia
1390 1839 1448 1865 suis
1464 1839 1553 1866 ruinis
1571 1840 1718 1867 vehemen-

928 1882 994 1909 tiam
1014 1887 1103 1909 motus
1133 1883 1325 1910 ostenderunt.
1343 1884 1506 1911 Sanctorum
1533 1886 1635 1912 etenim
1655 1894 1717 1912 ont-

930 1929 1004 1955 nittm
1024 1928 1165 1961 templum,
1188 1929 1260 1962 quod
1289 1935 1405 1956 eatenus
1420 1930 1616 1957 inconcussum
1631 1935 1717 1958 stete-

930 1979 980 2005 rat,
997 1974 1061 2001 licet
1073 1974 1100 2001 in
1113 1982 1145 2001 eo
1162 1975 1228 2001 nihil
1244 1977 1377 2002 omissum
1393 1976 1426 2002 ad
1444 1975 1544 2003 tuenda
1567 1980 1715 2003 sartatecta

929 2020 1123 2047 necessarium
1139 2020 1287 2050 diceretur,
1305 2022 1486 2048 miserabilem
1502 2030 1610 2057 passum
1629 2023 1717 2050 labem

929 2071 981 2098 est,
999 2066 1185 2093 eminentibus
1215 2067 1329 2100 fastigiis
1345 2067 1465 2099 duobus,
1495 2076 1612 2100 quorum
1632 2076 1715 2095 unmn

930 2121 983 2139 aras
995 2115 1120 2139 maximae
1136 2117 1352 2147 superstructum
1369 2113 1467 2147 fuerat,
1495 2115 1610 2141 alterunt
1627 2115 1717 2143 umbi-

89 2160 144 2186 datn
161 2165 254 2188 tamen
270 2162 318 2197 qui
336 2162 406 2188 ultra
425 2163 565 2196 vulgarem
583 2161 694 2188 tnodum
714 2165 875 2193 scnuerant,
893 2161 914 2188 D
930 2159 982 2185 lico
998 2159 1186 2190 incumbebat,
1202 2160 1271 2187 tristi
1284 2167 1349 2187 casu
1365 2160 1530 2188 deturbatis.
1544 2161 1610 2194 Quae
1625 2166 1715 2188 autem

90 2208 172 2240 prisco
187 2208 226 2235 illi
244 2214 326 2235 terra:
359 2210 455 2240 motui,
478 2208 523 2242 qui
542 2216 590 2242 per
606 2208 797 2235 excellentiam
817 2216 874 2234 ma-

91 2260 152 2285 gnus
165 2254 332 2288 appellatur,
350 2254 423 2280 hunc
438 2254 557 2288 quadam
576 2261 609 2280 ex
627 2258 704 2288 parte
730 2261 874 2287 compara-

93 2297 164 2325 bilem
182 2300 339 2334 putabant:
360 2309 420 2326 nam
448 2305 473 2326 et
502 2300 528 2326 in
547 2301 609 2331 hoc,
633 2298 762 2326 Similiter
788 2302 817 2326 ut
846 2299 874 2326 itt

93 2344 142 2377 illo,
160 2347 339 2380 contingebat
352 2347 515 2380 plerumque
546 2354 594 2381 per
611 2346 684 2373 diem
710 2349 738 2373 et
767 2351 873 2372 noctem

93 2391 198 2422 proferri
217 2392 347 2419 debiliori
368 2399 503 2418 succussu
517 2392 596 2425 quasi
612 2391 715 2418 sensim
730 2392 874 2425 elangues-

93 2437 172 2463 ceutis
186 2437 320 2472 reliquias
337 2438 462 2471 spiritus.
489 2439 564 2464 Adeo
582 2442 611 2464 ιιι
637 2437 751 2472 septima
768 2437 874 2464 decima

94 2483 186 2510 mensis
197 2483 264 2510 Julii
280 2485 479 2515 concussipnes
507 2484 552 2510 hic
565 2483 675 2518 quidem
693 2487 786 2510 essent
812 2489 875 2516 pro-

93 2525 221 2556 ductiores
237 2533 372 2562 tempore,
405 2529 580 2555 remissiores
611 2534 674 2554 vero
705 2527 821 2562 impetu,
847 2527 875 2554 in

95 2571 195 2602 Oriente
209 2583 276 2603 vero
291 2575 411 2609 majores
427 2580 455 2603 et
472 2575 555 2611 23h.
571 2576 792 2604 vehementiores
806 2583 875 2610 prae-

95 2619 256 2650 cedentibus.
283 2621 411 2648 Grassari
442 2629 532 2649 autem
559 2623 585 2649 id
614 2623 715 2649 malum
747 2623 830 2656 coepit
859 2630 874 2648 a

96 2665 217 2702 Pergamo
234 2676 283 2703 per
308 2668 396 2695 media
411 2668 519 2696 Clrliara
549 2669 701 2705 procedens
731 2675 820 2702 usque
841 2668 874 2694 ad

98 2712 174 2746 ipsius
197 2714 320 2742 Persidis
346 2719 447 2750 partes,
475 2715 568 2743 hiante
594 2715 688 2742 multis
715 2714 781 2741 locis
804 2714 874 2746 solo,

97 2759 184 2787 alicubi
206 2761 290 2788 etiam
309 2768 395 2795 aquas
421 2770 452 2788 ex
476 2762 574 2788 intimo
597 2761 672 2788 foras
696 2761 873 2795 propellente,

97 2804 158 2830 art-is
189 2805 221 2832 ad
251 2805 363 2833 Chliara
380 2807 438 2834 sitae
454 2806 641 2834 fundamentis
675 2806 741 2840 ipsis
757 2805 873 2837 eversis,

930 2205 985 2232 illic
1002 2206 1142 2232 visebatur
1157 2213 1232 2232 aenea
1248 2210 1337 2233 statua
1359 2207 1447 2234 sancti
1468 2207 1571 2234 militiae
1596 2207 1717 2235 ctelestis

927 2252 1115 2287 imperatoris.
1146 2253 1281 2280 insistens
1315 2254 1374 2280 basi
1408 2255 1544 2286 rotundae,
1571 2254 1604 2281 ad
1635 2255 1718 2290 pedes

927 2298 1030 2326 habens
1061 2298 1218 2325 Micltaclem
1245 2299 1398 2334 Augustum
1422 2301 1498 2327 urbis
1533 2301 1716 2328 simulacrum

927 2345 1110 2371 sustinentem
1144 2344 1283 2376 manilms,
1321 2345 1416 2372 habitu
1447 2346 1591 2373 offerentis
1621 2353 1717 2373 sancto

926 2391 978 2418 sibi
1003 2391 1160 2425 cognomini
1177 2391 1341 2426 arcltangelo
1365 2393 1479 2427 ejusque
1494 2393 1625 2419 custodia:
1640 2400 1717 2419 com-

928 2437 1084 2464 mendantis
1098 2437 1249 2469 civitatem,
1269 2438 1343 2470 talis,
1372 2439 1496 2473 inqltam,
1514 2443 1602 2466 statua
1627 2439 1717 2472 capite

927 2483 1036 2517 dejecto
1053 2483 1158 2511 minuta
1189 2488 1240 2515 est,
1272 2489 1299 2511 et
1328 2484 1354 2511 in
1382 2485 1433 2519 ipsi
1458 2485 1580 2520 subjecta
1611 2485 1717 2519 species

927 2530 1048 2556 civitatis
1063 2537 1078 2556 e
1098 2529 1226 2556 manibus
1257 2529 1375 2563 Augusti
1389 2530 1523 2562 concidit,
1552 2535 1668 2564 utroque
1689 2531 1716 2556 in

928 2580 1027 2602 terram
1041 2575 1122 2609 235
1137 2576 1275 2602 devoluto.
1304 2575 1487 2602 Consternata
1515 2583 1597 2602 sensu
1630 2576 1717 2610 primo

927 2625 981 2647 tam
1003 2621 1070 2647 dirae
1088 2621 1252 2648 calamitatis
1279 2628 1409 2648 universa
1425 2622 1491 2648 urbs
1513 2621 1634 2648 diluculo
1649 2628 1717 2648 cou-

927 2668 1015 2693 currit
1030 2667 1062 2693 ad
1081 2667 1212 2702 templum
1240 2667 1400 2699 maximum,
1432 2667 1477 2694 ubi
1495 2668 1611 2694 vacabat
1623 2667 1717 2700 propi-

929 2712 1023 2739 tiando
1053 2712 1181 2746 precibus
1209 2712 1273 2739 Dco.
1302 2713 1336 2738 At
1353 2713 1503 2746 imperator
1516 2717 1592 2739 extra
1622 2712 1716 2738 urbem

928 2764 996 2785 tunc
1024 2764 1159 2793 repertus,
1186 2763 1214 2786 ut
1242 2759 1376 2790 diximus,
1401 2764 1425 2786 et
1442 2763 1576 2793 quantutn
1598 2758 1622 2784 id
1654 2758 1717 2784 mali

926 2810 1000 2833 esset
1029 2805 1198 2840 intelligens,
1219 2805 1310 2832 titnnit
1338 2806 1384 2833 ille
1403 2805 1513 2841 quidem
1533 2804 1639 2831 civitati
1659 2804 1719 2830 uni-
