1944 3061
201 101 253 132 263

796 94 957 126 GEORGII
977 93 1213 124 PACHYMER/E

1780 85 1845 118 261-

203 163 276 191 ρουν.
299 155 416 182 Ἐκεῖνοι
440 154 469 181 δέ
484 153 557 186 τότε,
575 153 613 185 ὡς
633 152 819 188 προσελῶντες
843 152 988 186 ἀνήγοντο,
1005 151 1028 179 Α
1046 149 1228 184 συγκείμενον
1247 146 1323 182 παρὰ
1341 145 1473 181 βασιλέως
1489 144 1610 181 ἀρχῆθεν
1623 143 1670 171 τοῦ
1681 143 1843 179 δεξαμένου

201 202 245 238 [Ρ.
264 201 327 237 162]
344 201 411 236 νῆας
427 200 535 236 μακρὰς
550 200 681 234 φανείσας
695 198 859 226 Γεννουῖτῶν
874 197 988 231 ἐγγύθεν

201 247 334 278 πλεούσας
363 247 529 273 ἐπέσπευδον
554 247 604 281 τὴν
633 245 700 280 προς
730 245 848 276 ἐκείνας.
872 244 942 270 Ἀλλ’
960 244 987 270 αἱ

203 295 254 328 μὲν
270 293 387 328 ἐλαφραὶ
402 291 492 325 οὖσαι,
505 291 654 327 θαρροῦσαι
670 292 702 326 τῇ
719 290 859 325 ταχύτητι,
876 290 919 316 ἐπ’
935 289 990 315 ὀλί-

202 346 249 372 γον
271 338 450 373 προσέμενον,
478 337 526 363 καὶ
551 335 757 371 πλησιαζόντων
784 336 896 362 ἐκείνων
914 335 990 361 αὐτοὶ

202 383 434 417 ταχυναυτοῦντες
461 382 550 417 πολλῷ
569 381 649 407 πλέον
672 381 688 416 ἢ
719 381 851 415 πρότερον
877 381 990 414 ἀπεῖχον

202 430 353 464 διάστημα.
368 428 453 455 Τοῦτο
469 429 510 459 δὶς
526 428 573 454 καὶ
594 428 653 462 τρὶς
667 427 787 461 γεγονὸς,
809 427 871 452 ἐπεὶ
897 426 990 461 ἐώρων

203 476 348 507 πονοῦντες
366 475 500 510 ἀνήνυτα,
517 475 631 509 ἀφέντες
644 474 764 504 ἐκείνους
776 474 911 508 πληροῦσι
923 472 990 498 νεῶν

203 523 249 549 τδν
261 522 360 555 λιμένα
375 523 406 548 τὸ
424 522 526 556 Κέρας.
544 520 597 546 Καὶ
617 520 778 551 Γεννουττας
798 520 847 554 μὲν
861 519 891 545 οὐ
919 519 990 545 κατὰ

203 567 252 601 τὴν
273 567 390 602 περαίαν
414 565 669 599 καταλαμεάνουσι.
697 565 752 600 Τὴν
767 565 822 598 γὰρ
842 564 894 590 τῶν
917 564 991 597 νηῶν

204 614 302 639 ἐκεῖνοι
320 612 525 647 προεγνωκότες
552 612 656 645 ἔφοδον,
675 609 890 645 προσλιπαροῦσι
914 609 992 644 βασι-

203 658 252 684 λέα
268 659 366 690 αὐτοὺς
387 659 433 684 καὶ
449 658 580 692 γυναῖκας
599 658 645 683 καὶ
661 657 756 687 παῖδας
778 657 826 682 καὶ
841 656 993 690 πράγματα

205 704 281 735 ἐντὸς
292 704 398 736 πόλεως
413 703 540 735 δέξασθαι
554 711 561 718 ·
575 702 696 738 φανερὰν
710 703 764 737 γὰρ
778 703 824 728 ἐπὶ
841 702 910 736 σφᾶς
922 698 992 726 εἶναι

205 749 254 784 τὴν
268 750 374 784 ἔφοδον.
391 747 437 781 Οἷς
456 750 490 776 δι’
511 750 633 783 ἀνάγκην
657 748 785 783 βασιλεὺς
802 747 907 781 γίνεται
924 747 992 773 κάτ-

206 804 290 828 arvos,
315 797 361 822 καὶ
377 796 406 821 τὸ
422 795 492 822 κατὰ
505 795 658 830 Βλαχέρνας
686 795 766 829 μέρος
784 794 861 829 σφίσι
873 793 991 826 δίδωσιν,
1009 808 1032 838 Β

205 843 271 869 ὅπου
288 842 356 877 νῆας
376 842 443 873 ἰδίας
459 842 612 876 βυθίζουσιν
626 841 664 872 ὡς
684 841 859 874 φυλάξοντες,
875 841 952 866 αὐτοὶ
966 840 995 866 δέ

205 889 256 924 τὴν
282 890 314 915 ἐκ
336 889 386 923 τῆς
410 887 478 918 ἰδίας
501 888 591 922 χειρὸς
607 888 722 918 ἕκαστος
747 886 814 921 πρὸς
832 887 862 912 τὸ
888 886 995 921 συμϐὰν

207 934 385 970 παραμυθίαν
410 934 499 968 ζητῶν
513 935 562 968 τῆς
576 933 614 965 εἰς
632 933 661 959 τὺ
677 932 789 959 δυνατὸν
810 932 860 958 οὐκ
874 931 995 966 ἠμέλουν

209 981 354 1015 σωτηρίας.
373 980 423 1006 Διὰ
445 979 532 1006 ταῦτα
547 979 690 1011 κάκείνους
715 978 818 1004 κακοῦν
835 978 858 1003 οἰ
871 978 995 1007 ἐπιόντες

207 1027 258 1052 οὐκ
279 1026 399 1061 ἔχοντες,
425 1026 697 1060 σκευαγωγησάντων
715 1026 761 1051 καὶ
778 1025 831 1050 τῶν
854 1022 996 1058 Ῥωμαίων

208 1073 240 1098 ἐκ
255 1073 303 1107 τῆς
319 1072 447 1107 περαίας,
465 1072 521 1108 πῦρ
533 1073 594 1104 ταῖς
615 1072 669 1098 τῶν
689 1070 796 1098 Ἰταλῶν
813 1069 911 1100 οἰκίαις
929 1069 997 1095 ἐνίε-

209 1128 258 1146 σαν
272 1120 319 1146 καὶ
332 1119 535 1153 κατεπίμπρων
550 1117 652 1144 τέλεον.
667 1117 797 1144 Κάκεῖνοι
809 1115 859 1150 μὲν
873 1115 910 1149 τῷ
923 1123 997 1141 κατ-

208 1165 371 1199 επαίρεσθαι
402 1166 456 1191 τῶν
475 1165 551 1195 ἐντὸς
576 1163 777 1198 ἀπειροκαλίας
800 1162 889 1189 αἰτίαν
912 1160 995 1197 εἰχον,

209 1213 416 1246 ἐπιμαινόμενοι
438 1212 494 1242 τοῖς
512 1211 639 1246 ἀψύχοις,
658 1210 682 1238 οι
702 1210 724 1237 δ’
739 1210 814 1241 ἐντὸς
833 1210 903 1240 τέως
917 1209 998 1235 ἀνάν-

210 1259 280 1292 δρων
295 1257 393 1292 ἔφερον
406 1257 500 1291 σχῆμα
515 1257 717 1291 κατεπτηχότες
732 1255 784 1281 ὑπὸ
799 1256 853 1286 τοῖς
865 1255 996 1289 τείχεσιν.

211 1304 243 1329 υἱ
259 1303 281 1329 δ’
309 1304 336 1334 ἐς
364 1303 492 1330 τοσοῦτον
511 1302 656 1334 αὐθαδείας
683 1302 841 1333 ἐξώκειλαν,
867 1300 998 1327 ὥστεκαὶ

212 1390 333 1425 plerum.
361 1389 400 1416 Ae
425 1397 478 1415 non
503 1392 617 1423 repertis
634 1388 705 1423 apud
724 1388 845 1416 Peraeam
873 1388 998 1416 Genuen-

212 1437 287 1463 sibus
303 1435 341 1469 (hi
357 1436 428 1462 enim
440 1436 555 1470 prmviso
576 1435 743 1463 Venetorum
759 1435 785 1461 in
814 1443 844 1462 se
872 1435 996 1467 incursu,

1040 196 1073 222 τὰ
1088 196 1154 231 γένη
1171 194 1240 221 ὥστε
1253 194 1385 228 διαφορᾶς
1402 192 1543 228 ξυμῦἀσης
1569 192 1660 223 αὐτοῖς
1684 191 1773 223 ἐκτὸς,
1791 191 1829 217 ἐιῖ

1040 241 1117 268 δοθεν
1132 242 1180 276 μὲν
1200 241 1254 267 τῶν
1269 240 1318 275 τῆς
1338 239 1449 267 Ἀϐύδου
1476 238 1587 270 στενῶν,
1615 238 1720 264 ἔνδοθεν
1739 237 1767 264 δὲ
1784 236 1853 271 tot"),

1040 286 1143 319 Φάρου,
1160 286 1230 312 οὕτω
1244 285 1314 311 κατὰ
1337 284 1472 311 Θάλατταν
1489 284 1634 318 μάχεσθαι,
1659 282 1689 309 τὸ
1706 282 1792 317 μέσον
1807 282 1844 308 δὲ

1041 331 1144 358 τούτων
1160 331 1260 362 πάσαις
1272 331 1372 357 ᾶὸατον
1388 330 1490 364 μάχαις
1503 329 1540 361 ὥς
1557 338 1583 355 τι
1595 329 1648 355 τῶν
1665 329 1844 364 ἀφωσιωμὲ-

1042 385 1095 403 νων
1109 377 1157 403 καὶ
1174 377 1253 412 ἱερῶν
1277 376 1325 402 καὶ
1338 376 1512 410 ἀμφοτέρους
1536 375 1685 409 διατηρεῖν,
1707 375 1784 400 αὐτοὶ
1801 374 1842 400 ἐκ

1043 423 1218 457 φρονήματος
1244 421 1464 456 κατεπαρθέντες
1495 421 1638 455 μείζονος,
1670 419 1843 454 παριδόντες

1044 470 1090 495 καὶ
1103 470 1136 495 τὰ
1152 468 1328 502 συγκείμενα,
1344 467 1419 497 ἐντος
1435 467 1518 500 αὐτῆς
1531 467 1580 500 τῆς
1595 465 1729 500 βασιλέως
1741 466 1842 498 οἰκίας

1043 515 1115 542 κατὰ
1129 515 1183 541 τῶν
1209 515 1307 541 ἱκετῶν
1326 515 1358 548 τῇ
1385 513 1508 548 βασιλείᾳ
1531 513 1668 547 πολέμους
1692 513 1840 548 ἐξέφερον.

1044 563 1099 588 Καὶ
1114 561 1159 587 διὰ
1178 561 1263 587 ταῦτα
1278 560 1405 595 βασιλεὺς
1419 561 1538 594 μισήσας
1551 559 1600 594 τὴν
1615 560 1689 594 σφῶν
1704 559 1841 594 ἔπαρσιν,

1044 606 1137 640 ἐφίησι
1155 606 1201 632 καὶ
1221 605 1365 639 Ῥωμαίοις
1389 603 1550 634 Γεννουττας
1576 602 1762 637 προσαμύνειν
1780 610 1842 628 κα-

1044 653 1176 678 ταστᾶσιν
1192 652 1232 683 εἰς
1257 651 1386 684 πόλεμον.
1405 650 1486 676 Ὅθεν
1513 651 1634 676 κάκεῖνοι
1653 649 1701 684 μὲν
1726 647 1843 683 ἐξερχό-

1046 706 1122 730 μενοι
1137 698 1183 724 καὶ
1199 696 1287 723 ἰλαδὸν
1309 696 1519 730 συνταττόμενοι
1543 695 1704 729 διεμάχοντο
1721 693 1843 728 γαὶηθεν

1045 745 1101 775 τοῖς
1115 744 1147 769 ἐκ
1160 743 1215 769 τῶν
1241 742 1331 776 νηῶν·
1348 742 1377 768 τὺ
1398 742 1425 768 δὲ
1449 741 1495 767 τοῦ
1521 741 1654 775 βασιλέως
1675 749 1844 775 στρατιωτι-

1047 789 1106 819 κὸν,
1121 789 1182 815 ὅσον
1199 785 1232 823 ἦν
1258 789 1286 814 ὲν
1302 788 1395 820 πεζοῖς
1416 795 1445 813 τε
1462 787 1508 813 καὶ
1526 786 1660 821 ἐλαφρὸν,
1677 787 1710 813 ἐκ
1735 785 1841 820 τειχῶν

1048 835 1215 870 προκῦπτον,
1233 833 1321 866 τόξοις
1340 825 1484 872 βάλλοντες
1499 833 1546 859 καὶ
1563 833 1719 866 σφενδόναις
1731 832 1793 862 τοὺς
1808 832 1840 857 ἐν

1046 882 1105 911 ταῖς
1120 880 1216 906 ναυσὶν
1229 879 1347 905 ἐκάκουν
1363 879 1409 904 καὶ
1424 879 1473 908 τὰς
1495 877 1613 912 ἐμϐολὰς
1630 877 1703 910 σφῶν
1725 876 1842 902 ἐποίουν

1047 926 1257 959 ἀσθενεστέρας.
1276 925 1344 959 Ἤδη
1369 924 1397 951 δὲ
1421 924 1468 950 καὶ
1499 923 1661 959 πετροὸόλον
1685 923 1841 958 μηχάνημα

1045 972 1188 1002 διεκίνουν,
1206 972 1294 998 ἐκεῖσε
1311 970 1358 997 τοῦ
1375 969 1507 1005 βασιλέως
1523 969 1575 1002 ἔξω
1588 970 1672 1004 βελῶν
1690 969 1839 1004 ἱσταμένου

1048 1017 1096 1044 καὶ
1104 1017 1259 1052 βλέποντος,
1268 1017 1315 1043 καὶ
1329 1016 1468 1051 μεγίστοις
1476 1017 1532 1047 τοῖς
1542 1016 1588 1042 ἀπ’
1598 1016 1701 1042 ἐκείνου
1715 1015 1758 1051 [Ρ.
1770 1015 1840 1050 165]

1046 1064 1131 1094 λίθοις
1146 1064 1180 1089 τὰ
1204 1064 1254 1097 τῆς
1269 1063 1408 1097 ἡμετέρας
1422 1064 1490 1093 νεὼς
1513 1062 1652 1097 κόρυμϐα,
1677 1063 1712 1098 ἢν
1736 1063 1840 1088 ἐκεῖνοι

1047 1111 1173 1145 κατεῖχον
1200 1108 1384 1143 πολεμοῦντες
1413 1107 1518 1135 ἐκεῖθεν
1548 1108 1620 1134 κατὰ
1647 1108 1694 1133 τοῦ
1718 1108 1839 1142 τείχους,

1048 1155 1189 1189 κατέφλων
1206 1155 1376 1189 πέμποντες,
1403 1154 1450 1181 καὶ
1472 1154 1522 1187 τῆς
1538 1154 1628 1188 ὁρμῆς
1657 1155 1720 1185 τοὺς
1736 1153 1840 1188 ἄνδρας

1047 1201 1216 1229 ἀνέστελλον.
1238 1201 1314 1227 Ἐπεὶ
1334 1201 1362 1227 δὲ
1377 1201 1424 1226 καὶ
1438 1199 1519 1234 ἐσοῲέ
1535 1200 1549 1226 ὁ
1562 1199 1679 1235 πόλεμος
1694 1200 1840 1226 διετείνετο

1048 1247 1095 1275 καὶ
1110 1248 1184 1274 ἅπαν
1198 1247 1227 1274 τὸ
1241 1246 1305 1282 παρ’
1320 1247 1431 1273 ἐκείνων
1446 1247 1595 1281 μηχάνημα
1619 1246 1707 1280 ἔργων
1727 1246 1840 1280 ὑστέρει

1048 1294 1095 1320 καὶ
1112 1294 1188 1320 οὐδὲν
1214 1293 1337 1329 ὴνύοντο,
1352 1294 1384 1319 ἐκ
1412 1292 1509 1327 μανίας
1537 1292 1741 1324 ἀπαλλάξαντες
1763 1292 1841 1318 πλεί-

1048 1389 1160 1419 possent
1176 1387 1233 1410 toto
1258 1383 1341 1409 maris
1364 1382 1452 1416 spatio
1472 1382 1544 1416 quod
1568 1385 1640 1416 patet
1665 1380 1736 1408 inter
1751 1380 1840 1416 Abydi

1050 1429 1144 1456 fauces
1162 1434 1189 1456 et
1205 1429 1336 1461 Pharum,
1361 1428 1406 1454 sed
1426 1432 1503 1455 extra
1532 1427 1606 1454 Inlue
1633 1427 1723 1454 locum
1750 1432 1840 1453 utram

212 1482 293 1509 enixe
307 1481 498 1516 imperatorem
515 1484 660 1506 oraverant
678 1485 706 1506 ut
719 1488 748 1508 se
762 1487 823 1506 cum
837 1480 999 1508 mulieribus
1013 1483 1033 1511 C
1051 1475 1151 1502 νθηεηῑ
1171 1475 1197 1501 in
1231 1479 1336 1509 Partem
1362 1474 1504 1500 navalibus
1531 1473 1589 1500 ευίθ
1622 1473 1721 1507 Pm’ms
1747 1479 1842 1507 ³ξίίυον

213 1534 245 1554 ac
265 1527 358 1554 liberis
375 1527 510 1561 rebusque
536 1527 643 1554 caeteris
664 1527 784 1561 ipsorum
805 1526 876 1554 intra
903 1528 997 1554 urbem

213 1570 371 1600 adinitterct
384 1580 392 1604 ;
415 1573 497 1607 idque
514 1572 673 1606 imperator,
687 1572 822 1606 quodjam
836 1571 1000 1607 esset239

216 1617 390 1643 manifestum
425 1624 471 1643 eos
487 1624 502 1642 a
536 1615 645 1643 Venetis
666 1616 772 1643 infestis
797 1616 862 1650 peti,
888 1621 1002 1644 coactus

216 1661 304 1688 l‘uemt
330 1661 498 1695 permittere,
519 1660 713 1695 regionemque
738 1661 809 1688 circa
839 1661 1002 1689 Blaehernas

217 1707 271 1732 illis
291 1707 322 1733 ad
341 1707 472 1741 effugium
490 1711 681 1740 concesserat;
700 1707 792 1741 ibique
805 1707 861 1740 jam
877 1707 1004 1734 Genuen-

217 1758 260 1778 scs
275 1751 369 1780 iidem,
390 1752 506 1782 nmnito,
529 1756 556 1776 ut
580 1755 737 1785 potuerant,
769 1753 859 1778 littore
886 1752 1002 1779 navibus

217 1795 382 1829 quibusdam
401 1796 458 1822 suis
470 1797 671 1830 demergendis,
686 1804 800 1831 quarunt
817 1797 925 1831 objectu
938 1805 1002 1832 pro-

219 1841 345 1867 hiberent
362 1842 482 1868 hostium
498 1849 672 1874 exscensum,
697 1851 727 1870 se
742 1850 846 1877 suaque
868 1851 917 1877 pro
939 1844 1004 1869 viri-

218 1886 269 1913 bus
284 1887 370 1920 parati
388 1887 496 1914 stabant
510 1888 708 1923 propugnare),
731 1896 783 1915 non
805 1889 932 1922 repertis,
963 1889 1005 1915 in-

218 1942 311 1968 quam,
330 1935 416 1965 domi.
432 1942 502 1969 quos
524 1936 689 1969 quaerebant,
704 1935 824 1963 inimicis
838 1935 946 1967 Veneti,
973 1944 1004 1963 ac

219 1988 252 2006 ne
271 1980 334 2007 allis
348 1981 456 2015 quidem
472 1982 542 2015 apud
556 1980 673 2008 Peraeam
690 1982 750 2010 ullis
767 1983 776 2017 (
792 1990 854 2009 nam
869 1988 895 2009 et
906 1982 1005 2009 Roma-

220 2027 307 2059 niqui
337 2027 432 2054 domos
455 2027 560 2054 Galatae
591 2028 736 2060 habebant,
772 2034 918 2056 convasata
953 2030 1003 2063 ipsi

219 2080 326 2106 quoque
341 2073 502 2106 supellectili
520 2081 549 2100 se
565 2073 635 2100 intra
649 2074 743 2100 urbem
760 2078 931 2108 receperant)
944 2075 1004 2108 igne

220 2118 320 2151 injecto
333 2119 359 2145 in
379 2119 450 2145 :ndes
475 2119 605 2145 Italorum
624 2127 671 2147 eas
699 2119 808 2146 ﬂamma
826 2128 1005 2154 consumpse-

1053 1525 1217 1556 qmererent,
1255 1520 1372 1548 medium
1405 1519 1471 1546 illud
1512 1519 1682 1546 intervallum
1719 1519 1842 1546 immune

1054 1566 1117 1594 belli
1132 1566 1269 1600 certisque
1289 1565 1412 1600 quietum
1440 1564 1560 1592 induciis
1581 1565 1724 1593 haberent.
1755 1564 1841 1599 Cujus

1056 1612 1215 1645 religionem
1233 1611 1423 1638 conventionis
1442 1619 1503 1638 cum
1533 1611 1616 1638 hodie
1645 1611 1734 1646 palam
1766 1612 1841 1638 inso-

1051 1658 1121 1685 lenti
1139 1657 1203 1684 clati
1222 1657 1388 1684 confidentia
1406 1657 1510 1685 violare
1526 1657 1622 1684 Veneti
1638 1665 1691 1684 non
1715 1665 1841 1684 vereren-

1056 1708 1110 1736 tur,
1126 1703 1197 1730 intra
1214 1705 1301 1738 ipsam
1318 1711 1387 1738 pene
1407 1703 1573 1738 imperialem
1592 1704 1701 1730 domum
1726 1703 1841 1738 Augusti

1058 1749 1195 1784 supplices
1206 1758 1329 1784 quaerere
1338 1750 1370 1776 ad
1389 1757 1495 1784 poenam
1515 1757 1547 1776 ac
1563 1750 1664 1776 caedem
1685 1750 1755 1780 ausi,
1785 1758 1841 1777 me-

1057 1797 1110 1822 rito
1127 1797 1159 1823 iis
1174 1802 1318 1830 propterea
1333 1796 1420 1823 iratus
1436 1797 1585 1830 imperator
1603 1796 1732 1823 ltomanis
1761 1796 1842 1832 240

1056 1842 1181 1877 permisit
1212 1848 1240 1868 ut
1268 1842 1425 1869 Genuenses
1452 1842 1640 1873 defenderent,
1667 1849 1784 1876 cumque
1809 1843 1841 1869 iis

1057 1893 1152 1915 contra
1170 1887 1328 1923 ftPtlifragOS
1346 1888 1496 1914 assultores
1511 1887 1537 1913 in
1555 1887 1639 1914 armis
1654 1891 1766 1914 starent.
1788 1886 1839 1913 lta-

1057 1941 1111 1968 que
1125 1933 1162 1960 uti
1177 1933 1335 1960 Geuueuses
1360 1933 1456 1959 armati
1472 1940 1505 1960 ac
1524 1933 1603 1967 longa
1627 1934 1697 1960 serie
1723 1934 1838 1960 ordinati

1057 1987 1104 2014 per
1133 1980 1221 2006 littora
1252 1980 1279 2006 in
1308 1986 1391 2006 naves
1427 1978 1542 2006 Venetas
1565 1979 1770 2013 jaculabautur,
1804 1980 1840 2007 ita

1056 2030 1188 2060 (ιιιτιιιιιιηι
1205 2025 1232 2052 in
1248 2025 1316 2052 urbe
1338 2030 1393 2052 tum
1411 2025 1461 2052 fuit
1477 2024 1658 2059 imperialium
1689 2027 1838 2060 copiarum,

1056 2072 1194 2107 peditatus
1209 2072 1360 2106 praesertim
1375 2078 1406 2098 ac
1430 2072 1497 2098 levis
1513 2078 1667 2104 armaturae,
1685 2073 1840 2106 prominen-

1059 2124 1098 2146 tes
1111 2126 1126 2145 e
1143 2117 1282 2145 moenibus
1295 2117 1414 2144 arcubus
1440 2125 1472 2144 ac
1485 2118 1576 2145 fundis
1601 2117 1716 2146 Venetos
1739 2127 1786 2152 per
1803 2119 1841 2146 fo-

219 2167 294 2190 runt.
312 2164 338 2190 ln
355 2171 410 2196 quo
433 2164 524 2190 stulta:
550 2164 716 2198 impotentiae
731 2165 961 2199 vituperationem
979 2167 1004 2193 in
1023 2163 1045 2191 D
1060 2172 1105 2191 ros
1127 2171 1241 2191 suarum
1269 2165 1380 2190 navium
1409 2168 1548 2190 exstantes
1574 2164 1680 2191 eminus
1706 2165 1838 2198 peteballl.

221 2213 412 2239 setraxerunt,
440 2209 541 2234 frustra
571 2209 794 2240 iututnesccntes,
821 2212 893 2244 quod
914 2213 1003 2238 locum

223 2254 359 2288 :epissent
377 2261 391 2279 a
418 2254 528 2281 nemine
558 2254 712 2287 defensum,
741 2261 768 2282 et
789 2256 885 2290 ignavo
911 2257 1004 2284 furore

225 2300 364 2327 saevientes
379 2300 404 2325 in
423 2307 466 2326 res
481 2300 624 2326 iuauimas.
646 2300 689 2327 Uti
701 2307 727 2327 ct
749 2302 865 2328 vicissim
881 2303 1007 2330 Genuen-

222 2351 264 2370 scs
280 2343 376 2370 inertis
388 2343 547 2378 indignique
564 2344 629 2370 viris
647 2345 764 2370 lortibus
789 2345 896 2373 timoris
924 2347 1008 2375 dede-

225 2388 413 2419 :ustulerunt,
444 2396 496 2415 non
516 2389 574 2415 ausi
592 2393 665 2415 stare
691 2390 716 2415 in
740 2390 852 2424 vestigio
881 2393 1007 2426 tuerique

224 2434 300 2461 focos
321 2442 352 2461 ac
377 2435 459 2467 lares,
491 2436 537 2462 sed
554 2436 654 2462 relictis
687 2436 800 2469 ingloric
828 2438 1007 2466 lamiliaribus

222 2481 303 2506 tectis
320 2481 370 2507 sub
388 2481 510 2507 umbram
528 2482 695 2516 tutelamque
717 2491 870 2515 murorum,
884 2489 913 2510 ut
932 2492 1006 2512 metu

223 2525 342 2557 attoniti,
364 2526 549 2553 convolaulcs.
581 2526 668 2560 Majus
704 2535 785 2561 porro
809 2528 914 2555 crimen
949 2535 1007 2556 crat

225 2571 387 2598 Venetorum
407 2576 536 2598 attentata
554 2577 649 2599 contra
668 2572 745 2600 fidem
766 2573 868 2600 dudum
891 2575 1009 2609 impera-

224 2617 278 2644 tori
296 2618 385 2644 datam
403 2618 472 2644 intra
485 2618 551 2644 lines
567 2618 664 2645 vetitos
679 2619 813 2650 incursio,
826 2619 960 2654 siquidem
975 2621 1009 2647 ab

224 2663 303 2690 initio
319 2667 495 2694 convenerat,
512 2663 621 2697 quando
640 2668 681 2690 est
695 2664 802 2698 utrique
814 2665 859 2692 isti
879 2665 1008 2692 Italorum

224 2709 315 2742 generi
332 2709 495 2744 permissum
511 2709 594 2735 libera
611 2709 636 2735 in
651 2710 718 2736 urbe
732 2718 763 2736 ae
781 2718 828 2745 per
843 2711 892 2738 hos
907 2716 1009 2739 tractus

224 2763 350 2783 exercere
367 2756 540 2787 coinmercia,
572 2760 600 2782 ut
618 2757 638 2783 si
659 2757 724 2791 quid
744 2757 813 2783 inter
838 2765 886 2784 eos
900 2763 1010 2785 contra-

227 2802 337 2828 heretur
355 2802 431 2834 rixae,
466 2801 637 2829 committere
667 2810 783 2837 pugnam
812 2804 927 2830 invicem
955 2812 1008 2830 non

1058 2218 1111 2237 non
1129 2210 1181 2237 levi
1196 2217 1290 2237 eorum
1306 2210 1418 2242 damno,
1433 2210 1666 2244 debilitabantqne
1677 2210 1748 2236 haud
1762 2211 1840 2238 dubie

1058 2257 1177 2290 impetus
1195 2256 1325 2283 accedere
1338 2263 1370 2283 ac
1388 2261 1459 2282 terra
1475 2256 1555 2290 potiri
1576 2258 1744 2284 conantium.
1767 2256 1839 2284 Jam-

1059 2310 1110 2336 que
1125 2308 1151 2329 et
1168 2303 1322 2329 machinam
1342 2302 1681 2335 movebantjaculatriccm
1693 2308 1836 2336 petrarum,

1058 2353 1085 2374 et
1097 2347 1271 2382 despectante
1287 2348 1466 2382 imperatore,
1480 2348 1528 2382 qui
1543 2348 1597 2374 alte
1611 2349 1726 2382 quodam
1753 2349 1778 2375 in
1800 2349 1837 2375 fa-

1059 2393 1140 2428 stigio
1157 2397 1233 2419 extra
1247 2393 1351 2427 jactum
1364 2397 1423 2420 tuto
1437 2394 1537 2424 stabat.
1561 2395 1691 2428 aplustria
1708 2395 1783 2421 navis
1794 2403 1838 2422 no-

1059 2444 1131 2470 strae,
1154 2447 1206 2474 qua
1232 2439 1326 2466 Veneti
1359 2445 1490 2474 oecupata
1508 2445 1603 2467 contra
1625 2449 1673 2467 nos
1699 2441 1838 2475 pugnando

1060 2486 1215 2516 utebantur,
1233 2485 1318 2512 vastis
1333 2485 1432 2511 ictibus
1448 2493 1575 2512 saxorum
1606 2493 1655 2520 per
1678 2486 1809 2513 ballistam
1824 2495 1838 2514 e

1059 2538 1139 2556 muro
1159 2531 1321 2557 emissorum
1338 2531 1558 2565 contendebant;
1577 2532 1670 2566 sicque
1686 2532 1740 2567 vim
1761 2533 1838 2567 repri-

1061 2575 1169 2601 mebant
1190 2575 1365 2602 irruentium.
1386 2575 1521 2608 Quoniam
1542 2584 1606 2603 vero
1623 2578 1756 2611 producto
1782 2577 1837 2605 inde

1059 2620 1092 2646 ad
1108 2627 1249 2655 vesperam
1267 2621 1415 2648 certamine
1440 2622 1529 2648 omnis
1550 2629 1644 2649 eorum
1678 2622 1837 2650 machinatio

1061 2667 1136 2694 irrita
1150 2668 1275 2700 cedebat,
1293 2676 1344 2703 nec
1360 2669 1538 2702 proficiebant
1552 2669 1703 2704 quidquam
1717 2677 1836 2698 necessa-

1061 2715 1102 2740 rio
1125 2715 1284 2741 recedentes
1299 2715 1357 2742 fera
1383 2715 1411 2742 in
1443 2714 1581 2742 Romanos
1613 2716 1735 2744 inst-inoti
1759 2717 1837 2749 rabie,

1061 2761 1132 2794 quod
1148 2760 1183 2787 ab
1201 2761 1235 2787 iis
1248 2769 1277 2788 se
1290 2761 1415 2796 repulsos
1445 2762 1581 2794 videbant,
1598 2762 1690 2788 cadent
1708 2763 1751 2789 die
1768 2771 1837 2797 repe-

1062 2810 1162 2838 tentes,
1183 2814 1235 2840 qua
1250 2815 1334 2834 vacua
1363 2807 1463 2842 potitos
1493 2808 1624 2839 diximus,
1647 2807 1782 2841 Galatam,
1813 2814 1837 2834 ut
