1944 3061
101 122 157 155 265

546 121 595 152 DE
616 118 838 152 ANDRONICO
858 116 1090 149 PAI..EOLOGO
1112 119 1188 149 LIB.
1212 118 1269 150 III.

1681 115 1734 148 266

102 190 169 215 στης
184 181 230 207 ὅτι
244 181 292 208 καὶ
306 180 383 207 αὐτοὶ
403 180 532 213 Ῥωμίοι
546 178 651 210 τούτοις
672 178 801 212 ἐπῄεσαν,
818 185 897 210 στρα-
911 179 933 207 Α
948 177 1014 210 πρὸς
1040 177 1152 211 βασιλέα
1183 178 1268 211 λέγων
1291 186 1319 203 τε
1336 177 1382 203 καὶ
1410 177 1627 211 ἀπολογούμενος
1657 177 1733 204 οὐδὲν

101 229 200 262 φέντες
211 226 373 262 αὖθημερὺν
386 226 440 260 πῦρ
453 224 616 259 ἐμϐάλλουσι
630 224 676 250 καὶ
690 224 750 254 ταῖς
762 223 816 248 τῶν
832 223 898 248 *Ρω-

102 274 193 308 μαίων
209 273 327 303 οἰκίαις,
347 272 393 298 καὶ
418 270 628 305 καταφθείρουσι
655 269 756 295 τέλεον.
781 271 818 295 Δι’
835 269 897 303 ὅλης

102 318 152 352 μὲν
173 322 225 344 οὑν
243 317 343 348 νυκτὸς
358 316 388 342 τὸ
402 316 456 350 πῦρ
479 315 590 350 ὲνέμετο
611 314 660 345 τὰς
680 314 779 344 οἰκίας,
800 314 898 347 φλεγο-

104 364 201 399 μέναις
215 363 240 388 δ’
254 361 427 389 ἐπανέτειλεν
444 362 460 395 ἡ
473 361 576 396 ἡμέρα.
589 361 672 387 Αὐτοὶ
685 360 713 386 δὲ
728 360 776 390 τάς
787 368 817 385 τε
830 360 897 390 ναῦς

103 408 331 444 προαελάσαντες
349 407 396 434 καὶ
415 408 470 437 τοῖς
490 407 597 441 θυρεοῖς
623 405 791 440 φραξάμενοι
808 405 897 439 μάχην

104 456 224 490 στερρὰν
249 455 387 488 ἐγείρουσι
412 453 592 484 Γεννουΐταις.
608 453 640 479 Οἱ
656 453 685 478 δὲ
710 452 758 482 τὰς
780 451 897 485 ἐμϐολὰς

103 502 149 527 καὶ
167 501 254 526 πάλιν
272 499 411 533 δεχόμενοι
428 498 615 533 ἀπημύναντο.
633 498 685 528 ἕως
709 497 754 523 καί
770 505 829 523 τινα
843 496 897 522 τῶν

104 549 131 574 ὲν
161 546 333 580 μεγιστᾶσιν
354 545 465 570 ἐκείνων
491 544 618 578 βαλόντες
643 543 814 576 φονεύουσιν.
843 542 898 568 Καὶ

103 593 145 619 διὰ
161 593 253 618 ταῦτα.
282 583 445 624 ᾧυχρότεροι
465 591 515 624 τῆς
539 589 647 620 ἐλπίδος
665 589 897 623 ἀποχωρήσαντες

105 638 255 672 ἀνακωχὴν
273 645 302 663 τε
328 636 366 670 τῷ
386 636 496 670 πολέμῳ
514 635 614 662 ἐδίδουν
637 634 684 661 καὶ
711 634 770 660 κατ’
799 633 898 664 αὐτοὺς

103 683 183 720 ἦσαν.

106 738 146 765 ιθ¹.
164 740 271 770 ὀπως
285 740 301 765 ὁ
314 739 463 771 ,ϐασιλεὺς
476 738 746 773 μεταπεμψάμενος
761 737 815 763 τὸν
830 737 898 771 ἠγε-

246 775 326 808 μόνα
339 774 439 800 αὐτῶν
452 774 615 807 πρεσϐείαν
628 772 762 799 στέλλει.

139 819 205 844 Τότε
223 819 274 844 καὶ
289 818 415 852 βασιλεὺς
432 818 543 852 πέμψας
556 819 602 844 τὸν
615 819 654 848 εἰς
669 816 789 851 κεφαλὴν
803 825 899 849 τεταγ-

107 864 184 898 μένον
201 864 322 889 ἐκείνων
341 863 535 897 μετακαλεῖται
560 863 620 897 μεθ’
635 863 676 889 ὅτι
699 863 830 896 πλείστης
849 862 898 896 τῆς

107 910 278 944 ἱλαρότητος,
295 909 343 935 καὶ
359 909 411 935 ὑπὸ
435 911 469 945 τῇ
487 909 664 944 προσηκούσῃ
688 908 822 942 ἀσφαλείᾳ
849 908 897 934 σὺν

107 956 208 990 ἑτέροις
237 955 422 982 καταλαῦόντι
447 955 568 987 ὠνείδιζέ
592 963 622 982 τε
648 955 697 986 τὰς
725 955 897 990 παραλόγους

106 1002 202 1035 ὁρμὰς,
223 1002 273 1028 καὶ
291 1001 340 1034 τὴν
356 1001 409 1027 τῶν
429 1002 616 1035 συγκειμένων
633 1002 666 1035 τῇ
684 1000 806 1036 βασιλείᾳ
828 1001 897 1034 μετὰ

106 1047 205 1073 τούτων
225 1047 404 1080 παραϐασίαν
420 1048 460 1078 εἰς
475 1048 596 1080 φανερὰν
611 1047 694 1073 ἐτίθει
710 1048 811 1078 αἰτίαν,
826 1047 856 1072 τδ
868 1047 897 1072 δὲ

107 1094 151 1118 καὶ
168 1092 225 1127 πῦρ
253 1093 356 1119 ἐνιέναι
383 1092 526 1127 Ῥωμαίων
552 1093 652 1124 οἰκίαις
678 1093 852 1127 ταττομένοις
868 1093 897 1118 ὲν

109 1138 190 1171 φίλοις
211 1138 370 1173 ὐπερὸολὴν
397 1139 494 1173 μανίας
508 1139 625 1173 ἔκρινεν.
648 1138 678 1165 ’0
699 1139 727 1165 δὲ
741 1138 815 1165 πόλλ’
831 1139 898 1166 ἄττα

109 1273 162 1300 illic
177 1273 255 1307 prius
272 1274 369 1301 domos
379 1273 564 1301 Genuensium
575 1274 763 1307 incenderant,
777 1275 813 1301 ita
826 1280 898 1303 nunc

109 1321 211 1354 pariter
222 1324 252 1346 et
267 1319 454 1347 Romanorum
471 1320 541 1347 aedes
554 1320 769 1350 intlammarunt,
780 1321 898 1348 durante

110 1372 154 1399 per
164 1370 277 1392 noctem
293 1369 388 1397 totam,
402 1370 428 1392 et
442 1366 556 1393 necdum
569 1366 707 1393 exstincto
726 1366 836 1400 quando
852 1374 898 1394 se-

110 1419 192 1445 quens
207 1412 270 1439 dies
284 1412 383 1444 illuxit,
397 1412 534 1439 incendio.
552 1411 606 1446 Ipsi
622 1420 686 1440 vero
703 1413 818 1446 remigio
834 1420 898 1447 pro-

111 1458 189 1485 motis
201 1458 236 1485 ad
266 1462 360 1492 partes
378 1458 603 1490 Blacheruarum,
621 1458 667 1486 ubi
683 1463 755 1485 stare
773 1457 899 1486 Genuen-

111 1509 151 1530 ses
173 1507 286 1535 norant,
303 1503 429 1534 navibus,
445 1504 559 1538 protecti
587 1510 703 1538 corpora
726 1505 813 1530 scutis
846 1504 894 1530 ob-

112 1547 207 1582 longis,
224 1549 251 1575 \i
268 1556 375 1576 summa
389 1549 514 1576 nituntur
531 1549 693 1583 irrumpere.
711 1549 763 1576 Sed
773 1548 897 1578 Genuen-

113 1593 184 1622 Iibus
216 1599 334 1622 strenue
370 1595 573 1628 resistentibus,
603 1599 630 1622 et
660 1603 676 1622 e
701 1595 899 1622 munitionibus

112 1647 176 1673 quas
186 1640 220 1667 ad
237 1640 331 1667 aditus
345 1645 506 1674 paraverant
522 1640 672 1668 fortissime
689 1641 898 1675 prohibentibus

112 1693 283 1718 exscensum,
293 1693 356 1712 acre
371 1685 493 1720 praelium
506 1685 610 1713 exarsit
621 1686 650 1713 in
662 1686 772 1720 longum
786 1687 898 1719 durans;

114 1730 193 1757 donec
221 1739 296 1758 unus
326 1731 460 1765 quispiam
490 1739 505 1759 e
528 1731 696 1766 primoribus
722 1731 898 1764 Venetorum,

115 1776 162 1802 telo
177 1777 249 1805 ictus
264 1784 278 1802 a
291 1776 482 1804 Genuensibus
509 1778 605 1809 misso.
624 1777 741 1804 tnorieus
764 1778 896 1804 concidit.

116 1821 150 1847 Eo
170 1829 235 1849 casu
255 1822 347 1849 ablata
363 1830 508 1850 successus
533 1831 581 1857 spe
610 1828 637 1850 et
656 1823 817 1857 refrigerato
850 1831 898 1858 pu-

115 1868 208 1900 gnandi
223 1869 336 1900 ardore,
350 1868 429 1903 241
458 1869 588 1896 cedentes
605 1873 677 1895 retro
706 1868 801 1896 Veneti
835 1869 897 1896 belli

116 1913 380 1948 quasdamﬁnducias
395 1913 530 1947 fecerunt,
549 1914 692 1941 subductis
704 1919 779 1941 extra
792 1913 897 1948 jactum

117 1957 290 1992 quiescentes
309 1960 435 1987 navibus.

118 2014 156 2042 l9.
174 2015 205 2042 Ut
217 2017 362 2051 imperator
381 2017 465 2043 accita
480 2017 514 2043 ad
535 2025 562 2043 se
584 2017 650 2043 duce
668 2016 761 2042 classis
795 2015 896 2044 Veneta:

269 2052 424 2086 legationem
455 2051 572 2079 Venetia;
608 2052 719 2078 miserit.

147 2094 223 2124 Tunc
254 2098 405 2131 imperator
427 2098 571 2124 invitatum
591 2097 623 2124 ad
653 2098 830 2132 colloquium,
846 2098 898 2125 (ide

119 2142 270 2169 securitatis
285 2142 394 2169 abunde
412 2143 494 2173 facta,
509 2143 605 2169 ducem
621 2150 778 2177 supremum
800 2144 898 2172 classis

950 222 1028 247 πλέον
1044 222 1090 248 τοῦ
1107 223 1197 254 κακῶς
1213 223 1286 256 δόξαι
1302 223 1431 257 πράττειν
1449 224 1495 250 καὶ
1521 224 1596 257 παρὰ
1614 223 1643 249 τὸ
1659 224 1733 254 εἰκὸς

950 269 1134 302 ἀπηνέγκατο.
1165 269 1260 303 ’Ὅμως
1285 270 1307 295 δ’
1332 269 1361 301 ἐξ
1389 269 1473 304 αὐτῆς
1503 269 1651 304 πρεσϐείαν
1683 269 1732 303 μὲν

950 313 1053 339 στέλλει
1069 313 1135 348 πρὸς
1156 314 1204 347 τὴν
1221 315 1332 341 ἐκείνων
1354 314 1527 350 συναγωγὴν,
1539 314 1585 350 [Ρ.
1609 313 1672 350 164]
1686 314 1734 340 αὐ-

948 359 1002 384 τῶν
1018 367 1049 391 γε
1065 359 1201 385 λαόὁντων
1224 361 1269 386 ἐπὶ
1288 361 1342 386 τῶν
1361 360 1432 386 ἰδίων
1448 361 1515 387 νεῶν
1531 361 1576 386 τὸν
1601 362 1641 391 είς
1669 369 1736 394 πρε-

950 404 1066 436 σϐευτὴν
1091 404 1233 438 ταχθέντα.
1257 404 1285 430 ’0
1296 405 1317 430 δ’
1337 402 1371 439 ἦν
1401 404 1414 429 ὁ
1439 405 1549 438 Κρήτης
1566 403 1734 438 Νικηφόρος,

948 450 1016 484 ἀνὴρ
1030 451 1145 484 γεραρὸς
1164 451 1208 476 καὶ
1224 451 1312 485 τίμιος
1325 452 1372 477 καὶ
1388 450 1432 476 διὰ
1446 450 1532 477 πολλὰ
1551 450 1600 485 μὲν
1621 458 1735 484 προκρι-

949 496 1005 526 θεὶς
1021 497 1060 527 είς
1085 496 1175 529 τοῦτο,
1194 497 1273 523 πλέον
1292 497 1318 522 δὲ
1346 497 1391 523 καὶ
1405 497 1445 523 ὅτι
1469 497 1506 528 ὡς
1531 498 1631 522 οἰκεῖον
1655 496 1735 531 δῆθεν

949 541 1081 574 ἀρχιερέα
1105 541 1217 576 ἔμελλον
1244 543 1352 576 βλέπειν
1380 543 1533 568 Βενετικοί·
1560 543 1654 576 Κρήτη
1680 542 1735 575 γὰρ

950 586 1002 612 ὑπὸ
1015 585 1125 617 τούτους
1137 584 1181 621 ἦν,
1198 584 1232 622 ἦς
1247 587 1349 616 ἐκεῖνος
1363 587 1507 621 ἀρχιερεὺς
1522 587 1735 621 ὲπικεκήρυκτο,

950 633 974 657 εί
1001 633 1048 658 καὶ
1065 633 1160 668 πὸῥρω
1183 632 1259 667 διῆγε
1283 634 1383 667 ταύτης
1403 633 1447 660 διὰ
1474 634 1522 668 τὴν
1542 633 1596 660 τῶν
1628 633 1736 660 Ἰταλῶν

949 678 1138 712 ἐπικράτειαν.
1152 679 1235 710 Αὐτὸς
1248 679 1275 705 δὲ
1289 679 1416 714 βασιλεὺς
1433 681 1472 710 εἰς
1487 680 1672 714 ἀγανάκτησιν
1685 680 1735 706 τὶς-ι

950 724 1107 758 πρέπουσαν
1135 725 1318 760 προηγμένος,
1339 726 1384 752 καὶ
1413 726 1530 760 μάλιστα
1555 726 1597 752 διὰ
1620 726 1668 762 τὴν
1687 727 1735 752 τοῦ

950 770 1189 804 καταφρονηθῆναι
1216 770 1304 803 δόξαν,
1332 772 1454 806 ἐπισχὼν
1478 772 1539 802 τοὺς
1556 773 1584 797 ὲν
1608 773 1640 806 τῇ
1659 771 1735 797 πόλει

949 813 1107 844 Βενετικοὺς
1124 814 1225 845 ἱκανοῖς
1248 815 1371 849 χρήμασι
1391 815 1471 850 μέχρι
1488 815 1519 850 δὴ
1537 816 1584 841 καὶ
1600 817 1637 847 εἰς
1652 815 1737 850 χιλιά-

951 858 998 889 δας
1024 859 1189 893 ὁγδοήκοντα
1212 860 1358 894 ἐνεχύραζε
1383 861 1437 886 τῶν
1457 861 1681 895 πυρποληθεισῶν
1698 862 1738 886 υί-

952 903 1018 930 κιῶν
1033 904 1124 939 χάριν,
1140 905 1200 931 ὅσαι
1214 914 1242 931 τε
1263 906 1370 932 Ἰταλῶν
1386 906 1456 932 κατὰ
1469 907 1520 939 τὴν
1537 907 1653 940 περαίαν
1665 904 1736 941 ἦσαν

951 949 998 975 καὶ
1015 950 1074 976 ὅσαι
1100 950 1259 984 Ῥωμαίων⁸
1284 952 1401 986 καὶγὰρ
1415 953 1462 978 καὶ
1481 953 1530 984 τὰς
1554 952 1606 978 τῶν
1628 952 1736 979 Ἰταλῶν

951 995 1039 1030 χρεὼν
1053 994 1088 1030 ἦν
1104 996 1272 1031 δεφενδεύειν
1289 997 1332 1024 διὰ
1347 998 1380 1024 τὰ
1398 998 1563 1033 συγκείμενα
1580 998 1685 1032 βασιλεί
1705 1007 1736 1024 τε

952 1043 998 1067 καὶ
1016 1042 1100 1075 σφίσι.
1118 1042 1230 1068 Δοκοῦσι
1244 1043 1271 1069 δέ
1286 1052 1331 1077 μοι
1355 1043 1403 1070 καὶ
1419 1044 1573 1070 Γεννουῗται
1588 1043 1638 1079 τῆς
1652 1044 1736 1078 αὐτῆς

950 1087 1029 1122 χάριν
1055 1088 1143 1118 αἰτίας
1157 1090 1184 1119 ἐς
1211 1089 1324 1124 ὕστερον
1336 1090 1390 1117 τῶν
1406 1092 1433 1117 ὲν
1455 1091 1488 1126 τῇ
1507 1090 1583 1117 πόλει
1598 1098 1736 1126 κατέπαρ-

952 1132 1030 1167 θῆναι
1046 1133 1206 1161 Βενετικῶν.

951 1268 1088 1297 excedens
1099 1267 1206 1296 modum
1221 1273 1350 1304 protervae
1360 1267 1479 1305 perfidiae
1491 1270 1627 1306 piaculum
1640 1271 1735 1300 fuisse.

951 1316 993 1343 Ad
1011 1324 1042 1343 ea
1059 1316 1204 1351 praefectus
1220 1317 1318 1344 classis
1332 1317 1440 1345 Venetae
1454 1326 1514 1345 cum
1541 1318 1625 1345 multa
1654 1325 1737 1345 excu~

952 1368 1013 1388 sare
1026 1361 1142 1388 dicendo
1158 1365 1273 1389 conatus
1289 1367 1373 1394 esset.
1399 1363 1466 1390 nihil
1483 1370 1636 1391 memorare
1652 1364 1738 1391 valuit

951 1414 1006 1441 quo
1024 1408 1091 1434 satis
1115 1411 1244 1442 purgaret
1273 1408 1395 1436 insolens
1422 1408 1538 1441 factum,
1563 1409 1738 1443 elilceretquc

953 1457 982 1479 ut
1009 1453 1081 1479 aliud
1107 1452 1254 1480 audientes
1279 1453 1434 1487 judicarent
1458 1462 1540 1488 quam
1562 1461 1592 1481 se
1612 1462 1644 1481 ac
1672 1462 1757 1482 suos"

952 1498 1040 1532 egisse
1057 1498 1083 1524 in
1097 1506 1130 1525 eo
1155 1505 1299 1533 perperam
1313 1503 1340 1526 et.
1357 1505 1451 1526 contra
1466 1507 1548 1527 omne
1571 1500 1612 1527 fas
1628 1508 1737 1534 grassa-

953 1548 1008 1570 tus.
1025 1543 1126 1571 Tamen
1144 1544 1294 1578 imperator
1309 1552 1340 1571 ex
1357 1549 1422 1572 tunc
1450 1546 1556 1580 putavit
1572 1546 1735 1580 legationem

952 1588 985 1615 ad
1000 1596 1093 1615 eorum
1110 1594 1234 1616 senatum
1251 1589 1452 1624 destinandam,
1465 1591 1533 1626 ipsis
1550 1592 1665 1619 libenter
1686 1592 1736 1619 ad-

953 1634 1122 1662 mittentibus
1137 1640 1162 1662 et
1178 1635 1313 1662 delectum
1342 1637 1374 1663 ad
1402 1637 1427 1663 id
1447 1637 1563 1672 legatum
1583 1637 1610 1664 in
1625 1645 1690 1666 suas
1704 1645 1737 1665 eo

950 1680 1126 1707 deferendum
1143 1681 1343 1716 accipientibus
1360 1690 1453 1710 naves.
1478 1683 1541 1710 Fuit
1557 1683 1602 1711 ille
1620 1684 1734 1711 antistes

950 1726 1122 1752 Cretensium
1133 1725 1314 1761 Nicephorus,
1328 1736 1409 1763 quem
1424 1728 1483 1755 fore
1502 1728 1612 1757 Venetis
1625 1733 1733 1764 gratum

949 1779 982 1799 eo
999 1773 1107 1799 nomine
1122 1774 1226 1807 putavit
1241 1774 1400 1809 imperator,
1420 1776 1492 1810 quod
1510 1783 1572 1803 eum
1584 1776 1641 1809 jam
1669 1776 1738 1810 ipsis

950 1818 1076 1846 subesset
1094 1819 1173 1846 Creta
1190 1820 1290 1853 insula,
1307 1822 1465 1856 episcopum
1485 1821 1540 1849 loci
1569 1830 1624 1850 suae
1639 1822 1736 1850 ditioni

950 1865 1051 1892 subditi
1068 1865 1183 1892 libenter
1207 1867 1244 1893 illi
1272 1867 1343 1901 apud
1361 1875 1391 1895 se
1408 1868 1494 1894 visuri
1516 1869 1614 1896 merito
1641 1876 1737 1903 spera-

950 1915 1054 1937 rentur.
1082 1910 1130 1937 Hic
1160 1919 1241 1945 porro
1264 1912 1437 1946 Nicephorus
1455 1913 1561 1941 electus
1578 1914 1689 1948 quidem
1708 1919 1736 1942 et

949 1956 1001 1983 rite
1024 1956 1167 1984 ordinatus
1183 1958 1331 1992 episcopus
1354 1958 1442 1986 Creta:
1460 1958 1562 1991 fuerat,
1588 1959 1635 1987 sed
1655 1967 1670 1986 a
1685 1967 1736 1987 sua

949 2001 1063 2029 ecclesia
1080 2003 1174 2036 procul
1189 2003 1302 2037 degebat
1317 2008 1428 2038 propter
1449 2004 1623 2032 dominantes
1648 2005 1676 2031 in
1703 2012 1736 2032 ea

951 2048 1042 2076 Italos.
1072 2048 1120 2076 llis
1152 2049 1282 2083 profectis
1310 2050 1470 2084 imperator,
1488 2056 1570 2085 prout
1596 2059 1646 2085 par
1663 2057 1735 2082 erat,

950 2094 1110 2133 indignatus
1131 2095 1166 2122 ob
1188 2096 1322 2124 hostiliter
1350 2096 1431 2132 242
1457 2097 1580 2124 invasam
1598 2101 1674 2124 tanto
1691 2097 1735 2125 sui

950 2145 1105 2175 contemptu
1128 2144 1155 2168 et
1170 2141 1284 2168 deletam
1313 2141 1440 2170 incendio
1468 2142 1603 2174 Galatam,
1620 2141 1732 2170 Venetis

107 2183 220 2213 .Venetae
245 2187 323 2213 vultu
341 2189 459 2213 maxime
475 2187 556 2214 hilari
580 2194 612 2214 ac
643 2195 777 2218 summam
802 2189 898 2223 prtafe-
912 2187 936 2217 D
951 2186 1094 2220 inquilinis
1109 2187 1197 2219 urbis,
1224 2195 1305 2222 quos,
1330 2192 1360 2215 ut
1377 2192 1419 2216 est
1439 2193 1504 2216 ante
1530 2189 1646 2222 dictum,
1663 2196 1738 2216 com-

120 2235 189 2257 rente
206 2232 334 2258 tltluciam
351 2232 458 2266 excepit
476 2239 538 2259 cum
565 2239 663 2266 magno
677 2233 793 2260 aliorum
810 2235 895 2261 comi-

119 2279 169 2302 tatu
196 2279 360 2305 venientem.
385 2277 433 2305 His
458 2279 597 2313 Augustus
612 2279 682 2306 haud
700 2287 781 2314 parce
797 2283 896 2314 exp‘ro-

120 2321 200 2349 bravit
214 2324 389 2351 inconsultos
407 2331 508 2357 ausus;
523 2328 550 2352 et
572 2325 649 2359 cujus
665 2324 803 2352 manifeSti
823 2330 897 2352 tene-

121 2373 206 2395 rentur
218 2369 370 2405 faedifragm
389 2370 416 2396 in
435 2378 512 2397 suam
531 2370 702 2404 majestatem
721 2371 896 2403 temeritatis,

121 2418 206 2440 contra
221 2415 323 2443 dudum
354 2415 477 2442 stabilita
503 2415 618 2442 invicem
651 2421 730 2450 pacta
749 2415 896 2450 perﬁdiose

122 2465 250 2493 grassatos,
278 2461 429 2495 increpavit
455 2462 572 2494 crimen,
597 2462 679 2496 hujus
697 2462 781 2489 etiam
798 2462 896 2489 distin-

123 2511 199 2537 guens
215 2506 325 2541 gradus.
342 2505 409 2533 Nam
439 2511 467 2534 et
494 2507 631 2534 nefarium
652 2506 738 2534 fuisse
755 2507 896 2534 incurrere

124 2549 228 2579 infestos
245 2553 322 2587 ipsos
350 2552 377 2579 in
398 2553 458 2579 loca
478 2552 661 2587 imperatoriae
675 2552 800 2585 ditionis.
816 2553 898 2579 adeo-

124 2603 171 2630 que
183 2597 208 2624 in
221 2603 311 2632 partes
327 2598 404 2625 urbis
419 2599 498 2633 regia:
512 2598 559 2625 ubi
586 2606 637 2626 suo
651 2599 786 2633 permissu
802 2606 833 2625 ac
845 2600 896 2626 sub

125 2645 281 2675 protectione
294 2645 400 2679 imperii
412 2644 570 2672 Genuenses
582 2644 673 2672 habita
679 2648 749 2671 rent.
759 2644 892 2672 Caeterum

126 2693 197 2722 Super
214 2690 278 2717 illud
295 2698 343 2725 per
358 2698 387 2718 se
409 2691 526 2717 immane
547 2690 663 2722 facinus,
682 2697 737 2717 non
754 2690 896 2718 dubitasse

127 2732 192 2767 ipsos
208 2736 392 2763 llomanorum
417 2743 526 2770 quoque
553 2736 690 2771 ipsorum,
707 2743 769 2762 cum
795 2736 895 2770 quibus

127 2785 208 2811 Pacem
236 2783 377 2814 haberent,
407 2783 475 2809 sitas
491 2781 562 2816 apud
591 2782 713 2809 Galatam
740 2782 836 2809 domos
853 2784 895 2809 in-

129 2827 241 2861 cendere,
258 2828 358 2856 furoris
374 2828 497 2862 protelo
519 2829 658 2854 cumulum
675 2832 701 2855 et
717 2835 822 2855 omuetu
835 2828 892 2862 jam

293 2877 428 2905 Ρλτιιοι.
451 2876 507 2904 Gn.
528 2875 661 2905 CXLIV.

953 2233 1085 2267 prehendi
1103 2234 1157 2268 jam
1174 2234 1306 2269 jusserat,
1334 2235 1451 2262 multam
1475 2235 1576 2262 iudiitit
1603 2235 1736 2270 pecunia-

953 2279 1019 2304 riam
1039 2286 1153 2305 summae
1167 2279 1309 2313 octoginta
1322 2279 1436 2306 millium
1461 2286 1636 2306 nummorum
1652 2278 1740 2306 contio

952 2325 1075 2352 ciendam
1091 2333 1123 2352 ex
1138 2326 1312 2360 oppignerari
1336 2327 1428 2354 statim
1446 2327 1532 2361 jussis
1555 2327 1677 2353 omnittm
1694 2327 1737 2361 ip-

953 2377 1045 2397 sorum
1073 2370 1162 2401 bonis,
1178 2377 1231 2404 qua
1263 2371 1443 2398 resarciretur
1465 2371 1595 2401 damnum
1625 2371 1738 2399 combu-

938 2419 1056 2442 ‘starum
1069 2415 1125 2442 illic
1135 2416 1276 2448 domuum,
1289 2417 1330 2443 vel
1347 2416 1381 2444 ad
1396 2416 1479 2444 italos
1495 2416 1534 2444 vel
1552 2416 1585 2443 ad
1597 2417 1737 2444 Romanos

953 2462 1165 2495 pertinentium:
1182 2470 1245 2489 nam
1273 2468 1299 2490 et
1325 2462 1454 2490 ltalorum
1473 2463 1570 2490 domos
1587 2463 1666 2498 juxta
1689 2471 1737 2498 pa-

954 2511 996 2534 cta
1013 2515 1075 2534 cum
1094 2508 1127 2534 iis
1143 2515 1159 2534 a
1173 2516 1203 2536 se
1216 2508 1282 2535 inita
1302 2509 1450 2537 defendere
1463 2517 1493 2538 se
1516 2510 1614 2537 debere
1626 2510 1736 2543 judica-

954 2553 1001 2579 vit.
1017 2551 1131 2580 Videlur
1151 2560 1260 2586 qquue
1276 2554 1342 2581 mihi
1359 2561 1443 2582 causa
1459 2554 1566 2587 eadem,
1587 2555 1676 2588 dolor,
1693 2556 1737 2583 in~

952 2605 1046 2632 quam,
1058 2604 1083 2625 et
1099 2598 1251 2633 indignatio
1265 2600 1373 2627 animos
1395 2608 1519 2635 pungens
1545 2601 1737 2628 recordatione

953 2643 1182 2672 inllainmatarum
1198 2652 1212 2671 ιι
1231 2645 1340 2673 Venetis
1363 2646 1471 2679 aedium,
1491 2647 1645 2675 concitasse
1661 2652 1736 2680 post-

953 2690 1064 2717 modum
1076 2689 1234 2718 Genuenses
1247 2691 1281 2718 ad
1299 2692 1494 2726 insurgeudum
1507 2693 1533 2720 in
1548 2700 1596 2720 eos
1613 2693 1735 2727 ipsorum

953 2737 999 2770 qui
1015 2741 1078 2763 tunc
1090 2741 1169 2764 erant
1183 2738 1210 2764 in
1228 2737 1306 2770 urbe,
1322 2741 1350 2765 et
1365 2738 1474 2766 eosdem
1491 2745 1561 2766 saeva
1580 2737 1738 2765 incursione

954 2783 1157 2817 opprimendos.
