1944 3061
165 126 217 158 271
490 138 501 150 δ

759 126 922 156 GEORGII
944 125 1186 155 PACHYMERE

1738 126 1791 158 272

166 185 278 217 διέλυεν,
295 184 368 220 ἔργῳ
383 184 489 215 δεικνὺς
502 184 539 215 ὡς
555 184 641 211 πειθὼ
666 184 796 220 κρείττων
812 185 882 220 βίας,
900 185 946 212 καὶ
960 188 984 216 Α
998 183 1194 219 γειτνιότηταέ
1205 183 1340 218 Κεκίνητο
1367 184 1445 218 λόγος
1471 184 1509 219 τῷ
1534 185 1642 220 βασιλεῖ
1656 186 1720 221 περὶ
1742 187 1789 214 τοῦ

168 231 268 266 μᾶλλον
284 231 350 257 ὅπου
363 230 410 257 καὶ
424 229 454 255 τὸ
468 230 517 264 τῆς
535 229 658 261 ἐξουσίας
675 230 828 265 ὑφορᾶσθαι
846 232 950 265 πέφυκε

166 278 234 312 πρὸς
252 277 301 310 τὴν
322 275 369 302 τοῦ
396 275 506 309 κρατεῖν
534 274 611 309 ἰσχὺν
634 274 867 309 συμὸαλλόμενον.
897 275 952 302 Καὶ

167 321 317 358 [Ρ.167]ὸ
343 320 450 356 γράψας
473 320 579 354 ἀφανὴς
601 318 643 355 ἦν,
667 321 717 355 τὴν
737 321 856 348 οὐδενίαν
881 321 951 356 τάχα

166 371 214 396 καὶ
227 369 258 395 τὸ
272 367 308 403 μὴ
320 368 366 394 ὲπί
377 374 447 393 τισιν
464 365 651 401 ἰσχυρίζεσθαι
667 368 699 402 τῇ
721 368 751 393 ἐκ
764 367 812 401 τῆς
828 367 951 398 ἐξουσίας

166 413 367 449 ὑπωπτευμένῃ
382 411 426 448 βίᾳ
448 411 597 438 καλύπτειν
620 412 742 446 οἰόμενος
754 419 761 427 ⁸
786 411 912 446 βασιλεὺς
928 412 949 438 δ’

164 460 294 496 ἐμφανῶς
309 459 436 493 ἀντέλεγε
460 459 599 492 προτιθεὶς
626 459 680 490 τοῖς
702 459 784 484 πᾶσιν
803 459 843 489 εἰς
861 458 950 487 κοινὸν

163 506 227 537 τοὺς
236 506 342 539 λόγους,
357 505 405 538 τὴν
425 505 474 539 μὲν
491 505 614 538 ἀνάγκην
627 504 676 539 τῆς
686 503 810 536 ἐξουσίας
823 504 852 530 ἐν
873 504 950 540 μέρει

163 552 259 584 τιθεὶς,
277 552 310 585 τῇ
325 550 352 577 δὲ
376 549 466 576 πειθοῖ
487 548 673 584 προσάγεσθαι
690 549 775 575 θέλων
792 549 823 576 ἐκ
837 558 950 586 περιου-

165 598 224 629 σίας
238 596 338 630 πολλῆς
357 596 403 622 τὸν
421 594 565 622 ἀκούοντα.
924 625 928 629 1

164 657 218 687 κγ’.
233 653 303 687 Περὶ
320 652 372 679 τοῦ
391 652 565 684 κινηθέντος
578 651 653 678 κατὰ
665 651 718 679 τοῦ
731 650 950 685 Φιλαδελφείας

458 687 658 721 ἐγκλήματος.

200 734 285 761 Τοῦτο
302 726 348 760 καὶ
363 733 497 768 πρότερον
510 733 555 758 ἐπὶ
573 732 733 759 Ἀθανασίου
747 731 950 767 πατριαρχοῦν-

162 789 208 812 τος
235 779 333 811 ἐποίει,
359 779 405 805 καὶ
429 778 550 812 κεφαλὴν
578 778 660 809 ἄλλην
684 777 830 804 σκανδάλου
861 777 950 811 σοφῶς

163 827 313 858 ἀπέκοπτε,
330 825 377 851 καὶ
396 825 484 858 λόγοις
507 825 552 850 ἐπὶ
568 823 658 850 κοινοῦ
679 823 813 858 λεχθεῖσιν
828 823 864 854 ὥς
879 832 948 849 τισιν

163 872 281 906 ἐπῳδαῖς
294 871 323 897 τὸ
332 870 454 897 ἁνοιδοῦν
468 870 655 903 κατεμάλαττε
668 877 675 884 ⁸
688 869 770 903 σοφοῦ
784 869 836 903 γὰρ
854 869 945 904 ἰατροῦ

162 918 230 952 πρὸς
254 917 370 951 τομώντι
398 916 503 950 πήματι
527 916 613 949 τομᾶς
641 915 766 948 ἐπάγειν,
794 914 860 949 πρὸς
876 913 898 940 δ’
913 910 946 940 αὖ

163 963 268 996 ὑφιέντι
280 961 329 996 τῆς
341 961 504 996 ἀνοιδήσεως
516 961 666 996 προσηνέσι
680 960 835 995 φαρμάκοις
849 960 881 986 ὲκ
894 959 947 985 τῶν

162 1008 250 1042 λόγων
270 1007 462 1034 καταστέλλειν
489 1006 647 1041 πειρᾶσθαι,
667 1005 715 1032 καὶ
741 1006 823 1040 μηδὲν
848 1005 947 1031 διδόναι

161 1056 194 1089 τῇ
212 1054 320 1088 ἐκτήξει
341 1053 467 1088 πάροδον.
485 1053 588 1086 Καιρδς
602 1052 630 1078 δὲ
655 1052 804 1078 συνάπτειν
821 1051 877 1082 τοῖς
893 1059 947 1076 πα-

163 1099 240 1136 ροῦσι
263 1099 311 1126 καὶ
324 1099 354 1125 τδ
375 1096 456 1133 ἦττον
477 1097 586 1131 ὲγγίςον
600 1097 644 1123 διὰ
659 1096 709 1132 τὴν
728 1096 777 1131 τῆς
793 1095 948 1127 ὑποθέσεως

160 1187 295 1224 quidquid
321 1186 497 1222 quantumvis
522 1185 662 1221 probabile
688 1186 871 1221 prmiudicatis
887 1186 947 1221 ejus

163 1233 306 1262 erroribus
333 1231 425 1267 quivis
448 1238 533 1258 ausus
550 1231 633 1258 tuerit
647 1238 795 1266 opponere.
824 1232 948 1266 Scriptor

162 1280 246 1307 libelli
263 1279 325 1314 quis
349 1278 459 1308 fuisset,
482 1277 509 1304 in
538 1278 656 1305 obscuro
681 1278 792 1309 mansit.
812 1285 861 1305 seu
891 1285 947 1305 sua:

162 1325 201 1352 illi
226 1325 339 1352 vilitatis
355 1324 526 1351 conscientia
545 1324 638 1351 lucem
659 1323 762 1358 fugere.
784 1331 837 1358 qua
855 1323 948 1350 tradu-

161 1371 265 1398 cendus
282 1370 314 1396 ad
329 1369 478 1396 ludibrium
497 1368 598 1399 fuerat.
615 1370 711 1401 Suasit,
730 1369 796 1400 sive,
820 1368 891 1402 quod
907 1369 948 1394 in-

161 1415 262 1449 dicavi,
278 1414 394 1442 artificis
410 1414 501 1441 scelus
517 1414 567 1440 fuit
599 1413 726 1441 all‘cctare
752 1421 817 1440 cura
842 1413 892 1440 ista
908 1413 948 1440 la-

161 1461 236 1489 tendi
262 1461 380 1495 speciem
398 1460 513 1491 timoris,
532 1467 592 1494 qua:
608 1460 790 1494 suspicionem
808 1459 948 1493 impinge-

161 1510 204 1535 ret
218 1505 423 1534 dominantibus
447 1504 529 1540 2&6
552 1505 734 1539 arrongantirc
754 1504 874 1538 injustzc,
899 1503 948 1529 mi-

161 1553 204 1579 nis
221 1559 254 1579 ac
269 1551 420 1586 supercilio
436 1551 599 1578 deterrenlis
614 1550 738 1577 subditos
752 1559 766 1577 a
790 1550 874 1576 libera
890 1556 949 1583 pro-

161 1599 266 1625 latione
283 1598 419 1625 veritatis.
445 1598 584 1625 Adversus
599 1598 671 1631 quod
689 1597 827 1630 sapienter
853 1595 948 1630 utique

160 1646 311 1680 Augustus,
339 1645 459 1678 seposito
486 1644 616 1678 tantisper
630 1648 735 1670 terrore
753 1642 903 1675 majestatis
921 1644 948 1668 et

161 1691 236 1718 velut
249 1690 319 1716 solio
339 1689 520 1720 descendens,
545 1696 624 1723 aequo
637 1689 663 1715 in
685 1696 792 1723 campo,
808 1695 889 1715 mene
904 1696 948 1715 ra-

161 1736 244 1764 tionis
264 1735 347 1762 armis
366 1735 530 1761 calumniam
546 1740 607 1763 astu
628 1739 800 1770 grassantem
825 1736 947 1763 debella-

162 1782 214 1813 vit,
231 1781 344 1816 privata:
371 1780 542 1808 defensionis
565 1781 721 1815 eloquentia
752 1789 858 1809 onmem
889 1782 949 1816 opi-

163 1827 274 1854 nionem
301 1827 345 1854 sui
372 1826 513 1854 sinistram
536 1827 705 1854 audientium
739 1827 863 1855 eximeus
887 1828 947 1855 ani-

163 1873 238 1905 mis,
264 1877 291 1900 et
312 1872 442 1899 damnqu
470 1872 549 1906 plene
578 1873 731 1900 resarciens
758 1873 948 1907 qualecunque

163 1919 294 1947 maledica
310 1919 356 1946 illa
365 1919 480 1954 scriptio
495 1918 574 1946 fama:
593 1926 649 1947 suae
665 1919 789 1947 intulisse
802 1920 946 1953 potuisset.

199 1985 244 2013 23.
262 1985 300 2012 De
315 1989 386 2012 mota
401 1985 428 2012 in
441 1985 695 2020 Philadelphiensem
715 1985 910 2013 criminatione.

198 2052 257 2079 Tali
274 2052 387 2079 consilio
407 2058 462 2078 non
485 2059 557 2079 nunc
579 2052 697 2085 primum
715 2052 862 2086 imperator
880 2059 947 2079 usus

163 2102 215 2125 est.
239 2097 318 2124 Prius
334 2097 405 2124 euiut
423 2097 639 2131 patriarchatum
655 2101 766 2132 gerente
786 2098 948 2129 Athanasio,

165 2144 238 2170 aliud
264 2143 389 2170 similiter
408 2143 536 2169 exoriens
562 2146 644 2176 caput
669 2143 791 2169 scandali
813 2143 870 2177 pari
900 2150 946 2170 sa-

1005 230 1075 256 κατὰ
1097 229 1146 264 τὴν
1167 228 1314 255 Βαϐυλῶνα
1333 229 1457 261 σουλτὰν,
1481 230 1697 266 διευλαεουμένῳ
1722 232 1791 264 τέως

1002 275 1076 305 ὅπως
1092 275 1131 306 είς
1157 274 1324 309 ἀδελφότητα
1349 275 1449 309 γράφοι
1463 274 1508 301 τὸν
1530 276 1626 311 ἐχθρὸν
1641 276 1687 303 τοῦ
1706 285 1791 303 σταυ-

1003 319 1062 354 ροῦ.
1081 321 1136 346 Καὶ
1148 320 1179 346 τὸ
1201 320 1317 354 πρᾶγμα
1343 319 1472 352 ἐπιεικῶς
1490 321 1543 348 τῶν
1561 322 1668 348 ἀτόπων
1690 323 1789 355 ἐδόκει,

1002 365 1026 391 εἱ
1041 365 1086 391 καὶ
1102 365 1215 400 σύνηθες
1232 363 1265 400 ἦν
1281 366 1310 397 ἐξ
1327 365 1441 400 ἀρχαίου
1458 367 1514 397 τοῖς
1529 367 1649 399 εὐσεὸὧς
1665 367 1793 402 βασιλεύ-

1001 419 1087 438 ουσιν.
1109 408 1171 442 Dio;
1184 411 1229 438 οὖν
1241 409 1274 446 ἦν
1290 412 1403 443 ἐκεῖνος,
1420 413 1487 446 πρὸς
1503 412 1615 439 τοιαῦτα
1629 414 1788 441 διευλαϐού-

1004 463 1082 492 μενος
1097 457 1138 491 (τὸ
1167 457 1219 492 γὰρ
1237 459 1344 493 πατέρα
1375 459 1491 493 γράφειν
1520 460 1570 487 οὐκ
1591 460 1717 492 ἀξιοῦντα
1744 463 1790 488 τὸν

1003 503 1118 529 πάππαν
1129 503 1172 530 διὰ
1185 503 1214 529 τὸ
1226 503 1306 538 δῆθεν
1320 504 1463 538 ἐσφάλθαι,
1477 505 1516 536 sl;
1531 506 1663 540 ἀδελφοὺς
1680 508 1789 534 τάττειν

1004 549 1040 583 μὴ
1053 549 1092 575 ὅτι
1107 558 1137 583 γε
1154 550 1244 581 ἄθεον,
1258 549 1326 576 ἀλλὰ
1338 549 1385 576 καὶ
1400 550 1496 585 ἐχθρὸν
1520 551 1567 578 τοῦ
1584 551 1627 585 [Ρ.
1644 552 1706 588 168]
1721 554 1799 587 Χριδ

1003 594 1077 628 στοῦ,
1093 596 1172 627 πόνος
1180 593 1214 630 ἦν
1227 597 1257 622 οὺ
1271 596 1367 631 μικρὸς
1381 597 1502 632 ἐκείνῳ),
1518 597 1656 624 κοινοῦται
1670 607 1725 626 τισι
1737 600 1790 626 τῶν

1001 641 1152 676 ἀρχιερέων
1173 641 1290 676 παροῦσι
1307 641 1337 668 τὸ
1357 642 1480 676 σκέμμα,
1504 643 1552 669 καὶ
1576 643 1625 678 τὴν
1642 644 1790 678 θεραπείαν

999 686 1047 712 τοῦ
1061 687 1211 718 συνειδότος
1236 687 1322 721 ζητεῖ.
1345 688 1400 714 Καὶ
1422 689 1436 715 ὁ
1453 688 1502 722 μὲν
1516 689 1618 722 ἔλεγεν,
1642 691 1656 715 ὸ
1670 690 1697 716 δὲ
1711 691 1790 722 ἄλλος

1000 731 1064 759 ἄλλο
1077 741 1102 758 τι
1122 733 1156 759 τὰ
1173 734 1213 764 εἰς
1236 732 1385 767 θεραπείαν
1399 734 1446 760 τοῦ
1463 735 1614 766 συνειδότος
1629 737 1790 772 ἀπεσχεδία-

1000 778 1056 809 ξεν.
1075 778 1103 804 '0
1119 778 1253 812 μέντοιγε
1266 778 1459 814 Φιλαδελφείας
1474 780 1629 815 Θεόληπτος
1645 781 1729 809 θέλων
1746 790 1790 809 σε-

1002 822 1130 857 ραπεύειν
1145 823 1250 857 βασιλεῖ
1264 823 1313 858 τὴν
1329 825 1493 859 συνείδησιν,
1520 826 1633 853 ἀνεκτὸν
1647 827 1700 854 ἀπὸ
1721 828 1790 862 Γρα-

1000 868 1058 902 φῶν
1080 869 1209 903 ἐπειρᾶτο
1234 870 1265 895 τὸ
1288 870 1405 904 πρᾶγμα
1436 870 1580 899 δεικνύειν.
1605 882 1614 898 ι
1631 874 1685 900 Καὶ
1704 874 1731 899 τί
1745 882 1788 907 γε,

1001 914 1077 949 φησὶ,
1095 915 1174 941 τοῦτο
1188 914 1284 948 δεινὸν,
1304 915 1328 941 sl.
1353 916 1400 942 καὶ
1422 918 1477 949 τοῖς
1492 918 1627 952 δαίμοσιν,
1651 920 1701 953 οὐχ
1713 920 1788 951 ὅπως

1000 959 1137 994 ἄνθρωποι
1150 961 1259 992 πάντες,
1271 961 1337 987 ἀλλὰ
1355 962 1401 988 καὶ
1410 962 1568 997 Χριστιανοὶ
1581 964 1767 998 ἁδελφίζουσιν
1778 974 1786 998 ;

1001 1006 1056 1040 Τὴν
1074 1006 1140 1040 γοῦν
1166 1007 1291 1041 ἀνάγκην
1307 1007 1430 1041 γίνεσθαι
1446 1009 1525 1043 χάριν
1539 1009 1601 1036 νίκα
1616 1011 1649 1045 τῇ
1672 1012 1788 1041 συνέσει.

1001 1051 1089 1092 "Orto-.1
1104 1052 1133 1078 δὲ
1155 1051 1235 1078 τοῦτο
1250 1053 1297 1078 καὶ
1313 1053 1486 1087 γέγραπται;
1503 1063 1512 1080 ‹
1531 1054 1591 1081 Υἱοὶ
1617 1057 1720 1091 μητρός
1736 1066 1787 1092 μου

1001 1087 1168 1132 ἐμαχέσαντο
1192 1106 1248 1132 μοι,
1268 1107 1277 1124 ι
1295 1097 1369 1132 λέγει
1397 1099 1412 1133 ή
1440 1087 1746 1134 ᾁσματίζουσαίῗὶοὺξ
1761 1103 1789 1129 δὲ

1002 1187 1064 1210 tunc
1072 1183 1173 1211 editum
1183 1184 1303 1218 principe
1311 1184 1429 1219 provida:
1437 1185 1629 1214 moderationis
1635 1187 1790 1222 exetuplum

1001 1238 1014 1257 e
1027 1230 1209 1264 praetermissa
1222 1231 1351 1258 memoria
1363 1231 1471 1258 decursi
1482 1232 1618 1259 narrando
1635 1238 1707 1260 retro
1722 1237 1791 1261 tem-

1002 1277 1077 1312 poris
1094 1281 1240 1303 retractum
1258 1276 1302 1303 hic
1318 1284 1429 1310 ponere,
1442 1277 1464 1304 si
1479 1278 1571 1305 minus
1587 1278 1683 1306 ordine
1698 1283 1791 1313 gesta-

1002 1329 1060 1348 rum
1089 1330 1177 1347 rerum
1204 1321 1237 1347 ad
1261 1321 1335 1348 hunc
1364 1321 1486 1348 historia:
1517 1322 1605 1350 locum
1633 1325 1789 1357 pertinens,

1002 1375 1099 1402 genere
1114 1373 1203 1394 tamen
1221 1372 1247 1394 et
1262 1367 1442 1394 similitudine
1459 1369 1615 1403 argumenti
1633 1376 1688 1396 non
1704 1377 1789 1403 prur-

1004 1420 1052 1439 sus
1069 1413 1102 1439 ab
1125 1420 1157 1439 eo
1183 1412 1312 1439 alienum.
1336 1411 1402 1439 Cum
1422 1413 1563 1440 incidisset
1583 1413 1740 1448 imperatori
1754 1421 1789 1442 ex

1004 1465 1054 1484 usu
1074 1457 1201 1491 przesenti
1219 1457 1370 1484 necessitas
1384 1457 1466 1484 dandi
1484 1457 1590 1485 litteras
1607 1459 1640 1485 ad
1653 1458 1788 1486 sultanetn

1004 1503 1160 1538 Babylonis.
1186 1502 1239 1530 etsi
1258 1502 1386 1537 exigebat
1402 1503 1518 1537 antiquo
1544 1511 1629 1536 more,
1651 1504 1790 1539 Augusto-

1003 1557 1061 1576 rum
1076 1548 1296 1583 praecedentium,
1309 1548 1391 1575 etiant
1405 1549 1684 1583 religiosissimorum,
1698 1557 1791 1577 exem-

999 1594 1050 1627 plis
1071 1595 1196 1628 probato,
1210 1594 1331 1627 vulgaris
1348 1594 1527 1628 epistolarum
1552 1595 1710 1623 istiusmodi
1728 1595 1787 1623 [οι--

999 1640 1071 1666 mula
1093 1645 1121 1666 ut
1142 1640 1234 1666 fratris
1251 1640 1345 1667 titulus
1370 1640 1397 1667 in
1419 1641 1600 1675 inscriptione
1626 1647 1786 1677 poneretur,

1001 1691 1091 1712 tamen
1109 1694 1171 1713 eum
1197 1693 1245 1713 sua
1272 1687 1421 1722 peculiaris
1438 1687 1562 1721 qutedam
1588 1688 1788 1723 delicatiorque

1000 1731 1096 1765 religio
1109 1732 1333 1759 cunctabundum
1354 1732 1381 1759 in
1399 1732 1478 1768 247
1495 1740 1528 1760 eo
1547 1734 1667 1766 tenebat,
1681 1735 1788 1762 scilicet

1001 1781 1138 1804 verentem
1162 1785 1195 1804 ne
1225 1777 1368 1811 indignum
1389 1777 1581 1813 rtcfastuntque
1596 1778 1658 1812 jure
1682 1781 1788 1808 videre-

1000 1828 1043 1850 tur
1060 1823 1165 1849 hostem
1192 1823 1283 1850 crucis
1309 1823 1344 1850 ab
1370 1823 1537 1858 imperatore
1559 1825 1709 1852 cltristiano
1731 1825 1786 1853 fra-

999 1874 1066 1896 trem
1082 1869 1204 1896 salutari.
1221 1869 1324 1897 Urebat
1335 1870 1434 1897 acriori
1450 1870 1492 1897 sui
1507 1877 1590 1897 sensu
1605 1870 1649 1898 hic
1664 1870 1786 1899 animum

998 1915 1154 1950 serupulus,
1179 1916 1252 1950 quod
1270 1916 1348 1950 quasi
1376 1915 1494 1951 peuitius
1513 1916 1670 1950 adigeretur
1695 1917 1786 1951 appri-

999 1966 1089 1988 meute
1109 1961 1218 1988 conscia
1247 1961 1380 1988 metnoria
1412 1969 1499 1996 nuper
1529 1969 1543 1988 ιι
1566 1969 1595 1989 se
1620 1962 1740 1995 omissae,
1759 1964 1786 1991 in

998 2007 1143 2034 occasione
1160 2014 1214 2034 non
1239 2007 1330 2034 minus
1357 2012 1483 2043 urgente,
1503 2008 1664 2043 scriptiOnis
1683 2009 1787 2036 littera-

998 2060 1058 2080 rum
1075 2052 1108 2079 ad
1130 2053 1240 2087 Papam,
1256 2060 1287 2079 ea
1312 2053 1400 2080 solum
1419 2055 1452 2080 de
1466 2061 1561 2086 causa,
1584 2063 1618 2082 ne
1641 2054 1731 2082 Patris
1751 2063 1786 2082 ex

998 2097 1198 2125 consuetudine
1212 2098 1322 2124 titulum
1335 2098 1459 2132 epistola:
1471 2099 1611 2134 praefigere
1625 2104 1785 2135 cogeretur;

997 2143 1070 2178 quod
1093 2142 1222 2170 inducere
1243 2143 1270 2169 in
1299 2144 1419 2170 animuin
1445 2144 1582 2178 nequiret,
1608 2152 1671 2173 eum
1695 2145 1786 2174 Patris

164 2188 267 2223 picutia
287 2187 419 2214 districta:
446 2187 472 2213 in
501 2191 621 2220 tempore
638 2187 765 2214 dictionis
786 2188 944 2221 amputavit,
963 2201 984 2228 ο
1000 2189 1179 2222 appellatione
1195 2189 1313 2224 dignari,
1331 2197 1412 2223 quem
1436 2190 1539 2218 erroris
1557 2195 1714 2219 autumaret
1737 2199 1786 2218 cu—

163 2234 286 2260 orationc
306 2233 338 2260 ad
360 2236 523 2260 conventum
541 2232 688 2266 prudenter
706 2232 807 2264 habita,
824 2240 876 2267 qua
892 2233 947 2259 \‘cl-

166 2284 193 2306 ut
210 2279 327 2313 maligne
351 2283 506 2305 tumescens
533 2278 596 2312 aegri
617 2278 739 2313 corporis
756 2278 834 2305 tubcr
850 2279 946 2306 blanda

163 2325 354 2352 excaututiouc
372 2324 555 2358 prauuollivit,
573 2331 606 2350 ne
623 2331 699 2350 mora
721 2328 747 2351 et
770 2325 891 2358 neglectu
905 2325 947 2351 in-

163 2370 332 2395 ﬂammatum
350 2368 375 2394 iu
391 2367 469 2394 ulcus
485 2368 669 2402 perniciosum
683 2373 846 2401 erumperet.
861 2368 945 2395 Periti

164 2413 266 2449 quippe
285 2412 383 2439 medici
400 2417 453 2444 est,
468 2414 508 2439 uti
529 2420 542 2439 a
555 2413 654 2440 saevius
674 2414 945 2448 atstuautcrigidius-

162 2466 216 2493 que
232 2459 350 2486 distenta
370 2457 476 2485 ferrum
494 2465 526 2485 ac
551 2459 700 2486 sectionem
727 2467 781 2486 non
807 2460 945 2487 abstinere

162 2505 278 2537 vomica,
296 2504 344 2536 ita,
359 2503 406 2531 ubi
423 2503 499 2532 dolor
512 2504 644 2532 remissus
656 2504 826 2539 duriticsque
839 2509 945 2533 tumore

164 2551 252 2578 laxato
276 2550 472 2578 remollescens
495 2557 571 2585 spem
597 2550 710 2578 fecerint
739 2560 791 2578 non
813 2552 945 2580 inutiliter

164 2597 300 2625 tentandae
326 2596 478 2624 curationis
503 2596 663 2629 blandiaris,
694 2597 834 2632 indulgere
859 2598 945 2626 medi-

163 2645 296 2671 camentis
319 2643 470 2670 lenioribus
492 2647 692 2678 unguentorum
713 2651 744 2671 ac
763 2644 945 2679 cataplasma—

164 2695 231 2722 tum,
248 2696 364 2724 quorum
382 2695 432 2722 ope
445 2687 561 2723 benigna
576 2693 754 2722 praevertatur
770 2689 830 2716 dira
845 2697 943 2717 ncces-

163 2738 230 2763 sitits
249 2734 389 2770 rumpendi
403 2734 504 2761 exitum
517 2734 625 2762 ustione
635 2743 667 2763 ac
682 2741 794 2763 eruenta
806 2736 943 2771 chirurgia

164 2784 237 2809 intus
252 2782 386 2814 builienti,
403 2786 429 2809 et
443 2782 494 2809 nisi
514 2781 588 2810 foras
601 2783 772 2815 extrahatur,
789 2783 943 2810 membrum

162 2833 331 2864 corruptum:
353 2829 449 2857 sattiei.
468 2828 560 2857 Placet
580 2829 652 2857 istud
679 2835 788 2864 quoque
807 2836 821 2855 a
849 2834 942 2858 nostro

997 2233 1116 2268 juspiam
1141 2234 1257 2262 amnem.
1280 2234 1318 2261 Ex
1335 2235 1412 2270 cujus
1431 2235 1494 2262 facti
1520 2236 1677 2270 prmjudicio
1699 2245 1785 2272 prona

1000 2284 1058 2307 erat
1080 2279 1108 2306 in
1137 2281 1280 2314 prmseutis
1303 2281 1466 2308 solutionem
1497 2281 1572 2309 dubii
1598 2283 1760 2310 consecutio
1776 2303 1784 2316 ,

1000 2325 1094 2360 utique
1110 2333 1171 2353 cum
1199 2326 1285 2353 multo
1301 2332 1446 2361 appareret
1474 2327 1715 2355 iuconvenientius
1735 2328 1786 2355 lto-

999 2371 1102 2399 ntinem
1121 2379 1175 2399 non
1198 2372 1285 2399 solum
1305 2372 1430 2406 alheum,
1447 2373 1496 2401 sed
1512 2377 1540 2400 et
1562 2373 1666 2401 hostem
1683 2373 1786 2402 Christi

999 2416 1174 2444 manifestum
1205 2418 1239 2444 ab
1275 2418 1443 2453 imperatore
1472 2419 1623 2447 christiano
1652 2420 1784 2453 fratrem,

999 2469 1081 2496 quam
1098 2463 1132 2489 ab
1145 2462 1240 2490 eodem
1256 2463 1365 2491 Patrem
1383 2464 1537 2492 Romanum
1557 2465 1717 2494 Pontificem
1734 2473 1785 2493 vo-

999 2509 1065 2535 cari.
1087 2506 1157 2544 Ergo
1184 2509 1258 2536 haud
1277 2510 1371 2537 valens
1399 2510 1440 2539 sic
1471 2511 1609 2546 imperare
1639 2512 1784 2540 stomacho

999 2553 1109 2582 cuidam
1128 2562 1179 2582 suo
1193 2556 1306 2590 proprio
1322 2555 1563 2585 fastidiosiusculae
1584 2558 1735 2593 religionis,
1756 2564 1787 2587 ut

999 2603 1104 2627 tantum
1126 2600 1252 2628 absurdae
1271 2601 1433 2629 indecentiae
1448 2603 1487 2629 vel
1502 2603 1650 2643 exsorbere
1665 2605 1786 2633 sustine-

998 2652 1040 2674 ret
1064 2647 1106 2674 vcl
1133 2653 1256 2682 speraret
1283 2656 1365 2682 posse
1381 2655 1564 2683 concoquere,
1593 2656 1690 2678 aestum
1711 2651 1786 2679 hunc

999 2691 1088 2726 ipsum
1109 2693 1193 2719 animi
1212 2693 1283 2721 forte
1303 2695 1485 2728 pra-sentibus
1505 2697 1613 2729 aperuit
1634 2697 1784 2732 episcopis,

999 2739 1021 2766 si
1037 2738 1101 2773 quid
1128 2738 1191 2766 huic
1207 2740 1308 2766 morsui
1334 2740 1513 2768 conscientiae
1532 2741 1656 2768 sedando
1677 2749 1786 2770 accom-

998 2784 1137 2811 modatum
1164 2784 1190 2810 in
1218 2789 1343 2820 promptu
1365 2785 1507 2819 haberent,
1525 2786 1647 2821 proferre
1673 2795 1707 2814 ne
1723 2795 1786 2822 gra-

998 2835 1137 2863 varentur,
1162 2837 1290 2859 exorans.
1319 2831 1360 2858 Ad
1384 2839 1442 2859 eam
1471 2833 1694 2867 provocationem
1720 2841 1783 2862 cum
