1944 3061
99 146 158 178 273

534 152 584 181 DE
606 152 832 182 ANDRUNlCO
854 154 1087 184 PALEOLOGO
1108 155 1179 185 LIB.
1199 155 1260 185 Ill.

1686 151 1740 183 επ

101 203 209 237 μητρὸς
224 203 274 237 τῆς
294 203 457 241 Ἐκκλησίας
472 205 591 239 Χριστοῦ
606 207 620 232 ὁ
631 207 743 240 Νύσσης
758 206 896 240 ἐξηγεῖται
910 206 934 236 Α
949 207 1074 241 βασιλεὺς
1088 207 1290 242 πλατυνομένου
1307 207 1354 233 τοῦ
1373 206 1463 240 λόγου,
1479 206 1527 233 καὶ
1547 206 1584 238 ὡς
1604 205 1678 237 εἰκὸς
1692 213 1741 232 πε-

101 247 166 278 τθὺς
182 247 328 282 δαίμονας,
345 249 383 280 ὡς
399 250 432 276 ἂν
446 251 478 276 ὲκ
492 251 542 285 τῆς
555 252 640 287 αὐτῆς
657 253 703 278 καὶ
727 253 793 287 μιᾶς
809 251 899 282 αἰτίας

101 290 132 326 (ἡ
146 291 169 317 δ’
186 292 273 323 ἐστιν,
295 291 386 328 οἶμαι,
404 296 421 329 ἡ
435 295 483 321 τοῦ
503 294 571 322 Θεοῦ
599 296 748 329 ἀγαθότης,
764 296 836 331 ἀρχή
857 305 898 327 τις

106 338 245 372 γενομένη
260 339 317 370 τοῖς
333 340 370 375 μὴ
386 337 462 367 οὖσιν
479 342 518 372 είς
533 341 657 376 liv-mam)
669 341 781 373 τούτους
804 350 836 368 τε
850 342 898 368 κά.-

102 385 211 416 ιιείνους
225 385 263 416 ὡς
281 388 314 413 ἐκ
331 388 377 414 τοῦ
391 389 474 416 αὑτοῦ
489 389 595 425 Πατρὺς
607 390 742 424 προῆχθαι
757 391 804 417 καὶ
818 399 896 426 ποιη-

102 429 150 456 τοῦ
178 439 188 456 ι
199 431 287 458 Τοῦτο
308 433 372 465 ἴσως
385 434 432 461 καὶ
443 435 513 462 κατὰ
524 435 552 461 τδ
570 436 649 471 τυχὸν
660 436 698 471 τῷ
709 437 813 462 εἰπόντι
828 445 896 471 παρ·

103 475 244 510 ἑῤῥιπται,
258 478 288 510 ἐξ
307 480 419 506 εἰκότων
439 481 467 506 δὲ
483 481 579 514 γέγονε
603 482 674 516 μέγα
695 481 744 508 καὶ
759 483 798 513 εἰς
814 490 896 509 σκαν-

102 521 183 547 δὶλου
201 523 340 557 πρόφασιν
360 526 461 553 ἱκανόν.
484 526 513 552 ’0
529 527 584 562 γὰρ
603 527 755 563 Δυρραχίου
773 528 896 560 Νικήτας

103 565 150 591 τὸν
178 567 260 601 λόγον
288 569 408 602 ἀκούσας
424 571 474 598 οὐκ
499 572 613 598 ἀνεκτὸν
634 573 730 603 ἀκοαῖς
756 572 896 598 εὐσεϐέσιν

104 612 231 646 ἡγήσατο
248 613 374 649 πάμπαν,
400 617 424 642 εξ
448 617 584 650 δαιμόνων
599 617 797 652 ἀντικειμένων
823 618 895 653 Θεῷ,

103 657 246 692 ἄνθρωποι
274 659 390 695 ὑπήκοοι
417 662 456 697 τῷ
482 663 592 698 Χριστῷ
623 665 668 691 κα)¹
694 663 896 697 υίοθετηθὲντες

102 703 162 737 θεῷ
173 703 219 731 διὰ
227 704 274 731 τοῦ
283 705 483 741 βαπτίσματος,
501 709 612 742 ἀδελφοὶ
626 709 756 743 λέγοιντο.
771 710 896 744 Γνησίοις

102 749 169 782 γοῦν
184 750 231 776 διὰ
259 751 347 778 ταῦτα
365 753 410 779 τὸν
429 754 541 781 εἰπόντα
565 754 674 789 βλέπειν
699 755 821 790 δμμασιν
846 756 896 782 οὐκ

101 794 245 828 ἠνέσχετο,
266 796 335 823 ἀλλὰ
351 798 462 830 πολλοῖς
474 800 590 826 διελάλει
606 801 652 827 τὸν
668 800 748 834 λόγον
768 801 816 827 καὶ
832 800 896 835 βλα-

102 841 230 874 σφημίαν
251 842 350 868 τοῦτον
372 844 402 869 οὐ
419 845 533 880 μετρίαν
551 846 653 881 ἔκρινε.
678 847 772 874 Ταῦτα
788 847 896 879 πολλοῖς

103 884 156 918 μὲν
170 886 252 920 ἐπῄει
274 886 417 921 χλευάζειν
433 891 479 916 καὶ
494 891 539 916 τὸν
558 891 636 925 λόγον
658 892 789 924 ἐπιεικῶς
804 892 842 924 ὡς
861 892 899 919 ίδν
914 881 937 910 Β

105 931 220 966 πικρίας
237 933 285 959 καὶ
298 933 387 968 ὄφεων
401 935 623 971 ἀποστρέφεσθαι
637 945 642 951 ·
662 938 800 965 ἐπέπυστο
814 938 841 965 δὲ
855 940 901 965 καὶ

105 1019 150 1046 alii
165 1020 219 1048 alia
235 1020 372 1052 dicerent.
385 1028 412 1051 et
425 1024 510 1052 variis
520 1032 552 1052 ex
571 1030 694 1061 tempore
709 1035 760 1062 pro
776 1035 806 1055 se
822 1028 900 1062 quis-

104 1074 158 1100 que
173 1067 327 1102 allegandis
347 1071 424 1110 quasi
444 1071 573 1100 hebetare
600 1079 757 1108 satagerent
773 1075 898 1102 aculeum

105 1119 162 1146 quo
183 1113 239 1140 alte
259 1114 343 1142 inﬁxo
377 1117 550 1153 pungebatur
567 1119 682 1146 nimium
711 1125 804 1148 tenera
830 1129 901 1156 pene

109 1159 300 1192 superstitiosi
322 1163 489 1190 conscientia
507 1164 648 1199 principis,
675 1165 900 1201 Philadelphien-

105 1205 144 1232 sis
162 1203 331 1241 Theoleptus
345 1207 507 1242 palmarium
526 1218 557 1238 se
579 1212 684 1245 putavit
703 1220 719 1239 e
734 1213 822 1241 sacris
836 1221 901 1241 ora-

105 1251 177 1278 culis
191 1257 384 1286 argumentum
401 1255 545 1290 reperisss,
562 1265 618 1292 quo
643 1259 782 1287 evinceret
795 1261 898 1289 licitam

110 1297 208 1330 istam,
225 1306 276 1326 nec
290 1300 337 1327 ulli
352 1301 494 1329 obnoxiam
509 1310 634 1331 censurae
648 1305 740 1333 haberi
750 1307 850 1336 debere
862 1308 901 1336 lo-

108 1343 213 1377 quendi
229 1351 261 1372 ac
279 1346 418 1374 scribendi
431 1347 588 1376 formulam.
605 1350 672 1384 Ejus
686 1351 737 1379 hoc
757 1360 772 1380 e
787 1353 899 1381 canoni-

108 1389 149 1417 cis
171 1390 324 1426 Scripturis
342 1397 467 1421 astruere
493 1396 620 1424 conantis
650 1397 708 1425 haec
736 1397 821 1427 ferme
849 1399 899 1428 fuit

108 1436 199 1463 oratio
215 1444 223 1463 :
240 1445 250 1462 ‹
268 1436 339 1470 Quid
359 1439 498 1468 enimvero
517 1447 622 1469 tantum
636 1443 737 1477 piaculi
756 1445 792 1472 sit
808 1446 898 1481 Baby-

108 1481 191 1509 loniae
206 1481 343 1510 sultanem
363 1484 475 1514 fratrem
489 1488 658 1522 nominasse,
679 1489 702 1517 si
720 1496 815 1519 sancto
839 1493 900 1527 Spi-

108 1527 177 1582 ritu,
192 1528 239 1579 qui
259 1536 355 1556 sacros
379 1531 465 1560 libros
485 1533 609 1567 dictavit,
634 1541 745 1564 auctore
765 1537 898 1566 discimus
911 1551 934 1582 ρ

110 1572 191 1600 malis
216 1573 287 1608 ipsis
302 1574 472 1605 daemonibus
489 1586 543 1607 non
568 1584 676 1608 tantum
698 1582 823 1611 homines
841 1591 900 1611 om-

109 1626 172 1651 nes,
199 1620 248 1648 sed
271 1622 354 1649 etiam
378 1623 552 1653 Christianos
578 1627 697 1655 fraterna
712 1630 830 1663 quadarn
851 1638 899 1658 ne-

110 1664 282 1693 cessitudine
310 1667 458 1703 conjungi?
477 1669 574 1699 Vincat
602 1680 668 1707 ergo
693 1674 763 1702 ratio
789 1675 899 1703 inanem

110 1714 237 1744 metum;
252 1714 280 1738 et
302 1719 362 1739 cum
377 1721 421 1742 res
437 1714 530 1751 exigat
551 1718 693 1745 conveniri
706 1719 841 1747 sultanem
857 1721 902 1748 lit-

111 1755 191 1787 teris,
215 1760 244 1782 et
257 1756 357 1784 harum
374 1758 582 1795 inscriptionem
597 1768 722 1797 oporteat
743 1766 824 1792 talem
840 1774 902 1794 esse

111 1802 204 1837 qualis
217 1801 275 1837 jam
291 1804 354 1831 olim
370 1806 502 1841 exemplis
514 1808 670 1844 principum
682 1810 790 1845 piorum
807 1818 833 1839 et
851 1821 902 1840 usu

112 1848 249 1878 hactenus
265 1851 396 1879 continuo
413 1852 561 1882 informata
587 1860 641 1888 est,
661 1857 741 1884 detur
765 1865 848 1892 opera
874 1863 904 1886 ut

113 1895 186 1928 quod
202 1896 363 1924 necessario
378 1895 534 1926 faciendum
546 1905 599 1933 est,
617 1902 674 1929 fieri
687 1902 805 1930 libenter
818 1911 903 1939 appa-

113 1945 194 1967 reat:
212 1941 317 1976 alioqui
342 1943 413 1970 enim
433 1952 487 1972 non
516 1946 631 1974 haberet
658 1949 772 1983 gratiam
801 1951 903 1983 meriti,

115 1987 188 2021 quod
205 1986 231 2013 vi
248 1995 408 2022 expressum
423 1991 539 2025 quadam
556 1996 583 2020 et
600 1998 737 2021 extortum
756 1995 791 2022 ab
812 1997 905 2025 invitis

115 2033 267 2061 videretur.
287 2033 376 2062 Locus
391 2036 541 2072 Scriptura
557 2045 612 2073 quo
625 2039 710 2067 fretus
722 2040 780 2068 haec
794 2041 904 2077 loquor,

117 2079 161 2106 hic
183 2084 237 2107 est.
255 2079 362 2114 Sponsa
381 2081 410 2108 in
423 2081 539 2111 Cantica
559 2085 599 2112 sic
612 2085 652 2111 ait
670 2093 677 2112 :
702 2095 711 2112 ε
730 2086 793 2114 Filii
810 2089 906 2116 matris

117 2132 183 2152 meae
213 2131 405 2160 pugnaverunt
431 2133 526 2156 contra
554 2132 634 2158 me“.
659 2141 669 2158 ι
696 2132 734 2159 lbi
763 2133 905 2169 Nyssenus

954 253 1104 288 ριαλγήσας
1130 253 1177 280 καὶ
1205 253 1261 279 τῶν
1284 253 1456 288 πραγμάτων
1485 251 1739 284 καταπενάεας,ιί

954 298 992 332 μὶ*
1005 299 1086 333 μόνον
1100 300 1156 330 τοῖς
1174 298 1355 334 σχιζομένοις,
1371 298 1439 324 ἀλλὰ
1463 298 1510 325 καὶ
1525 298 1617 329 αὐτοῖς
1633 298 1665 333 δὴ
1681 299 1740 329 τοῖς

952 344 1102 379 ὴνωμένοις
1115 342 1149 370 τὰ
1164 345 1217 371 τῶν
1241 345 1314 370 [δίων
1332 344 1521 378 χλευάζονται,
1545 344 1655 383 σύνοδον
1673 352 1740 377 συγ-

952 391 1054 425 κροτεῖ,
1070 392 1116 418 καὶ
1130 390 1252 417 διαλαλεῖ
1265 392 1332 417 πᾶσι
1349 391 1384 417 τὰ
1399 391 1466 421 τέως
1482 391 1621 426 λεχθέντα,
1639 390 1686 416 καὶ
1702 389 1740 421 ὡς

951 433 985 470 ἦν
1001 436 1070 462 κατὰ
1087 436 1117 462 τὸ
1141 436 1215 468 είκὸς
1238 436 1302 467 τοὺς
1319 436 1415 470 λόγους
1441 436 1581 467 διευθετεϊ,
1601 436 1740 463 ἐκϐάλλων

952 480 1070 514 ὑποψίαν
1087 481 1206 515 ματαίαν
1223 481 1255 508 ἑκ
1278 481 1397 516 καρδιῶν
1410 481 1563 507 ἀκουόντων
1583 481 1741 516 ὲνσκιῤῥου-

953 525 1036 560 μένην
1048 526 1097 560 ἠδη
1114 526 1151 560 τῷ
1169 526 1328 562 Θεολήτιτῳ,
1345 526 1433 557 Αὐτὸς
1446 526 1476 553 δὲ
1491 525 1626 560 πειράσας
1638 525 1740 552 κακοῦν

951 571 995 597 τὸν
1010 572 1060 606 τὴν
1079 571 1126 598 τοῦ
1143 572 1293 599 σκανδάλου
1311 573 1448 606 πυρκαϊὰν
1469 571 1650 606 ὐπανάψαντα
1672 571 1743 598 αίδοῐ

951 616 997 642 τοῦ
1012 616 1107 651 ἀνδρὸς
1131 618 1264 652 εἴργεται,
1281 618 1312 644 τὸ
1337 618 1387 652 μὲν
1406 618 1450 644 διὰ
1464 618 1513 651 τὴν
1537 617 1642 643 ἐκείνου
1659 616 1743 643 κατά-

945 655 1048 688 στασιν
1064 660 1107 697 (ἦν
1123 663 1178 698 γὰρ
1189 664 1249 694 ταῖς
1268 663 1407 698 ἀληθείαις
1426 663 1544 698 εὐλαϐὴς
1562 663 1577 688 ὁ
1596 662 1675 697 ἀνὴρ,
1694 661 1743 687 καὶ

950 707 980 733 οὐ
998 709 1162 744 κακουργίᾳ,
1186 709 1244 736 ἀλλ’
1268 709 1398 745 εὐλαϐείᾳ
1420 709 1647 744 παρακεκίνητο),
1666 707 1696 733 τὸ
1714 707 1743 732 δὲ

951 752 998 780 καὶ
1009 753 1053 780 διὰ
1067 754 1096 779 τὸ
1112 754 1228 789 ἀρθῆναι
1240 754 1328 782 eam
1339 755 1408 790 μέγα
1423 755 1454 781 τδ
1476 754 1623 782 σκάνδαλον
1647 755 1680 780 ὲκ
1694 753 1742 780 τοῦ

950 798 995 824 τὸν
1011 799 1205 834 ὑπομνήσαντα
1221 801 1404 829 κινδυνεῦσαι.

951 852 1000 881 κδ’.
1017 854 1085 888 Περὶ
1110 854 1169 882 τῶν
1188 855 1430 890 ἀποτεθειμένων
1447 857 1576 891 χαρτίων
1593 857 1642 883 καὶ
1664 856 1743 888 ὅπως

1257 891 1438 925 εὑρέθησαν.

987 934 1078 961 Δεινὺν
1093 933 1121 961 δὲ
1138 934 1224 967 πάθος
1240 936 1366 963 ἐντεῦθεν
1381 936 1468 972 εἰσῄει
1487 937 1531 973 [Ρ.
1551 937 1613 972 169]
1628 937 1674 964 τὸν
1690 945 1744 963 πα-

951 1022 1004 1049 lem
1021 1022 1072 1058 piis
1087 1024 1200 1053 auribus
1214 1025 1364 1053 orationem
1384 1026 1502 1058 censuit,
1520 1033 1573 1061 qua
1599 1026 1742 1054 rebellinum

951 1068 1009 1096 Deo
1034 1069 1184 1096 daemonum
1208 1070 1317 1099 Christo
1341 1071 1456 1104 subjecti
1483 1071 1617 1103 homines.
1649 1079 1663 1098 a
1685 1071 1743 1099 Deo

951 1121 1000 1148 per
1013 1115 1180 1149 baptismum
1205 1116 1232 1144 in
1251 1116 1319 1145 ﬁlios
1339 1117 1471 1152 adoptati,
1491 1118 1591 1145 fratres
1617 1118 1742 1145 diceren-

952 1163 1007 1186 tur.
1024 1159 1122 1195 AEquis
1136 1161 1219 1197 igitur
1232 1163 1319 1191 oculis
1339 1166 1463 1197 spectare
1479 1164 1519 1191 sic
1545 1163 1665 1190 locutum
1685 1170 1741 1191 non

951 1207 1083 1234 sustinuit
1097 1217 1103 1235 :
1119 1208 1166 1236 sed
1181 1212 1208 1235 et
1220 1209 1312 1237 verbis
1327 1210 1459 1237 continuo
1473 1209 1598 1245 plurimis
1615 1209 1740 1243 impiam,

952 1257 981 1280 ut
995 1253 1118 1288 putabat,
1147 1254 1312 1281 mentionem
1340 1258 1494 1286 aversatus,
1519 1254 1544 1281 ei
1570 1261 1621 1282 suo
1637 1254 1743 1289 judicio

950 1298 1127 1334 blasphemiae
1142 1307 1196 1327 non
1212 1300 1355 1329 mediocris
1367 1305 1458 1328 notam
1472 1301 1582 1328 inussit.
1598 1300 1675 1328 Ducti
1687 1308 1742 1328 non

951 1346 1030 1380 pauci
1046 1346 1209 1374 auctoritate
1221 1346 1321 1375 Nicetes
1336 1347 1438 1374 amaris
1457 1347 1634 1387 irrisionibus
1656 1346 1745 1374 Theo-

950 1393 1051 1428 leptum
1066 1394 1257 1428 traducebant,
1270 1395 1388 1430 ejusque
1407 1396 1572 1423 sententiam
1587 1396 1675 1423 nihilo
1687 1403 1745 1423 mo~

950 1439 1072 1469 deratius
1087 1447 1168 1475 quam
1182 1445 1285 1476 pestem
1308 1445 1335 1468 et
1350 1448 1484 1468 venenum
1499 1441 1652 1475 viperinum
1667 1448 1745 1468 aver-

950 1486 1092 1515 sabantur.
1109 1487 1243 1514 Caeterum
1258 1488 1409 1522 Augustus,
1424 1488 1472 1522 qui
1487 1488 1626 1514 orationes
1641 1487 1745 1514 utrius-

951 1539 1004 1566 que
1016 1531 1171 1558 contrarias
1199 1538 1319 1565 praesens
1347 1531 1427 1565 plene
1456 1531 1569 1558 auribus
1601 1531 1743 1562 hauserat,

951 1577 997 1605 ubi
1021 1577 1096 1612 quod
1112 1577 1175 1605 inde
1201 1585 1248 1612 per
1263 1577 1394 1612 populum
1423 1577 1450 1604 in
1471 1576 1739 1611 Philadelphiensem

951 1631 1077 1652 murmur
1101 1625 1229 1659 glisceret
1244 1628 1338 1660 postea
1367 1625 1504 1660 cognovit,
1532 1630 1614 1659 egre,
1645 1627 1674 1649 ut
1695 1628 1746 1656 par.

952 1675 1022 1703 erat,
1039 1677 1115 1698 novae
1137 1678 1220 1704 super
1235 1675 1274 1698 tot
1283 1671 1352 1699 alias
1368 1670 1529 1699 offensionis
1554 1674 1679 1698 exortum
1699 1675 1754 1698 tu»

953 1716 1003 1750 litj;
1021 1721 1049 1743 et
1069 1716 1214 1743 miseratus
1238 1722 1339 1744 sortem
1357 1717 1507 1751 publicam,
1522 1716 1594 1751 quod
1618 1716 1674 1751 jam
1689 1723 1744 1744 non

953 1763 1042 1790 solum
1055 1763 1205 1790 schlsmate
1226 1763 1337 1797 abrupti
1359 1770 1420 1790 cum
1438 1763 1624 1797 perstantibus
1641 1763 1670 1790 in
1695 1763 1747 1790 Ec-

954 1808 1044 1836 clesiae
1056 1808 1161 1836 unitate
1177 1809 1384 1840 contenderent,
1408 1808 1457 1836 sed
1475 1809 1501 1835 hi
1522 1816 1632 1844 quoque
1646 1809 1746 1844 jurgiis

954 1855 1112 1889 mutuisque
1131 1854 1255 1882 ludibriis
1272 1854 1519 1887 committerentur,
1537 1859 1688 1883 convocata
1700 1862 1746 1889 sy-

955 1900 1027 1927 nodo
1049 1899 1182 1935 disseruit
1208 1899 1242 1926 de
1274 1900 1388 1927 suborto
1420 1900 1646 1935 Dyrrachiensem
1675 1900 1747 1927 inter

955 1934 1275 1980 Philadelphiensemque
1299 1934 1461 1976 certamine,
1488 1945 1626 1980 hujusque
1660 1945 1745 1972 verba

956 1992 984 2019 in
1001 1992 1164 2020 sententiam
1176 1992 1303 2025 exposuit
1318 1991 1501 2021 commodam,
1525 1998 1633 2017 omnem
1659 1991 1693 2017 ab
1712 1998 1746 2018 eo

957 2038 1047 2065 minus
1062 2045 1136 2065 sanae
1146 2037 1277 2064 doctrina:
1298 2041 1345 2063 aut
1364 2036 1593 2071 'reprehensibilis
1616 2036 1746 2063 novitatis

958 2082 1142 2117 suspicionem
1168 2082 1277 2108 inanem
1294 2081 1453 2117 _amoliens,
1486 2081 1541 2108 imo
1569 2082 1668 2109 animis
1688 2081 1746 2116 jam

958 2129 1108 2155 multorum
1132 2127 1254 2154 inolitam
1278 2127 1403 2161 stirpitus
1421 2127 1552 2154 avellens.
1578 2126 1668 2161 Atque
1691 2125 1747 2158 ille,

118 2169 253 2204 Sponsam
279 2179 341 2205 quae
375 2173 415 2200 sic
447 2174 569 2209 loquitur
609 2184 671 2205 esse
702 2178 782 2206 docet
815 2179 909 2207 Εεειε-
925 2182 1016 2211 uno
1030 2173 1167 2201 ferebatur
1184 2181 1266 2200 ruens
1288 2173 1379 2200 studio
1408 2173 1441 2199 ad
1467 2172 1679 2200 exstinctionem
1703 2172 1748 2198 in-

118 2216 184 2243 siam
203 2216 320 2244 Christi.
347 2218 409 2246 Haec
426 2227 442 2246 a
460 2221 557 2250 matris
585 2229 642 2250 suae
671 2223 735 2252 filiis
752 2226 905 2260 oppugnari

119 2269 148 2288 se
168 2263 307 2296 queritur,
329 2263 380 2291 hoc
405 2269 457 2298 est,
474 2267 570 2295 eodem
599 2268 682 2304 248
705 2270 866 2306 interprete,
893 2280 908 2299 a

120 2308 199 2334 malis
219 2308 404 2343 daemonibus,
422 2313 469 2346 qui
485 2314 582 2341 matris
597 2315 685 2349 ipsius
700 2316 746 2343 filii
768 2317 907 2348 dicuntur.

121 2354 253 2387 quoniam
271 2359 326 2382 tam
352 2356 475 2385 Ecclesia
496 2366 579 2393 quam
601 2361 740 2389 daemones
755 2370 787 2390 ex
813 2363 908 2391 eadem

120 2407 202 2426 causa
225 2405 252 2427 et
267 2401 401 2436 principio
415 2408 479 2431 sunt
492 2406 557 2437 orti,
578 2406 670 2434 divina
685 2408 815 2435 nimirum
830 2408 911 2436 boni-

123 2449 175 2472 tate
197 2447 335 2474 creatrice
360 2449 565 2482 universorum.
593 2459 642 2486 per
657 2453 736 2487 cujus
763 2454 910 2482 fecundam

125 2490 335 2519 beneficentiam
356 2499 454 2522 cuncta
469 2504 501 2523 ex
516 2497 604 2525 nihilo
618 2499 644 2525 in
661 2500 824 2527 exstantium
848 2508 912 2535 pro-

123 2540 206 2563 tracta
221 2541 298 2564 sunt.
318 2537 380 2565 llaec
396 2546 491 2568 omnes
507 2542 684 2578 bonosjuxta
703 2545 845 2579 malosque
862 2553 911 2572 an-

123 2580 196 2613 gelos
210 2584 259 2607 aut
276 2580 401 2609 homines
418 2591 472 2610 uno
490 2586 590 2618 puriter
603 2590 767 2614 cunctorum
784 2587 865 2616 Patre
879 2596 912 2616 ac

123 2624 270 2653 Couditore
281 2627 384 2661 genuit.
404 2637 414 2653 ι
431 2629 508 2658 Talia
531 2632 622 2658 minus
647 2632 717 2659 forte
740 2634 912 2668 praemedita-

124 2673 168 2696 tus
179 2671 261 2705 quasi
294 2670 541 2707 Philadelphiensis
569 2675 685 2710 projecit
714 2676 742 2704 in
772 2678 912 2711 medium;

123 2724 184 2750 qua:
200 2716 293 2750 gravis
315 2718 408 2744 statim
426 2720 548 2748 scandali
568 2727 594 2749 et
612 2722 722 2749 invidia:
737 2723 763 2749 in
791 2730 853 2751 eum
869 2731 914 2752 oc—

123 2762 265 2789 casionem
291 2767 357 2790 sunt
391 2765 446 2792 visa
474 2768 625 2801 praebuisse
651 2769 832 2803 plausibilem.
858 2769 915 2798 lloc

123 2808 195 2834 enim
215 2808 312 2835 audito
334 2808 540 2844 Dyrrachiensis
567 2814 676 2842 Nicetas
693 2816 763 2843 haud
788 2816 916 2843 tolerabi-

180 2870 187 2885 ¹
206 2868 287 2896 Cant.
306 2876 325 2901 ι,
343 2869 369 2897 5.

958 2220 1038 2247 vidiaa
1052 2218 1134 2254 249
1147 2222 1250 2246 temere
1274 2218 1300 2245 in
1320 2217 1500 2252 Theoleptutn
1518 2224 1652 2250 accensaa,
1670 2216 1750 2243 facile

959 2264 1047 2292 obiter
1071 2263 1235 2290 iucitaretur
1262 2261 1290 2288 in
1309 2263 1438 2296 impetum
1465 2269 1537 2296 aegre
1567 2262 1686 2289 vicissim
1709 2261 1750 2288 fa-

960 2309 1047 2337 ciendi
1060 2309 1119 2343 ejus
1134 2308 1324 2344 reprehensuri
1339 2307 1451 2340 Nicetae,
1467 2308 1513 2341 qui
1531 2307 1591 2334 face
1604 2315 1670 2342 rogo
1683 2307 1749 2334 sub-

958 2355 1030 2390 jecta
1041 2361 1124 2381 causa
1141 2353 1262 2381 incendii
1281 2353 1387 2384 fuisset,
1411 2353 1465 2380 nisi
1489 2352 1524 2380 ab
1541 2351 1594 2379 isto
1613 2359 1675 2379 eum
1701 2360 1749 2377 cu-

960 2404 1024 2428 natu
1035 2400 1175 2427 cohiberet
1185 2399 1302 2434 primum
1312 2399 1400 2433 pudor
1413 2398 1464 2425 viri
1475 2399 1560 2425 multa
1575 2398 1708 2432 gravitate
1718 2404 1755 2423 ac-

960 2446 1094 2480 religione
1110 2445 1283 2477 venerabilis,
1301 2452 1352 2471 nec
1366 2448 1420 2470 tam
1436 2444 1462 2471 in
1476 2444 1528 2470 hoc
1545 2444 1605 2477 ipso
1625 2442 1758 2477 maligni--

962 2496 1018 2519 tate
1034 2491 1088 2518 ulla
1110 2498 1192 2526 quam
1209 2491 1257 2518 zeli
1271 2491 1388 2525 quadam
1412 2490 1596 2524 imprudentia
1618 2489 1751 2524 prolapsi,

962 2538 1062 2566 deinde
1079 2541 1168 2565 metus
1186 2545 1220 2564 ne
1242 2536 1350 2572 qualem
1366 2543 1399 2563 ex
1420 2535 1590 2563 traductione
1614 2535 1753 2562 Philadel-

964 2584 1085 2620 phiensis
1116 2583 1294 2611 oernsionem
1325 2582 1484 2610 formidarat
1512 2581 1660 2617 publicam,
1689 2582 1757 2608 talis.

964 2635 1107 2665 tantaque,
1122 2636 1154 2657 ac
1168 2637 1221 2658 nec
1247 2629 1339 2656 minus
1354 2629 1396 2657 vel
1420 2628 1574 2664 periculosa
1598 2628 1639 2655 vel
1658 2627 1751 2659 noxia,

963 2684 980 2704 e
993 2674 1202 2711 Dyrrachiensis
1215 2673 1419 2709 impugnatione
1436 2678 1607 2708 sequeretur.

964 2731 1010 2758 ει.
1032 2729 1072 2756 De
1095 2728 1194 2756 chartis
1214 2728 1241 2755 t'n
1254 2727 1358 2768 occulto
1377 2727 1529 2759 reconditis,
1554 2731 1578 2752 et
1597 2731 1624 2752 ut
1640 2732 1677 2751 ea:
1699 2725 1757 2750 sint:

1298 2767 1420 2790 iuventte.

1003 2813 1058 2841 Sub
1074 2813 1130 2839 hatc
1151 2810 1243 2846 gravis
1267 2810 1377 2845 quidam
1407 2809 1493 2836 auxia:
1519 2806 1658 2843 religionis
1668 2810 1757 2834 testas
