1944 3061
81 127 126 158 ΞΠ
499 127 548 157 DE
571 126 790 160 ANDRONICO
808 129 1042 162 PALJEOLOGO
1052 128 1124 159 LIB.
1146 128 1205 159 III.

1632 120 1684 149 27‘;

81 186 164 210 victm;
183 183 275 210 δέοντα
292 184 384 218 ἀξιοῦν
413 184 606 212 ἰδιωτεύσαντα
622 185 696 210 λύειν
711 184 760 219 οὐχ
780 184 855 219 εὖρι-
869 187 891 213 A
904 186 950 212 τὸν
967 187 1070 213 ἐκεῖνον
1097 185 1314 220 καταγινώσκειν
1345 183 1395 218 τῆς
1428 179 1565 215 πράξεως.
1593 173 1647 207 Ἷῐς
1665 176 1696 209 δὴ

83 237 138 255 σχον
156 229 300 265 αὔταρκες.
319 230 400 256 Ὀυεν
416 230 463 256 καὶ
476 229 634 265 συνέρχεται
653 229 702 264 μὲν
718 229 810 264 σφίσιν
826 231 858 256 ὲκ

82 274 233 309 προσταγῆς
259 275 275 300 ὁ
310 275 524 310 Ἀλεξανδρείας,
547 276 707 309 συνέρχεται
723 275 751 302 δὲ
769 274 782 300 ὁ
810 275 859 309 τῆς

86 320 190 353 Ἐςρέσου
216 321 352 356 Ἰωάννης,
386 321 474 352 οὕτως
492 321 582 356 ἀργῶς
610 321 658 355 τῆς
678 321 760 355 τιμῆς
776 320 858 355 ἔχων,

82 368 191 401 συνῆσαν
211 367 238 392 δὲ
255 367 301 393 καὶ
318 367 373 393 τῶν
401 367 552 401 ἀρχιερέων
578 366 602 392 οἱ
629 365 858 400 παρευρεοέντες,

82 414 123 439 καὶ
139 414 213 446 κοινῇ
243 412 337 447 σκέψει
355 412 385 438 τὺ
404 412 521 447 πρᾶγμα
544 411 677 438 ἐδίδοσαν.
691 411 797 440 Κοινῶς
813 410 860 436 οὖν

83 459 257 492 κατεστύγουν
267 458 398 489 ἅπαντες,
410 458 517 492 καὶτῆς
527 456 651 492 πράξεως
663 456 708 482 τον
719 456 860 490 πράξαντα

83 504 109 529 ἑν
119 504 146 529 οὔ
163 504 260 534 καλαῖς
282 504 422 534 ὑπονοίαις
438 501 505 538 ἦγον
517 511 524 518 ·
549 502 579 528 οὐ
595 502 649 536 γὰρ
667 502 731 529 ἄλλο
747 510 786 532 τι,
803 500 860 528 ἀλλ’

85 549 163 584 ἑαυτῷ
189 550 235 575 καὶ
264 549 346 576 πάλιν
373 549 524 583 περιποιεῖν
548 548 599 583 τὴν
622 547 714 582 τιμὴν,
731 547 860 580 ἀφύκτως

84 595 146 621 οὕτω
162 596 206 621 καὶ
222 595 310 621 ταῦτα
333 594 363 621 ὃν
388 595 437 620 οὐκ
454 594 536 628 ἐχρῆν
561 593 725 627 δεσμοῦντα.
741 592 816 621 Τέως
831 599 861 625 γε

87 640 166 674 μέντοι
182 642 236 672 τοῖς
252 640 303 675 μὲν
328 641 415 667 ἐδόκει
439 640 519 666 αὑτὸν
548 638 640 670 ἀξιοῦν
654 638 740 670 λύειν,
757 638 815 668 τοῖς
833 638 861 663 δὲ

85 687 135 712 ἀλλ’
147 686 263 713 ἀδύνατα
279 687 371 720 ἀξιοῦν
387 687 432 713 καὶ
453 686 540 716 ἄλλως
566 685 704 719 ἀπᾴδοντα
727 684 862 717 κατεφαί-

86 740 148 764 νετο,
163 732 241 766 εἴπερ
257 732 367 766 ἰδιώτης
379 732 416 758 ὢν
428 732 474 758 καὶ
487 731 537 765 τῆς
560 730 698 764 ἱερατείας
715 738 861 764 γεγυμνω-

89 778 159 811 μένος
170 778 255 804 ἄλυτα
273 778 332 803 λύοι
344 786 351 793 ·
367 776 414 803 τοῦ
432 777 487 811 γὰρ
504 773 575 801 εἶναι
589 776 635 801 καὶ
650 775 679 801 τὸ
698 774 809 808 σκέμμα
824 773 862 808 τῷ

87 823 243 857 πεπραγότι.
273 823 325 849 Διὰ
349 822 433 849 ταῦτα
448 823 554 857 ἑτέροις
571 821 671 852 ὲδὸκει,
699 821 746 847 καὶ
763 820 862 855 μᾶλλον

86 868 133 898 τοῖς
147 867 286 902 ἀκριϐέσι,
305 867 376 901 ’μηδ’
403 866 494 899 ἀξιοῦν
508 865 576 897 ὅλως
603 865 674 891 κατὰ
691 865 778 897 λύσιν,
795 864 862 891 ἀλλὰ

87 914 182 948 κρίνειν
198 914 274 944 ὅπως
292 914 321 939 ὲν
337 913 427 947 ἀδήλῳ
444 913 478 938 τὰ
495 911 596 947 φρικτὰ
614 911 739 945 πράξειε,
756 911 803 937 καὶ
823 912 862 942 εἰς

87 957 224 991 ἀπολογίαν
239 957 372 991 καθιστᾷν
390 956 442 982 ὑπὸ
465 955 614 990 Ῥωμαίοις
630 955 712 980 πᾶσιν
724 955 798 984 ὅπως
818 952 863 979 καὶ

88 1004 166 1034 ποίοις
190 1004 303 1030 κανόσιν
332 1002 464 1036 ἑπόμενος
490 1001 652 1036 ἀνθρώπους
684 999 864 1036 Χριστιανοὺς

88 1050 217 1085 ἁφορίσειε
233 1049 321 1084 μηδὲν
333 1048 526 1083 γινώσκοντας,
540 1048 588 1074 καὶ
602 1046 674 1074 οὕτω
692 1043 806 1081 συνελᾷν
818 1045 866 1072 αὺ-

91 1138 337 1165 estAlcxandrinus
350 1136 522 1171 patriarcha;
541 1139 653 1163 vocatus
666 1135 768 1170 pariter
779 1135 868 1170 Ephe-

91 1185 158 1211 siuus
172 1183 306 1216 Joannes,
322 1184 385 1210 licet
400 1183 467 1210 citra
483 1189 562 1209 usum
580 1181 744 1216 pontiﬁcalis
763 1181 790 1207 in
807 1189 866 1207 cam

92 1228 229 1256 Ecclesiam
246 1229 437 1260 auctoritatis,
452 1227 531 1255 titulo
548 1227 681 1254 duntaxat
698 1232 777 1254 tenus
795 1231 867 1254 esset

93 1276 242 1310 episcopus.
263 1274 361 1301 (‘1:etcri
379 1281 499 1309 quoque,
517 1277 652 1308 quotquot
669 1272 741 1300 forte
758 1277 823 1299 tunc
841 1272 868 1299 in

93 1321 153 1348 urbe
167 1321 377 1355 reperiebantur
392 1319 543 1351 antistites,
559 1318 645 1353 rogati
662 1319 789 1345 similiter
802 1326 869 1345 eon-

94 1370 244 1393 cnrreruut.
261 1365 292 1392 lli
306 1364 503 1392 deliberatione
517 1363 699 1391 communiter
712 1363 778 1390 inita
790 1371 871 1398 super

94 1412 193 1446 nrgotio
209 1412 356 1448 proposito
377 1411 494 1444 primum
512 1417 612 1444 magno
628 1417 763 1437 consensu
795 1409 870 1436 dcte-

93 1458 225 1485 ttabantur
240 1458 358 1487 factum.
378 1461 404 1484 et
423 1456 488 1484 facti
504 1451 645 1483 auctorem
662 1455 780 1490 graviter
794 1455 871 1481 iucu—

94 1505 193 1535 sabant,
218 1504 301 1530 malae
326 1503 425 1530 utentis
449 1502 585 1529 exstantia
613 1501 648 1528 iis
673 1500 829 1527 scribendis
845 1503 872 1526 et

95 1549 291 1577 ahseondendis
308 1548 411 1575 chartis
422 1547 525 1574 indicia
539 1546 683 1573 trahentes
698 1546 730 1572 ad
747 1546 826 1572 laevas
838 1545 872 1572 de

95 1595 148 1630 ipso
170 1595 357 1630 suspiciones,
374 1593 452 1628 quasi
470 1592 590 1619 artiﬁcio
607 1592 661 1618 isto
684 1591 785 1627 liganﬁi
813 1598 873 1625 qua:

95 1648 166 1668 nemo
183 1646 283 1676 praeter
299 1641 387 1674 ipsutu
404 1643 496 1673 posset
513 1639 630 1669 solvere,
645 1637 786 1664 ambitioni
808 1637 874 1664 veli-

95 1687 182 1715 ﬁcatus
199 1687 330 1723 propriae,
350 1685 542 1712 necessitatem
565 1683 705 1718 imponere
721 1682 874 1709 studuissr-t

97 1734 132 1762 sui
155 1733 317 1762 restituendi
336 1733 362 1760 in
385 1740 446 1759 eum
467 1731 539 1759 unde
559 1730 663 1757 invitus
687 1730 875 1757 descendisset

98 1780 225 1807 thronum.
245 1780 328 1807 Circa
342 1778 529 1806 definitionem
548 1777 609 1810 ejus
627 1777 698 1810 quod
715 1776 786 1803 facto
802 1780 875 1803 esset

97 1828 218 1861 optimum
231 1827 278 1853 illo
289 1825 406 1853 articulo
420 1831 521 1854 rerum,
532 1823 644 1858 quidam
657 1821 875 1857 defungcbantur

98 1873 257 1900 consulendo
292 1877 321 1899 ut
355 1871 522 1898 Athanasius
569 1869 723 1897 libellorum
759 1869 877 1902 scriptor

101 1918 222 1950 adiretur,
239 1919 275 1946 ab
291 1925 378 1952 eoque
389 1920 528 1952 peteretur
545 1915 681 1943 absolutio
697 1921 876 1942 censurarum

101 1956 125 1989 in
150 1963 180 1991 iis
209 1963 389 1990 inﬂictarum.
413 1961 460 1988 llis
486 1960 531 1987 alii
553 1960 742 1995 repugnabant
764 1962 876 1985 conten-

100 2009 194 2041 dentes,
215 2013 400 2044 prteterquam
421 2009 566 2039 absonum,
596 2005 679 2032 etiam
711 2004 818 2031 irritum
849 2003 876 2030 id

100 2054 151 2082 lore
165 2065 172 2082 :
187 2063 249 2082 nam
268 2058 371 2082 etesse
387 2053 585 2080 inconveniens
599 2050 754 2078 insidiatori
773 2054 875 2082 astuto,

101 2106 235 2136 postquam
257 2101 322 2136 ejus
347 2100 426 2127 dolos
450 2097 674 2134 deprehenderis,
692 2097 788 2123 fraude
804 2104 879 2131 qua:—

83 2144 86 2148 ’
101 2147 173 2174 situm
187 2148 260 2174 ultro
279 2147 400 2173 tribuere
422 2151 581 2172 successum
596 2152 602 2176 ;
622 2143 693 2178 quod
710 2143 785 2170 ﬁeret
802 2150 875 2169 nunc

911 232 1149 267 καταγνωσθείσης
1166 231 1211 267 [Ρ.
1227 230 1286 266 I71]
1303 229 1349 255 καὶ
1365 227 1427 262 παρ’
1444 226 1688 258 ὲκείνου,προκατ-

910 277 1081 311 εγνωσμὲνον
1105 277 1214 307 πάντως
1227 277 1272 302 καὶ
1281 275 1336 304 τοῖς
1345 273 1393 308 τῆς
1402 270 1565 306 Ἐκκλησὶας
1576 268 1683 299 κανόσι,

911 323 948 358 μὴ
961 323 1038 348 λύσιν
1053 323 1135 358 ἄλλην
1148 323 1255 357 ζητεῖνο
1270 321 1303 348 τὰ
1316 320 1370 354 γὰρ
1385 318 1497 348 δικαίως
1512 316 1559 342 καὶ
1571 315 1622 341 ὑπὸ
1639 323 1687 340 κα-

910 369 968 394 νόσι
987 369 1127 402 δεδεβνα,
1155 369 1246 394 ἐκεῖνα
1270 367 1316 392 καὶ
1343 363 1452 391 λύεσθαι
1473 361 1541 388 εἶναι
1558 359 1691 394 ἀνάγκην,

910 413 944 440 τὰ
960 413 982 439 δ’
995 413 1025 445 ἐξ
1038 414 1126 448 ἀρχῆς
1143 413 1319 440 ἀνυπόστατα
1346 409 1445 445 μόχθον
1463 407 1590 441 περιττὸν
1609 406 1696 436 ἄλλως

911 457 979 485 εἶναι
993 459 1039 485 καὶ
1055 459 1146 493 ζητεῖν
1163 457 1287 484 λύεσθαι.
1303 457 1334 483 Εἰ
1352 455 1374 481 δ’
1388 454 1445 486 οὖν,
1461 453 1517 479 ἀλλ’
1533 451 1633 478 αὐτίκα
1649 451 1698 477 καὶ

912 505 1085 539 πατριάρχην
1101 501 1171 530 εἶναι
1188 503 1233 529 καὶ
1250 501 1357 528 σύνοδον
1370 501 1408 530 εἰς
1421 498 1497 524 λύσιν
1512 499 1560 532 τὴν
1574 497 1627 523 ἀπὺ
1641 495 1696 521 τῶν

911 550 1032 576 κανόνων
1048 549 1157 576 δικαίαν
1177 548 1362 581 ἀξιοπίστους.
1391 545 1478 572 Αὑτὸν
1493 544 1521 569 δὲ
1536 543 1582 569 καὶ
1598 542 1698 576 μᾶλλον

912 594 958 620 ὑπ’
979 594 1069 626 αἰτίας
1094 593 1200 625 δικαίας
1217 593 1335 627 ἀχθέντα
1358 589 1509 619 κανονικῶς
1524 585 1700 614 εὐθύνεσοαι.

912 639 948 665 Tb
959 640 1011 673 γὰρ
1029 639 1125 665 ἑαυτὸν
1138 638 1263 672 συνιστᾷν
1280 635 1465 670 ὑπονοηθέντοι
1482 633 1515 659 τὰ
1529 632 1655 666 χείριστα
1671 631 1701 656 ἐν

912 684 1002 718 ὅρκοις
1014 693 1043 709 τε
1058 684 1103 709 καὶ
1120 684 1198 718 ἀραῖς
1211 683 1269 713 ταῖς
1280 681 1338 707 καθ’
1349 678 1445 711 αὑτοῦ,
1454 679 1513 704 τινα
1527 677 1604 710 λόγον
1618 675 1701 710 ἔχειν,

912 729 990 763 εἴπερ
1013 729 1059 755 καὶ
1071 729 1143 754 τοῦθ’
1157 727 1249 754 ἱκανὸν
1260 728 1298 758 εἰς
1312 725 1418 752 τελείαν
1432 724 1485 750 τῶν
1506 722 1589 755 ἐγκλη
1608 721 1702 755 μάτων

913 774 1072 808 ἀποφυγήν;
1092 773 1148 799 Οὐκ
1162 772 1271 807 ὀμνύειν
1287 772 1350 806 γὰρ,
1364 771 1420 796 ἀλλ’
1438 767 1634 804 ἁποτρίὸεσθαι
1652 766 1702 800 τὴν

915 819 1081 853 κατηγορίαν
1101 819 1145 845 διὰ
1161 818 1265 844 πιστῶν
1280 817 1479 851 παραστάσεων
1491 814 1610 848 εὔλογον.
1630 813 1665 838 Τὸ
1675 812 1702 838 δὲ

912 864 974 895 τοὺς
988 864 1165 894 κατειπόντας
1179 863 1195 898 ἢ
1208 863 1270 893 τοὺς
1285 861 1526 896 συναρπασθέντας
1539 860 1619 893 ἀραῖς
1636 858 1703 883 ὑπο-

913 909 1019 935 ϐάλλειν
1031 908 1082 935 ποῦ
1096 909 1198 935 δίκαιον
1207 908 1253 933 καὶ
1264 908 1331 937 ὅλως
1340 905 1480 932 κανονικὸν
1493 905 1538 930 καὶ
1549 904 1602 930 τῶν
1614 903 1704 936 νόμων

914 956 962 990 τῆς
981 955 1160 990 Ἐκκλησίας;
1178 953 1307 984 Βασιλεὺς
1328 952 1355 978 δὲ
1381 950 1533 985 σοφώτερον
1557 958 1583 976 τι
1607 948 1704 978 ποιῶν.

915 1001 952 1032 ὼς
979 1000 1068 1026 ἐδόκει
1102 999 1147 1026 καὶ
1175 999 1218 1026 ἀεὶ
1247 999 1296 1029 τὰς
1325 999 1354 1028 ὲς
1386 997 1498 1031 εἰρήνην
1532 994 1703 1029 αἱρούμενος,

917 1045 1090 1073 συνεϐούλευε
1114 1045 1234 1079 πέμπειν
1261 1044 1308 1070 καὶ
1327 1043 1433 1078 ἐρωτᾷν
1456 1040 1627 1073 Ἀθανάσιον,
1653 1039 1703 1065 καὶ

917 1136 1234 1166 excommunicationum
1271 1134 1351 1165 diris,
1391 1131 1560 1159 clanculario
1594 1130 1697 1164 scripto

919 1183 1086 1212 tentaverit?
1098 1181 1207 1210 Auditis
1223 1179 1320 1207 deinde
1334 1186 1393 1213 qua:
1409 1178 1453 1205 ille
1476 1176 1660 1211 respondebit,
1678 1179 1706 1201 et

920 1230 991 1266 quod
1005 1229 1121 1262 allegare
1134 1227 1200 1254 nihil
1214 1226 1265 1253 nisi
1280 1225 1406 1252 frivolum
1421 1223 1530 1258 poterit,
1545 1222 1625 1249 facile
1642 1228 1704 1248 mox

920 1275 1075 1308 redargutis
1090 1281 1122 1300 ac
1134 1272 1281 1304 convictis,
1298 1272 1349 1298 rite
1364 1271 1453 1305 ipsum
1465 1267 1703 1295 condemnandum

921 1320 955 1347 ad
975 1319 1116 1346 fatendum
1136 1319 1162 1345 in
1181 1316 1291 1351 publico
1311 1319 1445 1342 conventu
1466 1313 1649 1339 Romanorum
1673 1318 1703 1339 se

922 1372 1063 1401 perperam
1086 1367 1114 1390 et
1137 1364 1207 1390 ultra
1226 1369 1306 1397 quam
1339 1361 1476 1388 debuerat
1498 1363 1544 1385 aut
1570 1362 1706 1393 potuerat,

922 1411 986 1438 dum
1004 1411 1050 1437 illa
1072 1409 1215 1439 scriberet,
1243 1407 1344 1441 egisse.
1363 1405 1433 1432 llinc
1454 1411 1549 1432 Omnes
1562 1411 1610 1438 pro
1628 1403 1708 1438 planc

923 1457 1075 1483 frustraneo
1091 1459 1117 1483 et
1129 1455 1230 1481 nullius
1247 1452 1354 1480 roboris
1370 1451 1509 1478 habebunt
1526 1449 1551 1477 id
1562 1449 1633 1485 quod
1651 1449 1709 1484 ipse

885 1515 907 1546 ρ
924 1502 969 1538 qui
996 1502 1070 1533 fecit,
1097 1509 1126 1528 se
1151 1505 1246 1527 contra
1272 1499 1325 1531 fas,
1347 1498 1406 1525 sine
1427 1496 1547 1531 legitima
1573 1499 1708 1529 potestate

925 1552 1075 1575 attentasse
1093 1546 1237 1573 confessus
1262 1545 1349 1579 palam
1376 1542 1470 1570 fuerit.
1497 1540 1575 1568 Unde
1601 1540 1707 1567 cunctis

925 1594 1066 1629 apparebit
1077 1600 1131 1620 non
1145 1599 1204 1619 esse
1219 1599 1287 1626 opus
1302 1589 1474 1617 absolutione
1487 1587 1552 1620 ulla,
1571 1586 1707 1621 siquidem

925 1648 956 1668 ea
978 1644 1084 1666 tantum
1110 1637 1243 1665 canonica
1259 1635 1395 1663 solutione
1419 1633 1552 1668 indigent,
1581 1640 1641 1667 qua:
1658 1631 1709 1658 ritc

925 1692 957 1712 ac
969 1684 1102 1711 canonica
1129 1682 1292 1709 auctoritate
1311 1683 1374 1708 sunt
1394 1679 1484 1714 ligata.
1516 1678 1544 1705 Si
1564 1685 1616 1712 qua
1641 1685 1709 1712 pra:—

925 1729 1053 1756 damnata
1079 1728 1231 1755 canonihus
1257 1731 1283 1754 et
1307 1726 1341 1753 ab
1369 1725 1447 1752 initio
1474 1731 1554 1751 cassa
1577 1722 1711 1757 irritaque

925 1775 1012 1802 fuisse
1029 1777 1148 1806 constat,
1165 1780 1197 1799 ea
1211 1779 1333 1807 querere
1349 1769 1578 1806 quemadmodum
1599 1768 1710 1794 solvan-

926 1825 982 1852 tur,
997 1826 1219 1854 supvrvacaneus
1234 1818 1270 1845 sit
1290 1817 1375 1844 labor.
1396 1816 1467 1848 Quin
1484 1816 1524 1842 vel
1546 1815 1568 1842 si
1594 1815 1711 1849 litigatur

927 1866 1077 1901 periculum
1095 1865 1209 1892 subesse
1227 1863 1374 1898 quodpiam
1395 1870 1428 1889 ne
1444 1862 1534 1889 valida
1555 1861 1590 1888 sit
1607 1865 1634 1887 et
1649 1867 1712 1886 vere

926 1913 992 1947 liget
1008 1909 1259 1938 cxcommnnicatio
1275 1909 1315 1936 sic
1333 1909 1398 1939 lata,
1417 1915 1466 1934 nec
1483 1907 1522 1934 sie
1538 1910 1629 1933 tamen
1642 1913 1710 1940 opus

927 1958 1009 1985 fuerit
1018 1957 1050 1984 ad
1061 1965 1122 1983 ettm
1132 1963 1274 1983 recurrere
1283 1955 1330 1989 qui
1342 1954 1444 1986 tulerit,
1459 1953 1587 1987 quoniam
1601 1952 1712 1986 quando

927 2003 1082 2038 patriarcha
1103 2008 1198 2030 contra
1226 2009 1345 2028 canones
1371 2003 1477 2034 peccat,
1501 1998 1712 2033 patriarchalem

928 2050 1060 2076 adversus
1091 2055 1152 2074 eum
1180 2050 1341 2082 potestatem
1372 2044 1493 2080 synodus
1519 2044 1635 2076 obtinet,
1666 2044 1712 2071 cui

927 2099 1070 2130 propterea
1086 2094 1132 2128 jus
1157 2093 1268 2128 plenum
1285 2090 1417 2126 competit
1437 2094 1493 2117 tum
1514 2090 1672 2117 absolvendi
1696 2096 1712 2117 a

929 2140 1052 2168 censuris
1063 2146 1164 2167 temere
1181 2139 1255 2165 abeo
1273 2137 1345 2169 latis,
1363 2142 1419 2163 tum
1439 2136 1520 2163 etiam
1534 2136 1608 2162 illum
1624 2136 1659 2162 ob
1684 2135 1712 2162 id

101 2192 282 2220 conreniendo
297 2192 457 2223 Athanasio,
475 2198 554 2224 quem
573 2189 633 2216 ideo
649 2189 717 2215 clam
733 2188 878 2222 scripsisse
893 2187 915 2214 ι)
930 2187 1018 2220 ipsum
1042 2185 1173 2212 canonice
1200 2183 1341 2218 judicandi
1371 2187 1397 2209 et
1428 2182 1515 2216 poenis
1547 2181 1714 2216 subjiciendi

101 2236 145 2265 hos
166 2239 271 2266 libellos
296 2238 488 2272 intelligimus,
519 2241 550 2262 ut
567 2235 655 2262 redire
681 2242 730 2261 nos
755 2235 787 2260 ad
804 2242 879 2261 ’sesc

102 2289 212 2318 cogeret.
239 2290 266 2311 et
299 2284 339 2310 vel
366 2283 389 2310 si
414 2285 547 2309 annueret
575 2280 599 2307 is
623 2280 696 2314 quod
723 2284 877 2313 rogaretur,

103 2328 195 2357 [rustra
211 2331 256 2356 ille
277 2333 405 2359 tentaret,
424 2335 475 2355 nos
493 2335 561 2354 vane
576 2328 768 2360 'speraremus,
785 2325 879 2359 utique

103 2384 156 2403 cum
182 2378 219 2405 sit
247 2377 430 2404 indubitatum
459 2374 564 2402 homini
597 2373 747 2408 pontiﬁcali
778 2377 879 2399 uuttato

103 2426 241 2456 potestate,
257 2424 370 2458 jamque
385 2429 467 2456 supra
484 2421 621 2456 privatum
638 2418 790 2454 quemlibet
810 2418 878 2445 nihil

105 2467 217 2500 habenti,
242 2469 402 2496 facultatem
422 2475 476 2494 non
501 2468 593 2494 inesse
608 2465 800 2492 solvendorum
814 2471 881 2491 ana-

105 2513 223 2542 thematis
237 2522 370 2542 nexuum.
386 2513 500 2548 Proliter
513 2513 571 2539 ham
582 2512 710 2542 aliorum,
728 2514 754 2537 et
769 2511 880 2545 quidem

105 2566 189 2586 eorum
208 2560 265 2588 fere
292 2561 337 2595 qui
351 2560 422 2594 juris
439 2559 566 2587 canonici
588 2557 772 2585 consultiores
805 2560 882 2591 puta-

106 2605 204 2637 bantur,
229 2606 288 2633 bzec
302 2609 361 2633 erat
390 2604 539 2636 sententia,
567 2603 633 2630 nihil
660 2603 686 2629 iu
711 2609 832 2636 praesens
849 2602 881 2628 de

107 2649 232 2678 solutione
250 2650 433 2677 auathentatis
445 2649 609 2681 curandum,
629 2649 676 2675 sed
690 2647 831 2674 citandum
849 2645 881 2673 ad

108 2696 217 2722 tribunal
255 2696 382 2723 Ecclesia:
417 2694 607 2725 Athanasium,
640 2693 732 2727 ibiqttc
766 2692 800 2719 ab
835 2691 882 2718 illo

108 2742 294 2776 exquirendum
316 2741 395 2776 252
414 2749 481 2775 quas
498 2741 532 2767 ob
550 2733 659 2771 causas,
678 2738 793 2772 etjuxta
813 2745 881 2772 quos

109 2795 229 2822 canones,
250 2789 416 2817 christianos
442 2787 567 2814 homines
584 2785 665 2813 nullis
684 2784 764 2812 minis
776 2785 883 2819 praeviis

110 2831 251 2862 admonitos
269 2838 294 2861 et
315 2832 437 2859 funditus
459 2831 570 2867 ignaros
592 2830 697 2865 illlgarc
715 2830 882 2857 horribiliter

930 2230 1045 2258 meritis.
1064 2231 1154 2265 Neque
1171 2231 1197 2256 in
1217 2230 1341 2263 subjecto
1358 2235 1422 2255 casu
1444 2227 1591 2262 quidquam
1617 2228 1716 2254 suﬁ‘ra-

930 2276 987 2310 gari
1004 2275 1156 2302 Athanasio
1173 2281 1253 2308 posse
1268 2274 1301 2300 ad
1317 2273 1487 2299 amoliendas
1501 2279 1516 2299 a
1539 2280 1578 2304 se,
1596 2279 1714 2306 quarum

931 2329 1040 2348 causam
1053 2321 1154 2355 praebet
1165 2321 1280 2354 justam,
1292 2318 1464 2352 suspiciones
1482 2317 1626 2352 peSsimas,
1642 2318 1715 2351 quod

931 2367 983 2394 sibi
1000 2366 1146 2398 horrenda,
1169 2366 1191 2393 si
1211 2365 1297 2396 fallat,
1316 2366 1471 2399 imprecans
1488 2365 1607 2392 alienum
1630 2372 1660 2392 sc
1682 2364 1716 2392 ab

931 2413 1004 2440 omni
1026 2412 1141 2439 crimine
1163 2411 1267 2446 dejerat
1292 2420 1298 2438 :
1324 2418 1379 2437 non
1405 2412 1477 2438 cnim
1497 2411 1663 2445 juramentis
1689 2413 1717 2437 et

931 2458 1170 2485 exsecrationibus
1184 2455 1351 2487 istiusmodi,
1367 2457 1414 2483 sed
1428 2456 1532 2483 idoneis
1545 2456 1716 2492 argumentis

932 2511 964 2531 ac
984 2503 1151 2531 testimoniis
1177 2503 1386 2529 criminationes
1410 2502 1535 2537 impactre
1562 2507 1625 2530 sunt
1650 2509 1716 2537 pur-

932 2548 1026 2584 gandae
1040 2550 1116 2583 juxta
1131 2554 1268 2584 receptum
1281 2553 1308 2576 et
1321 2549 1418 2576 rationi
1433 2557 1583 2576 consonum
1599 2557 1714 2576 morctn.

932 2595 1017 2622 Multo
1033 2600 1122 2622 autem
1140 2603 1202 2622 esse
1219 2595 1319 2630 pejoris
1342 2595 1468 2630 exetnpli,
1486 2596 1585 2630 quippe
1599 2604 1613 2622 a
1630 2595 1717 2622 sacris

934 2642 1035 2676 regulis
1059 2647 1086 2669 et
1110 2641 1215 2675 legibus
1233 2641 1361 2668 Ecclesize
1377 2641 1588 2669 intolerabiliter
1602 2641 1715 2668 exorbi-

934 2693 1004 2720 tans,
1018 2687 1092 2722 quod
1105 2686 1148 2714 hic
1161 2687 1223 2714 fecit
1238 2687 1413 2720 Athanasius,
1427 2687 1493 2713 diris
1511 2686 1714 2713 anathematutn

934 2734 961 2761 in
975 2734 1047 2760 solos
1066 2733 1118 2760 rite
1142 2733 1301 2767 torquendis
1321 2734 1441 2760 scienter
1454 2736 1598 2767 peccantes
1611 2736 1637 2758 et
1653 2738 1717 2766 pro-

935 2785 1008 2808 terve
1025 2785 1212 2812 contumaoes,
1231 2779 1366 2813 subjicere
1381 2786 1409 2806 se
1425 2780 1499 2805 aiens
1512 2778 1592 2805 etiam
1607 2785 1652 2805 eos
1668 2777 1715 2811 qui

934 2826 1040 2860 abrepti
1059 2826 1147 2853 aliena
1168 2826 1328 2853 scductione
1346 2824 1519 2860 prolupsiqttc
1543 2832 1590 2859 per
1613 2824 1718 2858 impru-
