1944 3061
202 129 256 160 279

799 135 961 166 GEORGII
981 137 1227 168 PACHYMERE

1777 136 1831 168 ρεε)

200 192 264 221 τοὺς
279 189 382 225 χᾶρτας
396 189 553 223 δεικνύντας
572 191 756 220 πυνθάνεσθαι
770 194 794 219 εἰ
817 195 899 227 αὐτὸς
915 195 985 231 πρά-
998 198 1022 227 Α
1036 194 1092 231 εἶχε
1109 196 1220 231 δεσμεῖν
1233 195 1270 228 ὡς
1281 195 1361 231 δῆθεν
1375 196 1580 232 παρασυρέντα.
1600 205 1610 222 ι
1636 196 1703 224 Τότε
1722 197 1751 223 δὲ
1766 197 1828 223 ἐπεὶ

200 237 255 269 ξειε
268 236 317 263 καὶ
330 236 405 268 ὅπως
418 236 530 272 πράξειε
543 237 589 264 καὶ
602 239 627 264 εἰ
644 238 750 271 τούτοις
768 238 845 272 αὖθις
861 241 987 276 ἐμμένοι.

207 282 381 316 Ἐκλέγονται
397 282 487 310 τοίνυν
506 285 573 319 πρὸς
586 285 635 319 τὴν
649 285 801 317 ἀποστολὴν
812 287 928 322 δοξάσης
939 287 988 321 τῆς

203 328 300 363 βουλῆς
317 330 331 355 ο
345 329 391 355 ἐπὶ
404 328 451 355 τοῦ
475 330 629 357 κανικλείου
641 339 672 357 τε
689 331 812 367 Χοῦμνος
831 333 876 359 καὶ
902 332 917 358 ὀ
933 333 989 359 Κυ-

201 373 315 408 πριανὺς
327 375 510 409 χαρτοφύλαξ,
523 375 547 402 οἳ
559 375 606 402 καὶ
623 378 817 410 συγγεγονότες
828 378 925 412 ἐκείνῳ
938 377 988 412 τὴν

201 420 255 448 ἀπὸ
268 414 316 446 τού
331 419 464 455 βασιλέως
473 421 520 447 καὶ
532 422 581 457 τῆς
595 422 717 455 συνόδου,
731 423 769 454 ὡς
783 423 877 459 ἐχρῆν,
886 424 988 458 διαμή-

201 474 277 492 νυσιν
304 466 478 502 ἐποιήσαντο.
500 467 529 494 '0
546 467 569 494 δ’
583 468 684 496 αὐτίκα
700 469 747 494 καὶ
765 469 802 500 ὥς
825 470 907 501 αὐτὸς
922 471 990 505 γρᾶ-

200 512 278 546 ψειεν
293 512 428 546 ὡμολόγει
450 512 497 540 καὶ
511 513 549 545 ὤς
564 514 596 540 ὲκ
625 515 809 550 μικροψυχίας
825 515 887 542 τότε
910 516 988 550 ποιή-

202 565 270 588 σειε,
288 556 326 593 μὴ
354 557 408 592 μὴν
435 557 463 583 δὲ
477 558 525 584 καὶ
551 558 637 586 ἄλυτα
651 559 733 594 ἔχειν,
761 560 830 587 ἀλλὰ
846 562 893 587 καὶ
907 559 988 593 αὖθις

202 602 302 629 αὐτίκα
312 602 397 635 λύειν,
416 612 426 629 ι
444 603 474 630 El
491 605 538 630 καὶ
556 605 606 631 οὐκ
619 605 768 640 ἐξεγένετο,
780 607 857 641 φησὶ,
869 607 989 639 καὶτοὺς

202 648 307 683 χάριτας
323 648 428 675 ἐκεῖθεν
447 649 628 677 ἐπανελέσθαι
644 652 862 687 ὲπεισπεσούσης
879 653 928 687 τῆς
943 662 990 679 τα-

204 694 299 728 ραχῆς.
314 703 324 720 ι
339 693 421 721 Ταῦτ’
433 694 510 730 ἔλεγε
523 696 573 731 μὲν
587 697 701 730 ἐκεῖνος,
714 699 853 725 ὑπενοεῖτο
865 699 894 725 δὲ
902 699 936 726 τὰ
951 700 989 734 μὴ

201 740 267 767 ὄντα
284 740 380 775 λέγων,
402 741 476 768 Ἔδει
492 744 547 777 γὰρ
562 745 733 778 ἐμφανίζειν,
749 746 774 771 οἱ
797 745 989 781 δοκιμάζοντες

202 785 305 820 ἔλεγον,
321 787 368 813 καὶ
382 787 476 821 ζητεῖν
488 789 671 824 συγγνώμην,
688 792 768 826 ειπερ
786 791 904 826 εὐθύτης
925 794 990 827 ἡκο-

202 832 293 859 λούθει
307 835 363 865 τοῖς
388 834 559 869 πράγμασιν,
576 836 643 862 ἀλλὰ
663 837 701 872 μὴ
722 838 926 873 ἐμπεριοκεψία
941 839 988 865 καὶ

204 879 324 914 βαθύτης
350 880 478 913 ὕπουλος,
490 880 528 912 ὡς
544 881 578 908 ἂν
593 882 634 913 είς
655 883 752 918 καιρὸν
769 884 804 911 τὰ
820 885 922 919 φοϐερὰ
943 885 988 910 καὶ

203 925 327 961 φρικώδη
352 927 583 960 προανατετακὼς
602 928 705 961 ἀξιοῖτο
733 929 819 962 λύειν,
847 929 990 956 ἀναλαϐὼν

202 971 252 1006 τὴν
266 972 349 1006 τιμὴν
370 971 403 1007 ἣν
421 973 581 1008 παρῃτεῖτο,
595 973 689 1008 σκοπῷ
701 974 729 1000 δὲ
752 976 776 1000 εἱ
794 974 831 1009 μὴ
844 975 889 1001 διὰ
904 975 991 1001 ταῦτα

202 1020 235 1052 τῇ
246 1017 395 1054 Ἐκκλησία
404 1019 451 1045 καὶ
461 1019 539 1051 αὖθις
550 1020 725 1054 παρεισήχθη
739 1020 782 1046 διὰ
795 1021 844 1055 τὴν
858 1020 990 1055 πλείστην

203 1063 269 1098 περὶ
282 1063 317 1090 τὰ
331 1063 392 1092 θεῖα
399 1064 447 1091 τοῦ
459 1065 591 1100 βασιλέως
607 1066 759 1099 εὐλάϐειαν,
768 1066 798 1093 ὃν
809 1066 857 1092 καὶ
871 1066 992 1100 ἄφυκτον

204 1154 325 1181 dentiam
338 1153 511 1188 impegcrint.
528 1154 589 1182 Haec
602 1159 741 1189 utcunque
763 1156 948 1184 verisimilitcr
961 1164 992 1183 ac

204 1199 344 1233 sapienter
354 1200 390 1226 ita
402 1200 447 1227 isti
462 1201 645 1234 disserebant,
654 1201 735 1237 253
745 1207 834 1230 tamen
845 1203 993 1238 imperator

205 1245 232 1273 in
247 1244 412 1272 securiorem
427 1253 536 1280 semper
552 1251 655 1281 partem
669 1248 914 1280 incutnhere,dum
924 1257 993 1283 quo-

206 1291 400 1324 modocunque
424 1290 577 1322 dubitatur.
596 1291 705 1323 solitus,
724 1294 954 1328 circumspectius
968 1300 994 1320 et

208 1336 241 1361 ad
255 1343 350 1369 pacem
366 1334 497 1363 Ecclesiae
508 1337 744 1365 accommodatius
758 1339 951 1365 consulturum
964 1346 994 1366 se

207 1381 323 1414 putavit,
339 1380 361 1407 si
376 1381 547 1415 decerneret,
563 1385 593 1408 ut
608 1382 682 1415 fecit,
698 1383 845 1411 mittendos
861 1384 893 1410 ad
906 1384 993 1411 Atha-

208 1426 316 1454 nasium
347 1431 438 1454 certos
467 1427 603 1458 homines.
632 1428 678 1462 qui
707 1428 742 1455 ab
769 1436 801 1456 eo
827 1435 991 1464 quazrcrent,

207 1472 328 1500 ustensis
345 1472 384 1500 illi
402 1479 469 1507 quos
489 1473 548 1507 ipse
569 1473 714 1508 scripsisse
730 1474 868 1502 diceretur
883 1475 993 1507 libellis,

205 1528 240 1546 an
255 1526 349 1547 revera
362 1526 410 1546 eos
422 1524 450 1546 et
472 1526 522 1546 cur
536 1527 625 1554 quove
641 1520 757 1547 consilio
775 1521 944 1555 scripsisset,
964 1526 992 1548 et

206 1571 273 1591 num
287 1563 314 1590 in
331 1563 427 1591 eadem
441 1571 525 1595 nunc,
541 1572 594 1598 qua
615 1565 682 1592 olim
700 1564 798 1593 fuisset
814 1567 847 1593 ad
866 1567 990 1594 scriben-

206 1609 270 1635 tlum
294 1609 440 1643 impulsus.
469 1610 606 1637 sententia
626 1614 653 1636 et
678 1611 817 1638 voluntate
843 1616 989 1645 perstaret.

206 1654 246 1680 Ad
271 1653 321 1680 hoc
337 1654 414 1681 electi
435 1658 499 1681 sunt
514 1655 658 1689 prazfeclus
672 1656 792 1683 Caniclei
808 1657 947 1684 Cltutunus
966 1662 991 1684 et

206 1700 361 1735 Cyprianus
379 1699 588 1735 chartophylax.
608 1701 658 1733 Qui
681 1706 825 1737 postquam
841 1703 990 1730 Athanasio

208 1750 344 1772 convento
359 1745 536 1778 imperatoris
550 1750 576 1773 et
588 1746 685 1781 synodi
701 1747 830 1774 mandata
847 1747 898 1774 rite
910 1755 991 1782 expo-

207 1795 333 1824 suerunt,
355 1791 400 1819 ille
413 1791 558 1820 confestim
585 1797 626 1819 est
642 1792 733 1820 fassus
754 1797 781 1819 et
797 1801 827 1820 se
851 1794 895 1820 illa
922 1795 992 1821 seri.

206 1838 307 1872 pSisse,
322 1843 347 1865 et
369 1837 597 1872 pusillanimitate
613 1844 644 1864 ac
661 1846 778 1865 mmrore
797 1839 874 1866 fracti
895 1840 990 1871 animi,

207 1885 308 1920 quibus
319 1889 385 1912 tunc
394 1885 553 1919 agitaretur,
565 1886 635 1912 male
643 1886 832 1920 perturbatum
843 1887 867 1912 id
880 1887 969 1921 egisse
983 1896 989 1913 :

207 1931 342 1959 seseideo
358 1931 402 1958 illa
420 1931 544 1959 etfuisse
562 1939 576 1957 a
595 1932 731 1966 principio
749 1932 825 1959 irrita
843 1938 948 1967 putare,
965 1937 991 1959 et

207 1985 295 2010 nunc,
310 1982 443 2013 quantum
456 1982 548 2012 posset
559 1983 607 2004 aut
623 1985 692 2012 opus
708 1983 792 2011 esset,
809 1986 885 2006 cassa
903 1979 989 2006 velle:

211 2035 224 2051 ι-
234 2024 266 2051 Et
277 2025 394 2056 utinam,
406 2024 523 2056 addidit,
533 2023 633 2051 chaer
646 2024 715 2056 ista),
727 2033 787 2058 qua:
801 2025 874 2051 hunc
890 2025 991 2051 tumul-

207 2076 266 2097 tunt
284 2071 470 2101 concitarunt,
483 2077 624 2104 nunquam
643 2070 670 2097 in
685 2078 717 2098 eo
733 2071 777 2097 ubi
796 2069 993 2097 tlelilescebant

207 2117 269 2143 loco
295 2121 421 2151 repertae,
446 2123 586 2151 nunquam
603 2120 734 2144 extractae
754 2117 829 2143 illinc
849 2121 952 2144 essent.
979 2126 1006 2142 ι»

207 2163 247 2189 lta
267 2166 333 2190 tunc
353 2162 454 2192 ille,ne
474 2162 514 2189 sic
524 2163 633 2197 quidem
650 2163 896 2197 perspicacieribus
911 2163 990 2189 tidem

1040 242 1087 268 καὶ
1098 242 1208 276 ’ἕτοιμος
1223 239 1257 277 ἦν
1271 242 1419 277 γράμμασι
1434 243 1540 274 πιστοῖς
1566 242 1719 277 ιγχαράξαι
1733 243 1767 268 τὰ
1780 242 1831 276 τῆς

1039 286 1200 321 ἀπολογίας,
1229 287 1266 318 ὼς
1282 287 1329 314 καὶ
1343 287 1478 323 ἀπῄτητό,
1496 287 1589 314 λαϐὼν
1609 287 1714 323 χάρτην
1733 289 1830 314 οἰκειο-

1039 333 1138 368 χείρως
1165 333 1199 360 τὰ
1224 333 1340 359 πλεῖστα
1363 333 1419 359 τάδ’
1436 332 1573 368 ἔγραψεν·
1597 342 1606 359 ι
1631 333 1710 367 Ἐμοὶ
1728 333 1828 367 συνέϐη

1039 378 1269 413 πατριαρχεύοντι
1282 378 1392 410 πολλοῖς
1418 379 1464 406 καὶ
1493 380 1658 414 πειρασμοῖς
1686 379 1828 413 ἐμπεεεῖν,

1039 424 1087 449 καὶ
1101 423 1146 450 διὰ
1161 424 1241 450 τοῦτο
1255 423 1285 456 ἐξ
1301 424 1387 457 αὐτῆς
1403 424 1452 458 τῆς
1472 424 1664 459 κατασχούσης
1689 432 1720 458 με
1733 423 1845 461 ὀδύνης-

1039 470 1086 496 καὶ
1105 469 1221 504 πικρίας
1239 470 1439 505 παρακινηθεὶς
1466 471 1619 504 γράμματα
1633 469 1675 505 ΙΡ.
1692 468 1754 505 1η]
1769 468 1831 502 ἑξή-

1039 523 1124 548 νεγκα
1139 515 1220 550 βάρος
1235 516 1392 550 ἀφορισμοῦ
1408 518 1455 542 καὶ
1481 515 1583 542 λοιπῶν
1608 515 1754 548 ἐπιτιμίων
1769 514 1829 540 κατ’

1039 561 1127 588 αὐτῶν
1146 562 1244 596 ἔχοντα
1258 562 1311 588 τῶν
1326 561 1480 596 θλιψάντωι
1499 570 1532 596 με
1557 562 1603 588 καὶ
1622 560 1829 594 λελυπηκὸτων.

1045 606 1193 642 Ἐγνιῦρισε
1211 607 1234 632 δ’
1261 607 1290 639 ἐξ
1310 607 1401 633 αὐτῶν
1418 607 1472 634 τῶν
1498 607 1719 641 ἐπιτιμηθέντων
1744 605 1832 636 οὐδεὶς

1039 652 1100 677 οὔτε
1118 652 1182 686 περὶ
1196 651 1251 678 τῶν
1266 652 1421 687 εἰρημένων
1441 652 1612 687 γραμμάτων
1627 651 1688 677 οὔτε
1701 650 1765 684 περὶ
1775 649 1830 677 τῶν

1040 697 1068 722 ἐν
1083 697 1175 728 αὐτοῖς
1190 697 1348 732 ἐπιτιμίων.
1382 696 1449 724 Εῐτα
1475 697 1544 724 αὐτὰ
1562 697 1611 731 μὲν
1627 697 1661 723 τὰ
1679 696 1831 732 γράμματα

1039 743 1069 768 ἐν
1089 743 1242 778 ἀποκρύφῳ
1270 744 1324 769 τινὶ
1339 744 1388 770 καὶ
1418 744 1559 774 παντελῶς
1578 743 1669 777 ἀδήλῳ
1694 743 1770 777 τόπῳ
1783 742 1831 769 τοῦ

1041 789 1160 823 μεγάλου
1174 789 1238 816 ναοῦ
1251 789 1302 824 τῆς
1315 790 1362 816 τοῦ
1376 789 1443 816 Θεοῦ
1459 789 1540 823 ἁγίας
1553 789 1650 824 σοφίας
1664 789 1832 815 ἀποτεθέντα

1041 836 1070 860 ὲν
1090 835 1164 870 αὐτῷ
1179 836 1218 869 τῷ
1233 835 1307 870 τόπῳ
1326 836 1373 862 καὶ
1396 835 1515 869 διέμεινε
1538 834 1738 869 φυλαττόμενα.
1761 833 1832 867 Ἐγὼ

1041 880 1069 908 δὲ
1085 881 1146 906 ἐπεὶ
1163 881 1209 907 τοῦ
1229 881 1326 916 θρόνου
1342 881 1521 916 ἀναχωρῆσαι
1537 881 1583 906 καὶ
1599 881 1648 914 τῆς
1667 889 1832 915 πατριαρχι-

1043 926 1094 959 κῆς
1113 925 1204 961 πάσης
1216 925 1385 960 προστασίας
1401 924 1568 960 παραίτησιν
1582 924 1738 959 ὴὸουλήθην
1754 925 1833 959 ποιή-

1044 971 1142 998 σασθαι
1157 971 1206 997 καὶ
1218 971 1366 1005 ἡσυχάζειν
1381 971 1463 998 πάλιν
1481 969 1541 997 κατ’
1570 970 1690 1004 ἐμαυτὸν
1718 970 1756 1000 ὡς
1783 970 1832 996 καὶ

1044 1017 1190 1051 πρότερον,
1209 1016 1290 1046 εὐθὺς
1304 1017 1352 1043 καὶ
1367 1016 1397 1042 τὸ
1417 1016 1530 1052 σύμπαν
1555 1017 1611 1045 τῶν
1628 1017 1831 1051 γεγραμμένων

1045 1064 1132 1089 ἐκεῖ-ο
1148 1062 1229 1097 βάρος
1241 1062 1270 1096 ἐξ
1284 1062 1369 1098 αὐτῆς
1378 1062 1467 1097 ψυχῆς
1480 1061 1610 1094 διαλύσας
1621 1063 1753 1097 ἠθέτησα,
1767 1069 1832 1095 συγ-

1048 1155 1167 1181 animum
1184 1152 1368 1187 imperatoris,
1389 1159 1505 1187 eumque
1523 1157 1596 1180 metu
1617 1152 1669 1179 isto
1687 1151 1832 1179 induceret

1046 1200 1077 1226 ad
1095 1207 1124 1227 se
1141 1199 1167 1225 in
1186 1198 1285 1226 throno
1302 1198 1499 1232 reponendum,
1525 1198 1597 1225 unde
1615 1198 1738 1232 ingratus
1760 1205 1791 1224 ac
1805 1197 1831 1223 vi

1045 1249 1158 1272 coactus
1169 1243 1368 1275 descendisset,
1387 1243 1466 1270 facile
1481 1248 1629 1270 autumans
1644 1242 1713 1269 nihil
1727 1242 1830 1277 pacisci

1046 1296 1235 1317 recusaturum
1261 1282 1414 1323 Augustum
1436 1296 1485 1323 pro
1503 1295 1550 1323 spe
1568 1288 1682 1315 infirmte
1694 1296 1726 1316 ac
1746 1295 1830 1322 supra

1045 1336 1157 1363 modum
1174 1335 1298 1362 delicata
1313 1335 1488 1362 conscientias
1500 1335 1629 1368 pacanda:
1641 1353 1649 1362 .
1665 1334 1750 1367 Quem
1767 1335 1831 1362 ideo

1046 1387 1150 1410 terrere
1170 1381 1331 1408 nominatim
1354 1384 1382 1408 et
1403 1380 1486 1415 254
1504 1380 1674 1408 damnationi
1701 1388 1715 1407 a
1744 1389 1773 1408 se
1801 1381 1830 1408 in

1047 1436 1143 1456 omnes
1158 1428 1298 1455 intentata!
1317 1427 1419 1454 diserte
1436 1427 1575 1455 involvere
1595 1427 1734 1455 studuisse
1756 1428 1832 1455 vide-

1047 1477 1133 1504 retur.
1159 1474 1220 1500 dum
1243 1473 1315 1500 inter
1333 1473 1385 1499 alia
1403 1473 1478 1500 clare
1495 1473 1638 1508 professus
1662 1478 1705 1501 est
1726 1481 1755 1501 se
1773 1481 1829 1501 non

1046 1520 1123 1548 solos
1138 1527 1185 1546 eos
1201 1519 1440 1546 excommunicare
1462 1519 1508 1554 qui
1526 1519 1646 1547 scientes
1658 1524 1831 1554 peccassent,

1044 1574 1139 1594 verum
1156 1565 1218 1592 illos
1229 1565 1311 1592 etiam
1326 1563 1372 1595 qui
1385 1564 1472 1591 aliena
1488 1564 1593 1592 seducti
1609 1564 1706 1592 fraude
1723 1565 1831 1599 impru-

1044 1611 1141 1639 denter
1165 1610 1296 1644 pertracti
1318 1609 1433 1636 fuissent
1456 1609 1483 1635 in
1510 1609 1728 1644 qualemcunque
1743 1610 1830 1644 parti-

1045 1657 1211 1691 cipationem
1230 1655 1361 1682 initorum
1375 1659 1469 1682 contra
1488 1662 1518 1682 se
1534 1655 1724 1682 consiliorum.
1745 1664 1753 1680 ι
1773 1654 1831 1682 [ioc

1046 1704 1095 1730 fuit
1110 1703 1257 1730 multorum
1269 1702 1302 1729 de
1313 1702 1366 1729 isto
1377 1702 1519 1729 Athanasii
1535 1702 1809 1737 responsojudicium
1822 1711 1829 1729 :

1045 1757 1119 1777 nunc
1134 1752 1232 1776 cattcra
1248 1748 1405 1775 reddamus.
1428 1749 1470 1776 Ab
1490 1756 1523 1776 eo
1543 1749 1583 1776 sie
1597 1750 1688 1776 locuto
1707 1756 1834 1783 perrexe-

1047 1802 1111 1824 runt
1136 1796 1282 1829 exquirere
1310 1795 1402 1830 legati,
1435 1803 1498 1822 num
1523 1794 1595 1822 hanc
1624 1795 1723 1830 ipsam,
1747 1802 1829 1830 quam

1046 1843 1129 1869 verho
1149 1842 1216 1876 ipsis
1241 1841 1435 1876 expressisset,
1453 1840 1660 1868 excusationem
1690 1841 1771 1867 istius
1789 1839 1831 1866 sui

1047 1888 1120 1918 facti,
1145 1892 1258 1922 paratus
1272 1890 1355 1920 esset,
1372 1886 1395 1913 si
1416 1891 1569 1921 rogaretur,
1588 1886 1620 1913 ad
1646 1893 1741 1913 eorum
1769 1886 1831 1920 cuja

1047 1936 1180 1962 intererat
1200 1933 1326 1960 notitiam
1343 1938 1370 1960 et
1391 1932 1606 1960 satisfactionem
1626 1932 1732 1966 scripto
1758 1938 1834 1958 com-

1045 1981 1138 2015 plecti.
1159 1979 1198 2006 Ad
1220 1987 1252 2006 ea
1280 1979 1325 2006 ille
1344 1978 1446 2005 charta:
1461 1977 1604 2005 confestim
1629 1982 1745 2011 arrepta:
1763 1978 1832 2008 lucc,

1046 2035 1105 2061 quae
1119 2026 1181 2053 licet
1194 2025 1318 2060 pluscula
1329 2023 1374 2050 hic
1388 2022 1516 2055 referam,
1528 2023 1613 2050 illevit
1632 2031 1638 2049 :
1658 2032 1668 2048 ι
1688 2022 1752 2048 Mihi
1768 2030 1833 2048 eon-

1048 2073 1106 2107 tigit
1122 2071 1311 2106 patriarchatu
1330 2069 1452 2103 fungenti
1468 2070 1494 2096 in
1512 2070 1613 2096 multas
1628 2069 1832 2099 tribulationes,

1048 2118 1148 2145 multas
1162 2116 1328 2143 tentationes
1341 2115 1472 2142 incidere.
1486 2114 1585 2141 Harum
1601 2115 1694 2141 subito
1709 2119 1734 2141 et
1752 2114 1833 2140 vehe-

1048 2164 1130 2190 menti
1157 2166 1312 2197 pertractus
1338 2169 1420 2188 sensu
1450 2161 1476 2188 iu
1499 2169 1619 2188 amaram
1643 2159 1829 2186 hahitndincm

209 2208 313 2235 faciens
333 2207 448 2235 sincerae
468 2215 500 2234 ac
531 2209 637 2236 veracis
655 2209 844 2243 professionis.
874 2217 883 2234 ι
907 2207 992 2242 Opor-
1006 2211 1030 2240 D
1043 2209 1213 2237 exacerbata:
1228 2207 1337 2238 mentis,
1354 2207 1451 2240 scripsi
1465 2206 1571 2233 litteras
1586 2205 1760 2232 anathemata
1771 2212 1833 2239 gra-

209 2254 397 2286 tucratcnim,
419 2263 428 2279 ›
446 2254 559 2282 aiebant
573 2254 712 2288 rigidioris
733 2254 871 2288 supercilii
896 2261 994 2281 censo-

208 2308 264 2331 res,
289 2310 297 2325 ι
323 2300 466 2335 agnovisse
483 2300 565 2327 simul
592 2305 619 2328 et
648 2301 805 2327 declarasse
829 2300 993 2327 submissius

209 2346 348 2380 propriam
383 2346 409 2373 in
434 2354 467 2373 eo
492 2346 565 2373 facto
588 2346 695 2380 culpam
725 2345 886 2379 veniamque
912 2352 995 2379 popo-

210 2392 310 2424 scisse,
334 2392 356 2418 si
376 2397 467 2420 rectus
489 2397 516 2420 et
540 2392 653 2426 simplex
667 2392 706 2419 sic
734 2392 854 2425 loquenti
881 2394 994 2418 suberat

210 2439 320 2466 animus
340 2438 502 2471 Athanasio,
526 2443 554 2466 et
575 2446 683 2470 revera,
711 2442 740 2464 ut
765 2438 850 2464 videri
877 2439 993 2468 volehat,

211 2492 259 2519 per
279 2492 382 2512 meram
400 2484 464 2518 a'gri
487 2484 570 2511 animi
595 2484 785 2510 delirationem
812 2483 844 2510 ad
872 2490 903 2509 ea
929 2483 995 2509 seri-

214 2532 301 2560 henda
311 2533 399 2559 fuerat
412 2531 556 2566 impulsus.
576 2530 614 2556 Ex
636 2530 686 2556 hac
700 2529 770 2555 cnim
786 2529 909 2563 profecto
932 2528 995 2555 facti

213 2579 254 2605 sui
271 2583 324 2604 tam
343 2577 445 2604 atrocis
469 2583 528 2603 sera
551 2575 602 2602 ista
618 2582 690 2601 nunc
710 2574 819 2601 demum
835 2581 920 2608 eaque
936 2579 989 2599 tam

213 2623 312 2658 frigida
331 2622 532 2658 improbationc
543 2621 611 2647 satis
628 2620 753 2654 intelligi,
765 2624 905 2653 spectasse
918 2619 994 2645 illum

213 2672 240 2697 in
261 2679 293 2698 eo
318 2670 397 2704 longe
414 2670 476 2703 plus
491 2675 572 2702 quatn
595 2667 674 2693 modo
699 2675 753 2701 prae
768 2675 797 2694 se
822 2667 893 2694 ferat
916 2672 996 2701 atque

213 2718 282 2744 adeo
300 2721 359 2744 astu
378 2714 514 2750 profundo
540 2714 639 2741 mentis
657 2714 785 2747 improba:
807 2722 835 2741 re
859 2715 915 2748 ipsa
942 2721 998 2739 ma-

213 2763 322 2789 chinam
340 2761 367 2788 in
386 2761 437 2787 illis
452 2760 566 2788 latebris
584 2761 727 2790 struxisse.
749 2768 809 2795 quae
829 2761 855 2787 iu
877 2766 997 2794 tempore

214 2810 320 2844 prolata
335 2812 438 2835 terrore
450 2808 510 2834 diro
518 2808 808 2834 anathematismorum
826 2807 996 2834 horribilium

216 2860 386 2888 concuteret,
398 2863 478 2890 quem
492 2854 532 2883 his
543 2855 652 2882 olnt)in
667 2862 691 2881 ιιι
702 2854 894 2882 formidinibns
909 2857 994 2884 norat,

1048 2257 1090 2282 via
1109 2262 1298 2289 censurasque
1311 2253 1338 2280 id
1362 2261 1448 2288 genus
1470 2257 1577 2279 atroces
1606 2252 1632 2278 in
1655 2259 1701 2278 eos
1725 2251 1772 2285 qui
1789 2258 1831 2277 me

1045 2305 1209 2328 vexaverant
1228 2305 1255 2327 et
1274 2300 1400 2326 laeserant
1427 2298 1577 2330 habentes;
1594 2305 1709 2332 quarum
1734 2296 1831 2323 notitia

1046 2353 1226 2375 ceusurarum
1245 2345 1345 2372 nemini
1365 2352 1459 2371 eorutn
1486 2343 1513 2370 in
1529 2351 1598 2377 quos
1622 2343 1674 2369 illa:
1690 2343 1832 2376 intorque-

1047 2393 1146 2420 bantnr
1158 2392 1247 2419 oblata
1260 2392 1314 2418 ulla
1332 2395 1387 2423 est;
1404 2399 1436 2417 ac
1451 2398 1484 2416 ne
1501 2389 1633 2416 indicium
1650 2389 1759 2423 quidem
1771 2387 1831 2414 cui-

1046 2440 1086 2465 vis
1100 2438 1200 2464 factum
1217 2437 1258 2463 vel
1282 2437 1394 2463 istarum
1409 2435 1529 2470 ipsarqu
1545 2435 1697 2462 litterarum
1718 2433 1757 2460 vel
1774 2434 1832 2467 pia-

1047 2484 1179 2511 culariqu
1201 2490 1333 2509 noxarum
1359 2489 1425 2516 quas
1450 2480 1639 2507 continebant.
1668 2478 1714 2505 Ha:
1729 2478 1829 2505 deinde

1046 2530 1142 2555 Ltterac
1159 2528 1185 2554 in
1202 2527 1318 2562 quodam
1336 2527 1463 2553 abstruso
1477 2529 1504 2552 et
1522 2532 1635 2559 prorsus
1658 2524 1752 2558 ignoto
1768 2523 1830 2550 loco

1047 2574 1137 2609 magni
1150 2575 1242 2608 templi
1260 2577 1360 2600 sanctae
1385 2573 1430 2599 Dei
1456 2571 1604 2606 Sapientim
1622 2570 1764 2605 depositae,
1780 2570 1832 2596 ibi-

1047 2624 1108 2648 dem
1125 2619 1270 2647 custodita:
1286 2623 1508 2653 permanserunt.
1528 2617 1584 2652 Ego
1600 2624 1665 2643 vero
1685 2621 1830 2650 postquam

1048 2668 1146 2694 throno
1167 2665 1263 2692 cedere
1283 2671 1309 2692 ct
1334 2664 1424 2691 cumis
1446 2662 1638 2698 patriarchalis
1661 2660 1832 2695 praefectura:

1048 2713 1248 2740 abdicationem
1275 2711 1347 2738 volui
1381 2710 1482 2741 facere,
1511 2709 1711 2743 quicscereque
1735 2715 1832 2735 rursus

1050 2759 1120 2793 apud
1131 2767 1172 2785 tne
1189 2758 1260 2784 sicut
1274 2758 1358 2792 prius,
1370 2756 1461 2783 statim
1480 2760 1564 2782 totum
1582 2753 1647 2781 illttd
1664 2753 1831 2788 scriptorum

1049 2812 1120 2832 onus
1141 2811 1173 2830 ex
1203 2803 1262 2836 ipsa
1293 2802 1382 2828 anima
1409 2801 1517 2828 diluens
1550 2799 1692 2833 ahrogavi,
1724 2797 1830 2824 veniam

1051 2859 1157 2879 onmem
1174 2851 1306 2877 univi-rsm
1324 2849 1368 2875 Ι)οἰ
1387 2848 1544 2883 impertiens
1570 2846 1699 2874 Ecclesia?
1720 2850 1745 2873 et
1763 2844 1831 2880 ipsis
