1944 3061
179 108 232 140 287

779 110 941 141 GEORGII
963 110 1201 142 ΡΑΕΙΙΥΜΕΗΑΞ

1744 108 1799 141 £288

180 166 260 201 μένον
274 164 357 191 πάλαι
386 164 433 192 ἅτε
457 166 502 192 καὶ
532 166 613 193 αὐτὸν
631 166 690 193 κατ’
709 167 813 195 ἐκείνου
828 169 863 195 τὰ
879 168 962 195 πολλὰ
977 173 998 200 Α
1014 169 1151 204 λοιδοριῶν
1176 169 1213 200 ὼς
1228 168 1339 200 δικαίως
1365 168 1529 201 ἐπεξιοῦσιν.
1558 169 1586 195 ’0
1600 168 1620 194 δ’
1633 168 1737 195 ἔνδοθεν
1751 166 1798 200 ἀφ’

180 210 370 246 ψμοὺμενον.
384 211 440 237 Καὶ
452 211 500 238 σὺν
518 212 592 246 σφίσι
611 212 660 245 τὴν
672 213 740 247 πρὸς
759 214 863 240 ἐκεῖνον
875 212 925 249 (ἦν
938 214 963 240 δ’

180 256 226 281 ἐπὶ
237 254 284 281 τοῦ
298 255 415 290 πυργίον
435 255 514 291 τότε)
543 256 700 290 ἠπείγοντο.
735 258 763 284 Ὁ
776 257 804 284 δὲ
828 259 962 293 προγνοὺς

179 300 229 335 τὴν
244 301 297 327 τῶν
311 301 441 327 ἐπιόντων
453 301 558 335 ἔφοδον,
570 302 617 329 καὶ
626 302 663 334 ὡς
675 303 721 329 ἐπὶ
732 305 802 339 κακῇ
820 306 928 339 προῦπη
934 314 963 339 ρ-

179 346 265 381 γμὲνῃ
295 347 384 381 φήμῃ,
413 347 437 373 εί
463 347 509 373 καὶ
533 347 632 382 ψευδὴς
648 346 692 383 ἧν,
719 349 876 375 ἀπαντῶσιν
899 350 960 385 ἤδη,

180 391 310 426 θραύεται
323 393 372 426 τὴν
385 393 485 427 ὁρμὴν,
502 393 548 419 καὶ
562 393 689 420 εἰσελθὼν
707 394 756 430 τὴν
774 396 864 421 ἐκεῖσε
877 395 961 430 μονὴν

180 439 226 465 τοῦ
243 440 270 465 ὲν
287 439 406 474 μάρτυσι
429 440 558 474 μεγίστου
593 441 738 475 Γεωργίου,
761 442 811 474 τὴν
839 442 885 467 τοῦ
900 442 961 472 Διὸς

182 484 253 519 ἱεροῦ
266 485 361 517 πάλαι,
378 486 425 511 τοῦ
441 485 578 519 ἀσφαλοῦς
597 486 683 521 ἐαυτῷ
712 487 846 521 προὺνόει.
870 487 924 513 Καὶ
936 487 961 513 οἱ

181 531 231 565 μὲν
244 531 400 561 ἐπιστάντες
416 531 514 562 ἔξωθεν
540 532 761 565 ὲπιζυγωοεισῶν
791 533 844 558 τῶν
868 532 960 559 πυλῶν

179 576 228 610 τῆς
244 576 328 610 μονῆς
355 577 581 611 ἐσπουδασμένως
612 579 645 604 τὰ
671 579 719 612 τῆς
733 579 826 612 κωφῆς
854 579 962 614 ἐκείνης

180 622 345 656 κατηγορίας
360 623 533 654 συνέπλεκον,
545 623 592 648 καὶ
609 623 658 649 οὐκ
680 623 713 649 ἂν
728 623 821 657 ἔλεγον
833 624 960 660 Ἰωάννην

180 668 334 702 περαιτέρω
347 668 401 693 τῶν
416 668 529 694 ἐντολῶν
544 669 597 694 τῶν
612 669 685 703 παρὰ
702 669 831 703 βασιλέως
846 670 962 704 προελη-

180 712 288 739 λυθέναι
305 713 352 747 (τδ
368 713 390 740 δ’
415 711 449 748 ἦν
462 714 553 749 τδ-τὴν
573 714 662 740 αὐτῶν
678 715 860 742 ὑπαλλάττειν
877 723 962 751 στρα-

180 759 279 791 τείαν),
289 759 312 784 εἰ
330 759 366 794 μή
384 767 415 794 γε
427 759 475 786 καὶ
488 760 537 793 τῆς
551 760 590 790 εἰς
605 760 718 794 βασιλέα
733 761 961 796 καταφρονήσεως

181 804 275 838 ἄρχειν
291 805 418 838 ἐγνώκει.
430 806 466 831 Τὸ
481 806 502 832 δ’
517 804 550 840 ἦν
563 805 692 840 ἄντικρυς
713 807 961 841 καταδημαγωγία,

180 850 196 876 d
206 859 218 881 ;
233 850 356 877 ἐντεῦθεν
372 850 420 886 τὴν
435 852 493 877 κατ’
518 852 599 878 αὐτοῦ
618 853 692 887 σρῶν
715 852 819 888 ίσχὺειν
830 853 961 885 ἐπίθεσιν,

181 896 228 922 aut
242 896 387 932 πρόϐλημα
403 895 437 932 ἧν
452 898 543 930 αὐτοῖς
559 898 670 933 ἰσχυρὸν
695 899 750 925 τῶν
777 899 838 926 κατ’
857 899 962 926 ἐκείνου

180 991 280 1014 tentem
296 987 468 1022 cupiditatem
485 986 635 1016 ulciscendi
653 989 771 1016 molestae
785 989 863 1023 ipsis,
878 997 964 1025 quan-

182 1034 283 1060 tumvis
299 1041 382 1068 aequae
408 1041 439 1061 ac
457 1034 565 1068 publice
603 1036 734 1063 salutaris
762 1037 963 1065 distributionis

181 1083 339 1110 auctorem.
362 1078 541 1115 TheolepIum
567 1080 831 1116 Philadelphiensem
861 1091 962 1110 conve-

183 1121 262 1148 niunt
278 1123 450 1158 episcopum.
476 1125 555 1159 eique
572 1125 697 1153 deferunt
722 1127 897 1155 manifestum
923 1129 962 1155 vi-

181 1168 239 1194 deri
256 1175 289 1195 ex
305 1169 338 1195 iis
355 1177 416 1203 qum
431 1169 610 1197 Tarchaniota
629 1177 733 1206 ageret,
751 1172 876 1200 meditari
900 1180 961 1201 eum

179 1214 361 1242 defectionem
377 1215 412 1242 ab
425 1215 599 1250 imperatore,
612 1217 759 1251 omniaque
774 1218 869 1245 sedqu
887 1226 963 1245 eom-

181 1267 277 1294 pararc
295 1264 323 1286 ut
338 1267 399 1287 mox
417 1265 511 1288 cotttra
529 1261 604 1288 illum
623 1262 710 1295 palam
734 1263 896 1298 insurgeret.
915 1264 964 1291 Fa-

180 1305 232 1332 cile
244 1305 268 1332 id
288 1306 325 1332 illi
343 1311 541 1340 persuaserunt
562 1307 691 1337 antistiti.
721 1308 859 1343 malejam
884 1315 962 1337 antea

181 1349 214 1376 in,
229 1348 444 1377 Tarchaniotam
461 1350 568 1384 allecto,
596 1352 696 1387 quippe
715 1360 730 1380 a
750 1361 805 1388 quo
822 1359 963 1382 contume-

181 1396 250 1423 liose
271 1404 300 1424 se
323 1404 432 1432 quoque
460 1398 616 1425 traductum
632 1404 657 1425 et
686 1401 793 1427 irrisum
814 1401 963 1435 reprehen-

180 1449 297 1476 sumque
315 1442 495 1470 meminisset.
511 1443 582 1478 Ergo
599 1448 626 1470 et
650 1444 694 1471 lilc
713 1444 829 1473 ducibus
848 1447 961 1473 seditio-

1017 215 1101 249 ὕψους
1116 215 1164 241 τοῦ
1176 214 1283 249 τείχους
1301 214 1456 249 ἑωραμένος
1473 215 1539 249 πρὸς
1559 214 1608 248 τὴν
1633 214 1800 248 κατηγορίαν

1015 259 1143 292 ἀσφαλῶς
1171 259 1274 290 ἵστατο,
1302 259 1349 285 καὶ
1378 258 1416 293 τῷ
1431 259 1555 294 ἀρχιερεῖ
1577 259 1799 294 προσωνείδιζεν,

1016 303 1110 334 ἀνοίας
1121 303 1234 337 κρίνων,
1250 304 1273 330 εί
1291 305 1530 339 συμπεπεισμένος
1542 306 1672 337 τοιούτοις
1687 305 1800 340 ἀνδράσι

1018 349 1104 375 ποιεῖν
1123 348 1157 375 τὰ
1174 349 1254 382 ὃμοια
1279 349 1349 383 ἔγνω
1366 351 1561 385 παραγεγονὼς
1572 352 1617 378 τὸν
1633 352 1700 387 μηδὲ
1721 353 1800 379 σκιὰν

1016 393 1144 424 ἀπιστίας
1161 394 1261 421 είδότα.
1276 395 1388 421 Βασιλεῖ
1398 396 1451 431 γὰρ
1467 397 1514 423 καὶ
1540 397 1641 430 μᾶλλον
1656 398 1800 432 φυλάττειν

1015 437 1108 462 πίστιν
1135 437 1182 464 καὶ
1202 437 1314 472 βεϐαίαν
1328 439 1420 474 φέρειν
1445 441 1494 474 τὴν
1519 440 1635 474 εὔνοιαν,
1669 442 1743 476 αὺτῷ
1770 441 1800 468 δὲ

1014 483 1173 509 τούντεῦθεν
1186 483 1232 509 καὶ
1247 484 1347 518 μᾶλλον
1361 486 1425 519 μηδ’
1446 485 1483 516 ὡς
1500 486 1625 521 ἀρχιερεῖ
1641 487 1798 522 προσέχειν,

1014 527 1038 553 εἰ
1054 528 1102 561 τὴν
1120 528 1186 563 πρὸς
1211 529 1291 555 αὐτὸν
1319 529 1364 556 διὰ
1393 530 1440 565 τὴν
1457 531 1504 558 τοῦ
1536 531 1683 567 σχίσματος
1708 533 1799 559 αἰτίαν

1015 573 1177 608 ἀπέχθειαν,
1194 574 1207 600 ὃ
1219 574 1250 609 δὴ
1263 577 1310 601 καὶ
1330 575 1456 610 βασιλεὺς
1470 575 1524 603 οἵδε
1540 578 1585 604 καὶ
1601 580 1737 612 συγχωρεῖ
1751 579 1784 605 αὑ

1014 619 1071 651 τὸς,
1089 621 1146 651 τοῖς
1159 621 1250 647 οὐκέτ’
1265 620 1324 649 οὖσι
1336 623 1406 649 κατὰ
1421 623 1551 658 βασιλέως
1569 625 1714 659 αἰτιάματι
1730 634 1793 660 συμ-

1016 665 1127 692 πλέκειν
1149 667 1235 693 ἐθέλοι
1251 668 1298 694 καὶ
1321 669 1378 700 τοῖς
1394 669 1500 695 ἐπιοῦσι
1516 671 1706 705 συμπράττειν
1719 671 1796 705 φόνον

1017 711 1102 745 μηδὲν
1128 711 1267 746 προσῆκον
1292 713 1335 739 διὰ
1350 713 1399 747 τὴν
1413 715 1462 748 τῆς
1489 716 1666 751 συνειδήσεως
1681 716 1797 752 καθαρὸι

1014 764 1092 789 τητα.
1121 757 1215 784 Ταῦτα
1239 758 1325 792 λέγων
1337 759 1516 795 ἀντετεχνᾶτο
1538 762 1673 794 κάκεῖνος,
1688 763 1736 788 καὶ
1750 763 1801 798 τὴν

1014 802 1107 829 εἰκόνα
1122 802 1169 829 τοῦ
1199 804 1338 839 μάρτυρος
1362 805 1452 839 φέρων
1471 806 1626 841 ἐπευφήμει
1642 809 1705 840 τοὺς
1726 808 1802 839 βασι-

1014 847 1081 878 λεῖς.
1095 849 1151 875 Καὶ
1166 848 1261 874 λοιπδν
1279 850 1419 885 ἄπρακτον
1438 851 1488 883 μὲν
1513 850 1547 886 ἦν
1564 853 1657 885 αὐτοῖς
1671 854 1700 879 τὸ
1713 855 1802 889 ἐγχεί-

1015 898 1100 930 ρημα,
1119 894 1162 932 [Ρ.
1175 896 1236 932 177]
1251 898 1370 924 συνεῖναι
1395 897 1417 924 δ’
1432 898 1548 930 ἐκείνοις
1564 898 1665 933 ἣκιστα
1680 900 1800 934 ἀσφαλὲς

1014 984 1141 1020 pessimis
1167 985 1289 1018 annalis,
1322 986 1435 1014 haberet
1461 987 1608 1022 perduellis
1627 989 1660 1016 ad
1690 997 1799 1017 manum

1014 1038 1130 1065 quorutn
1147 1031 1258 1058 lacertis
1283 1039 1315 1058 ac
1340 1033 1518 1060 mucronibus
1541 1034 1692 1068 Augustum
1711 1043 1800 1070 oppu-

1014 1080 1123 1111 gnaret,
1139 1077 1273 1111 Augusto,
1291 1078 1336 1112 qui
1352 1078 1440 1112 ipsutn
1456 1079 1642 1112 defenderent,
1661 1081 1798 1109 deessent.

1013 1121 1078 1149 Inde
1091 1121 1159 1148 adeo
1176 1130 1253 1149 suam
1275 1123 1354 1154 hanc,
1381 1131 1462 1158 quam
1498 1125 1665 1152 intentarent
1694 1127 1798 1160 rebelli,

1014 1167 1086 1194 haud
1101 1175 1161 1194 esse
1182 1167 1309 1201 injustam
1328 1169 1392 1196 vim.
1410 1168 1457 1196 Pia
1474 1175 1623 1206 sanctaque
1639 1171 1665 1199 in
1693 1172 1798 1200 hostem

1014 1213 1107 1246 patria:
1125 1220 1184 1239 sese
1198 1220 1272 1238 arma
1292 1213 1412 1240 induisse
1426 1222 1433 1246 ;
1450 1222 1499 1242 nec
1511 1215 1564 1248 jatn
1581 1216 1698 1250 privatas
1714 1217 1798 1245 ultum

1015 1258 1053 1285 ire
1066 1259 1256 1290 contumelias,
1275 1267 1344 1293 qttas
1358 1259 1413 1286 sint
1440 1260 1475 1287 ab
1503 1261 1561 1294 ipso
1586 1263 1719 1296 perpessi,
1751 1263 1798 1290 sed

1014 1307 1159 1338 tyrannum
1178 1305 1371 1331 exsecrabilem
1383 1305 1458 1339 justo
1473 1305 1544 1332 bello
1567 1307 1705 1342 persequi.
1722 1308 1799 1334 Talia

1014 1350 1160 1378 seditiosos
1178 1351 1366 1378 vociferantes
1382 1351 1547 1385 despectans
1561 1360 1575 1379 e
1595 1354 1710 1381 sutnmis
1728 1355 1798 1382 muri

1014 1395 1107 1429 pinnis
1123 1395 1316 1429 Tarchaniota,
1335 1404 1391 1424 suae
1420 1397 1606 1426 defensionem
1637 1400 1800 1428 innocentiae

1014 1449 1075 1468 cuin
1095 1443 1215 1476 ipsorum
1241 1443 1415 1470 acettsatioue
1439 1444 1592 1471 iusolentim
1623 1445 1797 1479 conjunctam

181 1487 225 1513 nis
255 1487 503 1514 immistusinfesto
520 1496 581 1515 eum
609 1489 662 1516 illis
680 1490 781 1524 impetu
797 1491 830 1518 ad
845 1490 962 1518 Tarclta-

1015 1494 1047 1514 ex
1064 1491 1122 1514 tuto
1137 1487 1258 1515 disertus
1278 1489 1433 1523 perorabat,
1456 1489 1536 1516 etiam
1562 1490 1634 1517 ultro
1663 1490 1800 1518 Philadel-

181 1533 294 1566 niotam,
311 1534 349 1560 uti
370 1534 441 1560 haud
459 1534 539 1562 dubie
557 1535 730 1563 rebellionem
750 1538 961 1571 machinantem,

180 1580 362 1606 coercendum
390 1585 438 1607 aut
469 1582 752 1616 comprehendendum
783 1584 866 1612 vadit.
899 1584 964 1611 Erat

181 1631 247 1652 tunc
264 1626 287 1653 is
303 1626 329 1653 in
346 1627 412 1653 turri
428 1628 555 1661 quadam,
582 1628 626 1654 ubi
644 1628 678 1655 de
703 1629 820 1656 coitione
847 1638 962 1665 praemo-

180 1673 256 1700 nitus
270 1677 297 1699 et
310 1673 441 1706 imparem
459 1681 498 1704 se,
517 1674 575 1701 loco
591 1675 648 1705 tali.
683 1679 766 1702 tanta:
796 1677 964 1703 sustinendae

181 1719 353 1752 impressioni
370 1723 458 1751 ratus,
475 1719 550 1746 illinc
572 1728 601 1747 se
616 1721 772 1753 proripiens
800 1722 826 1748 in
845 1723 963 1749 ricinum

181 1765 293 1792 maximi
330 1766 457 1800 martyris
496 1766 834 1800 Georgii’monasterium
872 1768 962 1803 fugit,

181 1811 295 1846 ejusque
310 1811 414 1838 foribus
430 1811 549 1839 occlusis
565 1812 619 1838 vim
639 1820 731 1839 eorutn
749 1813 819 1841 fama
838 1822 964 1848 prmnun-

181 1856 275 1883 tiatam
293 1858 444 1891 opperitur.
458 1856 558 1883 Fuerat
577 1857 630 1884 illic
644 1858 709 1884 olim
726 1858 803 1886 Jovis
819 1861 963 1894 templum,

181 1902 334 1929 cltrlstiano
370 1902 467 1929 deinde
495 1903 546 1929 ritu
574 1903 709 1937 expiatum
737 1910 763 1931 et
788 1905 813 1931 iu
833 1905 963 1932 honorent

182 1947 268 1974 sancti
294 1949 422 1983 martyris
445 1948 551 1983 Georgii
568 1949 736 1976 dedicatum.
756 1950 794 1977 lio
811 1951 963 1986 ingressum

182 1992 273 2027 ibique
285 1992 409 2021 obductis
426 2001 519 2021 secure
537 1994 640 2022 foribus
654 1999 742 2022 tutum
759 1996 883 2023 seditiosi
899 1997 965 2024 Tar-

184 2038 341 2066 chaniotam
358 2040 500 2066 audientes
516 2041 600 2067 nihilo
615 2041 704 2069 secius
719 2041 789 2068 facta
809 2050 890 2069 tnantt
908 2051 966 2070 mo-

181 2085 302 2112 nasterio
317 2092 345 2111 se
362 2085 550 2116 admovent,et
565 2089 650 2117 extra,
665 2090 693 2112 ut
705 2091 792 2119 erant,
805 2087 910 2120 magnis
921 2094 968 2114 vo-

181 2129 258 2156 cibus
269 2129 358 2156 fietam
372 2131 445 2156 illam
462 2131 582 2165 cogitata:
595 2131 789 2164 perduellionis
800 2131 964 2159 calumniam

181 2179 326 2208 oggerunt,
344 2175 410 2201 falso
423 2176 495 2202 illum
508 2175 627 2208 jactasse
641 2176 822 2204 vociferantes
839 2184 878 2208 se,
899 2177 963 2204 dum

182 2220 258 2254 ipsos
271 2221 410 2254 spoliaret,
430 2221 542 2256 Augusti
575 2223 709 2249 mandatis
725 2223 852 2257 obsequi.
871 2223 964 2257 Longe

183 2266 283 2301 quippe
298 2267 366 2292 ultra
381 2267 546 2294 voluntatem
570 2276 601 2295 ac
618 2269 827 2296 destinationem
856 2276 964 2296 omnem

183 2312 388 2340 clementissimi
407 2313 535 2347 principis
549 2314 626 2341 istam
643 2315 701 2347 ejus
717 2314 852 2348 perfidiosi
866 2322 897 2340 ac
917 2323 964 2341 ra-

182 2359 321 2394 pacissimi
355 2360 471 2387 ministri
497 2360 643 2387 violentam
660 2361 686 2386 in
703 2360 780 2394 261
803 2368 832 2387 se
855 2368 964 2395 grassa-

184 2405 285 2431 lionem
306 2406 481 2439 processisse.
498 2405 553 2432 Nec
575 2405 686 2432 dubium
701 2405 794 2439 [videri
818 2405 883 2440 quin
915 2407 965 2433 hoc

183 2449 241 2483 ipse
254 2449 280 2476 id
297 2450 401 2485 agendo
419 2455 577 2484 spectasset,
594 2454 622 2476 ut
637 2458 665 2477 se
678 2458 692 2476 a
708 2450 804 2476 tuilitia
820 2457 867 2484 per
884 2449 963 2477 istam

183 2495 381 2522 intolerabilem
395 2495 569 2529 spoliationis
586 2495 712 2527 injuriam
730 2495 860 2530 depulsis,
875 2496 963 2530 praeda

183 2541 249 2575 ipsis
265 2546 370 2568 extorta
385 2541 530 2568 seditiosos
547 2545 714 2572 auctoraret,
731 2549 846 2575 quorutn
862 2542 911 2569 sibi
925 2542 964 2568 sic

182 2586 217 2613 ob
227 2587 363 2613 mitiorum
379 2586 431 2613 ﬁda
453 2594 535 2620 opera
564 2589 686 2612 uteretur
710 2587 743 2613 ad
774 2587 962 2618 rebellionem,

182 2641 262 2668 quam
281 2633 432 2664 moliretur,
447 2633 474 2659 in
492 2634 682 2667 imperatorem
696 2635 908 2668 exsequendam.
925 2634 965 2661 Ad

183 2679 236 2706 hoc
248 2679 326 2714 plane
342 2678 504 2713 pertinuisse
521 2678 593 2705 illam
621 2677 751 2706 aﬂectata:
774 2681 964 2714 popularitatis

182 2725 314 2757 spectent,
333 2724 393 2750 illas
409 2730 441 2750 ex
457 2723 546 2750 alieno
564 2723 732 2756 largitiOnes,
763 2724 824 2751 illas
854 2724 965 2751 eﬂ'usio-

183 2777 232 2797 nes
249 2769 275 2796 in
292 2769 453 2796 vilissimum
470 2777 605 2804 quemque
635 2771 757 2803 pecunia:
774 2770 881 2804 injuriis
898 2779 965 2797 cott-

181 2812 261 2846 flatze,
289 2814 392 2848 rapinis
405 2818 536 2847 extortm,
558 2822 585 2841 ut
616 2813 773 2842 melioribus
807 2815 963 2848 debilitatis,

1015 1533 1154 1566 pitiensem
1177 1534 1332 1569 increpans,
1352 1534 1423 1568 quod
1440 1542 1500 1562 eum
1530 1543 1583 1563 non
1614 1536 1727 1570 puderet
1753 1545 1798 1564 sa-

1015 1584 1159 1606 cresancta
1181 1580 1312 1614 insignem
1329 1580 1463 1615 dignitate
1478 1581 1659 1615 sanguinariis
1673 1590 1702 1610 se
1714 1583 1799 1610 lalro-

1015 1626 1096 1652 nibus
1112 1626 1208 1653 ducetn
1225 1625 1257 1652 ad
1270 1626 1360 1654 scelus
1378 1626 1447 1653 ferre
1462 1635 1469 1653 :
1487 1637 1496 1652 ‹
1516 1627 1646 1662 Omittite,
1662 1629 1729 1656 heus
1740 1637 1797 1661 vos,

1015 1672 1164 1706 inquiebat,
1181 1673 1278 1707 siqttis
1301 1672 1387 1706 pudor
1405 1677 1458 1703 est.
1486 1675 1645 1702 mendacem
1671 1675 1798 1709 jactatio-
1833 1674 1837 1678 ”

1015 1725 1077 1743 nem
1094 1723 1189 1744 vestrae
1204 1719 1229 1744 itt
1246 1719 1398 1752 Augustum
1413 1719 1484 1751 fidei,
1502 1721 1547 1753 qui
1562 1728 1615 1748 non
1629 1721 1719 1748 studio
1736 1729 1798 1756 erga

1015 1763 1165 1796 principem
1191 1763 1310 1794 sincero.
1324 1763 1369 1790 sed
1396 1764 1459 1791 odio
1484 1766 1613 1793 adversus
1640 1766 1798 1793 fidissimum

1017 1808 1068 1842 ipsi
1083 1808 1249 1839 ministrum,
1267 1809 1362 1836 ducem
1378 1814 1510 1842 vestrum,
1539 1819 1611 1838 saevo
1638 1812 1799 1846 nefarioquc

1016 1854 1202 1880 concitauiini.
1226 1854 1396 1882 llebellionis
1420 1863 1501 1890 quam
1529 1856 1627 1889 fingitis
1643 1865 1675 1884 ne
1704 1858 1798 1885 umbra

1016 1900 1123 1934 quidem
1144 1905 1190 1926 aut
1204 1901 1290 1934 prima
1303 1901 1432 1935 cogitatio
1446 1901 1640 1929 conscientiam
1652 1903 1799 1930 macularit

1017 1954 1116 1972 meam.
1148 1945 1239 1973 Fidem
1266 1947 1420 1981 imperatori
1447 1955 1525 1975 servo
1559 1947 1692 1983 integram
1727 1957 1800 1977 nunc

1017 1992 1152 2023 maxime;
1169 1992 1196 2018 iu
1210 1991 1288 2026 cujus
1310 1992 1470 2028 obsequium
1501 1993 1598 2021 affectu
1623 1995 1800 2023 devotissimo

1017 2035 1117 2061 nemini
1143 2035 1272 2062 concedo.
1291 2035 1328 2063 Te
1349 2045 1425 2070 vero,
1445 2046 1453 2063 ι
1474 2037 1650 2073 Tlteoleptttm
1679 2039 1798 2073 intuens,

1020 2089 1029 2105 ι
1047 2089 1186 2114 nunquam
1203 2082 1335 2116 episcopi,
1350 2083 1421 2116 quod
1440 2082 1509 2110 falso
1531 2085 1613 2119 geris,
1629 2085 1800 2119 compellabo

1019 2126 1137 2158 nomine,
1161 2132 1207 2154 aut
1227 2127 1318 2154 debita
1336 2128 1380 2155 isti
1403 2129 1497 2163 gradui
1512 2130 1688 2158 veneratione
1705 2139 1801 2165 prose-

1019 2173 1164 2207 qttaszta
1188 2174 1289 2201 dudum
1320 2177 1482 2202 commercia
1512 2176 1583 2203 inter
1615 2185 1666 2204 nos
1691 2179 1801 2213 abrupit

1018 2221 1096 2244 vetus
1112 2218 1145 2245 de
1159 2218 1290 2252 religione
1315 2219 1470 2245 discidium.
1490 2219 1596 2246 Dudum
1612 2226 1654 2247 cst
1683 2229 1743 2248 cum
1772 2227 1799 2249 tu

1016 2272 1059 2292 nte
1074 2265 1289 2298 schismaticum,
1316 2274 1365 2300 ego
1389 2271 1414 2293 te
1436 2266 1579 2301 profanum
1605 2275 1715 2295 censeo.
1737 2268 1800 2296 llaec

1016 2314 1069 2337 tuae
1081 2318 1095 2337 a
1112 2319 1164 2342 me,
1179 2319 1260 2345 quam
1278 2312 1344 2338 nihil
1358 2320 1459 2343 tnoror,
1473 2313 1625 2340 aversiouis
1643 2321 1706 2340 vera
1718 2322 1800 2342 causa

1015 2361 1067 2384 est,
1090 2365 1138 2384 nec
1152 2357 1202 2384 ista
1227 2357 1318 2390 ignota
1345 2358 1472 2392 principi,
1489 2358 1566 2391 cujus
1583 2363 1608 2385 te
1624 2359 1683 2386 zelo
1709 2359 1800 2394 digni-

1018 2403 1081 2429 tatis
1096 2408 1124 2430 et
1141 2403 1285 2430 formidine
1301 2403 1414 2436 periculi
1434 2404 1536 2431 moveri
1559 2404 1693 2432 mentiris.
1723 2404 1799 2432 Tolle

1016 2447 1137 2481 fraudes,
1154 2456 1249 2475 amove
1265 2449 1456 2476 confictionem
1491 2449 1630 2476 vanissimi
1657 2450 1798 2478 criminis:

1017 2495 1102 2522 fatere
1121 2499 1146 2522 te
1163 2499 1256 2521 contra
1273 2495 1389 2522 ofﬁcium
1409 2495 1602 2522 ecclesiasticae
1615 2496 1747 2527 lenitatis,
1764 2496 1800 2523 si-

1018 2541 1126 2567 tientem
1144 2540 1195 2567 mei
1210 2541 1361 2574 sanguinis,
1378 2540 1412 2567 ab
1428 2540 1602 2574 iniquissitna
1633 2542 1800 2576 minimeque

1016 2586 1158 2613 verisimili
1185 2586 1341 2619 suspicione
1369 2590 1422 2612 tuze
1440 2585 1552 2612 immani
1577 2587 1731 2614 crudelitati
1752 2587 1801 2615 ob-

1017 2636 1122 2659 tentum
1141 2639 1275 2666 quaerere,
1304 2631 1412 2658 interim
1438 2631 1514 2663 dum,
1544 2632 1617 2665 quod
1646 2637 1799 2660 monstrum

1017 2677 1043 2704 in
1058 2677 1200 2705 sacerdote
1223 2678 1268 2710 sit,
1300 2677 1420 2704 cruentis
1452 2681 1476 2703 te
1497 2676 1604 2703 sicariis
1629 2677 1799 2710 immiscens,

1016 2730 1146 2759 quantum
1171 2729 1268 2759 potes,
1296 2722 1451 2757 cooperaris
1481 2722 1513 2749 ad
1539 2722 1639 2749 ca-dem
1669 2723 1799 2755 hominis.

1017 2777 1090 2804 parte
1104 2771 1175 2797 otnni
1193 2769 1341 2808 lahe262
1353 2768 1525 2796 conscientiae
1539 2769 1625 2795 veraci
1643 2769 1801 2797 testimonio

1018 2815 1247 2843 innm'cntissimi.
1270 2824 1276 2839 I
1295 2813 1369 2840 Talia
1386 2813 1505 2846 locutus,
1524 2813 1671 2841 utiul‘estis
1695 2816 1800 2842 maelii~
