1944 3061
82 135 141 166 2'i9

579 136 628 166 DE
650 135 872 166 ANDRONICO
893 134 1128 165 PAL/EOLOGO
1144 136 1218 167 LIB.
1242 135 1297 166 III.

1670 136 1726 168 290

82 192 194 218 ἐδόκει.
209 191 291 218 Ὅθεν
307 192 356 218 καὶ
370 192 460 218 πᾶσαν
471 191 549 226 ἀφεὶς
565 193 659 226 ὲνοχην
671 191 885 227 προστρέχειτῷ
900 193 923 220 Α
944 191 973 217 'U
997 191 1086 219 τοίνυν
1114 192 1215 226 Νιιγᾶς,
1248 193 1312 227 περὶ
1338 191 1367 219 οὗ
1393 193 1439 219 καὶ
1462 193 1593 227 πρότερον
1618 193 1728 228 ἐρρέθη,

83 237 202 271 βασιλεῖ
216 238 249 272 τῇ
268 238 474 273 πολυανδρούσῃ
490 238 568 264 πόλει
593 237 780 273 Θεσσαλονίκῃ
795 238 886 264 ἐνδια-

82 283 228 318 τρίὸοντι.
243 283 326 310 Ἀλλὰ
343 283 431 311 ταῦτα.
450 285 499 318 μὲν
524 284 648 319 ὕστερον,
665 283 726 310 καθ’
743 284 772 310 ὂν
788 284 887 319 καιρὸν

82 328 120 354 τά
139 329 168 354 οἱ
189 328 390 363 στρατηγοῦντι
407 328 582 363 πεπονημένα
596 328 824 363 ἐσπουδασμένως
838 329 887 361 τῆς

83 374 145 400 τῶν
160 375 221 400 ἐκεῖ
231 375 405 410 πραγμάτων
421 376 619 410 κατορθώσεως
628 375 707 409 χάριν
721 374 887 409 ἀθετηθέντα

84 420 138 446 καὶ
155 421 201 451 εἰς
214 420 291 446 οὐδὲν
307 421 469 454 ὶογισοέντα
488 420 564 455 παρὰ
579 420 632 446 τῶν
658 419 769 451 ἐσαῦθις
782 428 888 453 πεμπο-

86 465 188 499 μένων
215 466 315 501 πολλὴν
329 466 381 501 τὴν
404 465 494 501 λύμην
510 466 636 493 ἐνέδοσαν
651 465 786 500 γίνεσθαι,
800 466 887 500 ὑπερ-

85 510 210 546 ημέρων
228 511 279 545 μὲν
303 511 353 538 καὶ
369 512 422 537 τῶν
438 511 623 546 μισθοφοριῶν
639 512 790 546 γινομένων
807 519 889 545 στρα-

87 555 210 586 τιώταις
224 556 299 589 παρὰ
314 556 371 582 τῶν
384 557 454 587 κα.τῖ
459 556 592 592 ἀνατολὴν
612 555 797 590 συλλεγόντων
818 555 887 591 χρή-

88 608 181 634 ματα,
206 600 425 636 ἐλλελειμμένων
449 602 477 628 δὲ
493 602 540 628 καὶ
563 601 618 628 τῶν
639 601 775 627 πλείστων
789 601 821 627 ὲκ
837 602 888 636 τῆς

88 645 149 671 τῶν
177 646 354 681 προύχόντων
385 649 448 681 περὶ
469 648 541 674 αὐτὰ
557 647 751 682 σφετερίσεως,
769 648 815 673 καὶ
833 647 888 673 τῶν

89 690 258 725 πολεμικῶν
292 693 418 720 ἐντεῦθεν
443 693 639 729 ἀμελουμένων
662 692 733 719 κατὰ
758 693 787 719 τὺ
813 693 888 725 εἰκὸς

90 737 240 771 πράξεων.

90 792 155 824 ις’.
173 793 246 827 Περι
261 802 320 820 των
334 794 412 822 κατὰ
430 796 467 822 τὰ
482 796 589 828 βόρεια
614 797 751 831 Τοχάρων
767 796 816 823 καὶ
836 796 889 823 τοῦ

367 831 621 864 Σφεντισθλάόου.

940 238 1077 272 πεμφθεὶς
1098 238 1219 273 ἀρχῆθεν
1247 239 1322 274 παρὰ
1336 239 1390 265 τῶν
1404 240 1437 265 ὲκ
1461 239 1556 272 γένους
1576 239 1725 273 ἀρχόντων,

939 284 988 310 οὐκ
1003 283 1095 318 ἄρχων
1114 284 1162 316 ὢν,
1178 284 1234 311 ἀλλ’
1252 284 1458 319 ὑποστράτηγος
1476 285 1560 319 σφῶν,
1591 285 1729 319 πεμφθεὶς

939 326 985 356 οὖν
1003 330 1061 364 μεθ’
1075 330 1114 356 ὅτι
1142 329 1270 363 πλεεστης
1294 330 1434 363 δυνάμεως
1449 330 1495 356 ἐπὶ
1507 330 1558 365 τῆς
1573 331 1644 357 κατὰ
1660 330 1727 366 βορ-

941 375 991 410 ea»
1009 375 1136 410 περαέας,
1163 375 1207 401 ἵνα
1223 376 1269 400 καὶ
1285 375 1400 409 διάφορα
1415 375 1479 408 ἒονη
1495 375 1578 401 πάλαι
1597 375 1645 409 μὲν
1662 375 1730 402 Ῥω-

941 419 1031 453 μαίοις
1050 420 1157 453 ὑπήκοα
1171 439 1178 450 ,
1209 419 1322 454 ὕστερον
1339 419 1360 445 δ’
1379 419 1495 453 ἁλούσης
1521 420 1568 454 τῆς
1587 421 1730 446 Κωνσταν-

939 464 1011 490 τίνου
1024 465 1083 491 καθ’
1098 466 1168 491 αὐτὰ
1183 465 1246 491 ἧνται
1263 465 1308 491 καὶ
1326 465 1489 500 τοπαρχίαις
1507 466 1563 491 τισὶ
1584 467 1730 500 μεριζόμε-

940 521 983 543 να,
997 511 1034 542 ὡς
1046 513 1156 546 ἐρήμων
1177 512 1450 546 καταδραμούμενος,
1469 513 1585 543 ἐπιστὰς
1605 513 1644 546 τῷ
1659 513 1730 539 κατὰ

941 557 1013 590 apti;
1028 557 1081 583 δέει
1108 557 1180 591 μόνῳ
1200 557 1341 591 χειροῦται
1366 557 1413 583 καὶ
1430 557 1571 583 ὑποκλίνει
1599 558 1730 591 Τοχάροις

940 602 1161 636 αὐτονομούμενα
1172 603 1253 637 πρότε
1259 611 1313 636 ρον.
1332 603 1408 637 ’Ἅμα
1418 603 1483 636 γοῦν
1498 603 1634 630 τοσούτων
1647 603 1731 630 ἐθνῶν

939 646 1036 682 ἦρξαν,
1054 648 1102 673 καὶ
1131 648 1187 682 ἅμα
1215 647 1436 683 mammam
1458 649 1539 675 τόπον
1564 649 1665 680 ἰδόντες
1681 651 1730 675 καὶ

941 692 1082 726 ἀρετῶσαν
1108 693 1158 727 γῆν
1189 693 1256 728 πρὸς
1283 693 1372 720 πάντα
1395 693 1428 719 τὰ
1454 694 1601 727 ἀναγκαῖα.
1622 696 1731 726 ἑαυτοῖς

941 738 1134 765 ὑποποιοῦνται
1159 740 1207 770 τὰς
1222 740 1314 775 χώρας
1329 741 1376 766 καὶ
1392 741 1452 767 καθ’
1469 742 1567 772 αὐτοὺς
1582 740 1660 777 ἦσαν.
1685 743 1729 773 Ὠς

940 783 968 810 δὲ
985 784 1034 810 καὶ
1049 785 1103 810 τῶν
1117 786 1173 811 ἄνω
1189 785 1329 820 Τοχάρων,
1347 785 1387 817 οἷς
1402 787 1449 813 καὶ
1469 785 1502 822 ἧν
1520 787 1625 821 ἄρχειν,
1642 788 1732 814 ἐπιόν-

941 838 995 856 των
1008 830 1056 856 xei.
1070 831 1100 856 τὸ
1114 831 1214 865 κράτος
1232 831 1385 865 ζητούντων
1401 833 1504 863 ἐκεῖνος
1517 835 1624 859 συνέσει
1643 842 1671 859 τε
1683 833 1731 860 καὶ

130 872 166 910 [Ρ
184 874 249 910 178]
266 875 331 909 Περὶ
347 876 376 902 δέ
398 884 429 909 γε
445 876 499 902 τῶν
517 875 630 910 βορείων
643 876 771 911 Τοχάρων
784 877 818 910 (οἱ
834 877 887 910 γὰρ
903 877 924 904 Β
939 875 977 910 τῷ
993 876 1053 902 καθ’
1065 877 1146 902 αὑτὸν
1162 877 1258 911 πλήθει
1270 878 1455 912 περιεγένετο,
1466 878 1513 904 τοῦ
1522 879 1616 904 λοιποῦ
1631 879 1728 913 ἀνέδην

92 919 160 946 κατ’
173 920 308 954 ἀνατολὴν
320 921 366 947 τὸν
380 921 508 955 Καζάνην
519 920 601 956 εἶχον,
616 921 653 952 ὡς
668 922 743 948 αὐτοὶ
760 923 838 956 φαῖεν
847 922 889 955 ἂν,

94 966 200 998 Κάνιν,
216 966 245 998 ὃς
255 966 288 1002 δη
301 967 348 993 καὶ
368 968 400 994 ὲκ
413 967 523 995 Χαλαοῦ
537 976 567 994 τε
583 968 631 994 καὶ
645 968 754 1002 Ἀπαγᾶ
768 969 796 994 τὸ
814 969 891 1002 γένος

93 1012 218 1048 κατῆγε)
235 1012 300 1047 περὶ
326 1012 392 1046 γοῦν
406 1013 518 1040 ἐκείνων
541 1012 615 1045 ἄξιον
639 1013 743 1040 ἄνωθεν
767 1013 890 1040 διελθεῖν.

97 1148 260 1176 nationibus
274 1148 386 1175 invidiae
410 1155 475 1175 suas
490 1152 584 1176 contra
613 1147 671 1182 ipse
696 1154 806 1182 quoque
820 1151 893 1174 artes

96 1198 266 1229 opponeret,
283 1193 391 1221 sublata
409 1194 436 1220 in
454 1201 552 1220 manus
565 1193 675 1228 alteque
696 1197 806 1220 ostensa
823 1193 893 1219 ima-

98 1241 166 1275 sine
187 1240 327 1274 martyris,
355 1239 507 1267 acclamare
539 1239 656 1266 salutem
683 1238 894 1273 imperatoribus

97 1286 175 1320 patri
199 1289 228 1312 et
257 1285 312 1312 tilio
339 1285 486 1320 faustaque
510 1285 643 1312 ambobus
666 1284 772 1319 precari
802 1283 894 1310 omnia

98 1331 178 1358 clara
199 1338 268 1358 voce
281 1330 383 1366 saepius
401 1330 572 1364 ingeminans
588 1329 699 1357 institit.
717 1328 763 1356 Sic
789 1329 836 1356 illo
851 1336 896 1355 se-

99 1376 218 1403 ditionis
232 1376 334 1410 intpetu
351 1375 473 1410 repulso,
483 1375 564 1402 facile
579 1375 735 1410 intelligens
751 1375 822 1402 haud
838 1379 895 1402 luto

100 1422 150 1449 diu
168 1429 200 1449 se
217 1429 298 1456 posse
312 1421 466 1448 consistere
481 1421 507 1447 in
524 1425 578 1448 tam
596 1420 766 1448 infensorum
782 1420 834 1447 sibi
845 1421 895 1447 ho-

100 1468 211 1494 minum
224 1466 418 1497 contubernio,
428 1466 462 1493 ad
472 1466 624 1501 Augustum
634 1465 660 1492 in
673 1465 895 1500 frequentissima

101 1512 398 1540 'Ibessalouicensium
416 1512 483 1539 urbe
495 1516 560 1539 tunc
571 1511 713 1546 degentem
733 1512 805 1545 (nam
826 1511 894 1543 haec,

941 921 1140 956 ηὑτονομοῦντο
1153 922 1199 948 καὶ
1211 923 1254 949 τὸν
1267 922 1322 948 ἄνω
1332 923 1458 954 Εὐξείνου
1470 923 1551 949 τόπον
1563 924 1731 959 ἀρχοντικῶς

943 966 1130 1001 ὲκαρπίζοντο.
1146 965 1200 993 Ἦν
1215 967 1279 1000 γοῦν
1300 968 1387 1004 ταῦτα
1412 968 1457 994 ἐπὶ
1481 970 1599 1002 καιροῖς,
1627 969 1674 995 καὶ
1691 969 1732 1003 τῷ

942 1012 988 1039 τοῦ
1020 1012 1152 1047 βασιλέως
1180 1013 1256 1047 κήδει
1280 1013 1401 1047 dNO-r5;
1427 1013 1583 1048 ἠγλαΐζετο.
1612 1013 1689 1041 Ἐπεὶ
1703 1014 1733 1042 δὲ

943 1143 1044 1170 nebant
1056 1148 1168 1177 tractus,
1184 1149 1227 1172 est
1241 1146 1312 1180 quod
1324 1146 1405 1173 modo
1422 1146 1539 1180 repetito
1554 1147 1635 1180 paulo
1649 1147 1733 1175 altius

943 1188 1075 1223 principio
1088 1197 1244 1217 narremus.
1260 1191 1350 1227 Nugas
1367 1192 1462 1227 igitur,
1478 1192 1512 1220 de
1525 1193 1606 1227 263
1624 1200 1679 1227 quo
1690 1198 1733 1220 est

944 1235 1070 1268 superius
1086 1242 1100 1262 a
1116 1236 1193 1263 nobis
1207 1236 1321 1270 dictum,
1356 1238 1458 1265 missus
1489 1238 1555 1265 olitn
1572 1246 1587 1264 a
1604 1239 1733 1273 principi-

945 1280 996 1306 bus
1012 1281 1101 1314 gentis
1112 1289 1166 1308 non
1179 1281 1234 1309 dux
1247 1282 1306 1317 ipse
1329 1290 1486 1317 supremus,
1515 1284 1561 1310 sed
1589 1283 1733 1318 praefectus
1750 1299 1753 1302 ν

946 1325 1032 1359 copiis
1052 1327 1213 1354 auctoritate
1233 1328 1345 1360 vicaria,
1375 1336 1437 1355 cum
1463 1329 1583 1356 exercitu
1606 1337 1735 1356 numero-

945 1369 1056 1397 sissimo
1070 1371 1096 1397 in
1111 1371 1232 1399 obversa:
1249 1373 1320 1400 Asia:
1337 1374 1502 1401 continentis
1532 1374 1660 1402 Boreales
1674 1382 1735 1409 par-

946 1418 986 1441 tcs
1002 1414 1181 1449 irruptionem
1197 1417 1270 1446 fecit.
1288 1418 1371 1446 Sedes
1395 1419 1451 1447 illic
1472 1420 1608 1447 habebant
1635 1424 1733 1456 gentes

945 1458 1026 1485 varia:
1039 1460 1101 1487 olim
1118 1460 1247 1490 Romanis
1276 1463 1416 1497 subjectae,
1433 1465 1478 1492 sed
1507 1470 1568 1499 post
1593 1471 1699 1500 captant
1717 1474 1732 1493 a

945 1503 1050 1533 Latinis
1061 1507 1326 1543 Constantinopolim
1339 1511 1381 1537 sui
1396 1510 1466 1544 juris
1481 1509 1566 1542 factae,
1583 1511 1733 1546 divisaeque

102 1566 133 1586 ut
144 1559 289 1590 admonui,
300 1559 435 1592 posterius
444 1561 507 1585 sunt
519 1556 898 1593 gesta)Tliessalonicam,in-
911 1552 933 1582 ο
949 1551 976 1578 in
994 1552 1087 1587 plurcs
1102 1554 1258 1588 toparchias
1276 1555 1415 1589 sigillatim
1428 1555 1544 1587 debiles,
1565 1564 1615 1583 nec
1633 1563 1689 1583 uno
1705 1557 1732 1583 in

101 1613 200 1640 quam,
214 1605 248 1631 ad
255 1603 443 1632 Andronicum
451 1611 480 1631 se
490 1603 552 1630 inde
563 1603 708 1637 proripuit.
717 1602 776 1636 Quo
786 1602 894 1637 quidem

103 1657 244 1685 tempore,
261 1650 368 1678 intento
385 1650 463 1677 unice
476 1650 641 1684 imperatore
652 1648 832 1683 praesentibus
845 1654 878 1675 cu
888 1662 896 1668 -

101 1697 210 1729 raudis,
231 1701 257 1724 et
276 1695 385 1730 imperii
400 1695 474 1723 vires
495 1695 551 1722 fere
566 1694 711 1721 universas
724 1693 896 1728 impendente

102 1741 312 1770 constituendis
329 1741 383 1767 illis
405 1741 431 1767 in
446 1740 546 1775 quibus
563 1744 629 1767 tunc
642 1739 802 1767 versabatur
817 1737 896 1766 Occi-

102 1787 167 1814 duis
188 1786 334 1817 tractibus,
356 1785 470 1819 contigit
488 1785 562 1811 brevi
585 1785 673 1819 perire
690 1783 808 1810 fructum
836 1791 896 1810 om-

103 1841 168 1860 nem
189 1838 279 1866 θρωπε
307 1839 322 1858 a
346 1829 529 1858 Tarcbaniota
555 1829 683 1865 prudenti
712 1837 768 1856 sua:
798 1829 896 1864 pra'l'e-

104 1882 192 1905 cturae
204 1876 346 1904 functione
370 1875 523 1911 reipublicae
537 1880 653 1903 navatae.
678 1874 744 1902 Nam
765 1875 812 1910 qui
834 1874 898 1901 huic

104 1925 303 1950 successerunt
339 1920 374 1948 ah
403 1921 526 1956 Augusto
555 1920 685 1948 submissi
697 1920 729 1946 ad
763 1919 898 1954 regendas

105 1967 263 1996 Orientales
293 1967 473 2002 provincias,
508 1974 569 2001 qua:
597 1965 642 1992 ille
674 1965 753 1993 malis
781 1965 899 2000 publicis

105 2013 290 2041 emendandis
318 2017 470 2046 opportuna
503 2011 645 2047 sapienter
671 2011 897 2046 excogitaverat,

107 2059 235 2087 funditus
250 2059 450 2092 neglexerunt;
469 2065 584 2092 quorum
599 2057 745 2085 salubritas
759 2057 899 2084 instituto-

106 2114 169 2133 rum
185 2113 219 2132 ως
236 2104 311 2140 gravi
325 2104 457 2138 pernicie,
473 2111 556 2138 quam
572 2104 674 2130 sensim
691 2103 717 2129 in
743 2102 901 2130 desuetudi-

107 2160 172 2180 nem
188 2151 320 2178 abeuntia
336 2157 455 2185 moxque
471 2150 548 2176 nihili
571 2149 663 2176 habita
681 2149 724 2176 sui
752 2148 901 2176 abolitione

107 2201 327 2230 contemptuque
343 2195 370 2222 in
402 2195 597 2230 rempublicam
623 2199 806 2227 attraxerunt,
837 2202 899 2222 sero

107 2252 125 2279 p
146 2243 201 2270 tuit
215 2241 346 2277 perspici.
359 2240 426 2267 Nam
438 2248 500 2268 cum
533 2240 669 2276 stipendia
701 2249 754 2268 non
782 2241 899 2275 amplius

108 2290 142 2316 ad
157 2288 233 2316 dicm
251 2287 384 2314 militibus
399 2286 571 2314 solverentur
586 2286 620 2313 ab
643 2287 676 2314 iis
699 2287 744 2321 qui
765 2287 902 2321 Vectigali-

109 2334 161 2362 bus
176 2341 226 2368 per
250 2332 312 2360 illos
336 2336 440 2359 tractus
468 2331 610 2366 exigendis
643 2336 722 2358 erant
750 2331 898 2365 pra‘positi,

107 2378 184 2414 quod
201 2377 317 2412 pecunia
336 2376 445 2411 publica
459 2376 563 2410 rapinis
579 2376 702 2410 ipsorum
718 2379 745 2402 et
758 2375 824 2409 ipsis
836 2382 901 2402 con-

107 2425 233 2452 sciorum
252 2422 398 2449 imminuta
415 2429 588 2456 nequaquam
603 2421 636 2448 ad
660 2421 686 2448 id
702 2420 846 2451 sufﬁceret,
861 2421 901 2447 di-

109 2470 196 2504 lapsis
212 2473 325 2504 propter
346 2467 464 2502 inopiam
481 2467 656 2502 praisidiariis
671 2467 825 2494 functiones
844 2467 901 2494 illic

108 2523 208 2544 omnes
231 2515 366 2542 militares
395 2517 584 2544 cessaverunt,
612 2517 740 2548 totusque
765 2515 823 2541 sine
846 2513 900 2540 ulla

109 2561 237 2589 cuswdia
253 2560 403 2588 Orientalis
420 2559 500 2586 limes
528 2559 648 2586 hostlutn
664 2559 844 2586 barbarorum
869 2559 902 2585 li—

109 2608 187 2635 beris
202 2605 408 2633 incursionibus
419 2605 592 2632 condonattts
606 2605 632 2631 in
650 2606 767 2639 praedam
795 2610 846 2632 est.

109 2655 156 2681 26.
172 2652 213 2680 De
226 2651 356 2678 Tochari;
371 2650 622 2685 septentrionalibus
634 2656 658 2677 ct
675 2651 898 2685 Sp/ientist/tlabo.

146 2700 184 2727 De
202 2698 364 2726 Borealibus
381 2704 462 2732 porro
490 2695 623 2724 Tocharis
639 2698 647 2731 (
663 2705 724 2723 nam
746 2697 900 2725 Orientales

109 2746 264 2781 principem
279 2743 349 2774 sive,
365 2749 393 2769 ut
411 2742 461 2776 ipsi
480 2742 639 2776 loquuntur,
656 2741 754 2774 Kauin,
770 2750 901 2777 agnosce—

111 2793 177 2820 bant
192 2791 345 2821 Cazanem,
364 2788 410 2822 qui
426 2796 459 2815 ex
475 2788 579 2815 Cbalau
596 2793 621 2815 et
634 2789 725 2822 Apaga
750 2789 901 2816 deducebat

109 2838 219 2875 genus),
239 2837 273 2864 de
290 2835 358 2867 illis,
376 2835 554 2870 inquam,qui
572 2835 803 2869 Septentrionalcs
832 2836 902 2864 obti-

947 1605 1093 1626 commune
1122 1600 1238 1627 consilio
1265 1605 1383 1633 utentes,
1412 1601 1514 1628 nullam
1540 1601 1666 1628 idoneam
1693 1601 1732 1628 ir-

948 1644 1091 1672 ruentibus
1110 1644 1236 1673 barbaris
1259 1654 1396 1680 opponere
1415 1645 1605 1674 defensionem
1637 1651 1734 1681 potue-

948 1692 1030 1721 runt;
1051 1696 1137 1724 quare
1164 1690 1198 1717 ad
1229 1691 1346 1724 prinntm
1373 1692 1464 1718 statim
1492 1693 1635 1719 incursum
1660 1697 1733 1719 metu

948 1733 1008 1768 ipso
1024 1734 1164 1767 debellati,
1196 1735 1286 1763 facilis
1302 1737 1371 1764 citra
1400 1742 1538 1764 certamen
1564 1737 1735 1764 vincentibus

948 1779 1038 1813 praeda
1051 1788 1168 1808 cessere.
1183 1781 1212 1808 lu
1228 1781 1272 1809 illa
1296 1783 1424 1810 felicitate
1440 1783 1571 1817 insperati
1588 1790 1735 1811 su«ct-ssus

948 1825 1168 1854 anitnadvertens
1186 1827 1274 1862 Nogas
1286 1835 1347 1855 eum
1365 1829 1423 1856 suis
1443 1829 1545 1856 habere
1560 1837 1590 1856 se
1605 1829 1657 1856 sub
1677 1837 1735 1856 ma-

949 1877 1014 1896 num
1030 1871 1266 1906 frequentissimas
1280 1878 1307 1900 et
1326 1873 1462 1902 confertas
1483 1875 1583 1909 popqu
1598 1875 1734 1909 regiones,

949 1915 1115 1951 easdemque
1132 1918 1182 1944 soli
1199 1919 1292 1946 uberis
1307 1923 1334 1946 et
1347 1920 1468 1946 omnium
1485 1920 1549 1947 vita:
1565 1922 1671 1948 tuendae
1682 1921 1736 1948 uti-

950 1962 1140 1996 liumfcracis,
1167 1971 1220 1991 non
1248 1966 1366 2000 amplius
1400 1967 1525 2000 precaria
1551 1971 1684 2000 potestate
1700 1967 1736 1995 iis

952 2016 1069 2040 prmesse
1084 2014 1150 2036 sunt
1168 2010 1344 2045 dignati,aul
1363 2012 1465 2039 ducum
1490 2017 1624 2045 veterum,
1642 2020 1657 2039 a
1675 2014 1735 2046 qui-

951 2054 1002 2081 bus
1015 2055 1136 2082 erantad
1154 2056 1234 2083 istam
1252 2057 1455 2091 expeditionem
1480 2057 1621 2088 destinati,
1639 2062 1736 2087 nutum.

951 2101 1087 2135 respicere
1099 2109 1240 2130 curarunt.
1255 2103 1369 2137 Proprio
1391 2103 1450 2130 illas
1466 2103 1596 2138 nullaque
1613 2103 1734 2131 obnoxio

952 2147 1088 2181 subjectus
1105 2149 1217 2183 imperio
1238 2148 1327 2184 Nugas
1353 2149 1467 2181 habuit;
1497 2157 1529 2176 ac
1557 2149 1736 2184 repetentium

949 2194 995 2228 jus
1006 2203 1085 2222 suum
1101 2196 1276 2229 antiquorum
1295 2196 1449 2230 principum
1464 2196 1554 2230 gentis
1577 2195 1738 2222 Tocharica:

952 2240 1077 2273 querelas
1092 2245 1260 2274 conatusque
1275 2240 1373 2274 partim
1388 2240 1471 2267 elusit
1488 2240 1667 2274 ambiguitate
1694 2248 1738 2267 re-

951 2293 1114 2319 sponsorum
1128 2289 1154 2312 et
1174 2285 1299 2312 flctarum
1330 2286 1363 2312 ad
1388 2291 1494 2320 tempus
1523 2286 1738 2319 promissionum

952 2330 1086 2358 industria
1099 2331 1203 2362 solerti,
1217 2332 1315 2365 partim
1329 2332 1476 2366 ubiaperta
1490 2333 1530 2358 vis
1540 2331 1670 2358 intentata
1683 2335 1737 2364 est,

951 2377 1078 2411 oppositu
1096 2378 1386 2404 numerosissimarum
1403 2377 1544 2411 copiarum
1557 2377 1666 2411 repulit.
1683 2376 1739 2404 Nec

952 2422 989 2449 ita
1003 2422 1088 2449 tuulto
1102 2427 1163 2456 post
1175 2424 1253 2457 quasi
1267 2423 1374 2450 firmato
1386 2423 1448 2457 jure
1465 2423 1649 2457 possessionis
1664 2423 1737 2454 longi

951 2469 1158 2503 pressi-iptione
1174 2470 1315 2504 temporis.
1329 2469 1388 2496 sine
1396 2469 1586 2496 controversia
1604 2469 1737 2502 regnavit,

954 2515 1032 2548 pleno
1047 2514 1102 2548 jam
1120 2523 1171 2543 nec
1188 2520 1314 2542 revocato
1329 2523 1343 2542 a
1357 2522 1494 2549 quoquam
1514 2514 1542 2541 in
1556 2514 1671 2541 dubium
1687 2513 1738 2540 do-

953 2560 1038 2587 minio
1055 2562 1211 2595 superiores
1240 2561 1346 2587 Euxino
1360 2560 1447 2587 Ponto
1464 2561 1588 2593 regiones
1601 2559 1739 2585 obtinens.

952 2606 977 2633 Is
992 2611 1078 2633 status
1097 2606 1152 2633 illic
1168 2606 1299 2632 diuturno
1330 2605 1419 2639 spatio
1441 2613 1530 2631 rerum
1549 2604 1612 2634 fuit.
1628 2602 1739 2637 quando

953 2652 986 2678 ad
1003 2657 1127 2678 cat-teram
1142 2650 1223 2686 Nugae
1241 2651 1393 2678 claritatem
1411 2651 1528 2677 accessit
1543 2649 1614 2676 haud
1642 2655 1739 2682 parum

952 2705 1013 2724 eum
1029 2697 1169 2724 illustratus
1184 2697 1300 2724 alliuitas
1312 2705 1373 2724 cum
1386 2696 1515 2723 Michaele
1535 2697 1657 2728 Augusto
1672 2700 1738 2720 cott-

953 2747 1050 2774 [τίη-ιιι,
1067 2743 1110 2769 ctti
1129 2751 1211 2776 gener
1228 2744 1317 2770 factus
1340 2748 1382 2769 est
1409 2741 1511 2776 nuptiis
1538 2740 1597 2767 filiae
1615 2738 1740 2772 Euphro~

953 2797 1043 2823 syrtes.
1063 2789 1172 2815 Interim
1194 2789 1288 2816 multis
1309 2789 1424 2815 mortuis
1441 2793 1536 2814 eorum
1551 2784 1650 2819 quibus
1666 2787 1741 2809 sorte

954 2836 1084 2863 natalium
1102 2835 1239 2862 successio
1256 2842 1286 2862 ex
1303 2842 1400 2868 genere
1417 2831 1591 2865 competebat
1605 2829 1710 2863 imperii
1725 2835 1742 2856 δ
