1944 3061
149 180 157 187 -
205 167 257 197 303

803 163 971 192 \GEORGH
994 162 1236 192 PACiIYMER/E

1782 158 1838 189 304

205 225 322 260 πρέπειν
355 223 430 257 ἔλεγε
455 223 510 253 τοῖς
540 221 667 256 μεγέθεσι
697 220 813 255 στοργήν
846 220 914 255 πρὸς
946 221 995 250 τὰς
1010 219 1135 256 Λκρά).ῃ
1157 220 1363 255 παρακεκίνητο
1388 219 1497 254 φίλτρα,
1519 218 1566 244 καὶ
1583 216 1651 248 ὅλως
1672 213 1705 251 ἦν
1734 216 1840 245 ἐκεῖνος

206 270 381 301 συνοικούσας
399 268 598 304 ἀμετακίνητον
625 267 668 303 [Ρ.
685 266 747 302 186]
768 267 868 302 μᾶλλον
886 267 902 302 ἦ
919 267 998 293 εὐκο-

205 317 266 343 λίαν
281 311 349 350 πρὸς
362 315 551 350 ἀλλοτρίωσιν.
577 314 673 348 Ὅμως
685 313 779 340 δ’ὲπεὶ
805 314 835 340 οὐ
860 313 941 348 μέλον
964 311 999 348 ἦν

205 363 291 398 ταύτῃ
316 362 363 388 τοῦ
379 361 614 395 συναλλάγματος,
630 361 660 387 τὸ
677 360 746 395 προς
769 360 818 391 τὰς
833 360 879 387 ἐπ’
894 360 999 392 ἀδόξοις

208 408 374 442 ἀναμνήσεις
392 406 556 438 ἀταμίευτον
571 405 645 440 ἔχειν
665 405 714 439 τὴν
730 403 887 440 παρρησίαν
902 413 999 439 περισ-

211 454 257 480 σὸν
276 453 377 488 ἔκρινε,
394 454 440 478 καὶ
454 452 543 486 ἐσίγα.
760 447 763 449 ’

209 509 259 537 )a’.
276 508 345 542 Περὶ
360 508 413 535 τοῦ
429 508 504 541 πρὸς
518 506 635 542 κράλην
654 507 776 540 Σερϐίας
793 506 841 533 ἐπὶ
860 505 896 540 τῇ
912 507 1000 540 θυγα-

393 543 438 577 τρί
455 543 568 576 κήδους
583 542 636 568 τοῦ
648 542 814 574 βασιλέως.

252 590 402 624 Ἀπυγνοὺς
425 589 448 615 δ’
471 589 576 615 ἐκεῖθεν
602 589 616 615 ὁ
642 588 771 623 βασιλεὺς
794 588 845 622 τῆς
871 588 940 622 μετὰ
966 588 998 622 τῇ

209 636 311 670 ἀδελφῇ
336 635 446 670 πείρας,
475 635 520 660 τὸν
537 633 642 669 κράλην
666 633 783 668 Σερὸίας
806 632 998 667 ἁδοξὸτερονῆ

210 683 278 717 πρὸς
299 683 456 717 οἰκειότητα
471 682 521 716 τὴν
536 681 566 713 ἐξ
583 680 650 712 ἰδίας
673 680 806 715 θυγατρὶς
822 680 924 715 ἔκρινε,
943 680 1002 715 μεί-

211 729 275 760 ζονα
289 728 311 755 δ’
329 727 408 759 αὖθις
423 728 440 763 ἢ
458 727 702 761 καταφρονεῖσθαι.
730 726 778 752 Διὰ
795 726 873 752 τοῦτο
889 727 935 752 καὶ
956 726 1002 752 τὸν

212 776 309 810 καιρὸν
335 775 373 810 τῷ
395 775 546 801 ἐλλείποντι
570 773 726 809 προστιθεὶς
750 772 899 808 ἀξιώτερον
916 773 1002 799 ἐποίει

212 821 280 856 πρὸς
308 821 356 856 τὴν
391 821 438 847 ἐπὶ
468 820 586 855 θυγατρὶ
613 819 756 853 συζυγίαν.
782 817 836 845 Ἦν
864 818 909 845 οὖν
931 818 1001 845 πάνυ

211 868 320 894 ἀστεῖον
332 866 413 892 τοῦτο
426 867 457 892 τδ
474 866 632 900 θυγάτριον,
646 865 723 892 οὔπω
739 865 784 891 τὸν
798 864 878 891 ἕκτον
894 863 1002 899 παραλ-

211 912 307 939 λάττον
322 912 457 948 ἐνιαυτὸν,
478 910 620 945 ἀγαπητὸν
634 910 684 944 μὲν
703 909 804 943 ἐαυτῷ,
822 909 965 944 ἀγαπητὸν
980 909 1002 935 δ’

211 959 334 989 ἐκτόπως
355 958 401 984 κιὶ
416 958 449 993 τῇ
466 957 561 992 μητρί.
582 957 645 982 Ἐπὶ
663 955 753 991 τούτῳ
767 956 798 982 τδ
818 955 899 990 κῆδος
918 955 1003 990 ἠϐού-

211 1004 273 1029 λετο
287 1003 428 1038 ουνιστᾷν,
443 1003 473 1028 οὺ
489 1001 561 1028 κατὰ
574 1001 669 1037 χρείαν
687 1000 791 1036 μᾶλλον
808 1000 827 1035 ’ἢ
845 999 906 1027 κατ’
919 1000 1004 1033 ἀνάγτ

212 1058 273 1084 κην.
297 1048 366 1083 ’Ἤδη
398 1048 446 1083 μὲν
473 1045 519 1074 οὖν
545 1047 579 1073 τὰ
606 1047 675 1082 πρὸ;
699 1046 748 1081 τὴν
770 1045 947 1073 συνοικοῦσαν
967 1045 1004 1080 τῷ

214 1145 324 1172 rentur,
350 1143 509 1174 compertus
531 1146 595 1166 reus
616 1138 724 1165 violatae
747 1137 900 1173 eonjugalis
915 1137 976 1165 ﬁdei
995 1146 1003 1165 :

212 1195 275 1214 cum
301 1191 394 1213 tamen
422 1186 506 1219 magis
526 1185 608 1212 etiam
630 1193 743 1220 magnas
763 1192 895 1219 personas
923 1193 1003 1220 quam

213 1233 304 1267 capita
324 1231 452 1267 vulgaria
478 1231 576 1258 decere
603 1228 951 1258 videretur'immutabilis
976 1231 1003 1258 in

213 1287 332 1306 uxorum
351 1285 443 1305 amore
468 1277 635 1305 constantia.
658 1276 822 1312 Quanquam
840 1277 1004 1311 exceptione

214 1325 347 1360 peculiari
365 1325 531 1352 submovere
546 1331 626 1357 quem
645 1323 779 1351 oﬂ‘errent
794 1330 938 1358 sponsum,
956 1330 1005 1351 su-

214 1378 416 1407 pervacaneum
445 1378 507 1398 esse
524 1370 575 1398 sibi
594 1370 715 1405 quidem,
732 1377 792 1405 qua:
809 1369 893 1397 semel
917 1376 1003 1404 spon-

214 1426 272 1450 sOs,
308 1417 518 1453 cujusquemodi
557 1416 658 1450 iorent,
693 1424 788 1444 omnes
831 1415 1005 1444 irrevocabili

214 1465 356 1500 proposito
372 1464 493 1492 colendae
506 1471 594 1499 usque
613 1464 647 1491 ad
666 1463 793 1490 ultimum
818 1463 947 1498 spiritum
965 1462 1006 1489 vi-

214 1511 328 1539 duitatis
345 1511 512 1538 abdicasset.

215 1571 258 1598 5i.
279 1569 312 1597 L't
329 1572 471 1604 imperu!or
487 1569 555 1596 crali
572 1569 673 1596 Serbia:
686 1569 822 1603 propriam
853 1568 940 1603 ﬁliam
962 1568 1007 1595 de-
1020 1570 1042 1599 Ω

543 1604 689 1639 spondet-il.

253 1651 291 1678 Ea
309 1651 414 1679 sororis
429 1650 522 1678 audita
537 1650 665 1678 oratione
679 1649 833 1684 imperator
854 1649 934 1684 plane
947 1649 1004 1685 jam

216 1697 381 1732 desperans,
399 1704 480 1731 quam
498 1703 553 1723 non
572 1695 669 1722 utilem
686 1694 787 1727 solum,
799 1694 846 1722 sed
870 1698 898 1722 et
913 1702 1010 1723 neces-

218 1743 321 1770 sariam
338 1743 422 1770 rebus
443 1739 501 1769 Suis
516 1741 644 1773 ducebat,
663 1748 727 1768 cum
743 1741 829 1769 Serbo
850 1741 1008 1769 aﬂinitatem

218 1797 266 1824 per
289 1788 440 1816 Eudociam
467 1795 549 1823 posse
570 1786 729 1819 succedere,
750 1787 881 1822 cogitavit
900 1787 934 1815 de
963 1787 1009 1815 illa

218 1834 388 1862 conﬁcienda
419 1841 467 1868 per
492 1832 626 1866 ﬁliolam,
652 1840 734 1868 quam
761 1833 878 1860 habebat
907 1833 1010 1868 oppido

219 1880 362 1914 festivam,
382 1880 504 1908 nondum
521 1879 635 1908 sexenni
661 1878 807 1913 majorem,
837 1878 888 1906 sibi
907 1879 1013 1913 pariter

219 1932 247 1953 et
265 1927 347 1953 matri
378 1926 458 1962 longe
486 1925 690 1953 charissimam.
707 1925 746 1952 Ac
763 1924 872 1952 videbat
888 1924 935 1952 ille
950 1924 1013 1959 qui-

219 1973 280 1999 dem
301 1971 374 1998 haud
387 1979 448 1999 esse
462 1971 534 1998 hunc
549 1970 707 2006 dynastam.
723 1970 813 2004 gentis
824 1977 878 1997 non
893 1970 1013 1997 maxime

218 2017 387 2053 conspicuae,
403 2017 547 2051 dignitatis
561 2017 675 2044 omnino
695 2016 842 2049 adaequats
867 2015 901 2042 ad
925 2016 1013 2044 bono-

220 2072 278 2092 rem
307 2063 469 2098 nuptiarum
499 2071 561 2091 cum
592 2063 646 2090 lilia
675 2062 795 2098 legitima
834 2062 1012 2097 imperatoris

220 2109 350 2144 Romani,
378 2109 528 2144 praesertim
547 2109 629 2136 unica
653 2117 659 2135 :
679 2113 770 2135 tamen
787 2108 860 2143 quod
880 2109 904 2136 ei
921 2108 1015 2136 deerat

224 2155 257 2182 ad
282 2156 334 2183 hoc
353 2154 443 2182 meriti
469 2163 484 2181 ο
506 2153 617 2189 proprio
644 2154 804 2189 splendore,
831 2153 1013 2188 supplendum

221 2210 252 2228 ac
270 2200 508 2235 compensandum
527 2200 690 2227 existimans
719 2207 768 2235 spe
796 2199 860 2226 inde
891 2199 1014 2226 secuturi

1049 267 1099 301 τῆς
1121 266 1167 292 ἐπὶ
1183 266 1290 300 βασιλεῖ
1315 265 1452 296 πίστεως·
1468 265 1498 291 τὸ
1522 264 1545 291 δ’
1558 264 1605 290 ἐπὶ
1629 263 1734 296 ταύτην
1749 262 1840 288 εῑλτιυ-

1051 312 1150 347 σμένον
1167 312 1362 346 παλινδρομεῖν
1382 313 1411 344 ἐξ
1436 310 1597 341 ἀσυνθεσίας
1626 309 1713 336 δεινὸν
1738 306 1772 343 ἦν
1792 309 1841 335 καὶ

1052 359 1132 394 μόνον
1146 358 1382 394 κατανοοὺμενον·
1412 356 1558 384 ἐκλύεσθαι
1585 356 1640 392 γὰρ
1673 356 1781 389 ἀνάγκη
1811 355 1843 381 τδ

1050 406 1191 441 πρόθυμον
1206 405 1370 441 ἀποτυχόντι
1387 405 1443 432 τῶν
1457 404 1600 438 ὲλπισμῶν
1616 403 1662 429 καὶ
1680 402 1842 429 τούντεῦθεν

1050 452 1204 487 ἐχθραίνειν
1222 452 1322 486 μᾶλλον
1344 451 1548 483 ὑποκνισθὲντι,
1564 451 1611 477 καὶ
1623 450 1693 485 πρὸς
1706 449 1739 476 τὰ
1753 449 1844 484 μείζω

1052 497 1090 532 μὴ
1108 497 1295 532 εὐοδούμενον.
1314 497 1408 527 Ταῦτα
1425 498 1476 532 τὴν
1493 496 1627 529 βασιλέως
1644 495 1754 522 ἔπειθον
1771 493 1843 528 γνώ-

1053 552 1106 578 μην
1135 543 1183 569 καὶ
1200 543 1275 579 παρὰ
1303 544 1334 570 τὺ
1349 543 1422 574 εἰκὸς
1441 542 1473 578 [Ρ
1494 542 1556 578 187]
1582 539 1840 576 πραγματεύεσθαι.

1052 589 1106 615 Καὶ
1123 588 1155 624 δὴ
1170 589 1229 616 ὅλον
1253 589 1402 616 οἰκειοῦται
1419 589 1463 615 διὰ
1489 587 1640 624 πρεσϐείας
1658 588 1703 613 τὸν
1725 586 1844 621 κράλην,

1053 635 1176 673 μαθόντα
1194 635 1243 669 τὴν
1258 635 1304 661 ἐπὶ
1323 635 1440 669 θυγατρὶ
1455 635 1516 662 ἀντὶ
1530 635 1580 669 τῆς
1601 633 1721 669 ἀδελφῆς
1733 633 1781 659 τοῦ
1797 633 1845 667 βα-

1054 680 1152 711 σιλέως
1169 681 1331 714 συγγένειαν
1343 688 1349 696 ·
1367 681 1415 707 καὶ
1430 680 1509 715 ὅρκοι
1522 679 1552 706 τὸ
1565 679 1658 706 λοιπὸν
1677 678 1845 712 προῦὃαινον

1053 728 1098 753 ἐπὶ
1116 727 1223 765 toria-0:;
1245 727 1292 754 καὶ
1311 727 1463 758 συνθεσίαι,
1487 728 1534 754 καὶ
1552 728 1568 762 ἡ
1586 726 1752 757 δεσπόσυνος
1776 725 1846 761 κρά-

1053 773 1133 799 λαινα
1145 773 1322 808 ὲπικέκλητο.
1339 774 1429 800 Μόνον
1443 773 1465 800 δ’
1479 771 1513 809 ἦν
1525 774 1650 809 ἀπαντᾷν
1661 773 1754 799 λοιπὸν
1772 771 1845 799 κατὰ

1053 818 1102 853 τὴν
1115 818 1260 844 Θεσσαλῶν
1280 818 1448 854 μητρόπολιν
1465 819 1587 853 βασιλέα,
1600 818 1637 850 ὡς
1649 817 1847 853 διαπρεαόευο-

1057 865 1148 899 μένοις
1165 864 1316 896 συνέκειτο,
1333 865 1380 890 καὶ
1394 864 1425 890 οὗ
1433 873 1482 896 τως
1495 865 1583 890 ἐλθεῖν
1600 864 1716 898 κράλην,
1733 863 1782 890 καὶ
1796 863 1847 898 τὴν

1055 910 1102 936 τοῦ
1115 910 1239 946 Τερτερῆ
1259 910 1309 944 μὲν
1334 911 1514 938 ἀποστέλλειν
1531 911 1569 946 τῷ
1585 910 1700 945 βασιλεῖ,
1723 909 1848 945 προδιδό-

1056 964 1101 982 ναι
1121 955 1149 982 es
1165 956 1213 982 καὶ
1230 956 1276 982 τὸν
1301 956 1482 992 Κοτανίτζην,
1509 957 1660 991 λαμϐάνειν
1677 956 1705 982 δὲ
1731 956 1781 991 τὴν
1798 955 1846 982 τοῦ

1057 1001 1189 1036 βασιλέως
1205 1003 1331 1036 γνησίαν,
1343 1002 1377 1037 ἢν
1387 1002 1420 1037 δὴ
1433 1002 1480 1029 καὶ
1492 1003 1630 1037 Σιμωνίόοι
1640 1001 1847 1038 ὲκυριωνύμουν

1062 1047 1203 1082 Ῥωμαῖοι,
1223 1048 1271 1074 καὶ
1298 1042 1386 1080 οὕτως
1401 1049 1470 1084 αὐτῇ
1488 1048 1676 1082 συνοικοῦντα,
1704 1049 1774 1084 πλὴν
1799 1049 1847 1075 τὸν

1057 1139 1161 1174 pacisci
1177 1139 1400 1168 constantissimi
1414 1140 1470 1175 jam
1488 1141 1514 1168 in
1533 1141 1704 1176 designatum
1720 1147 1847 1168 socerum

1056 1187 1208 1220 Augustum
1227 1187 1350 1221 obsequii
1369 1186 1511 1220 dubitans,
1530 1192 1616 1215 totum
1633 1195 1662 1215 se
1689 1187 1806 1215 addebat
1821 1188 1848 1214 in

1057 1236 1172 1260 conatus
1187 1233 1382 1267 persuadendae
1404 1242 1460 1262 sum
1481 1234 1675 1262 addictissimaa
1689 1234 1848 1268 imperatori

1057 1277 1217 1310 voluntatis,
1233 1278 1399 1306 inviolabilis
1417 1279 1445 1305 in
1464 1279 1515 1306 [ide
1528 1279 1736 1314 perseverantia!
1754 1281 1857 1313 quan-1

1057 1324 1092 1352 tis
1108 1331 1175 1358 opus
1190 1324 1328 1351 videretur
1346 1325 1505 1360 pignoribus
1520 1325 1670 1352 ﬁrmandae.
1696 1325 1780 1360 276
1795 1314 1857 1365 Ta-j

1058 1370 1123 1397 lesa
1144 1371 1273 1405 principe
1286 1376 1420 1405 suspectae
1442 1371 1575 1398 hactenus
1598 1371 1716 1399 levitatis
1736 1371 1851 1406 ingemi-

1059 1415 1117 1444 nari
1139 1416 1191 1444 sibi
1219 1417 1435 1444 contestationcs
1461 1416 1656 1444 sincerissime
1674 1420 1702 1444 et
1725 1417 1759 1443 ab
1775 1416 1850 1443 omni

1058 1462 1182 1497 periculo
1199 1462 1388 1490 instabilitatis
1405 1462 1595 1490 remotissima:
1609 1463 1747 1490 ﬁdelitatis
1763 1463 1850 1490 liben-

1059 1513 1100 1536 ter
1122 1509 1252 1536 andiebat
1280 1509 1451 1544 imperator;
1477 1509 1567 1544 iisque
1597 1513 1627 1537 ut
1654 1510 1798 1541 crederet,
1816 1517 1851 1537 eo

1059 1554 1197 1583 efficacius
1210 1554 1411 1588 adducebatur,
1430 1555 1503 1591 quod
1519 1555 1586 1582 satis
1603 1555 1772 1590 intelligebat
1789 1555 1852 1582 nul-

1061 1601 1113 1628 lam
1144 1601 1283 1628 undelibet
1314 1601 1409 1629 olferri
1439 1601 1527 1630 Serbo
1554 1609 1635 1637 posse
1663 1602 1852 1629 conditionem

1061 1651 1177 1680 tantam,
1199 1655 1261 1683 qua:
1279 1648 1493 1682 praeponderans
1521 1648 1675 1676 commodis
1690 1656 1722 1676 ex
1736 1649 1855 1683 impera-

1061 1692 1132 1721 torio
1147 1693 1324 1720 matrimonio
1351 1694 1470 1728 speratis
1496 1694 1572 1722 illum
1587 1695 1698 1722 eliceret
1719 1695 1746 1721 in
1770 1694 1853 1721 ullam

1061 1738 1255 1773 cogitationem
1284 1739 1428 1772 novitatis,
1444 1747 1497 1775 qua
1520 1740 1737 1775 irreparabiliter
1752 1748 1780 1768 se
1794 1748 1855 1768 eor-

1062 1788 1209 1819 rupturum
1239 1788 1293 1812 tam
1312 1785 1416 1820 amplas
1442 1791 1468 1813 et
1493 1791 1583 1814 certas
1599 1794 1661 1821 spes
1677 1787 1789 1814 haberet
1802 1788 1856 1815 evi-

1062 1830 1226 1859 dentissima
1254 1837 1440 1867 perspectum.
1473 1833 1563 1867 Quare
1594 1834 1649 1862 hoc
1693 1837 1857 1870 propensius

1059 1878 1190 1906 incubuit
1217 1878 1245 1906 in
1267 1878 1352 1912 istud,
1370 1883 1508 1913 utcunque
1535 1881 1593 1908 suis
1616 1889 1670 1910 non
1698 1889 1796 1909 carens
1812 1883 1856 1909 in-

1064 1925 1226 1958 commodis,
1247 1926 1396 1953 consilium
1421 1927 1483 1954 talis
1510 1927 1611 1963 negotii
1636 1928 1761 1964 urgendi,
1781 1929 1856 1963 quod

1064 1975 1093 1999 et
1110 1971 1174 1998 iecit
1197 1971 1481 2001 bonoriﬁcentissima
1494 1974 1586 2001 statim
1600 1973 1765 2002 destinanda
1779 1974 1857 2010 lcga-

1030 2055 1034 2056 7
1065 2017 1139 2045 tione
1167 2017 1201 2044 ad
1224 2018 1335 2048 cralcm,
1354 2025 1409 2053 qua
1439 2019 1522 2046 tiliam
1550 2019 1682 2047 oﬂ‘erebat
1713 2020 1740 2047 in
1766 2020 1857 2048 locum

1066 2064 1180 2097 sororis,
1199 2065 1421 2093 commendando
1438 2066 1520 2093 etiam
1536 2073 1584 2101 per
1599 2073 1629 2094 se
1647 2067 1856 2102 incomparabili

1066 2109 1189 2137 muneris
1209 2110 1309 2145 pretio,
1335 2115 1389 2137 tam
1419 2111 1527 2139 blandis
1552 2112 1696 2148 exquisita:
1712 2112 1858 2140 charitatis

1067 2155 1190 2188 indiciis,
1218 2161 1247 2184 ut
1273 2157 1473 2185 incredibiliter
1499 2158 1629 2187 delinitus
1659 2159 1694 2187 iis
1722 2159 1858 2186 barbarus

1068 2205 1161 2232 statim
1187 2204 1260 2232 ultro
1286 2204 1421 2240 juraverit
1444 2210 1575 2233 teternam
1601 2213 1664 2232 cum
1694 2205 1861 2240 imperatore

221 2247 359 2275 commodi
377 2246 481 2281 publici
497 2253 530 2273 ac
542 2251 615 2273 metu
630 2250 824 2274 secuturorum
840 2246 868 2273 in
884 2253 1013 2280 magnum
1027 2248 1054 2279 ι)
1067 2252 1242 2279 concordiam
1256 2260 1263 2285 ;
1295 2259 1326 2279 ex
1355 2259 1442 2286 eoque
1460 2252 1517 2287 jam
1546 2257 1669 2288 tempore
1684 2252 1860 2287 sponsalibus

221 2295 417 2321 detrimentum
443 2294 481 2321 rei
512 2292 655 2325 Ruinam,
687 2293 714 2319 ni
744 2291 785 2320 sic
812 2296 1013 2324 averterentur,

221 2340 345 2376 gravium
361 2339 507 2371 malorum,
523 2340 643 2374 denique
660 2339 687 2366 iu
711 2346 770 2366 eam
791 2343 894 2374 partem
911 2338 1015 2366 inﬂexit

223 2385 384 2421 aliquandiu
413 2385 542 2413 libratam
571 2384 777 2412 deliberationis
810 2385 928 2416 lancem,
946 2393 1015 2420 prte-

223 2432 316 2460 sertim
346 2439 408 2459 eum
438 2434 577 2466 reputaret
604 2430 740 2458 defectum
770 2431 854 2458 istum
887 2431 913 2458 in
943 2431 1016 2459 crale

225 2478 358 2506 slaritatis
375 2486 406 2506 ex
433 2478 492 2513 pari
508 2477 699 2512 respondentis
720 2477 858 2504 nobilitati
883 2477 1016 2512 Augusta:

227 2526 350 2560 virginis,
372 2525 528 2552 necessaria
555 2525 589 2550 ob
612 2523 693 2558 hujus
711 2523 887 2550 immaturam
912 2524 1018 2558 nuptiis

225 2576 331 2599 atatem
363 2570 528 2597 matrimonii
548 2569 678 2596 dilatione
707 2570 779 2596 velut
812 2570 952 2604 expiatum
986 2577 1017 2596 ac

227 2617 427 2652 quadamtenus
457 2619 601 2650 purgatum
631 2615 675 2648 iri,
698 2615 762 2642 dum
790 2615 895 2650 sperari
925 2620 1018 2650 posset

226 2664 279 2691 ista
296 2670 371 2690 mora
398 2662 472 2688 illum
491 2661 653 2688 annisurum
683 2661 880 2689 commendare
898 2669 970 2694 sese,
987 2669 1018 2689 ac

225 2709 377 2744 majoribus
402 2707 521 2738 meritis,
544 2707 656 2742 dignum
679 2707 793 2735 reddere
811 2713 864 2735 tam
892 2708 1018 2736 sublimis

224 2754 387 2783 excellentia
415 2753 556 2781 connubii.
578 2753 631 2781 ista
656 2754 708 2782 sibi
736 2754 876 2790 proposita
900 2756 1019 2782 secunda

224 2799 395 2836 cogitatione
419 2799 595 2834 imperatoris
622 2799 784 2827 mirabiliter
806 2800 909 2827 exarsit
931 2800 1020 2826 crales

225 2847 252 2874 in
279 2846 444 2874 desiderium
471 2851 526 2873 tam
547 2846 661 2875 illustris
687 2851 715 2874 et
741 2854 803 2880 spes
825 2849 940 2880 votaque
971 2854 1020 2873 sua

225 2893 317 2927 priora
329 2893 487 2923 excedentis
497 2899 616 2928 sponsae,
628 2901 731 2929 proque
745 2894 790 2920 illa
805 2893 871 2919 nihil
885 2893 1018 2919 continuo

1067 2294 1119 2322 rite
1136 2295 1273 2330 utrimque
1288 2295 1436 2331 stipulatis,
1451 2304 1512 2331 quae
1531 2297 1605 2331 regia
1622 2297 1781 2332 virguncula
1799 2297 1860 2324 fue—

1067 2346 1110 2367 rat
1124 2345 1237 2368 eatenus
1261 2341 1427 2377 desposyna,
1452 2343 1505 2370 hoc
1520 2348 1562 2371 est
1575 2343 1775 2371 dominantium
1794 2343 1859 2376 (ilia,

1067 2392 1174 2419 vocata,
1191 2387 1310 2414 cralaana
1333 2388 1399 2416 inde
1416 2396 1431 2416 a
1458 2390 1551 2424 sponsi
1568 2390 1702 2417 vocabulo
1720 2389 1860 2418 nominari

1068 2439 1159 2468 empta
1176 2436 1229 2461 est.
1243 2433 1395 2462 Restabant
1410 2435 1498 2462 solum
1513 2436 1683 2463 exsecutioni
1699 2436 1862 2463 mandanda:

1068 2479 1193 2513 concepti
1212 2479 1355 2515 juratique
1378 2481 1518 2515 utrimque
1542 2489 1557 2508 a
1575 2481 1671 2517 legatis
1689 2482 1863 2517 imperatoris

1068 2529 1096 2552 et
1110 2525 1193 2552 cralis
1216 2525 1392 2554 comlitiones
1418 2527 1541 2555 icederis.
1562 2528 1613 2555 Per
1636 2529 1684 2555 bas
1709 2533 1768 2556 erat
1797 2536 1863 2564 pro-

1070 2571 1185 2599 missum
1203 2572 1306 2599 iturum
1324 2573 1352 2599 in
1372 2573 1567 2602 Thessalorum
1585 2575 1757 2609 metropolim
1774 2575 1863 2610 impe-

1071 2621 1205 2648 ratorem,
1232 2624 1320 2651 eoque
1345 2625 1408 2645 mox
1435 2619 1468 2646 ad
1491 2619 1568 2646 illum
1588 2625 1732 2647 venturum
1747 2621 1863 2653 cralcm,

1070 2662 1211 2696 praemissa
1236 2663 1299 2697 ipsi,
1321 2671 1404 2698 qltam
1427 2671 1502 2692 nunc
1522 2665 1582 2692 vice
1599 2665 1724 2700 conjugis
1740 2665 1865 2697 haberet,

1073 2707 1126 2734 tilia
1141 2706 1263 2735 Tcrteris
1280 2717 1286 2742 ;
1304 2709 1460 2737 dediturum
1478 2711 1559 2738 etiam
1581 2711 1671 2738 eidem
1693 2711 1865 2744 Cotanizam,

1072 2761 1177 2788 proque
1204 2753 1258 2781 illis
1282 2755 1405 2782 vicissim
1429 2761 1606 2791 accepturum
1631 2756 1747 2792 Augusti
1769 2757 1866 2790 tiliam,

1072 2807 1154 2834 quam
1182 2799 1354 2828 Simonidem
1380 2802 1492 2836 proprio
1518 2802 1639 2830 Romani
1656 2803 1767 2831 nomine
1784 2811 1867 2830 voca-

1074 2847 1155 2877 bant;
1175 2853 1234 2872 eam
1266 2846 1292 2873 in
1318 2846 1401 2874 dumo
1425 2849 1509 2876 cralis
1537 2849 1707 2877 educandam
1728 2858 1817 2885 usque
1832 2851 1866 2877 ad

1074 2892 1193 2920 nubilem
1212 2896 1318 2920 attatem
1333 2902 1340 2923 ς
1358 2898 1440 2922 atoue
1465 2896 1553 2929 ipsum
1576 2897 1686 2924 interim
1707 2902 1733 2925 et
1757 2906 1787 2925 (ex
1803 2902 1867 2925 tunc
