  <div class='ocr_page' id='page_1' title='image "/cluster/home/n/w/nwhite01/storage/ocr_20150623/144/njp.32101010942892/166.png"; bbox 0 0 1944 3061; ppageno 0'>
   <div class='ocr_carea' id='block_1_1' title="bbox 96 147 154 180">
    <p class='ocr_par' dir='ltr' id='par_1_1' title="bbox 96 147 154 180">
     <span class='ocr_line' id='line_1_1' title="bbox 96 147 154 180; baseline 0.017 -1"><span class='ocrx_word' id='word_1_1' title='bbox 96 147 154 180; x_wconf 76' lang='grc'><strong>305</strong></span> 
     </span>
    </p>
   </div>
   <div class='ocr_carea' id='block_1_2' title="bbox 577 151 1285 188">
    <p class='ocr_par' dir='ltr' id='par_1_2' title="bbox 577 151 1285 188">
     <span class='ocr_line' id='line_1_2' title="bbox 577 151 1285 188; baseline 0.007 -6"><span class='ocrx_word' id='word_1_2' title='bbox 577 152 624 183; x_wconf 88' lang='lat' dir='ltr'><strong>DE</strong></span> <span class='ocrx_word' id='word_1_3' title='bbox 637 151 860 185; x_wconf 80' lang='lat' dir='ltr'><strong>ANDRONICO</strong></span> <span class='ocrx_word' id='word_1_4' title='bbox 880 153 1115 186; x_wconf 64' lang='lat' dir='ltr'><strong>PALEOLOGO</strong></span> <span class='ocrx_word' id='word_1_5' title='bbox 1135 156 1206 188; x_wconf 83' lang='lat' dir='ltr'><strong>LIB.</strong></span> <span class='ocrx_word' id='word_1_6' title='bbox 1230 156 1285 187; x_wconf 80' lang='lat' dir='ltr'><strong>Ili.</strong></span> 
     </span>
    </p>
   </div>
   <div class='ocr_carea' id='block_1_3' title="bbox 1688 156 1741 187">
    <p class='ocr_par' dir='ltr' id='par_1_3' title="bbox 1688 156 1741 187">
     <span class='ocr_line' id='line_1_3' title="bbox 1688 156 1741 187; baseline 0 0"><span class='ocrx_word' id='word_1_7' title='bbox 1688 156 1741 187; x_wconf 72' lang='lat'><strong>306</strong></span> 
     </span>
    </p>
   </div>
   <div class='ocr_carea' id='block_1_4' title="bbox 98 212 1743 251">
    <p class='ocr_par' dir='ltr' id='par_1_4' title="bbox 98 212 1743 251">
     <span class='ocr_line' id='line_1_4' title="bbox 98 212 1743 251; baseline 0.002 -13"><span class='ocrx_word' id='word_1_8' title='bbox 98 212 256 246; x_wconf 71' lang='grc' dir='ltr'><strong>συναφείας</strong></span> <span class='ocrx_word' id='word_1_9' title='bbox 285 214 382 249; x_wconf 77' lang='grc' dir='ltr'>καιρὸν</span> <span class='ocrx_word' id='word_1_10' title='bbox 402 213 572 250; x_wconf 73' lang='grc' dir='ltr'>ἀναμένοντα</span> <span class='ocrx_word' id='word_1_11' title='bbox 584 235 591 248; x_wconf 85' lang='grc'><strong>,</strong></span> <span class='ocrx_word' id='word_1_12' title='bbox 617 215 646 242; x_wconf 81' lang='grc' dir='ltr'>ὲν</span> <span class='ocrx_word' id='word_1_13' title='bbox 669 215 750 243; x_wconf 74' lang='grc' dir='ltr'>παισὶ</span> <span class='ocrx_word' id='word_1_14' title='bbox 769 216 899 251; x_wconf 81' lang='grc' dir='ltr'>τετάχθαι</span> <span class='ocrx_word' id='word_1_15' title='bbox 913 216 936 244; x_wconf 79' lang='grc' dir='ltr'><strong>Α</strong></span> <span class='ocrx_word' id='word_1_16' title='bbox 952 216 1050 250; x_wconf 78' lang='grc' dir='ltr'>ριεῖναι</span> <span class='ocrx_word' id='word_1_17' title='bbox 1064 215 1174 242; x_wconf 68' lang='grc' dir='ltr'>κάκεῖνο</span> <span class='ocrx_word' id='word_1_18' title='bbox 1187 215 1389 250; x_wconf 74' lang='grc' dir='ltr'><strong>φυλαττόμενον</strong></span> <span class='ocrx_word' id='word_1_19' title='bbox 1402 214 1493 240; x_wconf 75' lang='grc' dir='ltr'>ἕνεκα.</span> <span class='ocrx_word' id='word_1_20' title='bbox 1509 214 1539 239; x_wconf 87' lang='grc' dir='ltr'>Ὁ</span> <span class='ocrx_word' id='word_1_21' title='bbox 1548 214 1579 249; x_wconf 84' lang='grc' dir='ltr'>δὴ</span> <span class='ocrx_word' id='word_1_22' title='bbox 1590 214 1635 240; x_wconf 78' lang='grc' dir='ltr'>καὶ</span> <span class='ocrx_word' id='word_1_23' title='bbox 1646 215 1743 249; x_wconf 77' lang='grc' dir='ltr'>γέγονε</span> 
     </span>
    </p>
   </div>
   <div class='ocr_carea' id='block_1_5' title="bbox 96 259 591 297">
    <p class='ocr_par' dir='ltr' id='par_1_5' title="bbox 96 259 591 297">
     <span class='ocr_line' id='line_1_5' title="bbox 96 259 591 297; baseline 0.008 -12"><span class='ocrx_word' id='word_1_24' title='bbox 96 259 149 285; x_wconf 77' lang='grc' dir='ltr'><strong>καὶ</strong></span> <span class='ocrx_word' id='word_1_25' title='bbox 172 259 261 295; x_wconf 81' lang='grc' dir='ltr'>φίλοις</span> <span class='ocrx_word' id='word_1_26' title='bbox 279 261 408 296; x_wconf 75' lang='grc' dir='ltr'><strong>γνησίοις</strong></span> <span class='ocrx_word' id='word_1_27' title='bbox 423 260 462 296; x_wconf 84' lang='grc' dir='ltr'>τῷ</span> <span class='ocrx_word' id='word_1_28' title='bbox 475 261 591 297; x_wconf 76' lang='grc' dir='ltr'>βασιλεῖ.</span> 
     </span>
    </p>
   </div>
   <div class='ocr_carea' id='block_1_6' title="bbox 95 315 900 352">
    <p class='ocr_par' dir='ltr' id='par_1_6' title="bbox 95 315 900 352">
     <span class='ocr_line' id='line_1_6' title="bbox 95 315 900 352; baseline 0.005 -9"><span class='ocrx_word' id='word_1_29' title='bbox 95 315 152 350; x_wconf 75' lang='grc' dir='ltr'><strong>λβ’.</strong></span> <span class='ocrx_word' id='word_1_30' title='bbox 172 318 244 351; x_wconf 75' lang='grc' dir='ltr'><strong>Περὶ</strong></span> <span class='ocrx_word' id='word_1_31' title='bbox 263 317 321 351; x_wconf 75' lang='grc' dir='ltr'><strong>τῆς</strong></span> <span class='ocrx_word' id='word_1_32' title='bbox 346 319 511 352; x_wconf 74' lang='grc' dir='ltr'><em>ὀνομασίας</em></span> <span class='ocrx_word' id='word_1_33' title='bbox 536 318 592 352; x_wconf 82' lang='grc' dir='ltr'>τῆς</span> <span class='ocrx_word' id='word_1_34' title='bbox 616 319 823 352; x_wconf 80' lang='grc' dir='ltr'>δεσποσύνου,</span> <span class='ocrx_word' id='word_1_35' title='bbox 838 319 900 352; x_wconf 75' lang='grc' dir='ltr'>πῶς</span> 
     </span>
    </p>
   </div>
   <div class='ocr_carea' id='block_1_7' title="bbox 377 353 645 388">
    <p class='ocr_par' dir='ltr' id='par_1_7' title="bbox 377 353 645 388">
     <span class='ocr_line' id='line_1_7' title="bbox 377 353 645 388; baseline 0.004 -8"><span class='ocrx_word' id='word_1_36' title='bbox 377 354 503 388; x_wconf 77' lang='grc' dir='ltr'>Σιμωνὶς</span> <span class='ocrx_word' id='word_1_37' title='bbox 517 353 645 388; x_wconf 78' lang='grc' dir='ltr'><strong>ἐκλήθη,</strong></span> 
     </span>
    </p>
   </div>
   <div class='ocr_carea' id='block_1_8' title="bbox 137 399 901 435">
    <p class='ocr_par' dir='ltr' id='par_1_8' title="bbox 137 399 901 435">
     <span class='ocr_line' id='line_1_8' title="bbox 137 399 901 435; baseline 0.001 -10"><span class='ocrx_word' id='word_1_38' title='bbox 137 399 180 426; x_wconf 79' lang='grc' dir='ltr'><strong>Οὖ</strong></span> <span class='ocrx_word' id='word_1_39' title='bbox 202 400 294 434; x_wconf 78' lang='grc' dir='ltr'>χεῖρον</span> <span class='ocrx_word' id='word_1_40' title='bbox 311 399 335 425; x_wconf 82' lang='grc' dir='ltr'><strong>δ’</strong></span> <span class='ocrx_word' id='word_1_41' title='bbox 355 399 421 430; x_wconf 70' lang='lat' dir='ltr'><strong>few;</strong></span> <span class='ocrx_word' id='word_1_42' title='bbox 445 399 494 425; x_wconf 78' lang='grc' dir='ltr'><strong>καὶ</strong></span> <span class='ocrx_word' id='word_1_43' title='bbox 516 399 566 435; x_wconf 84' lang='grc' dir='ltr'>τὴν</span> <span class='ocrx_word' id='word_1_44' title='bbox 585 400 634 434; x_wconf 83' lang='grc' dir='ltr'>τῆς</span> <span class='ocrx_word' id='word_1_45' title='bbox 649 399 796 434; x_wconf 75' lang='grc' dir='ltr'><strong>ὀνομασίας</strong></span> <span class='ocrx_word' id='word_1_46' title='bbox 810 399 901 427; x_wconf 78' lang='grc' dir='ltr'>αἰτίαν</span> 
     </span>
    </p>
   </div>
   <div class='ocr_carea' id='block_1_9' title="bbox 97 444 901 480">
    <p class='ocr_par' dir='ltr' id='par_1_9' title="bbox 97 444 901 480">
     <span class='ocr_line' id='line_1_9' title="bbox 97 444 901 480; baseline 0.001 -9"><span class='ocrx_word' id='word_1_47' title='bbox 97 446 197 472; x_wconf 68' lang='grc' dir='ltr'>εἰπεῖν</span> <span class='ocrx_word' id='word_1_48' title='bbox 216 444 385 480; x_wconf 79' lang='grc' dir='ltr'><strong>ἱστοροῦσιν.</strong></span> <span class='ocrx_word' id='word_1_49' title='bbox 409 444 520 471; x_wconf 77' lang='grc' dir='ltr'>Ἐλύπει</span> <span class='ocrx_word' id='word_1_50' title='bbox 543 444 582 480; x_wconf 82' lang='grc' dir='ltr'>τῷ</span> <span class='ocrx_word' id='word_1_51' title='bbox 602 444 710 480; x_wconf 75' lang='grc' dir='ltr'>βασιλεῖ</span> <span class='ocrx_word' id='word_1_52' title='bbox 725 445 829 472; x_wconf 83' lang='grc' dir='ltr'>παίδων</span> <span class='ocrx_word' id='word_1_53' title='bbox 852 445 901 480; x_wconf 83' lang='grc' dir='ltr'><strong>θη-</strong></span> 
     </span>
    </p>
   </div>
   <div class='ocr_carea' id='block_1_10' title="bbox 96 490 900 527">
    <p class='ocr_par' dir='ltr' id='par_1_10' title="bbox 96 490 900 527">
     <span class='ocr_line' id='line_1_10' title="bbox 96 490 900 527; baseline 0.001 -10"><span class='ocrx_word' id='word_1_54' title='bbox 96 490 187 518; x_wconf 77' lang='grc' dir='ltr'>λειῶν</span> <span class='ocrx_word' id='word_1_55' title='bbox 205 491 328 527; x_wconf 70' lang='grc' dir='ltr'>ἀποϐολὴ</span> <span class='ocrx_word' id='word_1_56' title='bbox 345 491 410 526; x_wconf 77' lang='grc' dir='ltr'>πρὶν</span> <span class='ocrx_word' id='word_1_57' title='bbox 426 491 517 522; x_wconf 80' lang='grc' dir='ltr'>καλῶς</span> <span class='ocrx_word' id='word_1_58' title='bbox 540 491 588 518; x_wconf 79' lang='grc' dir='ltr'>καὶ</span> <span class='ocrx_word' id='word_1_59' title='bbox 603 491 732 526; x_wconf 76' lang='grc' dir='ltr'>φανῆναι,</span> <span class='ocrx_word' id='word_1_60' title='bbox 753 492 800 519; x_wconf 73' lang='grc' dir='ltr'>καὶ</span> <span class='ocrx_word' id='word_1_61' title='bbox 819 491 900 518; x_wconf 83' lang='grc' dir='ltr'>τοῦτο</span> 
     </span>
    </p>
   </div>
   <div class='ocr_carea' id='block_1_11' title="bbox 98 537 897 573">
    <p class='ocr_par' dir='ltr' id='par_1_11' title="bbox 98 537 897 573">
     <span class='ocr_line' id='line_1_11' title="bbox 98 537 897 573; baseline 0.001 -10"><span class='ocrx_word' id='word_1_62' title='bbox 98 537 152 563; x_wconf 70' lang='grc' dir='ltr'>ἐπὶ</span> <span class='ocrx_word' id='word_1_63' title='bbox 177 538 238 564; x_wconf 77' lang='grc' dir='ltr'>δυσὶ</span> <span class='ocrx_word' id='word_1_64' title='bbox 255 538 304 564; x_wconf 76' lang='grc' dir='ltr'>καὶ</span> <span class='ocrx_word' id='word_1_65' title='bbox 324 537 400 572; x_wconf 71' lang='grc' dir='ltr'>τρισὶ</span> <span class='ocrx_word' id='word_1_66' title='bbox 425 538 506 564; x_wconf 62' lang='grc' dir='ltr'>παισὶ</span> <span class='ocrx_word' id='word_1_67' title='bbox 525 537 648 572; x_wconf 79' lang='grc' dir='ltr'>γέγονεν.</span> <span class='ocrx_word' id='word_1_68' title='bbox 671 537 748 564; x_wconf 78' lang='grc' dir='ltr'><strong>Έπεὶ</strong></span> <span class='ocrx_word' id='word_1_69' title='bbox 768 537 795 564; x_wconf 79' lang='grc' dir='ltr'><strong>δὲ</strong></span> <span class='ocrx_word' id='word_1_70' title='bbox 819 537 897 573; x_wconf 81' lang='grc' dir='ltr'>καὶὴ</span> 
     </span>
    </p>
   </div>
   <div class='ocr_carea' id='block_1_12' title="bbox 97 581 900 619">
    <p class='ocr_par' dir='ltr' id='par_1_12' title="bbox 97 581 900 619">
     <span class='ocr_line' id='line_1_12' title="bbox 97 581 900 619; baseline 0 -10"><span class='ocrx_word' id='word_1_71' title='bbox 97 585 196 615; x_wconf 78' lang='grc' dir='ltr'>νεᾶνις</span> <span class='ocrx_word' id='word_1_72' title='bbox 211 583 282 618; x_wconf 76' lang='grc' dir='ltr'>αὕτη</span> <span class='ocrx_word' id='word_1_73' title='bbox 299 584 471 617; x_wconf 78' lang='grc' dir='ltr'>ἀπεγεννᾶτο</span> <span class='ocrx_word' id='word_1_74' title='bbox 501 583 550 610; x_wconf 72' lang='grc' dir='ltr'>καὶ</span> <span class='ocrx_word' id='word_1_75' title='bbox 578 583 659 617; x_wconf 76' lang='grc' dir='ltr'>φόϐος</span> <span class='ocrx_word' id='word_1_76' title='bbox 677 583 764 615; x_wconf 83' lang='grc' dir='ltr'>δεινὸς</span> <span class='ocrx_word' id='word_1_77' title='bbox 793 581 826 619; x_wconf 81' lang='grc' dir='ltr'><strong>ἧν</strong></span> <span class='ocrx_word' id='word_1_78' title='bbox 851 583 900 611; x_wconf 72' lang='grc' dir='ltr'>καὶ</span> 
     </span>
    </p>
   </div>
   <div class='ocr_carea' id='block_1_13' title="bbox 98 629 899 664">
    <p class='ocr_par' dir='ltr' id='par_1_13' title="bbox 98 629 899 664">
     <span class='ocr_line' id='line_1_13' title="bbox 98 629 899 664; baseline 0 -8"><span class='ocrx_word' id='word_1_79' title='bbox 98 630 171 664; x_wconf 69' lang='grc' dir='ltr'>περὶ</span> <span class='ocrx_word' id='word_1_80' title='bbox 187 631 269 664; x_wconf 78' lang='grc' dir='ltr'>αὐτῇ,</span> <span class='ocrx_word' id='word_1_81' title='bbox 283 629 340 656; x_wconf 81' lang='grc' dir='ltr'>τῶν</span> <span class='ocrx_word' id='word_1_82' title='bbox 355 638 398 661; x_wconf 87' lang='grc' dir='ltr'><strong>τις</strong></span> <span class='ocrx_word' id='word_1_83' title='bbox 415 630 554 663; x_wconf 85' lang='grc' dir='ltr'>γυναικῶν</span> <span class='ocrx_word' id='word_1_84' title='bbox 568 630 721 664; x_wconf 76' lang='grc' dir='ltr'>ἐμπείρων,</span> <span class='ocrx_word' id='word_1_85' title='bbox 736 630 794 664; x_wconf 84' lang='grc' dir='ltr'>ἄμα</span> <span class='ocrx_word' id='word_1_86' title='bbox 808 630 836 657; x_wconf 79' lang='grc' dir='ltr'><strong>δὲ</strong></span> <span class='ocrx_word' id='word_1_87' title='bbox 851 630 899 658; x_wconf 83' lang='grc' dir='ltr'>καὶ</span> 
     </span>
    </p>
   </div>
   <div class='ocr_carea' id='block_1_14' title="bbox 99 675 896 711">
    <p class='ocr_par' dir='ltr' id='par_1_14' title="bbox 99 675 896 711">
     <span class='ocr_line' id='line_1_14' title="bbox 99 675 896 711; baseline 0 -9"><span class='ocrx_word' id='word_1_88' title='bbox 99 676 228 710; x_wconf 67' lang='grc' dir='ltr'>σεμνῶν,</span> <span class='ocrx_word' id='word_1_89' title='bbox 245 675 347 710; x_wconf 84' lang='grc' dir='ltr'>βουλὴν</span> <span class='ocrx_word' id='word_1_90' title='bbox 364 676 481 710; x_wconf 73' lang='grc' dir='ltr'>εἰσάγει.</span> <span class='ocrx_word' id='word_1_91' title='bbox 496 675 567 711; x_wconf 79' lang='grc' dir='ltr'>πλὴν</span> <span class='ocrx_word' id='word_1_92' title='bbox 588 675 636 710; x_wconf 86' lang='grc' dir='ltr'>τὴν</span> <span class='ocrx_word' id='word_1_93' title='bbox 655 676 758 711; x_wconf 84' lang='grc' dir='ltr'>συνήθη</span> <span class='ocrx_word' id='word_1_94' title='bbox 778 676 896 708; x_wconf 78' lang='grc' dir='ltr'><strong>πολλοῖς,</strong></span> 
     </span>
    </p>
   </div>
   <div class='ocr_carea' id='block_1_15' title="bbox 98 722 896 758">
    <p class='ocr_par' dir='ltr' id='par_1_15' title="bbox 98 722 896 758">
     <span class='ocr_line' id='line_1_15' title="bbox 98 722 896 758; baseline -0.001 -9"><span class='ocrx_word' id='word_1_95' title='bbox 98 722 167 749; x_wconf 73' lang='grc' dir='ltr'>καθ’</span> <span class='ocrx_word' id='word_1_96' title='bbox 181 723 215 758; x_wconf 83' lang='grc' dir='ltr'>ἦν</span> <span class='ocrx_word' id='word_1_97' title='bbox 228 722 259 757; x_wconf 82' lang='grc' dir='ltr'><strong>δὴ</strong></span> <span class='ocrx_word' id='word_1_98' title='bbox 270 722 320 749; x_wconf 80' lang='grc' dir='ltr'><strong>καὶ</strong></span> <span class='ocrx_word' id='word_1_99' title='bbox 336 722 466 755; x_wconf 74' lang='grc' dir='ltr'>σώζοιντο</span> <span class='ocrx_word' id='word_1_100' title='bbox 477 723 511 749; x_wconf 85' lang='grc' dir='ltr'><strong>τὰ</strong></span> <span class='ocrx_word' id='word_1_101' title='bbox 522 723 691 757; x_wconf 77' lang='grc' dir='ltr'>γεννήματα.</span> <span class='ocrx_word' id='word_1_102' title='bbox 708 723 763 749; x_wconf 72' lang='grc' dir='ltr'><strong>Καὶ.</strong></span> <span class='ocrx_word' id='word_1_103' title='bbox 776 723 791 757; x_wconf 83' lang='grc' dir='ltr'>ἡ</span> <span class='ocrx_word' id='word_1_104' title='bbox 804 723 896 758; x_wconf 81' lang='grc' dir='ltr'>βουλὴ,</span> 
     </span>
    </p>
   </div>
   <div class='ocr_carea' id='block_1_16' title="bbox 98 767 899 803">
    <p class='ocr_par' dir='ltr' id='par_1_16' title="bbox 98 767 899 803">
     <span class='ocr_line' id='line_1_16' title="bbox 98 767 899 803; baseline -0.001 -8"><span class='ocrx_word' id='word_1_105' title='bbox 98 769 214 800; x_wconf 78' lang='grc' dir='ltr'>εἰκόνας</span> <span class='ocrx_word' id='word_1_106' title='bbox 243 768 297 795; x_wconf 86' lang='grc' dir='ltr'>τῶν</span> <span class='ocrx_word' id='word_1_107' title='bbox 330 768 508 803; x_wconf 76' lang='grc' dir='ltr'>προύχόντων</span> <span class='ocrx_word' id='word_1_108' title='bbox 546 769 576 795; x_wconf 82' lang='grc' dir='ltr'>ὲν</span> <span class='ocrx_word' id='word_1_109' title='bbox 606 768 770 799; x_wconf 76' lang='grc' dir='ltr'>ἀποστόλοις</span> <span class='ocrx_word' id='word_1_110' title='bbox 794 767 899 794; x_wconf 87' lang='grc' dir='ltr'>δώδεκα</span> 
     </span>
    </p>
   </div>
   <div class='ocr_carea' id='block_1_17' title="bbox 99 813 899 851">
    <p class='ocr_par' dir='ltr' id='par_1_17' title="bbox 99 813 899 851">
     <span class='ocr_line' id='line_1_17' title="bbox 99 813 899 851; baseline -0.003 -9"><span class='ocrx_word' id='word_1_111' title='bbox 99 816 261 850; x_wconf 71' lang='grc' dir='ltr'>στήσαντας</span> <span class='ocrx_word' id='word_1_112' title='bbox 278 816 383 851; x_wconf 79' lang='grc' dir='ltr'>κηροὺς</span> <span class='ocrx_word' id='word_1_113' title='bbox 399 815 544 850; x_wconf 59' lang='lat' dir='ltr'><strong>[crop-ﬁxere</strong></span> <span class='ocrx_word' id='word_1_114' title='bbox 555 823 584 841; x_wconf 84' lang='grc' dir='ltr'><strong>τε</strong></span> <span class='ocrx_word' id='word_1_115' title='bbox 595 815 642 842; x_wconf 72' lang='grc' dir='ltr'>καὶ</span> <span class='ocrx_word' id='word_1_116' title='bbox 656 813 836 849; x_wconf 82' lang='grc' dir='ltr'>ίσοστάθμους</span> <span class='ocrx_word' id='word_1_117' title='bbox 851 814 899 841; x_wconf 70' lang='grc' dir='ltr'>καὶ</span> 
     </span>
    </p>
   </div>
   <div class='ocr_carea' id='block_1_18' title="bbox 98 859 897 898">
    <p class='ocr_par' dir='ltr' id='par_1_18' title="bbox 98 859 897 898">
     <span class='ocr_line' id='line_1_18' title="bbox 98 859 897 898; baseline -0.004 -8"><span class='ocrx_word' id='word_1_118' title='bbox 98 862 150 897; x_wconf 78' lang='grc' dir='ltr'><strong>ἅμ’</strong></span> <span class='ocrx_word' id='word_1_119' title='bbox 170 862 314 898; x_wconf 77' lang='grc' dir='ltr'><strong>ἡμμένους</strong></span> <span class='ocrx_word' id='word_1_120' title='bbox 334 862 377 889; x_wconf 81' lang='grc' dir='ltr'><strong>ἀν’</strong></span> <span class='ocrx_word' id='word_1_121' title='bbox 397 860 517 896; x_wconf 77' lang='grc' dir='ltr'>ἑκάστην</span> <span class='ocrx_word' id='word_1_122' title='bbox 533 860 683 895; x_wconf 78' lang='grc' dir='ltr'>πήξασθαι,</span> <span class='ocrx_word' id='word_1_123' title='bbox 699 860 747 887; x_wconf 76' lang='grc' dir='ltr'><strong>καὶ</strong></span> <span class='ocrx_word' id='word_1_124' title='bbox 762 859 833 895; x_wconf 75' lang='grc' dir='ltr'><strong>ὑπὲρ</strong></span> <span class='ocrx_word' id='word_1_125' title='bbox 849 860 897 887; x_wconf 82' lang='grc' dir='ltr'><strong>τοῦ</strong></span> 
     </span>
    </p>
   </div>
   <div class='ocr_carea' id='block_1_19' title="bbox 97 898 936 944">
    <p class='ocr_par' dir='ltr' id='par_1_19' title="bbox 97 898 936 944">
     <span class='ocr_line' id='line_1_19' title="bbox 97 898 936 944; baseline -0.002 -10"><span class='ocrx_word' id='word_1_126' title='bbox 97 909 202 935; x_wconf 74' lang='grc' dir='ltr'>νεωστὶ</span> <span class='ocrx_word' id='word_1_127' title='bbox 229 908 409 943; x_wconf 78' lang='grc' dir='ltr'>γεννηθέντος</span> <span class='ocrx_word' id='word_1_128' title='bbox 425 907 458 944; x_wconf 86' lang='grc' dir='ltr'><strong>[Ρ</strong></span> <span class='ocrx_word' id='word_1_129' title='bbox 480 905 544 943; x_wconf 77' lang='grc'><strong>188]</strong></span> <span class='ocrx_word' id='word_1_130' title='bbox 573 906 706 933; x_wconf 76' lang='grc' dir='ltr'><strong>ἱκετεύειν</strong></span> <span class='ocrx_word' id='word_1_131' title='bbox 732 905 896 941; x_wconf 78' lang='grc' dir='ltr'>ψάλλοντας,</span> <span class='ocrx_word' id='word_1_132' title='bbox 912 898 936 928; x_wconf 72' lang='grc' dir='ltr'>Β</span> 
     </span>
    </p>
   </div>
   <div class='ocr_carea' id='block_1_20' title="bbox 98 951 897 989">
    <p class='ocr_par' dir='ltr' id='par_1_20' title="bbox 98 951 897 989">
     <span class='ocr_line' id='line_1_20' title="bbox 98 951 897 989; baseline -0.003 -8"><span class='ocrx_word' id='word_1_133' title='bbox 98 954 252 989; x_wconf 79' lang='grc' dir='ltr'>ἐπέχοντας</span> <span class='ocrx_word' id='word_1_134' title='bbox 270 954 320 989; x_wconf 83' lang='grc' dir='ltr'>τὴν</span> <span class='ocrx_word' id='word_1_135' title='bbox 333 954 417 989; x_wconf 79' lang='grc' dir='ltr'>εὐχὴν</span> <span class='ocrx_word' id='word_1_136' title='bbox 433 953 516 989; x_wconf 71' lang='grc' dir='ltr'>μέχρι</span> <span class='ocrx_word' id='word_1_137' title='bbox 533 953 581 980; x_wconf 77' lang='grc' dir='ltr'>καὶ</span> <span class='ocrx_word' id='word_1_138' title='bbox 594 953 680 988; x_wconf 81' lang='grc' dir='ltr'>αὐτῆς</span> <span class='ocrx_word' id='word_1_139' title='bbox 694 952 726 988; x_wconf 84' lang='grc' dir='ltr'>δὴ</span> <span class='ocrx_word' id='word_1_140' title='bbox 742 953 792 986; x_wconf 80' lang='grc' dir='ltr'><strong>τῆς</strong></span> <span class='ocrx_word' id='word_1_141' title='bbox 806 952 839 979; x_wconf 74' lang='grc' dir='ltr'>ὲκ</span> <span class='ocrx_word' id='word_1_142' title='bbox 849 951 897 979; x_wconf 80' lang='grc' dir='ltr'><strong>τοῦ</strong></span> 
     </span>
    </p>
   </div>
   <div class='ocr_carea' id='block_1_21' title="bbox 99 996 899 1037">
    <p class='ocr_par' dir='ltr' id='par_1_21' title="bbox 99 996 899 1037">
     <span class='ocr_line' id='line_1_21' title="bbox 99 996 899 1037; baseline -0.003 -9"><span class='ocrx_word' id='word_1_143' title='bbox 99 1002 190 1037; x_wconf 75' lang='grc' dir='ltr'>πυρὸς</span> <span class='ocrx_word' id='word_1_144' title='bbox 204 1001 260 1028; x_wconf 80' lang='grc' dir='ltr'><strong>τῶν</strong></span> <span class='ocrx_word' id='word_1_145' title='bbox 276 1001 373 1037; x_wconf 83' lang='grc' dir='ltr'>κηρῶν</span> <span class='ocrx_word' id='word_1_146' title='bbox 386 1001 576 1037; x_wconf 82' lang='grc' dir='ltr'>δαπανήσεως,</span> <span class='ocrx_word' id='word_1_147' title='bbox 601 1001 647 1028; x_wconf 68' lang='grc' dir='ltr'><strong>κο.)⁸</strong></span> <span class='ocrx_word' id='word_1_148' title='bbox 663 996 748 1034; x_wconf 77' lang='grc' dir='ltr'>ὲφ⁹οὗ</span> <span class='ocrx_word' id='word_1_149' title='bbox 766 999 799 1036; x_wconf 79' lang='grc' dir='ltr'><strong>δὴ</strong></span> <span class='ocrx_word' id='word_1_150' title='bbox 817 1000 832 1026; x_wconf 81' lang='grc' dir='ltr'><strong>ὁ</strong></span> <span class='ocrx_word' id='word_1_151' title='bbox 849 1007 899 1026; x_wconf 82' lang='grc' dir='ltr'><strong>πε-</strong></span> 
     </span>
    </p>
   </div>
   <div class='ocr_carea' id='block_1_22' title="bbox 99 1044 897 1081">
    <p class='ocr_par' dir='ltr' id='par_1_22' title="bbox 99 1044 897 1081">
     <span class='ocr_line' id='line_1_22' title="bbox 99 1044 897 1081; baseline 0 -9"><span class='ocrx_word' id='word_1_152' title='bbox 99 1046 280 1081; x_wconf 79' lang='grc' dir='ltr'>ριγενόμενος</span> <span class='ocrx_word' id='word_1_153' title='bbox 308 1046 364 1073; x_wconf 81' lang='grc' dir='ltr'>τῶν</span> <span class='ocrx_word' id='word_1_154' title='bbox 387 1047 475 1073; x_wconf 78' lang='grc' dir='ltr'>ἄλλων</span> <span class='ocrx_word' id='word_1_155' title='bbox 498 1047 566 1078; x_wconf 89' lang='grc' dir='ltr'>τέως</span> <span class='ocrx_word' id='word_1_156' title='bbox 587 1045 793 1080; x_wconf 79' lang='grc' dir='ltr'>ἀφανισθέντων</span> <span class='ocrx_word' id='word_1_157' title='bbox 818 1044 897 1080; x_wconf 76' lang='grc' dir='ltr'>ἔστη,</span> 
     </span>
    </p>
   </div>
   <div class='ocr_carea' id='block_1_23' title="bbox 98 1091 898 1130">
    <p class='ocr_par' dir='ltr' id='par_1_23' title="bbox 98 1091 898 1130">
     <span class='ocr_line' id='line_1_23' title="bbox 98 1091 898 1130; baseline -0.001 -10"><span class='ocrx_word' id='word_1_158' title='bbox 98 1093 197 1120; x_wconf 80' lang='grc' dir='ltr'>τούτου</span> <span class='ocrx_word' id='word_1_159' title='bbox 217 1094 264 1120; x_wconf 77' lang='grc' dir='ltr'>καὶ</span> <span class='ocrx_word' id='word_1_160' title='bbox 283 1093 405 1129; x_wconf 74' lang='grc' dir='ltr'>τοῦνομα</span> <span class='ocrx_word' id='word_1_161' title='bbox 421 1095 454 1129; x_wconf 84' lang='grc' dir='ltr'>τῇ</span> <span class='ocrx_word' id='word_1_162' title='bbox 477 1093 617 1130; x_wconf 79' lang='grc' dir='ltr'>ἁρτιγενεϊ</span> <span class='ocrx_word' id='word_1_163' title='bbox 638 1092 762 1120; x_wconf 83' lang='grc' dir='ltr'>τίθεσθαι</span> <span class='ocrx_word' id='word_1_164' title='bbox 778 1091 826 1120; x_wconf 80' lang='grc' dir='ltr'>τοῦ</span> <span class='ocrx_word' id='word_1_165' title='bbox 849 1100 898 1119; x_wconf 84' lang='grc' dir='ltr'><strong>πε-</strong></span> 
     </span>
    </p>
   </div>
   <div class='ocr_carea' id='block_1_24' title="bbox 97 1181 897 1211">
    <p class='ocr_par' dir='ltr' id='par_1_24' title="bbox 97 1181 897 1211">
     <span class='ocr_line' id='line_1_24' title="bbox 97 1181 897 1211; baseline 0.003 -3"><span class='ocrx_word' id='word_1_166' title='bbox 97 1182 149 1209; x_wconf 87' lang='lat' dir='ltr'><strong>lilii</strong></span> <span class='ocrx_word' id='word_1_167' title='bbox 168 1181 369 1210; x_wconf 72' lang='lat' dir='ltr'><strong>necessitudini</strong></span> <span class='ocrx_word' id='word_1_168' title='bbox 386 1187 412 1210; x_wconf 90' lang='lat' dir='ltr'><strong>et</strong></span> <span class='ocrx_word' id='word_1_169' title='bbox 426 1182 574 1210; x_wconf 77' lang='lat' dir='ltr'><strong>individuze</strong></span> <span class='ocrx_word' id='word_1_170' title='bbox 589 1182 679 1211; x_wconf 86' lang='lat' dir='ltr'><strong>intimi</strong></span> <span class='ocrx_word' id='word_1_171' title='bbox 705 1183 788 1211; x_wconf 82' lang='lat' dir='ltr'><strong>amici</strong></span> <span class='ocrx_word' id='word_1_172' title='bbox 807 1183 897 1211; x_wconf 83' lang='lat' dir='ltr'><strong>socie-</strong></span> 
     </span>
    </p>
   </div>
   <div class='ocr_carea' id='block_1_25' title="bbox 96 1229 894 1265">
    <p class='ocr_par' dir='ltr' id='par_1_25' title="bbox 96 1229 894 1265">
     <span class='ocr_line' id='line_1_25' title="bbox 96 1229 894 1265; baseline 0.003 -10"><span class='ocrx_word' id='word_1_173' title='bbox 96 1229 149 1255; x_wconf 87' lang='lat' dir='ltr'><strong>tati</strong></span> <span class='ocrx_word' id='word_1_174' title='bbox 162 1234 382 1256; x_wconf 83' lang='lat' dir='ltr'><strong>consentaneum</strong></span> <span class='ocrx_word' id='word_1_175' title='bbox 398 1229 492 1264; x_wconf 69' lang='lat' dir='ltr'><strong>gratiae</strong></span> <span class='ocrx_word' id='word_1_176' title='bbox 509 1229 598 1256; x_wconf 81' lang='lat' dir='ltr'><strong>locum</strong></span> <span class='ocrx_word' id='word_1_177' title='bbox 614 1229 687 1264; x_wconf 88' lang='lat' dir='ltr'><strong>apud</strong></span> <span class='ocrx_word' id='word_1_178' title='bbox 700 1229 894 1265; x_wconf 90' lang='lat' dir='ltr'><strong>imperatorem</strong></span> 
     </span>
    </p>
   </div>
   <div class='ocr_carea' id='block_1_26' title="bbox 101 1276 277 1302">
    <p class='ocr_par' dir='ltr' id='par_1_26' title="bbox 101 1276 277 1302">
     <span class='ocr_line' id='line_1_26' title="bbox 101 1276 277 1302; baseline -0.006 0"><span class='ocrx_word' id='word_1_179' title='bbox 101 1276 277 1302; x_wconf 85' lang='lat' dir='ltr'><strong>habiturum.</strong></span> 
     </span>
    </p>
   </div>
   <div class='ocr_carea' id='block_1_27' title="bbox 100 1334 897 1371">
    <p class='ocr_par' dir='ltr' id='par_1_27' title="bbox 100 1334 897 1371">
     <span class='ocr_line' id='line_1_27' title="bbox 100 1334 897 1371; baseline 0 -10"><span class='ocrx_word' id='word_1_180' title='bbox 100 1334 147 1361; x_wconf 72' lang='lat'><strong>32.</strong></span> <span class='ocrx_word' id='word_1_181' title='bbox 174 1334 210 1361; x_wconf 77' lang='lat' dir='ltr'><strong>De</strong></span> <span class='ocrx_word' id='word_1_182' title='bbox 239 1335 450 1371; x_wconf 76' lang='lat' dir='ltr'><strong>nomenclatione</strong></span> <span class='ocrx_word' id='word_1_183' title='bbox 479 1336 658 1370; x_wconf 73' lang='lat' dir='ltr'><strong>imperatoria:</strong></span> <span class='ocrx_word' id='word_1_184' title='bbox 685 1336 815 1371; x_wconf 70' lang='lat' dir='ltr'><strong>virginis,</strong></span> <span class='ocrx_word' id='word_1_185' title='bbox 851 1343 897 1362; x_wconf 85' lang='lat' dir='ltr'><strong>cur</strong></span> 
     </span>
    </p>
   </div>
   <div class='ocr_carea' id='block_1_28' title="bbox 308 1370 691 1406">
    <p class='ocr_par' dir='ltr' id='par_1_28' title="bbox 308 1370 691 1406">
     <span class='ocr_line' id='line_1_28' title="bbox 308 1370 691 1406; baseline 0.003 -9"><span class='ocrx_word' id='word_1_186' title='bbox 308 1371 388 1405; x_wconf 64' lang='lat' dir='ltr'><strong>[serit</strong></span> <span class='ocrx_word' id='word_1_187' title='bbox 406 1370 528 1398; x_wconf 85' lang='lat' dir='ltr'><strong>Simonis</strong></span> <span class='ocrx_word' id='word_1_188' title='bbox 544 1371 691 1406; x_wconf 46' lang='lat' dir='ltr'><strong>appellanti</strong></span> 
     </span>
    </p>
   </div>
   <div class='ocr_carea' id='block_1_29' title="bbox 138 1417 896 1452">
    <p class='ocr_par' dir='ltr' id='par_1_29' title="bbox 138 1417 896 1452">
     <span class='ocr_line' id='line_1_29' title="bbox 138 1417 896 1452; baseline 0.003 -8"><span class='ocrx_word' id='word_1_189' title='bbox 138 1417 199 1444; x_wconf 75' lang='lat' dir='ltr'><strong>Non</strong></span> <span class='ocrx_word' id='word_1_190' title='bbox 229 1417 280 1444; x_wconf 80' lang='lat' dir='ltr'><strong>abs</strong></span> <span class='ocrx_word' id='word_1_191' title='bbox 309 1425 350 1450; x_wconf 82' lang='lat' dir='ltr'><strong>re,</strong></span> <span class='ocrx_word' id='word_1_192' title='bbox 374 1418 482 1452; x_wconf 88' lang='lat' dir='ltr'><strong>opinor,</strong></span> <span class='ocrx_word' id='word_1_193' title='bbox 500 1417 584 1445; x_wconf 87' lang='lat' dir='ltr'><strong>fuerit</strong></span> <span class='ocrx_word' id='word_1_194' title='bbox 610 1418 709 1446; x_wconf 88' lang='lat' dir='ltr'><strong>docere</strong></span> <span class='ocrx_word' id='word_1_195' title='bbox 731 1419 777 1445; x_wconf 91' lang='lat' dir='ltr'><strong>hic</strong></span> <span class='ocrx_word' id='word_1_196' title='bbox 805 1419 896 1446; x_wconf 90' lang='lat' dir='ltr'><strong>obiter</strong></span> 
     </span>
    </p>
   </div>
   <div class='ocr_carea' id='block_1_30' title="bbox 100 1463 895 1498">
    <p class='ocr_par' dir='ltr' id='par_1_30' title="bbox 100 1463 895 1498">
     <span class='ocr_line' id='line_1_30' title="bbox 100 1463 895 1498; baseline 0 -8"><span class='ocrx_word' id='word_1_197' title='bbox 100 1464 234 1491; x_wconf 85' lang='lat' dir='ltr'><strong>lectorem</strong></span> <span class='ocrx_word' id='word_1_198' title='bbox 252 1471 378 1498; x_wconf 83' lang='lat' dir='ltr'><strong>quaenam</strong></span> <span class='ocrx_word' id='word_1_199' title='bbox 396 1464 463 1491; x_wconf 85' lang='lat' dir='ltr'><strong>satis</strong></span> <span class='ocrx_word' id='word_1_200' title='bbox 477 1463 616 1490; x_wconf 61' lang='lat' dir='ltr'><strong>inusitatae</strong></span> <span class='ocrx_word' id='word_1_201' title='bbox 633 1464 660 1490; x_wconf 88' lang='lat' dir='ltr'><strong>in</strong></span> <span class='ocrx_word' id='word_1_202' title='bbox 677 1465 727 1490; x_wconf 89' lang='lat' dir='ltr'><strong>hac</strong></span> <span class='ocrx_word' id='word_1_203' title='bbox 749 1465 824 1498; x_wconf 81' lang='lat' dir='ltr'><strong>regia</strong></span> <span class='ocrx_word' id='word_1_204' title='bbox 838 1465 895 1491; x_wconf 88' lang='lat' dir='ltr'><strong>vir-</strong></span> 
     </span>
    </p>
   </div>
   <div class='ocr_carea' id='block_1_31' title="bbox 100 1508 893 1547">
    <p class='ocr_par' dir='ltr' id='par_1_31' title="bbox 100 1508 893 1547">
     <span class='ocr_line' id='line_1_31' title="bbox 100 1508 893 1547; baseline 0.003 -12"><span class='ocrx_word' id='word_1_205' title='bbox 100 1509 220 1543; x_wconf 73' lang='lat' dir='ltr'><strong>guncula</strong></span> <span class='ocrx_word' id='word_1_206' title='bbox 247 1508 479 1536; x_wconf 80' lang='lat' dir='ltr'><strong>nomenclationis</strong></span> <span class='ocrx_word' id='word_1_207' title='bbox 505 1509 632 1536; x_wconf 89' lang='lat' dir='ltr'><strong>inciderit</strong></span> <span class='ocrx_word' id='word_1_208' title='bbox 663 1510 784 1537; x_wconf 82' lang='lat' dir='ltr'><strong>occasio.</strong></span> <span class='ocrx_word' id='word_1_209' title='bbox 810 1510 893 1547; x_wconf 73' lang='grc'><strong>2⁵17</strong></span> 
     </span>
    </p>
   </div>
   <div class='ocr_carea' id='block_1_32' title="bbox 953 260 1744 297">
    <p class='ocr_par' dir='ltr' id='par_1_32' title="bbox 953 260 1744 297">
     <span class='ocr_line' id='line_1_32' title="bbox 953 260 1744 297; baseline 0 -9"><span class='ocrx_word' id='word_1_210' title='bbox 953 262 1013 288; x_wconf 66' lang='grc' dir='ltr'>τότε</span> <span class='ocrx_word' id='word_1_211' title='bbox 1030 262 1160 296; x_wconf 78' lang='grc' dir='ltr'>βασιλέως</span> <span class='ocrx_word' id='word_1_212' title='bbox 1175 261 1390 297; x_wconf 73' lang='grc' dir='ltr'>προστάξαντος,</span> <span class='ocrx_word' id='word_1_213' title='bbox 1407 261 1453 287; x_wconf 70' lang='grc' dir='ltr'>καὶ</span> <span class='ocrx_word' id='word_1_214' title='bbox 1467 260 1504 296; x_wconf 83' lang='grc' dir='ltr'>τῷ</span> <span class='ocrx_word' id='word_1_215' title='bbox 1517 261 1619 295; x_wconf 80' lang='grc' dir='ltr'>Σίμωνι</span> <span class='ocrx_word' id='word_1_216' title='bbox 1631 261 1645 287; x_wconf 82' lang='grc' dir='ltr'><strong>ὁ</strong></span> <span class='ocrx_word' id='word_1_217' title='bbox 1657 261 1744 296; x_wconf 79' lang='grc' dir='ltr'>κηρὸς</span> 
     </span>
    </p>
   </div>
   <div class='ocr_carea' id='block_1_33' title="bbox 953 308 1742 343">
    <p class='ocr_par' dir='ltr' id='par_1_33' title="bbox 953 308 1742 343">
     <span class='ocr_line' id='line_1_33' title="bbox 953 308 1742 343; baseline -0.001 -8"><span class='ocrx_word' id='word_1_218' title='bbox 953 308 1135 340; x_wconf 74' lang='grc' dir='ltr'>ἑνελέλειπτο,</span> <span class='ocrx_word' id='word_1_219' title='bbox 1158 308 1204 335; x_wconf 78' lang='grc' dir='ltr'><strong>καὶ</strong></span> <span class='ocrx_word' id='word_1_220' title='bbox 1231 309 1379 343; x_wconf 78' lang='grc' dir='ltr'>Σιμωνὶςὴ</span> <span class='ocrx_word' id='word_1_221' title='bbox 1400 309 1550 343; x_wconf 82' lang='grc' dir='ltr'>ἁρτιγενὴς</span> <span class='ocrx_word' id='word_1_222' title='bbox 1568 308 1742 343; x_wconf 68' lang='grc' dir='ltr'>παρωνύμως</span> 
     </span>
    </p>
   </div>
   <div class='ocr_carea' id='block_1_34' title="bbox 953 353 1742 389">
    <p class='ocr_par' dir='ltr' id='par_1_34' title="bbox 953 353 1742 389">
     <span class='ocr_line' id='line_1_34' title="bbox 953 353 1742 389; baseline 0 -9"><span class='ocrx_word' id='word_1_223' title='bbox 953 354 1068 389; x_wconf 76' lang='grc' dir='ltr'>ἐκλήθη,</span> <span class='ocrx_word' id='word_1_224' title='bbox 1082 355 1132 388; x_wconf 73' lang='grc' dir='ltr'>τὴν</span> <span class='ocrx_word' id='word_1_225' title='bbox 1158 353 1307 388; x_wconf 73' lang='grc' dir='ltr'>ὀνομασίαν</span> <span class='ocrx_word' id='word_1_226' title='bbox 1321 354 1368 380; x_wconf 79' lang='grc' dir='ltr'>τοῦ</span> <span class='ocrx_word' id='word_1_227' title='bbox 1384 353 1534 380; x_wconf 68' lang='grc' dir='ltr'>ἀποστόλου</span> <span class='ocrx_word' id='word_1_228' title='bbox 1563 353 1602 384; x_wconf 61' lang='grc' dir='ltr'><strong>εις</strong></span> <span class='ocrx_word' id='word_1_229' title='bbox 1618 353 1742 388; x_wconf 80' lang='grc' dir='ltr'>φυλακὴν</span> 
     </span>
    </p>
   </div>
   <div class='ocr_carea' id='block_1_35' title="bbox 953 399 1087 435">
    <p class='ocr_par' dir='ltr' id='par_1_35' title="bbox 953 399 1087 435">
     <span class='ocr_line' id='line_1_35' title="bbox 953 399 1087 435; baseline 0.007 -10"><span class='ocrx_word' id='word_1_230' title='bbox 953 399 1087 435; x_wconf 81' lang='grc' dir='ltr'>φέρουσα.</span> 
     </span>
    </p>
   </div>
   <div class='ocr_carea' id='block_1_36' title="bbox 1083 444 1612 480">
    <p class='ocr_par' dir='ltr' id='par_1_36' title="bbox 1083 444 1612 480">
     <span class='ocr_line' id='line_1_36' title="bbox 1083 444 1612 480; baseline 0 -8"><span class='ocrx_word' id='word_1_231' title='bbox 1083 447 1135 480; x_wconf 63' lang='grc' dir='ltr'>λγ¹ζ</span> <span class='ocrx_word' id='word_1_232' title='bbox 1152 445 1220 480; x_wconf 73' lang='grc' dir='ltr'><strong>Περὶ</strong></span> <span class='ocrx_word' id='word_1_233' title='bbox 1236 445 1444 480; x_wconf 53' lang='lat' dir='ltr'><strong>(Myer/(nov</strong></span> <span class='ocrx_word' id='word_1_234' title='bbox 1459 444 1612 479; x_wconf 79' lang='grc' dir='ltr'>χειμῶνος.</span> 
     </span>
    </p>
   </div>
   <div class='ocr_carea' id='block_1_37' title="bbox 987 488 1742 528">
    <p class='ocr_par' dir='ltr' id='par_1_37' title="bbox 987 488 1742 528">
     <span class='ocr_line' id='line_1_37' title="bbox 987 488 1742 528; baseline 0 -9"><span class='ocrx_word' id='word_1_235' title='bbox 987 492 1054 520; x_wconf 83' lang='grc' dir='ltr'>Τότε</span> <span class='ocrx_word' id='word_1_236' title='bbox 1065 493 1155 519; x_wconf 81' lang='grc' dir='ltr'>τοίνυν</span> <span class='ocrx_word' id='word_1_237' title='bbox 1172 493 1218 520; x_wconf 75' lang='grc' dir='ltr'>καὶ</span> <span class='ocrx_word' id='word_1_238' title='bbox 1234 493 1337 528; x_wconf 81' lang='grc' dir='ltr'>χειμὼν</span> <span class='ocrx_word' id='word_1_239' title='bbox 1357 493 1516 528; x_wconf 73' lang='grc' dir='ltr'>ἐφειστήκει</span> <span class='ocrx_word' id='word_1_240' title='bbox 1533 493 1582 519; x_wconf 76' lang='grc' dir='ltr'>καὶ</span> <span class='ocrx_word' id='word_1_241' title='bbox 1598 488 1742 527; x_wconf 76' lang='grc' dir='ltr'>χειμώνων</span> 
     </span>
    </p>
   </div>
   <div class='ocr_carea' id='block_1_38' title="bbox 952 537 1742 574">
    <p class='ocr_par' dir='ltr' id='par_1_38' title="bbox 952 537 1742 574">
     <span class='ocr_line' id='line_1_38' title="bbox 952 537 1742 574; baseline 0 -10"><span class='ocrx_word' id='word_1_242' title='bbox 952 539 966 564; x_wconf 85' lang='grc' dir='ltr'><strong><em>ὁ</em></strong></span> <span class='ocrx_word' id='word_1_243' title='bbox 988 540 1129 574; x_wconf 78' lang='grc' dir='ltr'>μέγιστος,</span> <span class='ocrx_word' id='word_1_244' title='bbox 1150 540 1196 565; x_wconf 75' lang='grc' dir='ltr'>καὶ</span> <span class='ocrx_word' id='word_1_245' title='bbox 1214 539 1268 565; x_wconf 77' lang='grc' dir='ltr'>τῶν</span> <span class='ocrx_word' id='word_1_246' title='bbox 1286 539 1421 572; x_wconf 76' lang='grc' dir='ltr'>ἐξαισίων,</span> <span class='ocrx_word' id='word_1_247' title='bbox 1442 539 1487 565; x_wconf 82' lang='grc' dir='ltr'>καὶ</span> <span class='ocrx_word' id='word_1_248' title='bbox 1502 538 1530 565; x_wconf 62' lang='lat' dir='ltr'><strong>3v</strong></span> <span class='ocrx_word' id='word_1_249' title='bbox 1548 538 1612 564; x_wconf 75' lang='grc' dir='ltr'>ἰδεῖν</span> <span class='ocrx_word' id='word_1_250' title='bbox 1632 546 1676 564; x_wconf 88' lang='grc' dir='ltr'>πω</span> <span class='ocrx_word' id='word_1_251' title='bbox 1695 537 1742 565; x_wconf 74' lang='grc' dir='ltr'>καὶ</span> 
     </span>
    </p>
   </div>
   <div class='ocr_carea' id='block_1_39' title="bbox 952 583 1741 621">
    <p class='ocr_par' dir='ltr' id='par_1_39' title="bbox 952 583 1741 621">
     <span class='ocr_line' id='line_1_39' title="bbox 952 583 1741 621; baseline -0.003 -9"><span class='ocrx_word' id='word_1_252' title='bbox 952 585 1140 619; x_wconf 75' lang='grc' dir='ltr'>γηράσκουσιν</span> <span class='ocrx_word' id='word_1_253' title='bbox 1168 585 1294 621; x_wconf 71' lang='grc' dir='ltr'>οὐδαμῶς</span> <span class='ocrx_word' id='word_1_254' title='bbox 1316 585 1466 619; x_wconf 78' lang='grc' dir='ltr'>ἐξεγένετο.</span> <span class='ocrx_word' id='word_1_255' title='bbox 1493 584 1564 619; x_wconf 80' lang='grc' dir='ltr'>Τόση</span> <span class='ocrx_word' id='word_1_256' title='bbox 1588 585 1644 619; x_wconf 73' lang='grc' dir='ltr'><strong>γὰρ</strong></span> <span class='ocrx_word' id='word_1_257' title='bbox 1673 583 1741 619; x_wconf 86' lang='grc' dir='ltr'>χιὼν</span> 
     </span>
    </p>
   </div>
   <div class='ocr_carea' id='block_1_40' title="bbox 951 629 1743 666">
    <p class='ocr_par' dir='ltr' id='par_1_40' title="bbox 951 629 1743 666">
     <span class='ocr_line' id='line_1_40' title="bbox 951 629 1743 666; baseline -0.001 -10"><span class='ocrx_word' id='word_1_258' title='bbox 951 631 1160 663; x_wconf 73' lang='grc' dir='ltr'>ὲπεστοίὸαστο,</span> <span class='ocrx_word' id='word_1_259' title='bbox 1187 631 1224 663; x_wconf 75' lang='grc' dir='ltr'>ὡς</span> <span class='ocrx_word' id='word_1_260' title='bbox 1243 630 1401 666; x_wconf 77' lang='grc' dir='ltr'>κλεισθῆναι</span> <span class='ocrx_word' id='word_1_261' title='bbox 1424 630 1474 665; x_wconf 77' lang='grc' dir='ltr'>μὲν</span> <span class='ocrx_word' id='word_1_262' title='bbox 1491 629 1586 656; x_wconf 80' lang='grc' dir='ltr'>οἰκιῶν</span> <span class='ocrx_word' id='word_1_263' title='bbox 1601 629 1654 655; x_wconf 84' lang='grc' dir='ltr'><strong>τῶν</strong></span> <span class='ocrx_word' id='word_1_264' title='bbox 1675 629 1743 664; x_wconf 79' lang='grc' dir='ltr'>χθα-</span> 
     </span>
    </p>
   </div>
   <div class='ocr_carea' id='block_1_41' title="bbox 952 676 1740 712">
    <p class='ocr_par' dir='ltr' id='par_1_41' title="bbox 952 676 1740 712">
     <span class='ocr_line' id='line_1_41' title="bbox 952 676 1740 712; baseline -0.003 -9"><span class='ocrx_word' id='word_1_265' title='bbox 952 677 1046 712; x_wconf 86' lang='grc' dir='ltr'>μαλῶν</span> <span class='ocrx_word' id='word_1_266' title='bbox 1058 677 1202 709; x_wconf 70' lang='grc' dir='ltr'>διεξὲδους.</span> <span class='ocrx_word' id='word_1_267' title='bbox 1221 678 1348 712; x_wconf 75' lang='grc' dir='ltr'>σημείοις</span> <span class='ocrx_word' id='word_1_268' title='bbox 1368 677 1395 702; x_wconf 78' lang='grc' dir='ltr'><strong>δέ</strong></span> <span class='ocrx_word' id='word_1_269' title='bbox 1419 685 1474 703; x_wconf 81' lang='grc' dir='ltr'>τισι</span> <span class='ocrx_word' id='word_1_270' title='bbox 1497 676 1544 702; x_wconf 78' lang='grc' dir='ltr'>καὶ</span> <span class='ocrx_word' id='word_1_271' title='bbox 1560 677 1665 707; x_wconf 77' lang='grc' dir='ltr'>κοντοῖς</span> <span class='ocrx_word' id='word_1_272' title='bbox 1683 677 1740 707; x_wconf 80' lang='grc' dir='ltr'>τοῖς</span> 
     </span>
    </p>
   </div>
   <div class='ocr_carea' id='block_1_42' title="bbox 952 721 1742 756">
    <p class='ocr_par' dir='ltr' id='par_1_42' title="bbox 952 721 1742 756">
     <span class='ocr_line' id='line_1_42' title="bbox 952 721 1742 756; baseline 0.001 -9"><span class='ocrx_word' id='word_1_273' title='bbox 952 722 1001 756; x_wconf 76' lang='grc' dir='ltr'>μὲν</span> <span class='ocrx_word' id='word_1_274' title='bbox 1010 722 1238 756; x_wconf 76' lang='grc' dir='ltr'>στοχαζομένους,</span> <span class='ocrx_word' id='word_1_275' title='bbox 1250 723 1307 753; x_wconf 82' lang='grc' dir='ltr'>τοῖς</span> <span class='ocrx_word' id='word_1_276' title='bbox 1317 721 1340 748; x_wconf 87' lang='grc' dir='ltr'><strong>δ’</strong></span> <span class='ocrx_word' id='word_1_277' title='bbox 1353 721 1480 756; x_wconf 69' lang='grc' dir='ltr'>ὀργάνοις</span> <span class='ocrx_word' id='word_1_278' title='bbox 1491 721 1650 756; x_wconf 81' lang='grc' dir='ltr'>χρωμένους</span> <span class='ocrx_word' id='word_1_279' title='bbox 1665 721 1742 751; x_wconf 80' lang='grc' dir='ltr'>τινὰς</span> 
     </span>
    </p>
   </div>
   <div class='ocr_carea' id='block_1_43' title="bbox 951 767 1742 803">
    <p class='ocr_par' dir='ltr' id='par_1_43' title="bbox 951 767 1742 803">
     <span class='ocr_line' id='line_1_43' title="bbox 951 767 1742 803; baseline -0.003 -9"><span class='ocrx_word' id='word_1_280' title='bbox 951 767 1111 803; x_wconf 78' lang='grc' dir='ltr'>ὑπανοίγειν</span> <span class='ocrx_word' id='word_1_281' title='bbox 1133 769 1190 800; x_wconf 83' lang='grc' dir='ltr'>τοῖς</span> <span class='ocrx_word' id='word_1_282' title='bbox 1209 768 1392 802; x_wconf 76' lang='grc' dir='ltr'>ὲγκλεισθεῖσι</span> <span class='ocrx_word' id='word_1_283' title='bbox 1417 768 1451 794; x_wconf 75' lang='grc' dir='ltr'>τὰ</span> <span class='ocrx_word' id='word_1_284' title='bbox 1475 767 1606 802; x_wconf 83' lang='grc' dir='ltr'>δώματα,</span> <span class='ocrx_word' id='word_1_285' title='bbox 1631 767 1678 793; x_wconf 83' lang='grc' dir='ltr'>καὶ</span> <span class='ocrx_word' id='word_1_286' title='bbox 1695 767 1742 793; x_wconf 76' lang='grc' dir='ltr'><strong>ἐπὶ</strong></span> 
     </span>
    </p>
   </div>
   <div class='ocr_carea' id='block_1_44' title="bbox 950 812 1781 849">
    <p class='ocr_par' dir='ltr' id='par_1_44' title="bbox 950 812 1781 849">
     <span class='ocr_line' id='line_1_44' title="bbox 950 812 1781 849; baseline -0.001 -10"><span class='ocrx_word' id='word_1_287' title='bbox 950 813 1093 845; x_wconf 77' lang='grc' dir='ltr'>πλείσταις</span> <span class='ocrx_word' id='word_1_288' title='bbox 1108 813 1226 848; x_wconf 75' lang='grc' dir='ltr'>ἡμέραις</span> <span class='ocrx_word' id='word_1_289' title='bbox 1254 814 1355 849; x_wconf 74' lang='grc' dir='ltr'>μηδένα</span> <span class='ocrx_word' id='word_1_290' title='bbox 1374 814 1426 848; x_wconf 83' lang='grc' dir='ltr'>γῆν</span> <span class='ocrx_word' id='word_1_291' title='bbox 1452 813 1467 848; x_wconf 83' lang='grc' dir='ltr'><strong>ἥ</strong></span> <span class='ocrx_word' id='word_1_292' title='bbox 1500 814 1564 840; x_wconf 78' lang='grc' dir='ltr'>[δεῖν</span> <span class='ocrx_word' id='word_1_293' title='bbox 1588 812 1604 848; x_wconf 88' lang='grc' dir='ltr'>ἦ</span> <span class='ocrx_word' id='word_1_294' title='bbox 1626 814 1738 843; x_wconf 76' lang='grc' dir='ltr'>πατεῖν,</span> <span class='ocrx_word' id='word_1_295' title='bbox 1779 823 1781 825; x_wconf 94' lang='grc'>·</span> 
     </span>
    </p>
   </div>
   <div class='ocr_carea' id='block_1_45' title="bbox 950 859 1740 895">
    <p class='ocr_par' dir='ltr' id='par_1_45' title="bbox 950 859 1740 895">
     <span class='ocr_line' id='line_1_45' title="bbox 950 859 1740 895; baseline -0.003 -9"><span class='ocrx_word' id='word_1_296' title='bbox 950 859 1008 886; x_wconf 75' lang='grc' dir='ltr'>ἀλλ’</span> <span class='ocrx_word' id='word_1_297' title='bbox 1023 860 1068 886; x_wconf 71' lang='grc' dir='ltr'><strong>ἐπὶ</strong></span> <span class='ocrx_word' id='word_1_298' title='bbox 1083 859 1279 895; x_wconf 83' lang='grc' dir='ltr'>πεπλησμὲνης</span> <span class='ocrx_word' id='word_1_299' title='bbox 1302 860 1392 894; x_wconf 87' lang='grc' dir='ltr'>χιόνος</span> <span class='ocrx_word' id='word_1_300' title='bbox 1410 859 1447 891; x_wconf 87' lang='grc' dir='ltr'>ὡς</span> <span class='ocrx_word' id='word_1_301' title='bbox 1464 859 1582 894; x_wconf 55' lang='lat' dir='ltr'><strong>maga;</strong></span> <span class='ocrx_word' id='word_1_302' title='bbox 1595 859 1740 893; x_wconf 82' lang='grc' dir='ltr'>γεγονυίας</span> 
     </span>
    </p>
   </div>
   <div class='ocr_carea' id='block_1_46' title="bbox 951 905 1739 941">
    <p class='ocr_par' dir='ltr' id='par_1_46' title="bbox 951 905 1739 941">
     <span class='ocr_line' id='line_1_46' title="bbox 951 905 1739 941; baseline -0.003 -8"><span class='ocrx_word' id='word_1_303' title='bbox 951 906 1003 941; x_wconf 86' lang='grc' dir='ltr'>γῆς</span> <span class='ocrx_word' id='word_1_304' title='bbox 1021 906 1102 941; x_wconf 84' lang='grc' dir='ltr'>μέχρι</span> <span class='ocrx_word' id='word_1_305' title='bbox 1118 907 1165 933; x_wconf 75' lang='grc' dir='ltr'>καὶ</span> <span class='ocrx_word' id='word_1_306' title='bbox 1179 906 1264 941; x_wconf 75' lang='grc' dir='ltr'>ἐγγὺς</span> <span class='ocrx_word' id='word_1_307' title='bbox 1283 906 1365 941; x_wconf 76' lang='grc' dir='ltr'>ἔαρος</span> <span class='ocrx_word' id='word_1_308' title='bbox 1380 907 1444 938; x_wconf 76' lang='grc' dir='ltr'>τοὺς</span> <span class='ocrx_word' id='word_1_309' title='bbox 1462 906 1554 937; x_wconf 83' lang='grc' dir='ltr'>ὁδίτας</span> <span class='ocrx_word' id='word_1_310' title='bbox 1568 905 1739 941; x_wconf 75' lang='grc' dir='ltr'>διέρχεσθαι,</span> 
     </span>
    </p>
   </div>
   <div class='ocr_carea' id='block_1_47' title="bbox 951 950 1740 987">
    <p class='ocr_par' dir='ltr' id='par_1_47' title="bbox 951 950 1740 987">
     <span class='ocr_line' id='line_1_47' title="bbox 951 950 1740 987; baseline -0.003 -8"><span class='ocrx_word' id='word_1_311' title='bbox 951 953 998 979; x_wconf 80' lang='grc' dir='ltr'>καὶ</span> <span class='ocrx_word' id='word_1_312' title='bbox 1016 952 1134 987; x_wconf 85' lang='grc' dir='ltr'>μάταιον</span> <span class='ocrx_word' id='word_1_313' title='bbox 1150 950 1219 979; x_wconf 76' lang='grc' dir='ltr'>εἶναι</span> <span class='ocrx_word' id='word_1_314' title='bbox 1235 952 1266 979; x_wconf 85' lang='grc' dir='ltr'><strong>τὸ</strong></span> <span class='ocrx_word' id='word_1_315' title='bbox 1291 952 1334 987; x_wconf 71' lang='grc' dir='ltr'><strong>ἐφ’</strong></span> <span class='ocrx_word' id='word_1_316' title='bbox 1359 952 1443 978; x_wconf 80' lang='grc' dir='ltr'>ἵππου</span> <span class='ocrx_word' id='word_1_317' title='bbox 1458 951 1593 987; x_wconf 79' lang='grc' dir='ltr'>ὀχεῖσθαι,</span> <span class='ocrx_word' id='word_1_318' title='bbox 1609 951 1680 987; x_wconf 87' lang='grc' dir='ltr'>πλὴν</span> <span class='ocrx_word' id='word_1_319' title='bbox 1693 950 1740 977; x_wconf 78' lang='grc' dir='ltr'>τοῦ</span> 
     </span>
    </p>
   </div>
   <div class='ocr_carea' id='block_1_48' title="bbox 950 997 1743 1034">
    <p class='ocr_par' dir='ltr' id='par_1_48' title="bbox 950 997 1743 1034">
     <span class='ocr_line' id='line_1_48' title="bbox 950 997 1743 1034; baseline -0.003 -8"><span class='ocrx_word' id='word_1_320' title='bbox 950 998 998 1026; x_wconf 76' lang='grc' dir='ltr'><strong>καὶ</strong></span> <span class='ocrx_word' id='word_1_321' title='bbox 1012 999 1113 1034; x_wconf 80' lang='grc' dir='ltr'>μᾶλλον</span> <span class='ocrx_word' id='word_1_322' title='bbox 1127 998 1277 1032; x_wconf 77' lang='grc' dir='ltr'>ἐξολισθεῖν</span> <span class='ocrx_word' id='word_1_323' title='bbox 1290 999 1467 1026; x_wconf 82' lang='grc' dir='ltr'>κινδυνεύειν.</span> <span class='ocrx_word' id='word_1_324' title='bbox 1483 998 1577 1025; x_wconf 84' lang='grc' dir='ltr'>Ταῦτα</span> <span class='ocrx_word' id='word_1_325' title='bbox 1589 997 1621 1034; x_wconf 80' lang='grc' dir='ltr'>δὴ</span> <span class='ocrx_word' id='word_1_326' title='bbox 1634 997 1680 1025; x_wconf 82' lang='grc' dir='ltr'>καὶ</span> <span class='ocrx_word' id='word_1_327' title='bbox 1693 997 1743 1032; x_wconf 86' lang='grc' dir='ltr'>τὴν</span> 
     </span>
    </p>
   </div>
   <div class='ocr_carea' id='block_1_49' title="bbox 951 1043 1742 1081">
    <p class='ocr_par' dir='ltr' id='par_1_49' title="bbox 951 1043 1742 1081">
     <span class='ocr_line' id='line_1_49' title="bbox 951 1043 1742 1081; baseline 0 -10"><span class='ocrx_word' id='word_1_328' title='bbox 951 1043 1000 1071; x_wconf 80' lang='grc' dir='ltr'>τοῦ</span> <span class='ocrx_word' id='word_1_329' title='bbox 1030 1044 1164 1080; x_wconf 71' lang='grc' dir='ltr'>βασιλέως</span> <span class='ocrx_word' id='word_1_330' title='bbox 1178 1045 1224 1073; x_wconf 78' lang='grc' dir='ltr'><strong>ἐπὶ</strong></span> <span class='ocrx_word' id='word_1_331' title='bbox 1249 1045 1453 1080; x_wconf 83' lang='grc' dir='ltr'>Θεσσαλονίκης</span> <span class='ocrx_word' id='word_1_332' title='bbox 1474 1045 1656 1081; x_wconf 72' lang='grc' dir='ltr'>ἐκστρατείαν</span> <span class='ocrx_word' id='word_1_333' title='bbox 1669 1045 1742 1071; x_wconf 73' lang='grc' dir='ltr'><strong>ἔκώ-</strong></span> 
     </span>
    </p>
   </div>
   <div class='ocr_carea' id='block_1_50' title="bbox 949 1090 1023 1118">
    <p class='ocr_par' dir='ltr' id='par_1_50' title="bbox 949 1090 1023 1118">
     <span class='ocr_line' id='line_1_50' title="bbox 949 1090 1023 1118; baseline 0.014 -1"><span class='ocrx_word' id='word_1_334' title='bbox 949 1090 1023 1118; x_wconf 81' lang='grc' dir='ltr'>λυεν.</span> 
     </span>
    </p>
   </div>
   <div class='ocr_carea' id='block_1_51' title="bbox 947 1182 1741 1220">
    <p class='ocr_par' dir='ltr' id='par_1_51' title="bbox 947 1182 1741 1220">
     <span class='ocr_line' id='line_1_51' title="bbox 947 1182 1741 1220; baseline 0.003 -10"><span class='ocrx_word' id='word_1_335' title='bbox 947 1182 1114 1219; x_wconf 81' lang='lat' dir='ltr'><strong>imperatore</strong></span> <span class='ocrx_word' id='word_1_336' title='bbox 1129 1204 1136 1217; x_wconf 87' lang='lat'><em>,</em></span> <span class='ocrx_word' id='word_1_337' title='bbox 1155 1189 1183 1212; x_wconf 89' lang='lat' dir='ltr'><strong>et</strong></span> <span class='ocrx_word' id='word_1_338' title='bbox 1208 1184 1315 1213; x_wconf 78' lang='lat' dir='ltr'><strong>cunctis</strong></span> <span class='ocrx_word' id='word_1_339' title='bbox 1344 1188 1486 1220; x_wconf 82' lang='lat' dir='ltr'><strong>superstes</strong></span> <span class='ocrx_word' id='word_1_340' title='bbox 1513 1184 1609 1211; x_wconf 84' lang='lat' dir='ltr'><strong>ardere</strong></span> <span class='ocrx_word' id='word_1_341' title='bbox 1628 1183 1741 1212; x_wconf 87' lang='lat' dir='ltr'><strong>ultimus</strong></span> 
     </span>
    </p>
   </div>
   <div class='ocr_carea' id='block_1_52' title="bbox 948 1229 1740 1266">
    <p class='ocr_par' dir='ltr' id='par_1_52' title="bbox 948 1229 1740 1266">
     <span class='ocr_line' id='line_1_52' title="bbox 948 1229 1740 1266; baseline 0.001 -9"><span class='ocrx_word' id='word_1_342' title='bbox 948 1235 1085 1258; x_wconf 77' lang='lat' dir='ltr'><strong>cessasset</strong></span> <span class='ocrx_word' id='word_1_343' title='bbox 1102 1231 1230 1258; x_wconf 87' lang='lat' dir='ltr'><strong>admotus</strong></span> <span class='ocrx_word' id='word_1_344' title='bbox 1243 1231 1330 1258; x_wconf 82' lang='lat' dir='ltr'><strong>sancti</strong></span> <span class='ocrx_word' id='word_1_345' title='bbox 1351 1231 1469 1266; x_wconf 79' lang='lat' dir='ltr'><strong>apOstoli</strong></span> <span class='ocrx_word' id='word_1_346' title='bbox 1487 1229 1608 1259; x_wconf 88' lang='lat' dir='ltr'><strong>Simonis</strong></span> <span class='ocrx_word' id='word_1_347' title='bbox 1624 1230 1740 1266; x_wconf 76' lang='lat' dir='ltr'><strong>imagini</strong></span> 
     </span>
    </p>
   </div>
   <div class='ocr_carea' id='block_1_53' title="bbox 948 1276 1739 1312">
    <p class='ocr_par' dir='ltr' id='par_1_53' title="bbox 948 1276 1739 1312">
     <span class='ocr_line' id='line_1_53' title="bbox 948 1276 1739 1312; baseline 0.001 -9"><span class='ocrx_word' id='word_1_348' title='bbox 948 1283 1055 1310; x_wconf 86' lang='lat' dir='ltr'><strong>cereus,</strong></span> <span class='ocrx_word' id='word_1_349' title='bbox 1073 1284 1172 1304; x_wconf 88' lang='lat' dir='ltr'><strong>nomen</strong></span> <span class='ocrx_word' id='word_1_350' title='bbox 1192 1277 1255 1305; x_wconf 89' lang='lat' dir='ltr'><strong>inde</strong></span> <span class='ocrx_word' id='word_1_351' title='bbox 1279 1277 1377 1312; x_wconf 72' lang='lat' dir='ltr'><strong>puella:</strong></span> <span class='ocrx_word' id='word_1_352' title='bbox 1402 1276 1539 1305; x_wconf 90' lang='lat' dir='ltr'><strong>Simonidi</strong></span> <span class='ocrx_word' id='word_1_353' title='bbox 1561 1276 1663 1304; x_wconf 88' lang='lat' dir='ltr'><strong>factmn</strong></span> <span class='ocrx_word' id='word_1_354' title='bbox 1680 1283 1739 1309; x_wconf 73' lang='lat' dir='ltr'><strong>e51;</strong></span> 
     </span>
    </p>
   </div>
   <div class='ocr_carea' id='block_1_54' title="bbox 948 1323 1742 1359">
    <p class='ocr_par' dir='ltr' id='par_1_54' title="bbox 948 1323 1742 1359">
     <span class='ocr_line' id='line_1_54' title="bbox 948 1323 1742 1359; baseline 0.001 -9"><span class='ocrx_word' id='word_1_355' title='bbox 948 1323 1098 1358; x_wconf 79' lang='lat' dir='ltr'><strong>evertitque</strong></span> <span class='ocrx_word' id='word_1_356' title='bbox 1115 1324 1200 1351; x_wconf 88' lang='lat' dir='ltr'><strong>litatis</strong></span> <span class='ocrx_word' id='word_1_357' title='bbox 1225 1324 1317 1357; x_wconf 87' lang='lat' dir='ltr'><strong>votis,</strong></span> <span class='ocrx_word' id='word_1_358' title='bbox 1343 1328 1373 1351; x_wconf 88' lang='lat' dir='ltr'><strong>ut</strong></span> <span class='ocrx_word' id='word_1_359' title='bbox 1394 1329 1510 1358; x_wconf 87' lang='lat' dir='ltr'><strong>patrono</strong></span> <span class='ocrx_word' id='word_1_360' title='bbox 1537 1324 1656 1359; x_wconf 86' lang='lat' dir='ltr'><strong>indigcte</strong></span> <span class='ocrx_word' id='word_1_361' title='bbox 1670 1331 1742 1358; x_wconf 69' lang='lat' dir='ltr'><strong>pra-</strong></span> 
     </span>
    </p>
   </div>
   <div class='ocr_carea' id='block_1_55' title="bbox 952 1369 1743 1404">
    <p class='ocr_par' dir='ltr' id='par_1_55' title="bbox 952 1369 1743 1404">
     <span class='ocr_line' id='line_1_55' title="bbox 952 1369 1743 1404; baseline 0.001 -8"><span class='ocrx_word' id='word_1_362' title='bbox 952 1373 1044 1397; x_wconf 88' lang='lat' dir='ltr'><strong>stante</strong></span> <span class='ocrx_word' id='word_1_363' title='bbox 1062 1369 1202 1398; x_wconf 85' lang='lat' dir='ltr'><strong>infantiles</strong></span> <span class='ocrx_word' id='word_1_364' title='bbox 1215 1371 1333 1397; x_wconf 86' lang='lat' dir='ltr'><strong>eluctata</strong></span> <span class='ocrx_word' id='word_1_365' title='bbox 1355 1370 1514 1397; x_wconf 77' lang='lat' dir='ltr'><strong>debilitates</strong></span> <span class='ocrx_word' id='word_1_366' title='bbox 1527 1370 1622 1404; x_wconf 84' lang='lat' dir='ltr'><strong>puberi</strong></span> <span class='ocrx_word' id='word_1_367' title='bbox 1637 1378 1667 1397; x_wconf 89' lang='lat' dir='ltr'><strong>se</strong></span> <span class='ocrx_word' id='word_1_368' title='bbox 1683 1371 1743 1398; x_wconf 91' lang='lat' dir='ltr'><strong>feli-</strong></span> 
     </span>
    </p>
   </div>
   <div class='ocr_carea' id='block_1_56' title="bbox 947 1415 1703 1451">
    <p class='ocr_par' dir='ltr' id='par_1_56' title="bbox 947 1415 1703 1451">
     <span class='ocr_line' id='line_1_56' title="bbox 947 1415 1703 1451; baseline 0.001 -8"><span class='ocrx_word' id='word_1_369' title='bbox 947 1415 1018 1444; x_wconf 78' lang='lat' dir='ltr'><strong>citer</strong></span> <span class='ocrx_word' id='word_1_370' title='bbox 1033 1416 1107 1451; x_wconf 85' lang='lat' dir='ltr'><strong>regia</strong></span> <span class='ocrx_word' id='word_1_371' title='bbox 1123 1415 1182 1443; x_wconf 64' lang='lat' dir='ltr'><strong>hate</strong></span> <span class='ocrx_word' id='word_1_372' title='bbox 1206 1416 1298 1451; x_wconf 83' lang='lat' dir='ltr'><strong>proles</strong></span> <span class='ocrx_word' id='word_1_373' title='bbox 1323 1415 1477 1443; x_wconf 86' lang='lat' dir='ltr'><strong>admoverit</strong></span> <span class='ocrx_word' id='word_1_374' title='bbox 1499 1415 1703 1444; x_wconf 63' lang='lat' dir='ltr'><strong>adolescentia.</strong></span> 
     </span>
    </p>
   </div>
   <div class='ocr_carea' id='block_1_57' title="bbox 1177 1484 1514 1512">
    <p class='ocr_par' dir='ltr' id='par_1_57' title="bbox 1177 1484 1514 1512">
     <span class='ocr_line' id='line_1_57' title="bbox 1177 1484 1514 1512; baseline -0.003 0"><span class='ocrx_word' id='word_1_375' title='bbox 1177 1485 1223 1512; x_wconf 78' lang='lat'><strong>33.</strong></span> <span class='ocrx_word' id='word_1_376' title='bbox 1238 1484 1275 1511; x_wconf 81' lang='lat' dir='ltr'><strong>De</strong></span> <span class='ocrx_word' id='word_1_377' title='bbox 1287 1485 1404 1512; x_wconf 69' lang='lat' dir='ltr'><strong>&quot;mxima</strong></span> <span class='ocrx_word' id='word_1_378' title='bbox 1418 1485 1514 1512; x_wconf 79' lang='lat' dir='ltr'><strong>hieme.</strong></span> 
     </span>
    </p>
   </div>
   <div class='ocr_carea' id='block_1_58' title="bbox 99 1553 1740 1600">
    <p class='ocr_par' dir='ltr' id='par_1_58' title="bbox 99 1553 1740 1600">
     <span class='ocr_line' id='line_1_58' title="bbox 99 1553 1740 1600; baseline 0.001 -20"><span class='ocrx_word' id='word_1_379' title='bbox 99 1553 187 1588; x_wconf 72' lang='lat' dir='ltr'><strong>Aigre</strong></span> <span class='ocrx_word' id='word_1_380' title='bbox 217 1554 378 1589; x_wconf 82' lang='lat' dir='ltr'><strong>imperatori</strong></span> <span class='ocrx_word' id='word_1_381' title='bbox 403 1553 492 1582; x_wconf 80' lang='lat' dir='ltr'><strong>fuerat</strong></span> <span class='ocrx_word' id='word_1_382' title='bbox 508 1554 633 1581; x_wconf 81' lang='lat' dir='ltr'><strong>subtrahi</strong></span> <span class='ocrx_word' id='word_1_383' title='bbox 660 1556 775 1589; x_wconf 62' lang='lat' dir='ltr'><strong>praecoci</strong></span> <span class='ocrx_word' id='word_1_384' title='bbox 792 1556 816 1583; x_wconf 86' lang='lat' dir='ltr'><strong>ei</strong></span> <span class='ocrx_word' id='word_1_385' title='bbox 837 1556 894 1583; x_wconf 87' lang='lat' dir='ltr'><strong>fato</strong></span> <span class='ocrx_word' id='word_1_386' title='bbox 909 1572 930 1600; x_wconf 67' lang='grc' dir='ltr'><strong><em>ε</em></strong></span> <span class='ocrx_word' id='word_1_387' title='bbox 985 1554 1036 1583; x_wconf 84' lang='lat' dir='ltr'><strong>Hic</strong></span> <span class='ocrx_word' id='word_1_388' title='bbox 1057 1562 1138 1591; x_wconf 87' lang='lat' dir='ltr'><strong>porro</strong></span> <span class='ocrx_word' id='word_1_389' title='bbox 1153 1562 1242 1583; x_wconf 87' lang='lat' dir='ltr'><strong>annus</strong></span> <span class='ocrx_word' id='word_1_390' title='bbox 1258 1562 1312 1590; x_wconf 89' lang='lat' dir='ltr'><strong>quo</strong></span> <span class='ocrx_word' id='word_1_391' title='bbox 1327 1553 1393 1581; x_wconf 86' lang='lat' dir='ltr'><strong>inita</strong></span> <span class='ocrx_word' id='word_1_392' title='bbox 1410 1558 1452 1582; x_wconf 89' lang='lat' dir='ltr'><strong>est</strong></span> <span class='ocrx_word' id='word_1_393' title='bbox 1473 1561 1534 1581; x_wconf 91' lang='lat' dir='ltr'><strong>cum</strong></span> <span class='ocrx_word' id='word_1_394' title='bbox 1549 1554 1622 1581; x_wconf 89' lang='lat' dir='ltr'><strong>crale</strong></span> <span class='ocrx_word' id='word_1_395' title='bbox 1636 1553 1740 1582; x_wconf 81' lang='lat' dir='ltr'><strong>Serbiae</strong></span> 
     </span>
    </p>
   </div>
   <div class='ocr_carea' id='block_1_59' title="bbox 100 1599 892 1634">
    <p class='ocr_par' dir='ltr' id='par_1_59' title="bbox 100 1599 892 1634">
     <span class='ocr_line' id='line_1_59' title="bbox 100 1599 892 1634; baseline 0.005 -8"><span class='ocrx_word' id='word_1_396' title='bbox 100 1600 240 1627; x_wconf 73' lang='lat' dir='ltr'><strong>rennuens</strong></span> <span class='ocrx_word' id='word_1_397' title='bbox 265 1600 351 1632; x_wconf 77' lang='lat' dir='ltr'><strong>ictus,</strong></span> <span class='ocrx_word' id='word_1_398' title='bbox 376 1599 403 1627; x_wconf 95' lang='lat' dir='ltr'><strong>in</strong></span> <span class='ocrx_word' id='word_1_399' title='bbox 427 1599 486 1634; x_wconf 89' lang='lat' dir='ltr'><strong>ipso</strong></span> <span class='ocrx_word' id='word_1_400' title='bbox 515 1600 608 1627; x_wconf 83' lang='lat' dir='ltr'><strong>statim</strong></span> <span class='ocrx_word' id='word_1_401' title='bbox 637 1601 793 1629; x_wconf 81' lang='lat' dir='ltr'><strong>exstinctos</strong></span> <span class='ocrx_word' id='word_1_402' title='bbox 818 1605 892 1630; x_wconf 87' lang='lat' dir='ltr'><strong>ortu.</strong></span> 
     </span>
    </p>
   </div>
   <div class='ocr_carea' id='block_1_60' title="bbox 98 1645 894 1681">
    <p class='ocr_par' dir='ltr' id='par_1_60' title="bbox 98 1645 894 1681">
     <span class='ocr_line' id='line_1_60' title="bbox 98 1645 894 1681; baseline 0.005 -9"><span class='ocrx_word' id='word_1_403' title='bbox 98 1645 252 1681; x_wconf 78' lang='lat' dir='ltr'><strong>Postquam</strong></span> <span class='ocrx_word' id='word_1_404' title='bbox 269 1653 336 1681; x_wconf 87' lang='lat' dir='ltr'><strong>ergo</strong></span> <span class='ocrx_word' id='word_1_405' title='bbox 363 1646 389 1673; x_wconf 89' lang='lat' dir='ltr'><strong>id</strong></span> <span class='ocrx_word' id='word_1_406' title='bbox 414 1646 512 1674; x_wconf 89' lang='lat' dir='ltr'><strong>itermn</strong></span> <span class='ocrx_word' id='word_1_407' title='bbox 540 1650 567 1674; x_wconf 88' lang='lat' dir='ltr'><strong>et</strong></span> <span class='ocrx_word' id='word_1_408' title='bbox 590 1647 681 1680; x_wconf 86' lang='lat' dir='ltr'><strong>tertio,</strong></span> <span class='ocrx_word' id='word_1_409' title='bbox 708 1647 820 1675; x_wconf 88' lang='lat' dir='ltr'><strong>totidem</strong></span> <span class='ocrx_word' id='word_1_410' title='bbox 835 1648 894 1676; x_wconf 76' lang='lat' dir='ltr'><strong>ela-</strong></span> 
     </span>
    </p>
   </div>
   <div class='ocr_carea' id='block_1_61' title="bbox 97 1691 895 1729">
    <p class='ocr_par' dir='ltr' id='par_1_61' title="bbox 97 1691 895 1729">
     <span class='ocr_line' id='line_1_61' title="bbox 97 1691 895 1729; baseline 0.005 -11"><span class='ocrx_word' id='word_1_411' title='bbox 97 1691 176 1719; x_wconf 89' lang='lat' dir='ltr'><strong>tione</strong></span> <span class='ocrx_word' id='word_1_412' title='bbox 197 1697 364 1726; x_wconf 71' lang='lat' dir='ltr'><strong>praematura</strong></span> <span class='ocrx_word' id='word_1_413' title='bbox 386 1695 514 1719; x_wconf 86' lang='lat' dir='ltr'><strong>natarum</strong></span> <span class='ocrx_word' id='word_1_414' title='bbox 540 1692 590 1726; x_wconf 88' lang='lat' dir='ltr'><strong>ipsi</strong></span> <span class='ocrx_word' id='word_1_415' title='bbox 608 1700 624 1719; x_wconf 91' lang='lat' dir='ltr'><strong>e</strong></span> <span class='ocrx_word' id='word_1_416' title='bbox 643 1693 759 1728; x_wconf 81' lang='lat' dir='ltr'><strong>conjuge</strong></span> <span class='ocrx_word' id='word_1_417' title='bbox 783 1695 895 1729; x_wconf 87' lang='lat' dir='ltr'><strong>puella-</strong></span> 
     </span>
    </p>
   </div>
   <div class='ocr_carea' id='block_1_62' title="bbox 97 1738 894 1772">
    <p class='ocr_par' dir='ltr' id='par_1_62' title="bbox 97 1738 894 1772">
     <span class='ocr_line' id='line_1_62' title="bbox 97 1738 894 1772; baseline 0.005 -8"><span class='ocrx_word' id='word_1_418' title='bbox 97 1745 172 1769; x_wconf 81' lang='lat' dir='ltr'><strong>rum,</strong></span> <span class='ocrx_word' id='word_1_419' title='bbox 190 1745 305 1772; x_wconf 87' lang='lat' dir='ltr'><strong>passutn</strong></span> <span class='ocrx_word' id='word_1_420' title='bbox 329 1745 359 1765; x_wconf 84' lang='lat' dir='ltr'><strong>se</strong></span> <span class='ocrx_word' id='word_1_421' title='bbox 383 1738 559 1765; x_wconf 83' lang='lat' dir='ltr'><strong>Andronicus</strong></span> <span class='ocrx_word' id='word_1_422' title='bbox 577 1738 651 1766; x_wconf 86' lang='lat' dir='ltr'><strong>haud</strong></span> <span class='ocrx_word' id='word_1_423' title='bbox 668 1739 778 1767; x_wconf 91' lang='lat' dir='ltr'><strong>modico</strong></span> <span class='ocrx_word' id='word_1_424' title='bbox 798 1739 894 1768; x_wconf 89' lang='lat' dir='ltr'><strong>dolore</strong></span> 
     </span>
    </p>
   </div>
   <div class='ocr_carea' id='block_1_63' title="bbox 97 1784 894 1821">
    <p class='ocr_par' dir='ltr' id='par_1_63' title="bbox 97 1784 894 1821">
     <span class='ocr_line' id='line_1_63' title="bbox 97 1784 894 1821; baseline 0.003 -9"><span class='ocrx_word' id='word_1_425' title='bbox 97 1784 277 1816; x_wconf 87' lang='lat' dir='ltr'><strong>meminerat,</strong></span> <span class='ocrx_word' id='word_1_426' title='bbox 299 1790 427 1813; x_wconf 90' lang='lat' dir='ltr'><strong>metuens</strong></span> <span class='ocrx_word' id='word_1_427' title='bbox 440 1785 467 1812; x_wconf 92' lang='lat' dir='ltr'><strong>in</strong></span> <span class='ocrx_word' id='word_1_428' title='bbox 490 1785 543 1813; x_wconf 89' lang='lat' dir='ltr'><strong>hac</strong></span> <span class='ocrx_word' id='word_1_429' title='bbox 564 1793 676 1821; x_wconf 88' lang='lat' dir='ltr'><strong>quoque</strong></span> <span class='ocrx_word' id='word_1_430' title='bbox 705 1791 804 1821; x_wconf 87' lang='lat' dir='ltr'><strong>quarto</strong></span> <span class='ocrx_word' id='word_1_431' title='bbox 821 1787 894 1814; x_wconf 88' lang='lat' dir='ltr'><strong>edita</strong></span> 
     </span>
    </p>
   </div>
   <div class='ocr_carea' id='block_1_64' title="bbox 96 1830 893 1865">
    <p class='ocr_par' dir='ltr' id='par_1_64' title="bbox 96 1830 893 1865">
     <span class='ocr_line' id='line_1_64' title="bbox 96 1830 893 1865; baseline 0.003 -8"><span class='ocrx_word' id='word_1_432' title='bbox 96 1830 196 1857; x_wconf 80' lang='lat' dir='ltr'><strong>uxoris</strong></span> <span class='ocrx_word' id='word_1_433' title='bbox 223 1835 305 1862; x_wconf 85' lang='lat' dir='ltr'><strong>partu</strong></span> <span class='ocrx_word' id='word_1_434' title='bbox 333 1830 453 1858; x_wconf 84' lang='lat' dir='ltr'><strong>similem</strong></span> <span class='ocrx_word' id='word_1_435' title='bbox 475 1831 653 1859; x_wconf 88' lang='lat' dir='ltr'><strong>acerbitatem</strong></span> <span class='ocrx_word' id='word_1_436' title='bbox 681 1839 763 1860; x_wconf 89' lang='lat' dir='ltr'><strong>casus</strong></span> <span class='ocrx_word' id='word_1_437' title='bbox 790 1831 893 1865; x_wconf 81' lang='lat' dir='ltr'><strong>infesti,</strong></span> 
     </span>
    </p>
   </div>
   <div class='ocr_carea' id='block_1_65' title="bbox 96 1876 894 1913">
    <p class='ocr_par' dir='ltr' id='par_1_65' title="bbox 96 1876 894 1913">
     <span class='ocr_line' id='line_1_65' title="bbox 96 1876 894 1913; baseline 0.005 -10"><span class='ocrx_word' id='word_1_438' title='bbox 96 1876 219 1904; x_wconf 86' lang='lat' dir='ltr'><strong>libenter</strong></span> <span class='ocrx_word' id='word_1_439' title='bbox 237 1876 346 1911; x_wconf 88' lang='lat' dir='ltr'><strong>accepit</strong></span> <span class='ocrx_word' id='word_1_440' title='bbox 361 1877 508 1904; x_wconf 85' lang='lat' dir='ltr'><strong>consilium</strong></span> <span class='ocrx_word' id='word_1_441' title='bbox 526 1884 541 1904; x_wconf 94' lang='lat' dir='ltr'><strong>a</strong></span> <span class='ocrx_word' id='word_1_442' title='bbox 564 1878 681 1913; x_wconf 87' lang='lat' dir='ltr'><strong>quadam</strong></span> <span class='ocrx_word' id='word_1_443' title='bbox 698 1879 848 1906; x_wconf 83' lang='lat' dir='ltr'><strong>venerabili</strong></span> <span class='ocrx_word' id='word_1_444' title='bbox 866 1883 894 1907; x_wconf 89' lang='lat' dir='ltr'><strong>et</strong></span> 
     </span>
    </p>
   </div>
   <div class='ocr_carea' id='block_1_66' title="bbox 96 1922 895 1959">
    <p class='ocr_par' dir='ltr' id='par_1_66' title="bbox 96 1922 895 1959">
     <span class='ocr_line' id='line_1_66' title="bbox 96 1922 895 1959; baseline 0.005 -10"><span class='ocrx_word' id='word_1_445' title='bbox 96 1923 197 1950; x_wconf 85' lang='lat' dir='ltr'><strong>talium</strong></span> <span class='ocrx_word' id='word_1_446' title='bbox 213 1922 369 1957; x_wconf 75' lang='lat' dir='ltr'><strong>experienti</strong></span> <span class='ocrx_word' id='word_1_447' title='bbox 392 1928 516 1950; x_wconf 85' lang='lat' dir='ltr'><strong>matrona</strong></span> <span class='ocrx_word' id='word_1_448' title='bbox 536 1928 703 1959; x_wconf 77' lang='lat' dir='ltr'><strong>suggestum.</strong></span> <span class='ocrx_word' id='word_1_449' title='bbox 726 1924 790 1953; x_wconf 67' lang='lat' dir='ltr'><strong>llaec</strong></span> <span class='ocrx_word' id='word_1_450' title='bbox 805 1924 895 1953; x_wconf 84' lang='lat' dir='ltr'><strong>suasit</strong></span> 
     </span>
    </p>
   </div>
   <div class='ocr_carea' id='block_1_67' title="bbox 95 1969 893 2005">
    <p class='ocr_par' dir='ltr' id='par_1_67' title="bbox 95 1969 893 2005">
     <span class='ocr_line' id='line_1_67' title="bbox 95 1969 893 2005; baseline 0.003 -9"><span class='ocrx_word' id='word_1_451' title='bbox 95 1969 224 2003; x_wconf 74' lang='lat' dir='ltr'><strong>Augusto</strong></span> <span class='ocrx_word' id='word_1_452' title='bbox 249 1976 306 1995; x_wconf 89' lang='lat' dir='ltr'><strong>rem</strong></span> <span class='ocrx_word' id='word_1_453' title='bbox 325 1976 375 1996; x_wconf 90' lang='lat' dir='ltr'><strong>usu</strong></span> <span class='ocrx_word' id='word_1_454' title='bbox 393 1973 542 2004; x_wconf 56' lang='lat' dir='ltr'><strong>comperta</strong></span> <span class='ocrx_word' id='word_1_455' title='bbox 558 1977 571 1995; x_wconf 87' lang='lat' dir='ltr'><strong>a</strong></span> <span class='ocrx_word' id='word_1_456' title='bbox 592 1970 685 1997; x_wconf 90' lang='lat' dir='ltr'><strong>multis</strong></span> <span class='ocrx_word' id='word_1_457' title='bbox 700 1971 727 1997; x_wconf 93' lang='lat' dir='ltr'><strong>in</strong></span> <span class='ocrx_word' id='word_1_458' title='bbox 746 1971 804 2005; x_wconf 77' lang='lat' dir='ltr'><strong>pati</strong></span> <span class='ocrx_word' id='word_1_459' title='bbox 819 1971 893 1998; x_wconf 88' lang='lat' dir='ltr'><strong>cala-</strong></span> 
     </span>
    </p>
   </div>
   <div class='ocr_carea' id='block_1_68' title="bbox 97 2013 894 2045">
    <p class='ocr_par' dir='ltr' id='par_1_68' title="bbox 97 2013 894 2045">
     <span class='ocr_line' id='line_1_68' title="bbox 97 2013 894 2045; baseline 0.004 -5"><span class='ocrx_word' id='word_1_460' title='bbox 97 2015 198 2041; x_wconf 87' lang='lat' dir='ltr'><strong>mitate</strong></span> <span class='ocrx_word' id='word_1_461' title='bbox 223 2013 354 2041; x_wconf 82' lang='lat' dir='ltr'><strong>utilitatis</strong></span> <span class='ocrx_word' id='word_1_462' title='bbox 372 2033 380 2045; x_wconf 85' lang='lat'><strong><em>,</em></strong></span> <span class='ocrx_word' id='word_1_463' title='bbox 409 2021 541 2042; x_wconf 83' lang='lat' dir='ltr'><strong>successu</strong></span> <span class='ocrx_word' id='word_1_464' title='bbox 574 2020 668 2042; x_wconf 90' lang='lat' dir='ltr'><strong>secuto</strong></span> <span class='ocrx_word' id='word_1_465' title='bbox 697 2015 822 2043; x_wconf 83' lang='lat' dir='ltr'><strong>vitalium</strong></span> <span class='ocrx_word' id='word_1_466' title='bbox 853 2016 894 2044; x_wconf 86' lang='lat' dir='ltr'><strong>sic</strong></span> 
     </span>
    </p>
   </div>
   <div class='ocr_carea' id='block_1_69' title="bbox 97 2059 894 2096">
    <p class='ocr_par' dir='ltr' id='par_1_69' title="bbox 97 2059 894 2096">
     <span class='ocr_line' id='line_1_69' title="bbox 97 2059 894 2096; baseline 0.003 -10"><span class='ocrx_word' id='word_1_467' title='bbox 97 2059 321 2091; x_wconf 84' lang='lat' dir='ltr'><strong>reddendorum.</strong></span> <span class='ocrx_word' id='word_1_468' title='bbox 337 2060 383 2094; x_wconf 92' lang='lat' dir='ltr'><strong>qui</strong></span> <span class='ocrx_word' id='word_1_469' title='bbox 412 2060 489 2094; x_wconf 91' lang='lat' dir='ltr'><strong>prius</strong></span> <span class='ocrx_word' id='word_1_470' title='bbox 518 2060 646 2095; x_wconf 68' lang='lat' dir='ltr'><strong>prremori</strong></span> <span class='ocrx_word' id='word_1_471' title='bbox 676 2061 809 2093; x_wconf 83' lang='lat' dir='ltr'><strong>solebant.</strong></span> <span class='ocrx_word' id='word_1_472' title='bbox 832 2069 894 2096; x_wconf 86' lang='lat' dir='ltr'><strong>par-</strong></span> 
     </span>
    </p>
   </div>
   <div class='ocr_carea' id='block_1_70' title="bbox 95 2105 894 2140">
    <p class='ocr_par' dir='ltr' id='par_1_70' title="bbox 95 2105 894 2140">
     <span class='ocr_line' id='line_1_70' title="bbox 95 2105 894 2140; baseline 0.004 -8"><span class='ocrx_word' id='word_1_473' title='bbox 95 2109 189 2137; x_wconf 84' lang='lat' dir='ltr'><strong>tuum,</strong></span> <span class='ocrx_word' id='word_1_474' title='bbox 208 2105 340 2132; x_wconf 88' lang='lat' dir='ltr'><strong>nimirum</strong></span> <span class='ocrx_word' id='word_1_475' title='bbox 365 2111 393 2132; x_wconf 94' lang='lat' dir='ltr'><strong>ut</strong></span> <span class='ocrx_word' id='word_1_476' title='bbox 418 2106 522 2132; x_wconf 89' lang='lat' dir='ltr'><strong>circum</strong></span> <span class='ocrx_word' id='word_1_477' title='bbox 539 2106 636 2134; x_wconf 82' lang='lat' dir='ltr'><strong>ordine</strong></span> <span class='ocrx_word' id='word_1_478' title='bbox 653 2105 761 2140; x_wconf 87' lang='lat' dir='ltr'><strong>disponi</strong></span> <span class='ocrx_word' id='word_1_479' title='bbox 784 2111 894 2135; x_wconf 78' lang='lat' dir='ltr'><strong>curaret</strong></span> 
     </span>
    </p>
   </div>
   <div class='ocr_carea' id='block_1_71' title="bbox 95 2150 893 2186">
    <p class='ocr_par' dir='ltr' id='par_1_71' title="bbox 95 2150 893 2186">
     <span class='ocr_line' id='line_1_71' title="bbox 95 2150 893 2186; baseline 0.004 -8"><span class='ocrx_word' id='word_1_480' title='bbox 95 2151 234 2186; x_wconf 81' lang='lat' dir='ltr'><strong>imagines</strong></span> <span class='ocrx_word' id='word_1_481' title='bbox 261 2151 413 2186; x_wconf 85' lang='lat' dir='ltr'><strong>primorum</strong></span> <span class='ocrx_word' id='word_1_482' title='bbox 438 2150 542 2178; x_wconf 81' lang='lat' dir='ltr'><strong>Christi</strong></span> <span class='ocrx_word' id='word_1_483' title='bbox 574 2153 764 2186; x_wconf 87' lang='lat' dir='ltr'><strong>apostolorum</strong></span> <span class='ocrx_word' id='word_1_484' title='bbox 791 2153 893 2181; x_wconf 88' lang='lat' dir='ltr'><strong>duode-</strong></span> 
     </span>
    </p>
   </div>
   <div class='ocr_carea' id='block_1_72' title="bbox 95 2197 892 2234">
    <p class='ocr_par' dir='ltr' id='par_1_72' title="bbox 95 2197 892 2234">
     <span class='ocr_line' id='line_1_72' title="bbox 95 2197 892 2234; baseline 0.004 -10"><span class='ocrx_word' id='word_1_485' title='bbox 95 2198 150 2225; x_wconf 91' lang='lat' dir='ltr'><strong>cim</strong></span> <span class='ocrx_word' id='word_1_486' title='bbox 165 2206 174 2230; x_wconf 91' lang='lat'><strong>;</strong></span> <span class='ocrx_word' id='word_1_487' title='bbox 190 2197 319 2232; x_wconf 81' lang='lat' dir='ltr'><strong>singulos</strong></span> <span class='ocrx_word' id='word_1_488' title='bbox 333 2197 429 2224; x_wconf 90' lang='lat' dir='ltr'><strong>harum</strong></span> <span class='ocrx_word' id='word_1_489' title='bbox 446 2198 547 2232; x_wconf 88' lang='lat' dir='ltr'><strong>cuique</strong></span> <span class='ocrx_word' id='word_1_490' title='bbox 562 2205 660 2226; x_wconf 86' lang='lat' dir='ltr'><strong>cereos</strong></span> <span class='ocrx_word' id='word_1_491' title='bbox 676 2199 800 2232; x_wconf 83' lang='lat' dir='ltr'><strong>adderet,</strong></span> <span class='ocrx_word' id='word_1_492' title='bbox 818 2200 892 2234; x_wconf 86' lang='lat' dir='ltr'><strong>paris</strong></span> 
     </span>
    </p>
   </div>
   <div class='ocr_carea' id='block_1_73' title="bbox 950 1599 1738 1638">
    <p class='ocr_par' dir='ltr' id='par_1_73' title="bbox 950 1599 1738 1638">
     <span class='ocr_line' id='line_1_73' title="bbox 950 1599 1738 1638; baseline -0.004 -9"><span class='ocrx_word' id='word_1_493' title='bbox 950 1601 1109 1634; x_wconf 77' lang='lat' dir='ltr'><strong>conventio,</strong></span> <span class='ocrx_word' id='word_1_494' title='bbox 1124 1600 1240 1635; x_wconf 85' lang='lat' dir='ltr'><strong>insignis</strong></span> <span class='ocrx_word' id='word_1_495' title='bbox 1266 1599 1318 1628; x_wconf 90' lang='lat' dir='ltr'><strong>fuit</strong></span> <span class='ocrx_word' id='word_1_496' title='bbox 1337 1599 1438 1635; x_wconf 59' lang='lat' dir='ltr'><strong>‘rigore</strong></span> <span class='ocrx_word' id='word_1_497' title='bbox 1462 1599 1561 1626; x_wconf 82' lang='lat' dir='ltr'><strong>hiemis</strong></span> <span class='ocrx_word' id='word_1_498' title='bbox 1577 1607 1632 1638; x_wconf 85' lang='lat' dir='ltr'><strong>non</strong></span> <span class='ocrx_word' id='word_1_499' title='bbox 1648 1599 1738 1627; x_wconf 81' lang='lat' dir='ltr'><strong>solum</strong></span> 
     </span>
    </p>
   </div>
   <div class='ocr_carea' id='block_1_74' title="bbox 948 1645 1739 1681">
    <p class='ocr_par' dir='ltr' id='par_1_74' title="bbox 948 1645 1739 1681">
     <span class='ocr_line' id='line_1_74' title="bbox 948 1645 1739 1681; baseline -0.003 -7"><span class='ocrx_word' id='word_1_500' title='bbox 948 1647 1078 1680; x_wconf 86' lang='lat' dir='ltr'><strong>maximo,</strong></span> <span class='ocrx_word' id='word_1_501' title='bbox 1105 1646 1154 1674; x_wconf 88' lang='lat' dir='ltr'><strong>sed</strong></span> <span class='ocrx_word' id='word_1_502' title='bbox 1184 1651 1222 1678; x_wconf 89' lang='lat' dir='ltr'><strong>et,</strong></span> <span class='ocrx_word' id='word_1_503' title='bbox 1249 1649 1279 1673; x_wconf 93' lang='lat' dir='ltr'><strong>ut</strong></span> <span class='ocrx_word' id='word_1_504' title='bbox 1304 1645 1345 1673; x_wconf 85' lang='lat' dir='ltr'><strong>sic</strong></span> <span class='ocrx_word' id='word_1_505' title='bbox 1375 1646 1484 1680; x_wconf 87' lang='lat' dir='ltr'><strong>loquar,</strong></span> <span class='ocrx_word' id='word_1_506' title='bbox 1501 1646 1739 1681; x_wconf 85' lang='lat' dir='ltr'><strong>prodigiosissimo</strong></span> 
     </span>
    </p>
   </div>
   <div class='ocr_carea' id='block_1_75' title="bbox 947 1692 1738 1728">
    <p class='ocr_par' dir='ltr' id='par_1_75' title="bbox 947 1692 1738 1728">
     <span class='ocr_line' id='line_1_75' title="bbox 947 1692 1738 1728; baseline 0 -7"><span class='ocrx_word' id='word_1_507' title='bbox 947 1694 1028 1721; x_wconf 79' lang='lat' dir='ltr'><strong>facile</strong></span> <span class='ocrx_word' id='word_1_508' title='bbox 1042 1693 1178 1725; x_wconf 88' lang='lat' dir='ltr'><strong>omnium,</strong></span> <span class='ocrx_word' id='word_1_509' title='bbox 1197 1696 1334 1727; x_wconf 87' lang='lat' dir='ltr'><strong>quotquot</strong></span> <span class='ocrx_word' id='word_1_510' title='bbox 1361 1692 1442 1719; x_wconf 85' lang='lat' dir='ltr'><strong>annis</strong></span> <span class='ocrx_word' id='word_1_511' title='bbox 1474 1696 1549 1719; x_wconf 86' lang='lat' dir='ltr'><strong>retro</strong></span> <span class='ocrx_word' id='word_1_512' title='bbox 1574 1693 1659 1727; x_wconf 85' lang='lat' dir='ltr'><strong>lapsis</strong></span> <span class='ocrx_word' id='word_1_513' title='bbox 1673 1701 1738 1728; x_wconf 85' lang='lat' dir='ltr'><strong>pos-</strong></span> 
     </span>
    </p>
   </div>
   <div class='ocr_carea' id='block_1_76' title="bbox 946 1734 1738 1774">
    <p class='ocr_par' dir='ltr' id='par_1_76' title="bbox 946 1734 1738 1774">
     <span class='ocr_line' id='line_1_76' title="bbox 946 1734 1738 1774; baseline -0.001 -7"><span class='ocrx_word' id='word_1_514' title='bbox 946 1743 1009 1768; x_wconf 86' lang='lat' dir='ltr'><strong>sent</strong></span> <span class='ocrx_word' id='word_1_515' title='bbox 1037 1739 1141 1766; x_wconf 84' lang='lat' dir='ltr'><strong>vidisse</strong></span> <span class='ocrx_word' id='word_1_516' title='bbox 1159 1739 1299 1766; x_wconf 88' lang='lat' dir='ltr'><strong>recordari</strong></span> <span class='ocrx_word' id='word_1_517' title='bbox 1327 1738 1373 1774; x_wconf 87' lang='lat' dir='ltr'><strong>qui</strong></span> <span class='ocrx_word' id='word_1_518' title='bbox 1404 1738 1607 1773; x_wconf 66' lang='lat' dir='ltr'><strong>longaevissime</strong></span> <span class='ocrx_word' id='word_1_519' title='bbox 1625 1734 1738 1766; x_wconf 85' lang='lat' dir='ltr'><strong>senuis-</strong></span> 
     </span>
    </p>
   </div>
   <div class='ocr_carea' id='block_1_77' title="bbox 947 1785 1740 1821">
    <p class='ocr_par' dir='ltr' id='par_1_77' title="bbox 947 1785 1740 1821">
     <span class='ocr_line' id='line_1_77' title="bbox 947 1785 1740 1821; baseline -0.001 -8"><span class='ocrx_word' id='word_1_520' title='bbox 947 1790 1019 1814; x_wconf 85' lang='lat' dir='ltr'><strong>scnt.</strong></span> <span class='ocrx_word' id='word_1_521' title='bbox 1037 1786 1117 1812; x_wconf 84' lang='lat' dir='ltr'><strong>Tanti</strong></span> <span class='ocrx_word' id='word_1_522' title='bbox 1133 1785 1235 1812; x_wconf 85' lang='lat' dir='ltr'><strong>niviqu</strong></span> <span class='ocrx_word' id='word_1_523' title='bbox 1252 1792 1367 1820; x_wconf 76' lang='lat' dir='ltr'><strong>aggeres</strong></span> <span class='ocrx_word' id='word_1_524' title='bbox 1383 1793 1465 1819; x_wconf 84' lang='lat' dir='ltr'><strong>supra</strong></span> <span class='ocrx_word' id='word_1_525' title='bbox 1486 1792 1566 1812; x_wconf 87' lang='lat' dir='ltr'><strong>onme</strong></span> <span class='ocrx_word' id='word_1_526' title='bbox 1584 1785 1668 1821; x_wconf 76' lang='lat'><strong>278</strong></span> <span class='ocrx_word' id='word_1_527' title='bbox 1684 1785 1740 1812; x_wconf 87' lang='lat' dir='ltr'><strong>late</strong></span> 
     </span>
    </p>
   </div>
   <div class='ocr_carea' id='block_1_78' title="bbox 946 1831 1739 1865">
    <p class='ocr_par' dir='ltr' id='par_1_78' title="bbox 946 1831 1739 1865">
     <span class='ocr_line' id='line_1_78' title="bbox 946 1831 1739 1865; baseline -0.001 -6"><span class='ocrx_word' id='word_1_528' title='bbox 946 1832 1033 1860; x_wconf 87' lang='lat' dir='ltr'><strong>solum</strong></span> <span class='ocrx_word' id='word_1_529' title='bbox 1049 1833 1231 1865; x_wconf 63' lang='lat' dir='ltr'><strong>increverat“,</strong></span> <span class='ocrx_word' id='word_1_530' title='bbox 1251 1835 1280 1857; x_wconf 85' lang='lat' dir='ltr'><strong>ut</strong></span> <span class='ocrx_word' id='word_1_531' title='bbox 1295 1831 1387 1858; x_wconf 87' lang='lat' dir='ltr'><strong>aditus</strong></span> <span class='ocrx_word' id='word_1_532' title='bbox 1406 1831 1582 1858; x_wconf 71' lang='lat' dir='ltr'><strong>obstruerent</strong></span> <span class='ocrx_word' id='word_1_533' title='bbox 1606 1832 1739 1858; x_wconf 86' lang='lat' dir='ltr'><strong>domuum</strong></span> 
     </span>
    </p>
   </div>
   <div class='ocr_carea' id='block_1_79' title="bbox 946 1877 1738 1912">
    <p class='ocr_par' dir='ltr' id='par_1_79' title="bbox 946 1877 1738 1912">
     <span class='ocr_line' id='line_1_79' title="bbox 946 1877 1738 1912; baseline -0.001 -7"><span class='ocrx_word' id='word_1_534' title='bbox 946 1878 1122 1905; x_wconf 88' lang='lat' dir='ltr'><strong>humiliormn</strong></span> <span class='ocrx_word' id='word_1_535' title='bbox 1141 1882 1168 1905; x_wconf 87' lang='lat' dir='ltr'><strong>et</strong></span> <span class='ocrx_word' id='word_1_536' title='bbox 1184 1879 1242 1912; x_wconf 81' lang='lat' dir='ltr'><strong>ipsa</strong></span> <span class='ocrx_word' id='word_1_537' title='bbox 1264 1877 1398 1904; x_wconf 89' lang='lat' dir='ltr'><strong>ostiorum</strong></span> <span class='ocrx_word' id='word_1_538' title='bbox 1417 1877 1640 1911; x_wconf 86' lang='lat' dir='ltr'><strong>superliminaria</strong></span> <span class='ocrx_word' id='word_1_539' title='bbox 1659 1885 1738 1904; x_wconf 84' lang='lat' dir='ltr'><strong>cxce-</strong></span> 
     </span>
    </p>
   </div>
   <div class='ocr_carea' id='block_1_80' title="bbox 946 1914 1750 1958">
    <p class='ocr_par' dir='ltr' id='par_1_80' title="bbox 946 1914 1750 1958">
     <span class='ocr_line' id='line_1_80' title="bbox 946 1914 1750 1958; baseline 0.001 -8"><span class='ocrx_word' id='word_1_540' title='bbox 946 1923 1043 1950; x_wconf 84' lang='lat' dir='ltr'><strong>dentes</strong></span> <span class='ocrx_word' id='word_1_541' title='bbox 1072 1923 1206 1950; x_wconf 88' lang='lat' dir='ltr'><strong>incertum</strong></span> <span class='ocrx_word' id='word_1_542' title='bbox 1237 1922 1325 1949; x_wconf 90' lang='lat' dir='ltr'><strong>oculis</strong></span> <span class='ocrx_word' id='word_1_543' title='bbox 1351 1922 1540 1955; x_wconf 80' lang='lat' dir='ltr'><strong>relinquerent</strong></span> <span class='ocrx_word' id='word_1_544' title='bbox 1569 1931 1622 1957; x_wconf 85' lang='lat' dir='ltr'><strong>qua</strong></span> <span class='ocrx_word' id='word_1_545' title='bbox 1655 1914 1750 1958; x_wconf 44' lang='lat' dir='ltr'><strong>parte-</strong></span> 
     </span>
    </p>
   </div>
   <div class='ocr_carea' id='block_1_81' title="bbox 946 1968 1736 2004">
    <p class='ocr_par' dir='ltr' id='par_1_81' title="bbox 946 1968 1736 2004">
     <span class='ocr_line' id='line_1_81' title="bbox 946 1968 1736 2004; baseline 0 -8"><span class='ocrx_word' id='word_1_546' title='bbox 946 1969 1054 2004; x_wconf 82' lang='lat' dir='ltr'><strong>ingredi</strong></span> <span class='ocrx_word' id='word_1_547' title='bbox 1078 1969 1228 2004; x_wconf 76' lang='lat' dir='ltr'><strong>egredique</strong></span> <span class='ocrx_word' id='word_1_548' title='bbox 1259 1969 1322 1996; x_wconf 89' lang='lat' dir='ltr'><strong>inde</strong></span> <span class='ocrx_word' id='word_1_549' title='bbox 1352 1968 1524 1996; x_wconf 86' lang='lat' dir='ltr'><strong>habitatores</strong></span> <span class='ocrx_word' id='word_1_550' title='bbox 1543 1974 1736 1996; x_wconf 88' lang='lat' dir='ltr'><strong>consuessent.</strong></span> 
     </span>
    </p>
   </div>
   <div class='ocr_carea' id='block_1_82' title="bbox 946 2015 1738 2052">
    <p class='ocr_par' dir='ltr' id='par_1_82' title="bbox 946 2015 1738 2052">
     <span class='ocr_line' id='line_1_82' title="bbox 946 2015 1738 2052; baseline 0.001 -9"><span class='ocrx_word' id='word_1_551' title='bbox 946 2016 1018 2052; x_wconf 82' lang='lat' dir='ltr'><strong>Ergo</strong></span> <span class='ocrx_word' id='word_1_552' title='bbox 1035 2017 1121 2051; x_wconf 84' lang='lat' dir='ltr'><strong>signis</strong></span> <span class='ocrx_word' id='word_1_553' title='bbox 1142 2016 1309 2052; x_wconf 86' lang='lat' dir='ltr'><strong>quibusdam</strong></span> <span class='ocrx_word' id='word_1_554' title='bbox 1337 2020 1384 2043; x_wconf 90' lang='lat' dir='ltr'><strong>aut</strong></span> <span class='ocrx_word' id='word_1_555' title='bbox 1410 2015 1554 2051; x_wconf 84' lang='lat' dir='ltr'><strong>longorum</strong></span> <span class='ocrx_word' id='word_1_556' title='bbox 1584 2024 1630 2051; x_wconf 89' lang='lat' dir='ltr'><strong>per</strong></span> <span class='ocrx_word' id='word_1_557' title='bbox 1646 2017 1738 2044; x_wconf 87' lang='lat' dir='ltr'><strong>nivem</strong></span> 
     </span>
    </p>
   </div>
   <div class='ocr_carea' id='block_1_83' title="bbox 946 2059 1737 2096">
    <p class='ocr_par' dir='ltr' id='par_1_83' title="bbox 946 2059 1737 2096">
     <span class='ocr_line' id='line_1_83' title="bbox 946 2059 1737 2096; baseline 0.003 -10"><span class='ocrx_word' id='word_1_558' title='bbox 946 2059 1167 2087; x_wconf 87' lang='lat' dir='ltr'><strong>immissionibus</strong></span> <span class='ocrx_word' id='word_1_559' title='bbox 1194 2065 1340 2088; x_wconf 81' lang='lat' dir='ltr'><strong>contorum</strong></span> <span class='ocrx_word' id='word_1_560' title='bbox 1370 2060 1533 2095; x_wconf 82' lang='lat' dir='ltr'><strong>investigato</strong></span> <span class='ocrx_word' id='word_1_561' title='bbox 1559 2060 1614 2088; x_wconf 76' lang='lat' dir='ltr'><strong>situ</strong></span> <span class='ocrx_word' id='word_1_562' title='bbox 1635 2061 1737 2096; x_wconf 70' lang='lat' dir='ltr'><strong>januw.</strong></span> 
     </span>
    </p>
   </div>
   <div class='ocr_carea' id='block_1_84' title="bbox 945 2106 1737 2142">
    <p class='ocr_par' dir='ltr' id='par_1_84' title="bbox 945 2106 1737 2142">
     <span class='ocr_line' id='line_1_84' title="bbox 945 2106 1737 2142; baseline 0.005 -10"><span class='ocrx_word' id='word_1_563' title='bbox 945 2106 1046 2140; x_wconf 83' lang='lat' dir='ltr'><strong>quibus</strong></span> <span class='ocrx_word' id='word_1_564' title='bbox 1069 2111 1129 2133; x_wconf 88' lang='lat' dir='ltr'><strong>erat</strong></span> <span class='ocrx_word' id='word_1_565' title='bbox 1155 2114 1221 2133; x_wconf 89' lang='lat' dir='ltr'><strong>cura</strong></span> <span class='ocrx_word' id='word_1_566' title='bbox 1250 2107 1393 2141; x_wconf 80' lang='lat' dir='ltr'><strong>suppetias</strong></span> <span class='ocrx_word' id='word_1_567' title='bbox 1422 2106 1505 2133; x_wconf 89' lang='lat' dir='ltr'><strong>eundi</strong></span> <span class='ocrx_word' id='word_1_568' title='bbox 1523 2107 1592 2134; x_wconf 87' lang='lat' dir='ltr'><strong>vivis</strong></span> <span class='ocrx_word' id='word_1_569' title='bbox 1609 2107 1737 2142; x_wconf 81' lang='lat' dir='ltr'><strong>sepultis.</strong></span> 
     </span>
    </p>
   </div>
   <div class='ocr_carea' id='block_1_85' title="bbox 945 2152 1738 2189">
    <p class='ocr_par' dir='ltr' id='par_1_85' title="bbox 945 2152 1738 2189">
     <span class='ocr_line' id='line_1_85' title="bbox 945 2152 1738 2189; baseline 0.004 -11"><span class='ocrx_word' id='word_1_570' title='bbox 945 2152 1015 2186; x_wconf 89' lang='lat' dir='ltr'><strong>palis</strong></span> <span class='ocrx_word' id='word_1_571' title='bbox 1029 2152 1128 2180; x_wconf 88' lang='lat' dir='ltr'><strong>deinde</strong></span> <span class='ocrx_word' id='word_1_572' title='bbox 1156 2152 1350 2188; x_wconf 89' lang='lat' dir='ltr'><strong>similibusque</strong></span> <span class='ocrx_word' id='word_1_573' title='bbox 1368 2152 1559 2180; x_wconf 88' lang='lat' dir='ltr'><strong>instrumentis</strong></span> <span class='ocrx_word' id='word_1_574' title='bbox 1583 2153 1738 2189; x_wconf 77' lang='lat' dir='ltr'><strong>purgabant</strong></span> 
     </span>
    </p>
   </div>
   <div class='ocr_carea' id='block_1_86' title="bbox 946 2197 1738 2233">
    <p class='ocr_par' dir='ltr' id='par_1_86' title="bbox 946 2197 1738 2233">
     <span class='ocr_line' id='line_1_86' title="bbox 946 2197 1738 2233; baseline 0.004 -9"><span class='ocrx_word' id='word_1_575' title='bbox 946 2197 997 2225; x_wconf 88' lang='lat' dir='ltr'><strong>iter</strong></span> <span class='ocrx_word' id='word_1_576' title='bbox 1021 2198 1054 2225; x_wconf 88' lang='lat' dir='ltr'><strong>ad</strong></span> <span class='ocrx_word' id='word_1_577' title='bbox 1071 2197 1155 2231; x_wconf 86' lang='lat' dir='ltr'><strong>fores,</strong></span> <span class='ocrx_word' id='word_1_578' title='bbox 1171 2203 1200 2226; x_wconf 90' lang='lat' dir='ltr'><strong>ut</strong></span> <span class='ocrx_word' id='word_1_579' title='bbox 1215 2198 1255 2226; x_wconf 87' lang='lat' dir='ltr'><strong>sic</strong></span> <span class='ocrx_word' id='word_1_580' title='bbox 1270 2203 1364 2233; x_wconf 89' lang='lat' dir='ltr'><strong>portas</strong></span> <span class='ocrx_word' id='word_1_581' title='bbox 1379 2198 1567 2233; x_wconf 80' lang='lat' dir='ltr'><strong>patefacerent</strong></span> <span class='ocrx_word' id='word_1_582' title='bbox 1578 2199 1738 2227; x_wconf 84' lang='lat' dir='ltr'><strong>infelicibus</strong></span> 
     </span>
    </p>
   </div>
   <div class='ocr_carea' id='block_1_87' title="bbox 95 2240 1737 2280">
    <p class='ocr_par' dir='ltr' id='par_1_87' title="bbox 95 2240 1737 2280">
     <span class='ocr_line' id='line_1_87' title="bbox 95 2240 1737 2280; baseline 0.004 -13"><span class='ocrx_word' id='word_1_583' title='bbox 95 2240 172 2268; x_wconf 89' lang='lat' dir='ltr'><strong>inter</strong></span> <span class='ocrx_word' id='word_1_584' title='bbox 191 2247 222 2268; x_wconf 81' lang='lat' dir='ltr'><strong>se</strong></span> <span class='ocrx_word' id='word_1_585' title='bbox 241 2248 340 2268; x_wconf 82' lang='lat' dir='ltr'><strong>omnes</strong></span> <span class='ocrx_word' id='word_1_586' title='bbox 367 2241 498 2276; x_wconf 88' lang='lat' dir='ltr'><strong>ponderis</strong></span> <span class='ocrx_word' id='word_1_587' title='bbox 525 2246 552 2269; x_wconf 92' lang='lat' dir='ltr'><strong>et</strong></span> <span class='ocrx_word' id='word_1_588' title='bbox 583 2242 766 2277; x_wconf 76' lang='lat' dir='ltr'><strong>longitudinis</strong></span> <span class='ocrx_word' id='word_1_589' title='bbox 795 2249 892 2273; x_wconf 81' lang='lat' dir='ltr'><strong>exacte</strong></span> <span class='ocrx_word' id='word_1_590' title='bbox 905 2246 932 2276; x_wconf 90' lang='lat' dir='ltr'><strong>D</strong></span> <span class='ocrx_word' id='word_1_591' title='bbox 945 2244 1080 2272; x_wconf 83' lang='lat' dir='ltr'><strong>obsessis.</strong></span> <span class='ocrx_word' id='word_1_592' title='bbox 1098 2242 1159 2272; x_wconf 69' lang='lat' dir='ltr'><strong>Alia</strong></span> <span class='ocrx_word' id='word_1_593' title='bbox 1172 2245 1276 2272; x_wconf 85' lang='lat' dir='ltr'><strong>ratione</strong></span> <span class='ocrx_word' id='word_1_594' title='bbox 1288 2252 1368 2280; x_wconf 89' lang='lat' dir='ltr'><strong>quam</strong></span> <span class='ocrx_word' id='word_1_595' title='bbox 1385 2245 1422 2272; x_wconf 89' lang='lat' dir='ltr'><strong>ita</strong></span> <span class='ocrx_word' id='word_1_596' title='bbox 1436 2245 1559 2272; x_wconf 87' lang='lat' dir='ltr'><strong>detracta</strong></span> <span class='ocrx_word' id='word_1_597' title='bbox 1575 2253 1656 2272; x_wconf 90' lang='lat' dir='ltr'><strong>manu</strong></span> <span class='ocrx_word' id='word_1_598' title='bbox 1675 2246 1737 2274; x_wconf 87' lang='lat' dir='ltr'><strong>nive</strong></span> 
     </span>
    </p>
   </div>
   <div class='ocr_carea' id='block_1_88' title="bbox 95 2286 893 2325">
    <p class='ocr_par' dir='ltr' id='par_1_88' title="bbox 95 2286 893 2325">
     <span class='ocr_line' id='line_1_88' title="bbox 95 2286 893 2325; baseline 0.005 -12"><span class='ocrx_word' id='word_1_599' title='bbox 95 2286 218 2314; x_wconf 83' lang='lat' dir='ltr'><strong>invicem</strong></span> <span class='ocrx_word' id='word_1_600' title='bbox 237 2286 390 2319; x_wconf 71' lang='lat' dir='ltr'><strong>dimensus;</strong></span> <span class='ocrx_word' id='word_1_601' title='bbox 416 2287 466 2316; x_wconf 85' lang='lat' dir='ltr'><strong>has</strong></span> <span class='ocrx_word' id='word_1_602' title='bbox 482 2295 574 2316; x_wconf 82' lang='lat' dir='ltr'><strong>sacras</strong></span> <span class='ocrx_word' id='word_1_603' title='bbox 589 2288 683 2316; x_wconf 88' lang='lat' dir='ltr'><strong>icones</strong></span> <span class='ocrx_word' id='word_1_604' title='bbox 697 2293 724 2317; x_wconf 90' lang='lat' dir='ltr'><strong>et</strong></span> <span class='ocrx_word' id='word_1_605' title='bbox 747 2289 790 2317; x_wconf 91' lang='lat' dir='ltr'><strong>his</strong></span> <span class='ocrx_word' id='word_1_606' title='bbox 806 2298 893 2325; x_wconf 87' lang='lat' dir='ltr'><strong>appo-</strong></span> 
     </span>
    </p>
   </div>
   <div class='ocr_carea' id='block_1_89' title="bbox 97 2332 894 2368">
    <p class='ocr_par' dir='ltr' id='par_1_89' title="bbox 97 2332 894 2368">
     <span class='ocr_line' id='line_1_89' title="bbox 97 2332 894 2368; baseline 0.005 -8"><span class='ocrx_word' id='word_1_607' title='bbox 97 2332 168 2360; x_wconf 83' lang='lat' dir='ltr'><strong>sitas</strong></span> <span class='ocrx_word' id='word_1_608' title='bbox 187 2332 319 2360; x_wconf 87' lang='lat' dir='ltr'><strong>candelas</strong></span> <span class='ocrx_word' id='word_1_609' title='bbox 343 2333 490 2368; x_wconf 87' lang='lat' dir='ltr'><strong>imperaret</strong></span> <span class='ocrx_word' id='word_1_610' title='bbox 505 2334 530 2360; x_wconf 55' lang='grc' dir='ltr'>τί</span> <span class='ocrx_word' id='word_1_611' title='bbox 554 2334 614 2362; x_wconf 88' lang='lat' dir='ltr'><strong>loco</strong></span> <span class='ocrx_word' id='word_1_612' title='bbox 631 2334 736 2362; x_wconf 90' lang='lat' dir='ltr'><strong>circum</strong></span> <span class='ocrx_word' id='word_1_613' title='bbox 761 2343 894 2364; x_wconf 81' lang='lat' dir='ltr'><strong>accensas</strong></span> 
     </span>
    </p>
   </div>
   <div class='ocr_carea' id='block_1_90' title="bbox 98 2378 893 2415">
    <p class='ocr_par' dir='ltr' id='par_1_90' title="bbox 98 2378 893 2415">
     <span class='ocr_line' id='line_1_90' title="bbox 98 2378 893 2415; baseline 0.003 -9"><span class='ocrx_word' id='word_1_614' title='bbox 98 2378 197 2410; x_wconf 86' lang='lat' dir='ltr'><strong>statui,</strong></span> <span class='ocrx_word' id='word_1_615' title='bbox 217 2379 246 2406; x_wconf 88' lang='lat' dir='ltr'><strong>in</strong></span> <span class='ocrx_word' id='word_1_616' title='bbox 266 2385 322 2413; x_wconf 87' lang='lat' dir='ltr'><strong>quo</strong></span> <span class='ocrx_word' id='word_1_617' title='bbox 338 2378 404 2406; x_wconf 84' lang='lat' dir='ltr'><strong>certi</strong></span> <span class='ocrx_word' id='word_1_618' title='bbox 434 2379 558 2407; x_wconf 87' lang='lat' dir='ltr'><strong>homines</strong></span> <span class='ocrx_word' id='word_1_619' title='bbox 584 2384 698 2408; x_wconf 87' lang='lat' dir='ltr'><strong>orantes</strong></span> <span class='ocrx_word' id='word_1_620' title='bbox 726 2389 776 2415; x_wconf 93' lang='lat' dir='ltr'><strong>pro</strong></span> <span class='ocrx_word' id='word_1_621' title='bbox 798 2389 893 2410; x_wconf 86' lang='lat' dir='ltr'><strong>recens</strong></span> 
     </span>
    </p>
   </div>
   <div class='ocr_carea' id='block_1_91' title="bbox 98 2424 893 2463">
    <p class='ocr_par' dir='ltr' id='par_1_91' title="bbox 98 2424 893 2463">
     <span class='ocr_line' id='line_1_91' title="bbox 98 2424 893 2463; baseline 0.006 -12"><span class='ocrx_word' id='word_1_622' title='bbox 98 2430 163 2451; x_wconf 86' lang='lat' dir='ltr'><strong>nata</strong></span> <span class='ocrx_word' id='word_1_623' title='bbox 182 2424 306 2459; x_wconf 78' lang='lat' dir='ltr'><strong>puellula</strong></span> <span class='ocrx_word' id='word_1_624' title='bbox 325 2425 446 2460; x_wconf 80' lang='lat' dir='ltr'><strong>psalmos</strong></span> <span class='ocrx_word' id='word_1_625' title='bbox 466 2429 494 2452; x_wconf 93' lang='lat' dir='ltr'><strong>et</strong></span> <span class='ocrx_word' id='word_1_626' title='bbox 508 2426 742 2461; x_wconf 82' lang='lat' dir='ltr'><strong>supplicationum</strong></span> <span class='ocrx_word' id='word_1_627' title='bbox 765 2427 790 2455; x_wconf 86' lang='lat' dir='ltr'><strong>id</strong></span> <span class='ocrx_word' id='word_1_628' title='bbox 807 2436 893 2463; x_wconf 75' lang='lat' dir='ltr'><strong>genus</strong></span> 
     </span>
    </p>
   </div>
   <div class='ocr_carea' id='block_1_92' title="bbox 96 2468 894 2508">
    <p class='ocr_par' dir='ltr' id='par_1_92' title="bbox 96 2468 894 2508">
     <span class='ocr_line' id='line_1_92' title="bbox 96 2468 894 2508; baseline 0.008 -13"><span class='ocrx_word' id='word_1_629' title='bbox 96 2468 234 2497; x_wconf 88' lang='lat' dir='ltr'><strong>formulas</strong></span> <span class='ocrx_word' id='word_1_630' title='bbox 249 2469 404 2497; x_wconf 82' lang='lat' dir='ltr'><strong>continenti</strong></span> <span class='ocrx_word' id='word_1_631' title='bbox 420 2475 536 2498; x_wconf 64' lang='lat' dir='ltr'><strong>eatenus</strong></span> <span class='ocrx_word' id='word_1_632' title='bbox 551 2473 697 2500; x_wconf 87' lang='lat' dir='ltr'><strong>devotione</strong></span> <span class='ocrx_word' id='word_1_633' title='bbox 714 2474 894 2508; x_wconf 85' lang='lat' dir='ltr'><strong>pronuntiare</strong></span> 
     </span>
    </p>
   </div>
   <div class='ocr_carea' id='block_1_93' title="bbox 98 2516 893 2554">
    <p class='ocr_par' dir='ltr' id='par_1_93' title="bbox 98 2516 893 2554">
     <span class='ocr_line' id='line_1_93' title="bbox 98 2516 893 2554; baseline 0.009 -13"><span class='ocrx_word' id='word_1_634' title='bbox 98 2521 321 2551; x_wconf 78' lang='lat' dir='ltr'><strong>perseverarent,</strong></span> <span class='ocrx_word' id='word_1_635' title='bbox 342 2516 433 2551; x_wconf 83' lang='lat' dir='ltr'><strong>quoad</strong></span> <span class='ocrx_word' id='word_1_636' title='bbox 447 2517 561 2552; x_wconf 80' lang='lat' dir='ltr'><strong>depasta</strong></span> <span class='ocrx_word' id='word_1_637' title='bbox 576 2519 638 2554; x_wconf 86' lang='lat' dir='ltr'><strong>igne</strong></span> <span class='ocrx_word' id='word_1_638' title='bbox 652 2524 814 2548; x_wconf 87' lang='lat' dir='ltr'><strong>cunctorum</strong></span> <span class='ocrx_word' id='word_1_639' title='bbox 830 2528 893 2548; x_wconf 87' lang='lat' dir='ltr'><strong>cera</strong></span> 
     </span>
    </p>
   </div>
   <div class='ocr_carea' id='block_1_94' title="bbox 100 2563 892 2599">
    <p class='ocr_par' dir='ltr' id='par_1_94' title="bbox 100 2563 892 2599">
     <span class='ocr_line' id='line_1_94' title="bbox 100 2563 892 2599; baseline 0.008 -10"><span class='ocrx_word' id='word_1_640' title='bbox 100 2563 236 2590; x_wconf 88' lang='lat' dir='ltr'><strong>funalium</strong></span> <span class='ocrx_word' id='word_1_641' title='bbox 264 2563 324 2590; x_wconf 71' lang='lat' dir='ltr'><strong>inec</strong></span> <span class='ocrx_word' id='word_1_642' title='bbox 344 2565 447 2599; x_wconf 90' lang='lat' dir='ltr'><strong>pariter</strong></span> <span class='ocrx_word' id='word_1_643' title='bbox 470 2565 597 2592; x_wconf 84' lang='lat' dir='ltr'><strong>universa</strong></span> <span class='ocrx_word' id='word_1_644' title='bbox 624 2565 716 2594; x_wconf 86' lang='lat' dir='ltr'><strong>lucere</strong></span> <span class='ocrx_word' id='word_1_645' title='bbox 733 2566 892 2595; x_wconf 78' lang='lat' dir='ltr'><strong>desiissent.</strong></span> 
     </span>
    </p>
   </div>
   <div class='ocr_carea' id='block_1_95' title="bbox 97 2608 892 2647">
    <p class='ocr_par' dir='ltr' id='par_1_95' title="bbox 97 2608 892 2647">
     <span class='ocr_line' id='line_1_95' title="bbox 97 2608 892 2647; baseline 0.006 -11"><span class='ocrx_word' id='word_1_646' title='bbox 97 2608 312 2637; x_wconf 75' lang='lat' dir='ltr'><strong>Observandum</strong></span> <span class='ocrx_word' id='word_1_647' title='bbox 342 2615 432 2637; x_wconf 89' lang='lat' dir='ltr'><strong>autem</strong></span> <span class='ocrx_word' id='word_1_648' title='bbox 472 2617 583 2638; x_wconf 86' lang='lat' dir='ltr'><strong>cereum</strong></span> <span class='ocrx_word' id='word_1_649' title='bbox 612 2619 693 2646; x_wconf 88' lang='lat' dir='ltr'><strong>quem</strong></span> <span class='ocrx_word' id='word_1_650' title='bbox 722 2619 892 2647; x_wconf 86' lang='lat' dir='ltr'><strong>postremum</strong></span> 
     </span>
    </p>
   </div>
   <div class='ocr_carea' id='block_1_96' title="bbox 97 2655 892 2694">
    <p class='ocr_par' dir='ltr' id='par_1_96' title="bbox 97 2655 892 2694">
     <span class='ocr_line' id='line_1_96' title="bbox 97 2655 892 2694; baseline 0.004 -11"><span class='ocrx_word' id='word_1_651' title='bbox 97 2656 275 2691; x_wconf 83' lang='lat' dir='ltr'><strong>contingeret</strong></span> <span class='ocrx_word' id='word_1_652' title='bbox 290 2655 411 2689; x_wconf 87' lang='lat' dir='ltr'><strong>absumi,</strong></span> <span class='ocrx_word' id='word_1_653' title='bbox 428 2661 454 2684; x_wconf 90' lang='lat' dir='ltr'><strong>et</strong></span> <span class='ocrx_word' id='word_1_654' title='bbox 470 2656 531 2691; x_wconf 86' lang='lat' dir='ltr'><strong>ejus</strong></span> <span class='ocrx_word' id='word_1_655' title='bbox 558 2657 647 2684; x_wconf 89' lang='lat' dir='ltr'><strong>sancti</strong></span> <span class='ocrx_word' id='word_1_656' title='bbox 669 2659 786 2694; x_wconf 88' lang='lat' dir='ltr'><strong>apostoli</strong></span> <span class='ocrx_word' id='word_1_657' title='bbox 813 2659 892 2694; x_wconf 89' lang='lat' dir='ltr'><strong>cujus</strong></span> 
     </span>
    </p>
   </div>
   <div class='ocr_carea' id='block_1_97' title="bbox 95 2701 892 2738">
    <p class='ocr_par' dir='ltr' id='par_1_97' title="bbox 95 2701 892 2738">
     <span class='ocr_line' id='line_1_97' title="bbox 95 2701 892 2738; baseline 0.003 -8"><span class='ocrx_word' id='word_1_658' title='bbox 95 2702 196 2730; x_wconf 79' lang='lat' dir='ltr'><strong>fuisset</strong></span> <span class='ocrx_word' id='word_1_659' title='bbox 225 2701 347 2737; x_wconf 56' lang='lat' dir='ltr'><strong>imagini;</strong></span> <span class='ocrx_word' id='word_1_660' title='bbox 364 2702 513 2738; x_wconf 86' lang='lat' dir='ltr'><strong>adjunctus</strong></span> <span class='ocrx_word' id='word_1_661' title='bbox 529 2703 583 2731; x_wconf 90' lang='lat' dir='ltr'><strong>iste</strong></span> <span class='ocrx_word' id='word_1_662' title='bbox 600 2711 656 2738; x_wconf 53' lang='lat' dir='ltr'><strong>pra).</strong></span> <span class='ocrx_word' id='word_1_663' title='bbox 682 2705 790 2733; x_wconf 69' lang='lat' dir='ltr'><strong>caneris</strong></span> <span class='ocrx_word' id='word_1_664' title='bbox 811 2705 892 2732; x_wconf 79' lang='lat' dir='ltr'><strong>vivax</strong></span> 
     </span>
    </p>
   </div>
   <div class='ocr_carea' id='block_1_98' title="bbox 94 2749 891 2784">
    <p class='ocr_par' dir='ltr' id='par_1_98' title="bbox 94 2749 891 2784">
     <span class='ocr_line' id='line_1_98' title="bbox 94 2749 891 2784; baseline 0.004 -8"><span class='ocrx_word' id='word_1_665' title='bbox 94 2756 205 2781; x_wconf 78' lang='lat' dir='ltr'><strong>cereus.</strong></span> <span class='ocrx_word' id='word_1_666' title='bbox 240 2755 342 2776; x_wconf 88' lang='lat' dir='ltr'><strong>nomen</strong></span> <span class='ocrx_word' id='word_1_667' title='bbox 371 2749 498 2784; x_wconf 74' lang='lat' dir='ltr'><strong>puppula:</strong></span> <span class='ocrx_word' id='word_1_668' title='bbox 525 2749 678 2777; x_wconf 89' lang='lat' dir='ltr'><strong>indendum</strong></span> <span class='ocrx_word' id='word_1_669' title='bbox 701 2759 708 2776; x_wconf 91' lang='lat'>:</span> <span class='ocrx_word' id='word_1_670' title='bbox 735 2751 783 2778; x_wconf 93' lang='lat' dir='ltr'><strong>tali</strong></span> <span class='ocrx_word' id='word_1_671' title='bbox 818 2751 891 2779; x_wconf 86' lang='lat' dir='ltr'><strong>enim</strong></span> 
     </span>
    </p>
   </div>
   <div class='ocr_carea' id='block_1_99' title="bbox 95 2794 893 2833">
    <p class='ocr_par' dir='ltr' id='par_1_99' title="bbox 95 2794 893 2833">
     <span class='ocr_line' id='line_1_99' title="bbox 95 2794 893 2833; baseline 0.004 -11"><span class='ocrx_word' id='word_1_672' title='bbox 95 2794 200 2827; x_wconf 87' lang='lat' dir='ltr'><strong>omine,</strong></span> <span class='ocrx_word' id='word_1_673' title='bbox 227 2794 267 2821; x_wconf 92' lang='lat' dir='ltr'><strong>uti</strong></span> <span class='ocrx_word' id='word_1_674' title='bbox 288 2795 402 2829; x_wconf 83' lang='lat' dir='ltr'><strong>pignore</strong></span> <span class='ocrx_word' id='word_1_675' title='bbox 427 2795 492 2823; x_wconf 90' lang='lat' dir='ltr'><strong>inde</strong></span> <span class='ocrx_word' id='word_1_676' title='bbox 507 2795 627 2824; x_wconf 81' lang='lat' dir='ltr'><strong>adfuturi</strong></span> <span class='ocrx_word' id='word_1_677' title='bbox 654 2798 811 2831; x_wconf 85' lang='lat' dir='ltr'><strong>patrocinii.</strong></span> <span class='ocrx_word' id='word_1_678' title='bbox 830 2805 893 2833; x_wconf 87' lang='lat' dir='ltr'><strong>spe-</strong></span> 
     </span>
    </p>
   </div>
   <div class='ocr_carea' id='block_1_100' title="bbox 95 2839 893 2875">
    <p class='ocr_par' dir='ltr' id='par_1_100' title="bbox 95 2839 893 2875">
     <span class='ocr_line' id='line_1_100' title="bbox 95 2839 893 2875; baseline 0.008 -9"><span class='ocrx_word' id='word_1_679' title='bbox 95 2839 150 2866; x_wconf 85' lang='lat' dir='ltr'><strong>rari</strong></span> <span class='ocrx_word' id='word_1_680' title='bbox 176 2839 283 2874; x_wconf 87' lang='lat' dir='ltr'><strong>prolem</strong></span> <span class='ocrx_word' id='word_1_681' title='bbox 303 2839 373 2867; x_wconf 91' lang='lat' dir='ltr'><strong>hanc</strong></span> <span class='ocrx_word' id='word_1_682' title='bbox 389 2841 562 2875; x_wconf 90' lang='lat' dir='ltr'><strong>superiorum</strong></span> <span class='ocrx_word' id='word_1_683' title='bbox 580 2842 652 2869; x_wconf 87' lang='lat' dir='ltr'><strong>tristi</strong></span> <span class='ocrx_word' id='word_1_684' title='bbox 671 2843 821 2872; x_wconf 86' lang='lat' dir='ltr'><strong>conditioni</strong></span> <span class='ocrx_word' id='word_1_685' title='bbox 835 2845 893 2872; x_wconf 79' lang='lat' dir='ltr'><strong>exi-</strong></span> 
     </span>
    </p>
   </div>
   <div class='ocr_carea' id='block_1_101' title="bbox 96 2886 892 2922">
    <p class='ocr_par' dir='ltr' id='par_1_101' title="bbox 96 2886 892 2922">
     <span class='ocr_line' id='line_1_101' title="bbox 96 2886 892 2922; baseline 0.006 -9"><span class='ocrx_word' id='word_1_686' title='bbox 96 2887 226 2914; x_wconf 84' lang='lat' dir='ltr'><strong>mendam</strong></span> <span class='ocrx_word' id='word_1_687' title='bbox 242 2886 502 2922; x_wconf 85' lang='lat' dir='ltr'><strong>provehendamquc</strong></span> <span class='ocrx_word' id='word_1_688' title='bbox 523 2889 633 2916; x_wconf 77' lang='lat' dir='ltr'><strong>innoxie</strong></span> <span class='ocrx_word' id='word_1_689' title='bbox 650 2890 676 2916; x_wconf 92' lang='lat' dir='ltr'><strong>in</strong></span> <span class='ocrx_word' id='word_1_690' title='bbox 691 2891 779 2917; x_wconf 80' lang='lat' dir='ltr'><strong>aetatis</strong></span> <span class='ocrx_word' id='word_1_691' title='bbox 794 2891 892 2919; x_wconf 70' lang='lat' dir='ltr'><strong>adultae</strong></span> 
     </span>
    </p>
   </div>
   <div class='ocr_carea' id='block_1_102' title="bbox 96 2933 885 2967">
    <p class='ocr_par' dir='ltr' id='par_1_102' title="bbox 96 2933 885 2967">
     <span class='ocr_line' id='line_1_102' title="bbox 96 2933 885 2967; baseline 0.009 -7"><span class='ocrx_word' id='word_1_692' title='bbox 96 2933 289 2961; x_wconf 76' lang='lat' dir='ltr'><strong>alttbritalctu.</strong></span> <span class='ocrx_word' id='word_1_693' title='bbox 322 2933 358 2960; x_wconf 69' lang='lat' dir='ltr'><strong>lia</strong></span> <span class='ocrx_word' id='word_1_694' title='bbox 380 2942 440 2962; x_wconf 88' lang='lat' dir='ltr'><strong>cum</strong></span> <span class='ocrx_word' id='word_1_695' title='bbox 466 2939 558 2963; x_wconf 75' lang='lat' dir='ltr'><strong>essent</strong></span> <span class='ocrx_word' id='word_1_696' title='bbox 585 2939 649 2964; x_wconf 86' lang='lat' dir='ltr'><strong>tunc</strong></span> <span class='ocrx_word' id='word_1_697' title='bbox 681 2941 741 2964; x_wconf 78' lang='lat' dir='ltr'><strong>acta</strong></span> <span class='ocrx_word' id='word_1_698' title='bbox 774 2937 885 2967; x_wconf 84' lang='lat' dir='ltr'><strong>iubente</strong></span> 
     </span>
    </p>
   </div>
   <div class='ocr_carea' id='block_1_103' title="bbox 946 2291 1735 2319">
    <p class='ocr_par' dir='ltr' id='par_1_103' title="bbox 946 2291 1735 2319">
     <span class='ocr_line' id='line_1_103' title="bbox 946 2291 1735 2319; baseline 0 -1"><span class='ocrx_word' id='word_1_699' title='bbox 946 2298 1028 2319; x_wconf 88' lang='lat' dir='ltr'><strong>nemo</strong></span> <span class='ocrx_word' id='word_1_700' title='bbox 1041 2291 1092 2319; x_wconf 88' lang='lat' dir='ltr'><strong>sub</strong></span> <span class='ocrx_word' id='word_1_701' title='bbox 1107 2291 1152 2319; x_wconf 91' lang='lat' dir='ltr'><strong>dio</strong></span> <span class='ocrx_word' id='word_1_702' title='bbox 1167 2291 1260 2318; x_wconf 87' lang='lat' dir='ltr'><strong>multis</strong></span> <span class='ocrx_word' id='word_1_703' title='bbox 1276 2291 1373 2318; x_wconf 92' lang='lat' dir='ltr'><strong>diebus</strong></span> <span class='ocrx_word' id='word_1_704' title='bbox 1390 2296 1491 2319; x_wconf 86' lang='lat' dir='ltr'><strong>terram</strong></span> <span class='ocrx_word' id='word_1_705' title='bbox 1508 2291 1576 2319; x_wconf 86' lang='lat' dir='ltr'><strong>vidit</strong></span> <span class='ocrx_word' id='word_1_706' title='bbox 1588 2295 1634 2318; x_wconf 88' lang='lat' dir='ltr'><strong>aut</strong></span> <span class='ocrx_word' id='word_1_707' title='bbox 1648 2291 1735 2318; x_wconf 80' lang='lat' dir='ltr'><strong>vesti—</strong></span> 
     </span>
    </p>
   </div>
   <div class='ocr_carea' id='block_1_104' title="bbox 945 2338 1737 2374">
    <p class='ocr_par' dir='ltr' id='par_1_104' title="bbox 945 2338 1737 2374">
     <span class='ocr_line' id='line_1_104' title="bbox 945 2338 1737 2374; baseline 0.001 -9"><span class='ocrx_word' id='word_1_708' title='bbox 945 2339 990 2374; x_wconf 92' lang='lat' dir='ltr'><strong>gio</strong></span> <span class='ocrx_word' id='word_1_709' title='bbox 1015 2339 1125 2374; x_wconf 86' lang='lat' dir='ltr'><strong>pressit.</strong></span> <span class='ocrx_word' id='word_1_710' title='bbox 1147 2338 1338 2373; x_wconf 86' lang='lat' dir='ltr'><strong>gradientibus</strong></span> <span class='ocrx_word' id='word_1_711' title='bbox 1352 2338 1461 2366; x_wconf 88' lang='lat' dir='ltr'><strong>cunctis</strong></span> <span class='ocrx_word' id='word_1_712' title='bbox 1484 2346 1566 2373; x_wconf 88' lang='lat' dir='ltr'><strong>supra</strong></span> <span class='ocrx_word' id='word_1_713' title='bbox 1584 2339 1646 2374; x_wconf 87' lang='lat' dir='ltr'><strong>gelu</strong></span> <span class='ocrx_word' id='word_1_714' title='bbox 1668 2346 1737 2366; x_wconf 89' lang='lat' dir='ltr'><strong>con-</strong></span> 
     </span>
    </p>
   </div>
   <div class='ocr_carea' id='block_1_105' title="bbox 946 2384 1736 2412">
    <p class='ocr_par' dir='ltr' id='par_1_105' title="bbox 946 2384 1736 2412">
     <span class='ocr_line' id='line_1_105' title="bbox 946 2384 1736 2412; baseline 0.001 -1"><span class='ocrx_word' id='word_1_715' title='bbox 946 2389 1052 2412; x_wconf 89' lang='lat' dir='ltr'><strong>cretum</strong></span> <span class='ocrx_word' id='word_1_716' title='bbox 1069 2390 1096 2412; x_wconf 86' lang='lat' dir='ltr'><strong>et</strong></span> <span class='ocrx_word' id='word_1_717' title='bbox 1113 2385 1146 2412; x_wconf 85' lang='lat' dir='ltr'><strong>ad</strong></span> <span class='ocrx_word' id='word_1_718' title='bbox 1165 2384 1343 2412; x_wconf 83' lang='lat' dir='ltr'><strong>stabilitatem</strong></span> <span class='ocrx_word' id='word_1_719' title='bbox 1369 2384 1419 2412; x_wconf 83' lang='lat' dir='ltr'><strong>soli</strong></span> <span class='ocrx_word' id='word_1_720' title='bbox 1441 2384 1585 2412; x_wconf 83' lang='lat' dir='ltr'><strong>ealcabilis</strong></span> <span class='ocrx_word' id='word_1_721' title='bbox 1611 2384 1736 2412; x_wconf 87' lang='lat' dir='ltr'><strong>duratam</strong></span> 
     </span>
    </p>
   </div>
   <div class='ocr_carea' id='block_1_106' title="bbox 945 2431 1737 2467">
    <p class='ocr_par' dir='ltr' id='par_1_106' title="bbox 945 2431 1737 2467">
     <span class='ocr_line' id='line_1_106' title="bbox 945 2431 1737 2467; baseline -0.001 -7"><span class='ocrx_word' id='word_1_722' title='bbox 945 2431 1118 2466; x_wconf 82' lang='lat' dir='ltr'><strong>superficiem</strong></span> <span class='ocrx_word' id='word_1_723' title='bbox 1136 2431 1224 2459; x_wconf 85' lang='lat' dir='ltr'><strong>nivosi</strong></span> <span class='ocrx_word' id='word_1_724' title='bbox 1249 2431 1348 2466; x_wconf 82' lang='lat' dir='ltr'><strong>campi,</strong></span> <span class='ocrx_word' id='word_1_725' title='bbox 1366 2431 1458 2458; x_wconf 89' lang='lat' dir='ltr'><strong>telluri</strong></span> <span class='ocrx_word' id='word_1_726' title='bbox 1478 2431 1582 2466; x_wconf 85' lang='lat' dir='ltr'><strong>ubique</strong></span> <span class='ocrx_word' id='word_1_727' title='bbox 1608 2432 1737 2467; x_wconf 83' lang='lat' dir='ltr'><strong>superin-</strong></span> 
     </span>
    </p>
   </div>
   <div class='ocr_carea' id='block_1_107' title="bbox 945 2476 1737 2512">
    <p class='ocr_par' dir='ltr' id='par_1_107' title="bbox 945 2476 1737 2512">
     <span class='ocr_line' id='line_1_107' title="bbox 945 2476 1737 2512; baseline 0.001 -8"><span class='ocrx_word' id='word_1_728' title='bbox 945 2476 1030 2504; x_wconf 91' lang='lat' dir='ltr'><strong>ducti.</strong></span> <span class='ocrx_word' id='word_1_729' title='bbox 1050 2476 1142 2511; x_wconf 76' lang='lat' dir='ltr'><strong>Usque</strong></span> <span class='ocrx_word' id='word_1_730' title='bbox 1157 2477 1190 2504; x_wconf 88' lang='lat' dir='ltr'><strong>ad</strong></span> <span class='ocrx_word' id='word_1_731' title='bbox 1207 2477 1333 2504; x_wconf 84' lang='lat' dir='ltr'><strong>viciniam</strong></span> <span class='ocrx_word' id='word_1_732' title='bbox 1351 2477 1502 2511; x_wconf 86' lang='lat' dir='ltr'><strong>proximam</strong></span> <span class='ocrx_word' id='word_1_733' title='bbox 1524 2484 1613 2504; x_wconf 60' lang='lat' dir='ltr'><strong>vernae</strong></span> <span class='ocrx_word' id='word_1_734' title='bbox 1633 2482 1737 2512; x_wconf 82' lang='lat' dir='ltr'><strong>tempe-</strong></span> 
     </span>
    </p>
   </div>
   <div class='ocr_carea' id='block_1_108' title="bbox 945 2523 1736 2559">
    <p class='ocr_par' dir='ltr' id='par_1_108' title="bbox 945 2523 1736 2559">
     <span class='ocr_line' id='line_1_108' title="bbox 945 2523 1736 2559; baseline -0.001 -8"><span class='ocrx_word' id='word_1_735' title='bbox 945 2523 1024 2551; x_wconf 87' lang='lat' dir='ltr'><strong>statis</strong></span> <span class='ocrx_word' id='word_1_736' title='bbox 1039 2524 1091 2551; x_wconf 82' lang='lat' dir='ltr'><strong>ista</strong></span> <span class='ocrx_word' id='word_1_737' title='bbox 1115 2531 1198 2559; x_wconf 90' lang='lat' dir='ltr'><strong>super</strong></span> <span class='ocrx_word' id='word_1_738' title='bbox 1219 2524 1294 2551; x_wconf 86' lang='lat' dir='ltr'><strong>nives</strong></span> <span class='ocrx_word' id='word_1_739' title='bbox 1320 2523 1464 2551; x_wconf 87' lang='lat' dir='ltr'><strong>incedendi</strong></span> <span class='ocrx_word' id='word_1_740' title='bbox 1484 2523 1636 2551; x_wconf 82' lang='lat' dir='ltr'><strong>necessitas</strong></span> <span class='ocrx_word' id='word_1_741' title='bbox 1653 2525 1736 2551; x_wconf 84' lang='lat' dir='ltr'><strong>dura-</strong></span> 
     </span>
    </p>
   </div>
   <div class='ocr_carea' id='block_1_109' title="bbox 945 2569 1732 2609">
    <p class='ocr_par' dir='ltr' id='par_1_109' title="bbox 945 2569 1732 2609">
     <span class='ocr_line' id='line_1_109' title="bbox 945 2569 1732 2609; baseline 0.001 -14"><span class='ocrx_word' id='word_1_742' title='bbox 945 2569 1001 2602; x_wconf 89' lang='lat' dir='ltr'><strong>vit;</strong></span> <span class='ocrx_word' id='word_1_743' title='bbox 1029 2577 1085 2604; x_wconf 91' lang='lat' dir='ltr'><strong>quo</strong></span> <span class='ocrx_word' id='word_1_744' title='bbox 1116 2574 1173 2609; x_wconf 57' lang='lat' dir='ltr'><strong>toto</strong></span> <span class='ocrx_word' id='word_1_745' title='bbox 1200 2574 1322 2605; x_wconf 89' lang='lat' dir='ltr'><strong>tempore</strong></span> <span class='ocrx_word' id='word_1_746' title='bbox 1345 2570 1414 2597; x_wconf 89' lang='lat' dir='ltr'><strong>dura</strong></span> <span class='ocrx_word' id='word_1_747' title='bbox 1445 2570 1568 2597; x_wconf 81' lang='lat' dir='ltr'><strong>conditio</strong></span> <span class='ocrx_word' id='word_1_748' title='bbox 1596 2570 1732 2598; x_wconf 87' lang='lat' dir='ltr'><strong>viatorum</strong></span> 
     </span>
    </p>
   </div>
   <div class='ocr_carea' id='block_1_110' title="bbox 945 2617 1733 2653">
    <p class='ocr_par' dir='ltr' id='par_1_110' title="bbox 945 2617 1733 2653">
     <span class='ocr_line' id='line_1_110' title="bbox 945 2617 1733 2653; baseline -0.001 -9"><span class='ocrx_word' id='word_1_749' title='bbox 945 2617 1007 2650; x_wconf 85' lang='lat' dir='ltr'><strong>fuit,</strong></span> <span class='ocrx_word' id='word_1_750' title='bbox 1040 2617 1156 2652; x_wconf 88' lang='lat' dir='ltr'><strong>pedibus</strong></span> <span class='ocrx_word' id='word_1_751' title='bbox 1186 2618 1224 2644; x_wconf 91' lang='lat' dir='ltr'><strong>nti</strong></span> <span class='ocrx_word' id='word_1_752' title='bbox 1254 2617 1375 2653; x_wconf 85' lang='lat' dir='ltr'><strong>propriis</strong></span> <span class='ocrx_word' id='word_1_753' title='bbox 1395 2620 1437 2644; x_wconf 88' lang='lat' dir='ltr'><strong>via</strong></span> <span class='ocrx_word' id='word_1_754' title='bbox 1470 2618 1623 2653; x_wconf 89' lang='lat' dir='ltr'><strong>quamlibet</strong></span> <span class='ocrx_word' id='word_1_755' title='bbox 1652 2618 1733 2652; x_wconf 87' lang='lat' dir='ltr'><strong>longa</strong></span> 
     </span>
    </p>
   </div>
   <div class='ocr_carea' id='block_1_111' title="bbox 943 2662 1732 2697">
    <p class='ocr_par' dir='ltr' id='par_1_111' title="bbox 943 2662 1732 2697">
     <span class='ocr_line' id='line_1_111' title="bbox 943 2662 1732 2697; baseline -0.003 -7"><span class='ocrx_word' id='word_1_756' title='bbox 943 2667 1114 2690; x_wconf 85' lang='lat' dir='ltr'><strong>coactorum.</strong></span> <span class='ocrx_word' id='word_1_757' title='bbox 1143 2663 1249 2697; x_wconf 81' lang='lat' dir='ltr'><strong>Quippe</strong></span> <span class='ocrx_word' id='word_1_758' title='bbox 1271 2663 1397 2689; x_wconf 86' lang='lat' dir='ltr'><strong>insanum</strong></span> <span class='ocrx_word' id='word_1_759' title='bbox 1426 2662 1525 2689; x_wconf 69' lang='grc' dir='ltr'>ῐιιίεδιςι</span> <span class='ocrx_word' id='word_1_760' title='bbox 1554 2663 1616 2696; x_wconf 91' lang='lat' dir='ltr'><strong>equi</strong></span> <span class='ocrx_word' id='word_1_761' title='bbox 1648 2662 1732 2689; x_wconf 80' lang='lat' dir='ltr'><strong>dorso</strong></span> 
     </span>
    </p>
   </div>
   <div class='ocr_carea' id='block_1_112' title="bbox 944 2707 1732 2744">
    <p class='ocr_par' dir='ltr' id='par_1_112' title="bbox 944 2707 1732 2744">
     <span class='ocr_line' id='line_1_112' title="bbox 944 2707 1732 2744; baseline -0.003 -8"><span class='ocrx_word' id='word_1_762' title='bbox 944 2709 1013 2736; x_wconf 85' lang='lat' dir='ltr'><strong>velle</strong></span> <span class='ocrx_word' id='word_1_763' title='bbox 1029 2709 1132 2742; x_wconf 81' lang='lat' dir='ltr'><strong>invehi,</strong></span> <span class='ocrx_word' id='word_1_764' title='bbox 1156 2717 1219 2736; x_wconf 88' lang='lat' dir='ltr'><strong>cum</strong></span> <span class='ocrx_word' id='word_1_765' title='bbox 1245 2709 1352 2744; x_wconf 89' lang='lat' dir='ltr'><strong>pedites</strong></span> <span class='ocrx_word' id='word_1_766' title='bbox 1370 2709 1422 2744; x_wconf 86' lang='lat' dir='ltr'><strong>ipsi</strong></span> <span class='ocrx_word' id='word_1_767' title='bbox 1438 2708 1583 2744; x_wconf 86' lang='lat' dir='ltr'><strong>quantavis</strong></span> <span class='ocrx_word' id='word_1_768' title='bbox 1600 2707 1732 2735; x_wconf 76' lang='lat' dir='ltr'><strong>sollicitu-</strong></span> 
     </span>
    </p>
   </div>
   <div class='ocr_carea' id='block_1_113' title="bbox 943 2753 1732 2790">
    <p class='ocr_par' dir='ltr' id='par_1_113' title="bbox 943 2753 1732 2790">
     <span class='ocr_line' id='line_1_113' title="bbox 943 2753 1732 2790; baseline -0.003 -8"><span class='ocrx_word' id='word_1_769' title='bbox 943 2755 1009 2782; x_wconf 87' lang='lat' dir='ltr'><strong>dine</strong></span> <span class='ocrx_word' id='word_1_770' title='bbox 1029 2761 1072 2788; x_wconf 39' lang='lat' dir='ltr'><strong>.ac</strong></span> <span class='ocrx_word' id='word_1_771' title='bbox 1097 2755 1192 2790; x_wconf 82' lang='lat' dir='ltr'><strong>lapsus</strong></span> <span class='ocrx_word' id='word_1_772' title='bbox 1211 2755 1384 2790; x_wconf 72' lang='lat' dir='ltr'><strong>praecavendi</strong></span> <span class='ocrx_word' id='word_1_773' title='bbox 1403 2758 1516 2787; x_wconf 89' lang='lat' dir='ltr'><strong>conatu,</strong></span> <span class='ocrx_word' id='word_1_774' title='bbox 1540 2753 1630 2780; x_wconf 88' lang='lat' dir='ltr'><strong>locum</strong></span> <span class='ocrx_word' id='word_1_775' title='bbox 1649 2754 1732 2780; x_wconf 88' lang='lat' dir='ltr'><strong>vesti-</strong></span> 
     </span>
    </p>
   </div>
   <div class='ocr_carea' id='block_1_114' title="bbox 943 2799 1733 2836">
    <p class='ocr_par' dir='ltr' id='par_1_114' title="bbox 943 2799 1733 2836">
     <span class='ocr_line' id='line_1_114' title="bbox 943 2799 1733 2836; baseline -0.006 -7"><span class='ocrx_word' id='word_1_776' title='bbox 943 2802 997 2836; x_wconf 76' lang='lat' dir='ltr'><strong>giis</strong></span> <span class='ocrx_word' id='word_1_777' title='bbox 1024 2801 1157 2836; x_wconf 82' lang='lat' dir='ltr'><strong>legentes,</strong></span> <span class='ocrx_word' id='word_1_778' title='bbox 1183 2810 1324 2836; x_wconf 88' lang='lat' dir='ltr'><strong>nunquam</strong></span> <span class='ocrx_word' id='word_1_779' title='bbox 1356 2801 1416 2829; x_wconf 87' lang='lat' dir='ltr'><strong>sine</strong></span> <span class='ocrx_word' id='word_1_780' title='bbox 1439 2799 1658 2836; x_wconf 69' lang='lat' dir='ltr'><strong>prmscntissimo</strong></span> <span class='ocrx_word' id='word_1_781' title='bbox 1683 2804 1733 2825; x_wconf 89' lang='lat' dir='ltr'><strong>ca-</strong></span> 
     </span>
    </p>
   </div>
   <div class='ocr_carea' id='block_1_115' title="bbox 943 2845 1734 2884">
    <p class='ocr_par' dir='ltr' id='par_1_115' title="bbox 943 2845 1734 2884">
     <span class='ocr_line' id='line_1_115' title="bbox 943 2845 1734 2884; baseline -0.006 -9"><span class='ocrx_word' id='word_1_782' title='bbox 943 2847 1026 2876; x_wconf 84' lang='lat' dir='ltr'><strong>dendi</strong></span> <span class='ocrx_word' id='word_1_783' title='bbox 1043 2849 1166 2883; x_wconf 88' lang='lat' dir='ltr'><strong>periculo</strong></span> <span class='ocrx_word' id='word_1_784' title='bbox 1187 2849 1283 2884; x_wconf 87' lang='lat' dir='ltr'><strong>pedem</strong></span> <span class='ocrx_word' id='word_1_785' title='bbox 1305 2849 1332 2875; x_wconf 92' lang='lat' dir='ltr'><strong>in</strong></span> <span class='ocrx_word' id='word_1_786' title='bbox 1362 2847 1471 2874; x_wconf 79' lang='lat' dir='ltr'><strong>lubrico</strong></span> <span class='ocrx_word' id='word_1_787' title='bbox 1502 2849 1614 2881; x_wconf 81' lang='lat' dir='ltr'><strong>possent</strong></span> <span class='ocrx_word' id='word_1_788' title='bbox 1635 2845 1734 2879; x_wconf 80' lang='lat' dir='ltr'><strong>ﬁgere.</strong></span> 
     </span>
    </p>
   </div>
   <div class='ocr_carea' id='block_1_116' title="bbox 944 2890 1733 2928">
    <p class='ocr_par' dir='ltr' id='par_1_116' title="bbox 944 2890 1733 2928">
     <span class='ocr_line' id='line_1_116' title="bbox 944 2890 1733 2928; baseline -0.003 -8"><span class='ocrx_word' id='word_1_789' title='bbox 944 2893 1003 2920; x_wconf 87' lang='lat' dir='ltr'><strong>Hoc</strong></span> <span class='ocrx_word' id='word_1_790' title='bbox 1024 2894 1182 2928; x_wconf 83' lang='lat' dir='ltr'><strong>altquandiu</strong></span> <span class='ocrx_word' id='word_1_791' title='bbox 1208 2895 1411 2921; x_wconf 79' lang='lat' dir='ltr'><strong>incommodum</strong></span> <span class='ocrx_word' id='word_1_792' title='bbox 1429 2893 1546 2920; x_wconf 62' lang='lat' dir='ltr'><strong>decretae</strong></span> <span class='ocrx_word' id='word_1_793' title='bbox 1574 2890 1733 2926; x_wconf 82' lang='lat' dir='ltr'><strong>imperatori</strong></span> 
     </span>
    </p>
   </div>
   <div class='ocr_carea' id='block_1_117' title="bbox 944 2937 1792 2974">
    <p class='ocr_par' dir='ltr' id='par_1_117' title="bbox 944 2937 1792 2974">
     <span class='ocr_line' id='line_1_117' title="bbox 944 2937 1792 2974; baseline -0.006 -6"><span class='ocrx_word' id='word_1_794' title='bbox 944 2941 1170 2968; x_wconf 75' lang='lat' dir='ltr'><strong>Thessalonicam</strong></span> <span class='ocrx_word' id='word_1_795' title='bbox 1193 2948 1287 2968; x_wconf 79' lang='lat' dir='ltr'><strong>versus</strong></span> <span class='ocrx_word' id='word_1_796' title='bbox 1306 2939 1488 2970; x_wconf 70' lang='lat' dir='ltr'><strong>expeditionis</strong></span> <span class='ocrx_word' id='word_1_797' title='bbox 1514 2939 1583 2965; x_wconf 86' lang='lat' dir='ltr'><strong>diem</strong></span> <span class='ocrx_word' id='word_1_798' title='bbox 1608 2937 1731 2964; x_wconf 80' lang='lat' dir='ltr'><strong>diﬂndit.</strong></span> <span class='ocrx_word' id='word_1_799' title='bbox 1774 2964 1792 2974; x_wconf 52' lang='lat'><em>‘</em></span> 
     </span>
    </p>
   </div>
  </div>
