1944 3061
219 127 274 159 307

845 132 1007 164 GEORGII
1030 131 1268 163 PACHYMERzE

1801 137 1855 164 308

219 262 684 302 α’..ξΕξξλενσιίςτοῦγβασιλέως
702 267 750 293 ἐπὶ
767 268 1007 300 Θεσσαλονίκης.
1025 269 1048 296 Δ
1063 268 1249 302 πραττόμενα,
1266 267 1324 293 ἀλλ’
1335 265 1482 293 ἀνάπυστα
1495 267 1626 300 γεγονότα
1638 266 1683 291 καὶ
1694 264 1731 300 τῷ
1744 266 1854 300 τυχόντι

255 298 288 337 β’.
305 299 386 337 -ῌερὶ
420 298 476 333 τῆς
503 301 546 333 εις
564 302 732 336 Σηλυϐρίαν
746 302 800 329 τοῦ
825 298 1009 337 πατριάρχου

205 368 210 377 _
254 335 396 370 ἀφίξεως.

253 402 285 440 [Ρ
306 401 371 437 192]
396 402 489 436 Μηνὸς
519 402 548 430 δὲ
576 403 732 439 Ληναιῶνος
755 404 931 439 ἐνεστηκότος
957 405 1009 432 ὑπὸ

217 450 287 483 χιόνι
302 449 524 485 ἐκσκιρρωοείσῃ
538 451 568 483 τῇ
585 451 620 484 γῇ
637 451 684 477 καὶ
700 451 798 483 πάγοις
813 452 938 487 στερῤοῖς
953 453 1009 483 τοῖς

217 496 248 521 ὲκ
262 495 377 530 ταύτης.
393 495 431 526 ὠς
446 495 493 521 καὶ
508 495 598 522 αὐτῶν
613 496 653 522 ἔτι
668 496 722 523 τῶν
740 497 860 524 ἁεννάων
877 497 1008 531 ποταμῶν

217 542 394 577 ἐπεχομένων
411 541 441 568 τὸ
458 541 548 577 ῥεῦμα
567 542 612 569 διὰ
627 542 676 578 τὴν
692 543 721 569 ὲν
733 543 773 578 τῷ
788 543 865 578 βάθει
880 543 926 570 τοῦ
947 542 1008 570 ὕδα-

217 596 263 619 τος
282 587 376 622 πῆξιν,
392 589 458 623 παρ’
472 589 505 624 ἢν
525 589 616 615 αἰτίαν
633 590 681 616 καὶ
698 589 733 624 γῆ
751 589 953 625 συστελλομένη
969 590 1008 623 τῷ

217 633 297 668 κρύει
317 633 415 668 ὲζήμει
431 633 464 660 τὰ
479 635 582 668 (put-Evt:
609 635 656 661 καὶ
671 635 705 661 τὰ
722 636 885 671 ἐσπαρμένα
904 635 1008 662 παντά-

217 688 302 706 πασιν
313 680 485 715 ἡχρειοῦντο,
498 680 546 716 ὀψὲ
555 681 736 716 παρασκευῆς
749 681 801 708 ὑπὸ
811 681 915 717 λύχνων
924 682 1007 716 ἁφὰς.

216 726 272 753 ’τῶν
296 727 507 762 κεκοιμημένων
532 727 593 754 κατ’
613 727 674 760 ἔθος
689 728 936 764 μνημονευομένων
959 729 1008 763 ἀρ-

215 774 303 808 χαῖον,
320 773 422 805 ἔξεισιν
437 774 451 800 ὁ
467 773 596 809 βασιλεὺς
621 775 668 801 καὶ
685 776 716 809 τῇ
739 775 854 810 Δριπείᾳ
873 775 916 810 ἐφ’
940 775 1009 810 ὴμέ-

218 828 279 854 ραις
297 819 448 852 αὐλίζεται.
473 821 529 848 Καὶ
554 821 568 846 6
595 820 644 855 μὲν
658 821 727 852 τέως
749 821 841 857 ἐπεῖχε
857 821 904 847 τὸν
924 821 952 853 ἐς
977 821 1009 847 τδ

217 863 312 898 πρόσω
327 863 439 898 δρόμον,
455 863 546 896 διδοὺς
558 863 608 900 μὲν
620 864 748 900 δεσποίνῃ
765 866 962 901 ὲνευκαιρῆσαι
975 865 1009 892 τὰ

216 908 258 939 εἰς
274 908 323 944 τὴν
338 908 440 942 ἔξοδον,
469 908 558 941 διδοὺς
575 909 603 936 δὲ
630 909 738 945 βασιλεί
762 910 873 946 Μιχαὴλ
899 911 1008 946 σύναμα

217 955 327 990 σ-λζύγῳ
344 955 416 981 κατὰ
445 955 544 991 σχολὴν
560 956 595 983 τὰ
620 957 670 992 τῆς
688 956 837 991 ἀπάρσεως
862 957 1008 992 ἑτοιμάζε-

218 1001 292 1034 σθαι,
312 1001 408 1036 καιρὸν
422 1002 451 1029 δὲ
465 1002 513 1028 καὶ
530 1003 586 1033 τοῖς
606 1003 679 1038 ἀμφὶ
700 1004 746 1030 τὸν
764 1003 874 1038 δέσμιον
891 1003 1007 1038 ἀδελφὺν

216 1046 318 1082 ὑφιεὶς,
329 1047 391 1074 ἐπεὶ
403 1048 532 1075 κάκεῖνον
553 1049 710 1082 ἀπάγεσθαι
725 1049 807 1083 ἔγνω,
820 1049 891 1076 κατὰ
907 1049 1007 1083 τρόπον

215 1093 367 1126 ὑπεξιέναι.
384 1094 439 1122 Καὶ
452 1095 466 1121 6
481 1095 531 1130 μὲν
539 1094 628 1122 ταῦτα
639 1104 645 1111 ·
668 1096 797 1132 Ἰωάννης
809 1096 838 1123 δὲ
852 1097 866 1123 6
878 1096 1006 1131 τηνικάδε

217 1140 402 1176 πατριάρχης,
417 1140 479 1167 ἐπεὶ
498 1141 554 1168 οὐδ’
569 1141 661 1176 ἀφανῆ
679 1139 749 1178 ἦσαν
774 1143 808 1169 τὰ
834 1142 872 1178 τῷ
899 1142 1007 1178 βασιλεῖ

1063 313 1138 344 εἰκὸς
1157 310 1191 348 ἦν
1207 313 1336 340 κάκεῖνον
1356 313 1393 347 μὴ
1408 313 1528 346 ἀγνοεῖν,
1545 313 1569 338 sl
1586 312 1632 338 καὶ
1652 313 1665 338 ὁ
1682 311 1811 346 emtas;
1823 313 1854 338 ὲν

1061 359 1180 393 δευτέρῳ
1195 358 1252 394 εἶχε
1265 359 1295 385 τὸ
1309 358 1377 393 δῆλα
1393 358 1516 392 τίνεσθαι
1527 357 1614 385 ταῦτα
1631 358 1669 392 τῷ
1691 359 1851 394 πατριάρχῃ

1060 405 1110 440 οὐχ
1128 403 1209 440 ἧττον
1225 405 1241 441 ἢ
1259 405 1306 431 καὶ
1320 405 1383 437 τοὺς
1396 406 1444 440 τῆς
1460 404 1599 440 θαλάσσης
1621 404 1698 439 χόας,
1716 406 1752 436 ὡς
1773 405 1852 438 λέγε-

1059 459 1115 484 ται,
1141 450 1219 484 ἐξιὼν
1243 450 1281 482 ὡς
1305 451 1385 485 δῆθεν
1408 451 1626 486 συντακτηριους
1646 450 1796 477 ἀποδώσων
1811 451 1852 485 τῷ

1061 497 1177 532 βασιλεῖ,
1192 498 1239 524 καὶ.
1254 497 1288 524 τὰ
1305 497 1370 531 περ)⁸
1383 497 1479 523 τούτου
1493 497 1579 523 κινεῖν
1594 497 1622 522 ὲν
1636 495 1756 532 πρώτοις
1771 497 1853 523 ὲεο“3‹

1038 558 1043 562 -
1058 543 1130 570 λετο.
1149 543 1281 574 Βασιλεὺς
1297 544 1346 576 μὲν
1362 543 1427 578 γὰρ,
1442 542 1503 570 ἐπεὶ
1518 543 1594 569 πόλλ’
1618 543 1686 569 ἄττα
1705 544 1738 569 τὰ
1764 552 1852 578 προσ-

1060 589 1193 623 ιστάμενα
1209 588 1248 624 τῷ
1272 588 1478 623 συναλλάγματι
1504 588 1694 622 κατεφαίνετο.
1711 590 1741 615 τό
1769 590 1792 615 ’τ’
1808 589 1852 622 ἐφ’

1058 635 1243 670 ὁρκωμοσίαις
1261 635 1305 661 τὸν
1321 635 1425 670 κράλην
1443 636 1573 670 φρικταῖς
1596 635 1644 670 τὴν
1659 635 1705 662 τοῦ
1727 635 1849 671 Τερτερῆ

1060 681 1274 716 προσλαϐέσθαι,
1296 681 1326 707 τό
1347 690 1376 707 τε
1401 682 1526 716 νομίμως
1548 682 1638 708 δοκεῖν
1657 681 1850 716 συνεζεῦχθαι,

1058 726 1076 761 ἦ
1094 727 1117 753 τ’
1141 727 1324 762 ἀφηλικὶωσις
1343 728 1392 762 τῆς
1415 727 1546 760 νεάνιδος,
1568 728 1616 754 καὶ
1632 727 1662 754 τὸ
1686 728 1788 762 φθάσαι
1803 728 1851 754 τὸν

1059 772 1160 808 Σέρόον
1176 773 1227 807 τὴν
1243 771 1375 805 τάδελφοῦ
1393 772 1532 807 Στεφάνου
1550 773 1783 808 γυναικαδέλφην,
1799 773 1851 799 εἴτ’

1059 818 1106 846 οὖν
1131 819 1178 846 καὶ
1200 818 1284 846 αὑτοῦ
1309 818 1453 853 βασιλέως,
1472 819 1521 852 τὴν
1539 819 1585 846 τοῦ
1601 820 1684 855 ρηγὸς
1709 820 1851 856 Οὖγγρίας

1059 866 1155 900 κόρην,
1170 864 1353 902 κατὰχρείαν
1370 866 1426 895 τοῖς
1443 865 1493 899 τῆς
1504 866 1622 900 Σερῆίας
1632 866 1726 897 τόποις
1737 866 1852 892 ἐπιστᾶ-

1061 920 1112 939 σαν
1123 912 1169 939 καὶ
1182 912 1215 938 τὰ
1232 911 1368 946 μοναχικὰ
1380 911 1573 947 ἠμφιεσμένην
1585 912 1721 948 πορνικῶς
1736 912 1850 946 γνῶναι.

1061 958 1145 986 Ταῦτ’
1160 958 1201 989 εις
1214 958 1243 984 ἓν
1262 958 1433 993 συναγόμενα
1449 957 1573 993 αὐτάρκη
1599 959 1632 993 τῇ
1648 958 1747 993 πράξει
1765 966 1852 994 προσο

1063 1003 1192 1032 ίστασθαι
1208 1003 1395 1037 κατεφαίνετο.
1416 1003 1445 1030 '0
1463 1002 1528 1037 γοῦν
1544 1003 1671 1039 βασιλεὺ;
1694 1004 1738 1031 διὰ
1753 1004 1851 1036 ταῦτα,

1061 1049 1120 1084 ἅμα
1138 1048 1188 1083 μὲν
1203 1047 1237 1074 τὰ
1252 1047 1337 1074 πολλὰ
1352 1047 1522 1083 θεραπεύων,
1541 1048 1600 1083 ἅμα
1617 1048 1646 1075 δέ
1662 1056 1694 1083 γε
1713 1049 1760 1075 καὶ
1775 1049 1852 1082 λογι-

1060 1095 1174 1129 ζόμενος
1199 1094 1237 1126 ὡς
1255 1095 1281 1121 sl
1303 1102 1330 1121 τι
1351 1095 1399 1121 καὶ
1425 1095 1627 1131 παρασπονδοτη
1647 1095 1661 1121 6
1680 1096 1783 1130 γράλης
1805 1096 1853 1121 ἐπὶ

1059 1143 1118 1173 τοῖς
1140 1141 1333 1176 συγκειμένοις
1349 1140 1424 1176 αὺτῷ
1436 1149 1465 1167 τε
1478 1141 1525 1168 καὶ
1539 1141 1673 1177 Τερτερῇ,
1686 1141 1762 1169 οὐδὲν
1778 1143 1851 1168 ἐσεῖ-

994 1222 1076 1268 ιν.

215 1309 241 1338 1.
259 1310 391 1345 Profectio
420 1311 586 1345 imperatoris
610 1310 833 1339 Thessalonicam.
849 1309 878 1338 '2.
899 1310 935 1338 De
957 1318 1007 1345 pa-

397 1347 520 1374 triarchae
536 1347 649 1374 aduentu
667 1347 827 1382 Selybriam.
840 1366 846 1370 .

251 1403 376 1431 Tandem
395 1409 487 1431 tamen
507 1411 602 1432 mense
620 1403 771 1432 Februario
793 1405 905 1432 ineunte
922 1404 1006 1439 proli-

215 1451 281 1479 cisci
300 1449 466 1483 constituit,
483 1450 549 1478 licet
573 1451 663 1478 adhue
679 1451 732 1478 late
754 1451 900 1479 horrerent
917 1451 1004 1485 campi

215 1505 268 1524 una
286 1497 433 1524 incrustati
454 1497 599 1532 superficie
621 1497 828 1532 congelatarum
844 1497 959 1528 nivium,
978 1501 1005 1522 et

214 1551 350 1579 perennes
375 1543 427 1578 ipsi
453 1542 528 1570 ﬂuvii
547 1542 665 1571 solidum
690 1544 774 1571 dorso
800 1551 924 1578 gressum
954 1544 1006 1569 iter

213 1589 360 1624 agentibus
372 1589 526 1624 praeberent
540 1594 653 1624 propter
668 1589 842 1617 altitudinem
858 1595 1005 1625 penetran-

213 1635 248 1663 tis
276 1635 304 1662 in
331 1635 498 1670 profundum
523 1635 632 1670 glaciei.
658 1635 725 1668 Quae
753 1636 794 1663 vis
814 1636 913 1670 rigoris
937 1642 1002 1662 arva

213 1682 411 1715 constringens
430 1689 540 1717 gravem
566 1682 641 1709 omni
657 1682 813 1716 plantarum
834 1682 925 1717 generi
941 1688 1003 1716 per-

213 1729 314 1757 niciem
341 1728 452 1760 intulit,
472 1732 534 1755 sata
556 1735 620 1755 vero
643 1728 775 1763 pleraque
804 1727 929 1754 funditus
943 1735 1004 1754 eor-

214 1777 298 1810 rupit.
329 1775 407 1803 Tunc
429 1775 513 1810 igitur
543 1782 658 1810 vespere
687 1774 865 1806 Parasceves,
891 1774 1004 1808 quando

211 1822 268 1856 iam
286 1820 368 1856 279
384 1828 416 1847 ex
433 1827 510 1847 more
529 1820 642 1855 antiquo
663 1820 696 1847 ad
712 1819 1000 1848 commemorationem

215 1873 388 1896 mortuorum
405 1867 481 1894 faces
496 1866 729 1898 accendebantur,
748 1867 813 1893 exiit
834 1867 900 1893 urbe
917 1866 1002 1900 impe-

211 1920 298 1948 rator,
317 1914 498 1949 Dripeatnque
510 1920 539 1941 se
557 1913 685 1945 contulit,
707 1913 754 1940 ubi
769 1912 802 1940 ad
821 1914 879 1940 dies
896 1912 1002 1947 aliquot

211 1965 255 1989 est
267 1963 463 1992 commoratus,
480 1959 607 1994 operiens
621 1959 684 1986 dum
699 1966 729 1986 se
744 1958 866 1993 Augusta
888 1957 1001 1992 expedi-

210 2011 254 2034 ret
280 2006 315 2034 ad
342 2006 403 2038 iter,
422 2006 542 2040 itemque
562 2007 700 2040 Augustus
726 2005 821 2039 iunior
846 2012 907 2032 cum
933 2012 1000 2031 con-

208 2053 291 2088 juge;
309 2056 365 2080 tum
388 2056 418 2079 ut
444 2052 479 2078 iis
500 2051 599 2086 quibus
616 2058 710 2078 curam
732 2052 901 2086 imposuerat
914 2050 1000 2077 dedu-

212 2099 292 2128 cendi
317 2098 529 2127 Constantinum
559 2098 702 2133 despotam
730 2098 841 2125 fratrem
869 2105 948 2124 suum
973 2098 998 2124 iu

212 2144 266 2172 lida
284 2143 373 2172 obiter
388 2143 513 2171 custodia
531 2144 605 2178 (nam
627 2143 700 2169 hunc
714 2142 741 2169 in
760 2142 828 2169 urbe
842 2142 999 2176 relinquere

211 2193 303 2216 tutum
321 2196 375 2215 non
392 2188 532 2221 ducebat),
547 2195 607 2222 qua‘.
621 2192 700 2214 et‘ant
719 2190 752 2213 ad
766 2187 791 2214 id
807 2187 1002 2214 convenienter

211 2235 460 2263 administrandum
479 2239 676 2266 consentanea,
694 2234 822 2261 idoneum
839 2233 999 2268 providendi

212 2282 331 2317 spatium
346 2281 435 2308 daret.
464 2281 499 2307 At
530 2280 681 2314 imperator
696 2280 806 2314 quidem
823 2279 849 2306 in
867 2280 909 2307 his
930 2283 999 2307 erat.

211 2328 330 2357 Joannes
348 2332 439 2354 autem
455 2331 521 2353 tunc
536 2325 693 2361 patriarcha
707 2325 856 2352 mirabatur
869 2324 951 2352 celari
974 2332 1004 2352 se

210 2374 246 2402 ab
258 2373 382 2408 Augusto
396 2373 430 2400 de
447 2372 489 2399 bis
504 2379 565 2407 qtue
578 2376 670 2399 tuente
687 2371 823 2404 versabat,
842 2375 870 2399 et
884 2379 1002 2406 quorum

211 2417 383 2445 exsecutioui
402 2424 432 2444 se
451 2417 624 2452 accingebat,
643 2417 778 2449 consiliis,
795 2417 863 2443 adeo
879 2417 934 2451 iant
949 2424 1002 2444 non

212 2464 350 2494 obscuris,
370 2468 400 2491 ut
427 2464 461 2491 ad
490 2463 616 2491 homines
641 2463 726 2490 etiam
755 2471 771 2490 e
796 2463 877 2498 vulgo
907 2470 1001 2491 eormn

211 2513 304 2537 essent
334 2508 413 2535 fama:
452 2508 612 2536 celebritate
643 2508 742 2535 indicia
775 2509 889 2543 perlata.
922 2508 1003 2543 Atqui

211 2555 389 2584 existimabat
418 2555 555 2589 eiusmodi
589 2561 620 2582 ea
657 2561 719 2581 esse
749 2562 810 2589 qua
834 2554 867 2581 ad
899 2562 929 2582 se
955 2554 1004 2582 de-

214 2602 280 2631 ferri
290 2602 463 2634 conveniret,
477 2602 643 2635 imperatore
662 2605 757 2628 contra
779 2608 834 2628 non
857 2601 943 2635 magis
962 2600 1005 2628 in-

212 2649 316 2676 clinato
333 2647 366 2674 ad
397 2646 454 2674 haec
477 2647 528 2681 ipsi
547 2646 790 2679 communicanda,
812 2653 893 2680 quam
919 2645 1003 2673 Deum

213 2696 292 2722 aiunt
311 2693 426 2728 prodere
443 2693 600 2720 hominibus
613 2700 712 2720 curare
725 2696 794 2728 quot
810 2692 934 2720 metretis
953 2699 1004 2720 ex-

210 2741 318 2777 pleatur
332 2740 417 2768 maris
428 2739 532 2768 alveus.
556 2739 585 2767 ln
604 2747 635 2766 ea
648 2739 833 2767 sollicitudine
847 2738 1004 2773 patriarcha

211 2789 281 2816 urbe
307 2787 421 2823 prodiit,
439 2786 531 2823 specie
549 2786 662 2823 quidem
678 2786 800 2814 olliciose
819 2785 878 2813 vale
893 2785 1002 2813 dicendi

211 2839 293 2869 atque
312 2834 337 2860 in
355 2833 483 2869 digressu
504 2833 573 2861 bene
588 2832 718 2868 precandi
738 2832 883 2868 procincto
897 2832 930 2858 ad
949 2832 1002 2860 iter

213 2881 346 2916 Augusto,
360 2881 454 2910 revera
470 2883 561 2909 certus
578 2879 603 2910 ci
621 2879 779 2909 dissuadere
792 2883 925 2915 quantum
940 2886 1002 2915 pos-

1016 1660 1038 1690 α

1059 1314 1101 1337 set
1122 1308 1184 1337 tiliae
1199 1309 1350 1339 Simonidis
1363 1319 1425 1339 cum
1437 1312 1540 1341 Serbiaa
1553 1313 1684 1349 'principe
1709 1315 1854 1343 matrimo-

1061 1356 1136 1382 nimn
1167 1356 1260 1383 tnultis
1292 1357 1326 1383 de
1352 1358 1445 1386 causis
1486 1360 1693 1387 inconveniens.
1727 1360 1850 1387 Primum

1059 1403 1143 1434 enim,
1167 1403 1238 1438 quod
1265 1404 1425 1438 exigebatur
1444 1413 1458 1432 a
1480 1407 1558 1434 crale
1575 1411 1604 1433 ut
1620 1406 1746 1440 proderet
1763 1407 1851 1441 impe-

1059 1450 1142 1476 ratori
1163 1457 1286 1476 sororem
1307 1449 1439 1483 Terteris,
1465 1451 1491 1478 id
1515 1460 1568 1478 non
1585 1452 1669 1479 videri
1688 1452 1746 1479 ﬁeri
1763 1452 1797 1478 ab
1817 1460 1851 1479 eo

1061 1503 1141 1530 posse
1159 1496 1219 1523 sine
1239 1497 1324 1523 atroci
1351 1497 1454 1524 scelere
1472 1496 1596 1532 periurii,
1611 1498 1684 1532 quod
1700 1498 1770 1525 satis
1786 1506 1852 1524 ron-

1060 1545 1146 1568 staret
1175 1541 1252 1568 illum
1279 1541 1359 1568 tidem
1389 1542 1433 1569 isti
1460 1543 1570 1570 mulieri
1597 1551 1675 1571 suam
1701 1544 1851 1570 horrendis

1058 1588 1199 1614 astrictam
1226 1588 1446 1622 adjuratlouibus
1469 1589 1588 1617 dedisse.
1613 1589 1669 1616 Nec
1692 1597 1756 1616 vero
1781 1590 1850 1618 satis

1061 1632 1235 1666 exploratum
1263 1633 1367 1665 haberi,
1392 1639 1500 1661 essetne
1526 1635 1632 1661 irritum
1645 1635 1726 1662 cralis
1742 1643 1802 1662 cum
1817 1642 1851 1662 ea

1057 1679 1157 1707 femina
1181 1680 1352 1716 coniugium,
1376 1682 1448 1716 quod
1471 1682 1543 1709 scire
1564 1689 1593 1709 se
1616 1682 1700 1710 fuisse
1726 1683 1848 1718 legitime

1057 1731 1231 1753 contractum
1260 1732 1346 1753 mater
1373 1728 1456 1755 cralis
1474 1727 1631 1755 afﬁrmaret.
1657 1729 1695 1756 Ad
1718 1730 1775 1756 lure
1792 1730 1848 1756 vir-

1056 1772 1204 1806 gunculam
1224 1780 1284 1806 qua:
1312 1773 1376 1800 huic
1399 1774 1506 1800 mulieri
1524 1774 1747 1805 substitueretur,
1767 1775 1848 1809 plane

1057 1818 1141 1845 videri
1172 1820 1286 1846 sexenni
1314 1824 1395 1847 aetate
1439 1821 1577 1847 connubio
1615 1820 1848 1856 intempestivam.

1055 1864 1200 1892 Postremo
1223 1873 1254 1892 ea
1282 1865 1314 1891 l‘e:
1325 1867 1345 1892 ri
1364 1867 1541 1895 sermonibus
1564 1867 1706 1894 hominum
1734 1867 1767 1895 de
1783 1875 1848 1902 por-

1056 1911 1172 1938 tentosis
1190 1911 1267 1938 Serhi
1282 1913 1402 1947 ﬂagitiis.
1416 1921 1476 1947 rpite
1494 1913 1636 1941 deterrere
1654 1915 1846 1948 imperatorem

1056 1957 1190 1984 deberent
1204 1965 1218 1984 a
1238 1958 1291 1985 ﬁlia
1316 1959 1340 1986 ei
1368 1959 1451 1994 280
1463 1960 1572 1994 propria
1595 1960 1735 1994 tradenda,
1753 1961 1849 1995 utiiue

1057 2008 1111 2030 tam
1129 2004 1264 2039 proﬂigati
1296 2005 1408 2038 pudoris
1435 2006 1551 2037 homini,
1574 2011 1603 2033 ut
1621 2006 1742 2034 l'ralriam
1758 2016 1847 2040 suam,

1055 2051 1178 2084 germani
1197 2050 1239 2076 sui
1267 2050 1379 2083 majoris
1408 2050 1540 2086 Stephani
1564 2060 1675 2079 uxorem
1705 2054 1847 2081 eamdem-

1055 2103 1109 2129 que
1136 2103 1258 2122 sororem
1289 2096 1427 2123 defunrtae
1457 2097 1585 2133 Augustae
1608 2099 1703 2127 matris
1733 2100 1847 2134 Augusti

1054 2141 1174 2174 iunioris
1189 2141 1258 2170 (erat
1284 2141 1357 2168 enim
1378 2146 1494 2176 utraque
1524 2143 1579 2170 ﬁlia
1601 2145 1672 2179 regis
1698 2144 1848 2180 Ungarim),

1057 2186 1160 2214 nefarie
1177 2187 1349 2215 adulterasse
1374 2189 1525 2222 diceretur,
1549 2197 1580 2216 ac
1600 2196 1729 2224 prmterea
1742 2198 1849 2224 germa-

1058 2239 1120 2258 nam
1144 2232 1239 2259 harum
1258 2233 1367 2260 tertiam
1386 2234 1506 2260 visenda;
1524 2241 1608 2262 causa
1624 2236 1728 2262 sororis
1743 2236 1770 2263 in
1785 2235 1849 2264 Ser-

1056 2279 1128 2306 biam
1146 2279 1310 2314 profectam.
1333 2280 1397 2306 licet
1421 2279 1478 2307 haec
1500 2276 1643 2309 monachae
1665 2283 1764 2309 vestitu
1783 2283 1848 2310 reli-

1022 2313 1044 2341 D
1058 2313 1165 2359 ginnem
1185 2325 1372 2359 profiteretur.
1398 2326 1512 2353 minime
1535 2327 1696 2359 dubitasse,
1722 2328 1848 2357 humanis

1059 2371 1142 2397 simul
1156 2370 1315 2406 divinisque
1332 2372 1499 2406 proculcatis
1511 2371 1630 2406 iuribus,
1652 2375 1847 2409 propinquam,

1059 2416 1207 2450 hospitam,
1229 2424 1293 2452 rege
1310 2423 1482 2452 prognatam,
1508 2417 1564 2444 Deo
1579 2426 1685 2446 sacram
1703 2420 1847 2454 virginem,

1058 2465 1153 2495 stupro
1185 2464 1224 2488 tot
1250 2461 1407 2489 nominibus
1439 2463 1602 2491 exsecrabili
1623 2464 1756 2498 polluere.
1784 2464 1848 2492 lla-c

1057 2513 1119 2533 cum
1147 2513 1180 2533 ex
1205 2507 1267 2534 aliis
1294 2513 1430 2542 cognorat
1457 2509 1633 2544 patriarcha,
1659 2514 1716 2537 tum
1738 2518 1770 2537 ex
1789 2511 1847 2546 ipsa

1056 2552 1141 2580 cralis
1164 2558 1262 2586 matre,
1279 2561 1341 2588 qua:
1361 2555 1483 2586 conscia.
1499 2558 1529 2582 ut
1547 2555 1649 2588 aiebat,
1666 2557 1848 2592 impedimen-

1057 2603 1147 2626 torum
1162 2599 1387 2634 insuperabiliter
1402 2600 1571 2629 obstantiutn
1588 2610 1660 2630 noro
1673 2603 1731 2630 nati
1749 2604 1848 2639 conju-

1057 2645 1102 2680 gio
1118 2645 1190 2672 uitro
1216 2645 1249 2673 ad
1264 2654 1326 2673 eutn
1347 2651 1472 2680 venerat,
1489 2652 1597 2675 oratum
1622 2653 1652 2676 ut
1674 2657 1735 2684 quae
1751 2649 1778 2676 in
1795 2649 1847 2677 hoc

1055 2699 1155 2727 genere
1170 2697 1334 2727 pararentur
1345 2714 1352 2725 .
1369 2698 1520 2721 conaretur
1536 2695 1562 2721 vi
1578 2702 1687 2722 summa
1705 2695 1845 2730 disiicere.

1060 2737 1133 2765 Nihil
1156 2737 1254 2765 horutn
1276 2738 1379 2766 latebat
1402 2739 1597 2774 imperatorem
1621 2748 1628 2768 :
1651 2745 1742 2769 tamen
1775 2741 1846 2768 idem

1059 2785 1189 2820 politicis,
1205 2792 1276 2820 quas
1296 2785 1426 2818 indicari,
1441 2787 1595 2815 rationibus
1611 2788 1768 2824 obsequens
1785 2796 1849 2824 per-

1058 2830 1188 2858 standum
1204 2833 1231 2859 ln
1247 2831 1365 2859 consilio
1383 2832 1517 2866 putabat;
1534 2838 1561 2860 et
1582 2833 1647 2867 quia
1663 2842 1718 2862 non
1735 2834 1848 2870 ignora-

1057 2877 1105 2906 bat
1121 2881 1288 2907 tentaturum
1303 2877 1486 2913 patriarcliam
1510 2887 1639 2908 revocare
1653 2887 1684 2909 sc
1708 2888 1723 2908 a
1742 2883 1845 2915 empto,
