1944 3061
85 149 142 181 309

559 150 608 180 DE
624 149 846 180 ANDRONICO
862 149 1091 179 PALEOLOGO
1112 149 1188 179 LIB.
1202 149 1252 178 IV.

1679 142 1733 176 310

85 210 132 230 ται
151 206 234 239 μῖσος
249 205 281 239 τῇ
298 204 331 240 [Ρ
346 202 407 240 I95]
428 203 577 239 Ἐκκλησίᾳ
589 204 626 239 μὴ
642 204 766 238 ἀνάγκην
785 202 886 238 ἐχούσῃ
902 205 924 234 Α
938 201 1011 228 κατὰ
1024 202 1070 228 τὸν
1095 202 1184 228 ἐκεῖσε
1200 199 1268 227 νεὼν
1285 199 1336 233 τῆς
1353 199 1438 234 μονῆς
1454 199 1501 225 τοῦ
1526 199 1664 234 Σωτηρος,
1680 200 1730 225 καὶ

86 250 154 276 καθ’
172 249 252 286 ἱερὰς
271 249 387 281 τελετὰς
402 249 445 276 διὰ
461 249 511 284 τὴν
527 249 639 283 ἀμιξίαν
664 249 769 276 ἐκείνου
792 248 893 284 μιμνή-

87 296 226 329 σκεσθαι,
243 296 290 322 διὰ
303 295 393 323 ταῦτα
408 296 517 331 suapte»;
533 292 573 327 οἷς
585 295 732 330 ἐλογίζετο,
748 294 804 322 οὔτ’
821 295 893 322 ἐκοι-

86 341 175 368 νοῦτο
204 342 244 377 τῷ
269 343 430 377 πατριάρχῃ
443 337 493 376 τὴν
511 340 611 376 πρᾶξιν
633 342 681 368 καὶ
703 341 777 372 ὅλαις
793 341 893 376 ὁρμαῖς

88 387 200 422 ἐχώρει
220 389 443 424 διαπραξόμενος
461 389 491 414 τὺ
509 388 697 423 συνάλλαγμα.
716 388 893 422 Πατριάρχης

87 433 113 459 δ’
122 432 208 465 αὖθις
221 433 398 469 ὑὸριοπαθῶν
414 433 478 464 ἴσως
490 433 745 467 ὑπερφρονούμενος
760 433 789 459 ἐν
802 431 893 458 τοιού-

89 488 153 511 τοις
175 477 217 511 οἷς
233 480 281 507 καὶ
298 480 402 515 μᾶλλον
415 480 469 507 ἔδει
497 480 548 514 τῆς
566 479 648 506 αὑτοῦ
661 479 785 514 γνώμης,
797 478 893 512 ⁵δοκιῖιν

90 526 121 552 δὲ
140 526 190 553 καί
214 535 241 553 τι
258 525 351 560 λέγειν
377 526 451 559 ἄξιον
472 527 512 558 εἰς
529 526 558 553 τὸ
576 526 624 553 καὶ
647 525 742 552 ἑαυτὸν
756 524 892 552 δεικνύναι

93 574 225 607 μετεῖναι
237 572 294 599 τῶν
310 572 439 599 τοιούτων
456 574 505 608 οὐχ
522 570 614 609 ἦττον,
626 573 714 599 καίτοι
730 580 760 605 γε
777 572 824 598 καὶ
839 572 894 598 τῶν

92 620 200 654 {voxth
211 620 286 651 ἀνεὶς
298 620 348 654 τὴν
362 620 410 647 τοῦ
421 621 509 656 κράλη
528 620 635 655 μητέρα
654 618 812 651 ἀξιώσασαν
825 619 893 654 πρό-

91 674 179 700 τερον
192 665 237 700 ἐφ’
252 664 293 697 οἷς
309 666 356 692 ἐπὶ
376 668 407 700 τῇ
433 667 480 692 τοῦ
507 665 632 700 Τερτερῆ
648 666 777 700 ἐνείχετο,
794 664 894 697 εϋλογα

92 711 189 745 λέγειν
203 712 303 739 ἐδόκει.
330 711 374 743 Ὠς
388 711 477 738 τοίνυν
498 713 511 738 ὁ
528 711 655 747 βασιλεὺς
675 711 733 747 ᾔδει
756 712 798 742 εις
821 710 894 737 τοῦτ’

92 757 163 785 ὄντα
177 758 225 784 τὸν
237 758 427 793 πατριάρχην,
441 758 548 793 προῆγε
562 757 657 784 τοῦτον
673 758 711 788 είς
729 757 893 792 Σηλυϐρίαν,

92 803 181 834 αὐτὸς
197 805 228 830 ὲν
252 803 370 839 Δριπείᾳ
393 803 439 830 καὶ
461 803 502 830 ἔτι
527 803 773 838 παρακαθήμενος.
797 803 842 834 Ὠς
866 802 894 829 δὲ

92 850 146 885 τῆς
160 850 278 885 πρώτης
289 850 437 884 ἐῦδομάδος
451 850 589 884 ἐνστάσης
603 849 657 876 τῶν
671 849 804 885 νηστειῶν
818 850 832 875 ὁ
845 850 894 884 μὲν

94 897 280 932 πατριάρχης
296 896 463 923 καταλαϐὼν
481 897 530 932 τὴν
545 897 698 932 Σηλυϐρίαν
715 897 762 923 καὶ
783 895 895 930 βασιλέα

94 943 438 978 προςαπεκδεχόμενοςτῷ
446 943 515 975 τέως
525 942 658 979 ἡσύχαζε,
731 943 860 978 βασιλεὺς
867 943 896 970 δὲ

95 987 239 1022 σχολαίως
265 987 338 1014 κατὰ
369 988 467 1023 μικρὸν
497 988 632 1023 προσῄει,
662 988 818 1024 Σηλυὸρίας
844 990 893 1024 ὀψὲ

95 1033 244 1060 Σαεσάτου
262 1033 416 1060 ἐπέϐαινεν.
439 1034 471 1060 'H
496 1034 557 1068 μετ’
573 1035 658 1069 αὐτὴν
677 1035 728 1069 μὲν
749 1035 797 1062 καὶ
816 1035 896 1061 ὑστε-

97 1080 166 1114 ραία
183 1079 209 1114 (ἡ
229 1079 251 1105 δ’
275 1077 310 1114 ἦν
331 1080 347 1114 ἡ
371 1080 420 1114 τῆς
439 1079 594 1115 ὀρθοδοξίας
612 1081 718 1116 ἡμέρα)
737 1081 894 1116 ἐφίσταται,

96 1126 147 1152 καί
161 1126 224 1152 τότε
243 1126 314 1160 μετὰ
331 1126 507 1162 μεσημὸρίαν
523 1126 584 1153 κατ’
605 1126 664 1158 ἔθος
686 1129 736 1162 τῆς
761 1128 836 1162 ἱερᾶς
854 1137 897 1154 τε-

95 1172 238 1207 λουμένης
269 1173 443 1206 λειτουργίας
473 1173 633 1208 ὲπιμιγνύει
664 1173 703 1209 τῷ
736 1174 896 1211 πατριάρχῃ

97 1263 127 1288 et.
153 1268 215 1288 rem
242 1265 324 1288 antea
351 1261 376 1288 ei
405 1262 610 1289 communicare
627 1262 769 1295 emiserat,
788 1265 815 1289 et
832 1266 899 1289 tunc

98 1315 137 1334 ne
149 1307 184 1334 de
205 1308 248 1334 bis
263 1315 419 1335 sermonem
435 1308 512 1342 prior
526 1309 652 1340 inferret,
673 1309 760 1335 vitare
776 1308 899 1336 occasio-

97 1360 167 1379 nem
185 1354 268 1380 otiosi
286 1360 349 1380 cum
364 1361 396 1380 eo
412 1353 543 1388 colloquii
558 1354 673 1380 volebat.
686 1354 724 1380 Ac
740 1358 799 1381 erat
815 1361 897 1382 causa

99 1405 154 1426 car
171 1399 263 1426 minus
278 1399 467 1427 necessarium
483 1400 659 1427 existimaret
671 1400 821 1437 convenire
834 1407 896 1427 cum

99 1445 271 1480 prmsidibus
299 1446 428 1474 Ecclesia!
456 1447 490 1474 de
513 1447 596 1474 rebus
614 1446 695 1482 hujus
719 1447 821 1480 cralis,
847 1447 898 1482 dy-

99 1497 191 1518 nasta:
220 1491 348 1519 videlicet
373 1493 445 1520 ritus
472 1500 486 1520 a
515 1492 612 1520 Graeco
636 1493 792 1528 peregrini;
818 1500 898 1526 quem

101 1538 167 1565 ideo
193 1537 258 1565 licet
274 1538 448 1573 contingeret
476 1539 534 1566 lieri
560 1546 690 1574 generum
711 1539 899 1573 imperatoris,

100 1584 130 1611 in
154 1584 245 1612 sacris
268 1584 369 1611 ciliciis
392 1585 569 1612 metroraluri
586 1585 748 1612 nominatim
769 1585 901 1613 ecclesia-

100 1629 167 1656 stici
184 1636 239 1655 non
256 1628 359 1661 forent,
376 1636 409 1656 ex
427 1637 481 1663 quo
497 1633 558 1657 erat
578 1637 764 1664 consequens,
781 1630 804 1658 si
829 1631 900 1658 forte

101 1675 143 1703 rel
157 1683 189 1702 ea
207 1675 251 1703 ille
266 1676 453 1703 commisisset
467 1677 508 1704 vel
521 1677 548 1704 in
563 1681 703 1712 posterum
715 1677 901 1705 conscisceret

100 1722 137 1748 ob
152 1729 215 1756 qua:
227 1727 381 1750 mereretur
398 1723 570 1751 anathemati
591 1724 702 1759 subjici,
719 1724 820 1751 nullam
838 1725 900 1752 inde

100 1768 154 1796 sibi
178 1768 238 1796 fore
259 1769 435 1796 oecasionem
460 1770 641 1798 erubescendi
659 1779 673 1797 e
692 1771 833 1806 conjuncti
850 1773 899 1798 bo-

101 1814 187 1842 minis
210 1815 362 1850 ignominia
392 1816 426 1842 ob
449 1817 670 1850 praatereundam
687 1820 743 1844 tum
761 1817 849 1852 ipsius
873 1818 898 1844 in

101 1862 190 1889 sacris
218 1861 398 1888 mentionem.
427 1861 537 1896 Alioqui
565 1869 650 1897 porro
672 1863 806 1891 utilitates
830 1870 900 1897 quas

100 1916 116 1935 e
133 1908 237 1935 foedere
253 1915 317 1935 cum
336 1908 423 1936 Serbo
441 1913 622 1943 proventuras
643 1910 804 1942 conﬁderet,
828 1910 899 1937 mala

101 1962 164 1990 qua:
187 1963 221 1982 ex
239 1960 437 1989 perseverante
455 1955 573 1983 dissidio
595 1961 739 1988 metueret,
755 1957 822 1983 tanti
839 1965 900 1984 esse

103 2001 221 2028 ducelat
240 2005 269 2027 ut
287 2001 434 2028 momentis
461 2007 515 2028 tam
531 2001 615 2036 justre
637 2002 701 2029 hinc
720 2002 876 2030 formidinis
891 2023 898 2036 ,

102 2051 157 2075 tam
176 2047 274 2082 amplae
299 2048 375 2075 illinc
392 2048 469 2082 spei,
490 2049 565 2075 nulla
591 2049 804 2083 cujusquemodi
824 2050 900 2077 ride-

103 2100 200 2122 rentur
226 2094 253 2121 in
277 2094 450 2122 contrarium
483 2095 594 2129 objecta
624 2095 838 2130 praeponderare
856 2095 900 2122 in-

103 2140 250 2168 commoda
269 2140 414 2168 deberent.
438 2140 524 2169 Totus
541 2148 606 2176 ergo
631 2141 701 2168 lixus
725 2141 899 2168 Andronicus

103 2186 130 2213 in
145 2187 289 2221 proposito
304 2185 442 2214 aﬂlnitatis
455 2187 704 2222 quomodocunque
735 2195 796 2214 cum
813 2187 899 2214 Serbo

944 249 1006 276 ὅσον
1033 247 1067 284 ἦν
1095 249 1196 283 ὁμιλεῖ.
1217 247 1260 283 [Ρ.
1277 246 1338 282 194]
1355 247 1411 273 Οὐκ
1438 244 1471 282 ἦν
1490 246 1518 273 δὲ
1536 247 1646 276 πάντως
1669 245 1732 272 τότε

944 296 1166 331 προσαναφέρειν
1194 294 1368 329 πατριάρχην
1391 293 1409 320 ἃ
1429 293 1461 328 δὴ
1478 293 1549 320 κατὰ
1566 293 1664 328 σχολὴν
1683 292 1733 328 τὴν

945 341 1105 377 πρέπουσαν
1117 341 1203 367 κινεῖν
1216 339 1355 375 ἠϐούλετο,
1368 336 1405 366 ὧν
1415 338 1484 374 ἦσαν
1499 339 1545 366 δύο
1556 339 1589 365 τὰ
1605 339 1733 373 μέγιστα,

944 387 1010 421 περὶ
1034 383 1072 413 ὧν
1086 386 1252 412 ἐσπουδάκει
1274 385 1356 412 πλέον
1381 385 1615 419 προσαναφέρειν,
1634 383 1662 409 ἓν
1685 383 1734 418 μὲν

945 431 1069 467 περὶτοῦ
1085 431 1294 467 Ταρχανειὼτιυ
1312 431 1436 458 Ἰωάννου
1453 431 1504 466 (ἔτι
1520 431 1584 465 γὰρ,
1597 430 1634 462 ὡς
1648 430 1733 464 ἐπέμ-

945 479 1081 515 φθη,“τῶν
1108 479 1157 512 τῆς
1181 478 1317 512 ἀνατολῆς
1342 477 1435 513 μερῶν
1458 477 1635 512 ἡγεμόνευεν)
1651 476 1688 508 ὼς
1703 476 1733 502 οὖ

928 529 930 531 ’
944 525 1049 551 δίκαιον
1066 524 1096 551 ὃν
1111 523 1199 555 ἄλλως
1213 524 1267 550 οὐδ’
1279 523 1392 554 εῠλογον
1404 523 1489 558 ἄνδρα
1500 523 1548 558 τῆς
1570 522 1735 556 Ἐκκλησίας

945 571 1174 606 ἀποσχιζόμενον,
1201 571 1249 597 καὶ
1275 570 1361 597 πολλὰ
1383 570 1432 596 σὺν
1459 569 1550 599 ἄλλοις
1578 569 1625 595 καὶ
1650 568 1734 595 αἰτοῦ

945 618 1116 653 πατριάρχου
1142 617 1267 652 λιπαρῶς
1291 616 1334 651 ἐφ’
1351 616 1448 651 ὕϐρεσι
1470 616 1690 652 καθαπτόμενον,
1707 616 1737 640 ἐν

945 664 1034 696 ἀξίαις
1051 662 1122 690 εἶναι
1146 663 1290 698 μεγίσταις
1315 662 1465 697 ἡγεμονίας
1482 661 1529 688 καὶ
1548 661 1644 695 ἀνέδην
1672 669 1737 687 κατ-

945 709 1108 746 εππίρεσθαι
1122 710 1176 736 τῶν
1194 709 1311 741 πολλῶν,
1329 709 1377 735 καὶ
1393 708 1494 743 μᾶλλον
1510 708 1564 734 τῶν
1580 708 1670 734 ἐκεῖσε
1687 707 1738 742 ἀρ-

945 747 1070 792 χιερέων,
1086 755 1124 785 ὡς
1139 755 1227 790 ἔλεγε,
1251 755 1379 789 δεύτερον
1395 754 1423 781 δὲ
1439 754 1470 780 τὸ
1486 755 1550 788 περὶ
1566 754 1614 780 τοῦ
1640 753 1739 787 συναλ-

945 803 1098 838 λάγματος·
1118 800 1188 829 εἴναι
1203 804 1259 836 γὰρ
1274 801 1348 836 αὐτῷ
1364 801 1441 827 πόλλ’
1454 800 1522 827 ἄττα
1539 800 1573 827 τὰ
1589 799 1738 835 προσιστά-

948 858 1027 885 μενα,
1044 849 1062 876 ἃ.
1078 848 1111 884 δὴ
1132 849 1180 875 καί
1195 848 1298 882 χρῆναι
1321 847 1418 881 σκέψει
1433 847 1535 874 διδόναι
1553 847 1601 873 καὶ
1619 846 1690 872 οὕτω
1707 847 1737 872 τὸ

947 896 1032 932 φανὲν
1048 895 1170 929 ἀσφαλὲς
1196 895 1241 921 ὑπ’
1260 895 1332 921 alio?
1352 893 1407 920 τῶν
1430 894 1521 928 νόμων
1544 894 1590 920 καὶ
1606 893 1739 928 διαπράτι

947 944 1052 970 τεσθαι.
1080 942 1190 969 Τούτων
1204 942 1290 968 ὄντων
1314 941 1354 976 τῷ
1375 941 1534 976 πατριάρχῃ
1553 941 1596 966 διὰ
1623 940 1736 971 σκοποῦ,

947 989 1011 1016 ἐπεὶ
1029 989 1063 1016 τὰ
1077 988 1126 1023 τῆς
1143 988 1221 1024 ἱερᾶς
1238 987 1350 1021 τελετῆς
1363 986 1440 1018 τέλος
1455 984 1512 1021 εἷχε
1527 986 1574 1012 καὶ
1591 986 1641 1020 ἤδη
1657 986 1739 1011 ἀπαί-

949 1044 1006 1071 ρειν
1022 1035 1130 1072 ἐκεῖθεν
1156 1035 1170 1060 ὁ
1187 1034 1314 1069 βασιλεὺς
1338 1033 1516 1068 ἡτοιμάζετο,
1541 1032 1601 1066 ειμι
1625 1040 1653 1057 τε
1671 1030 1740 1065 ὀλίγ’

947 1082 1016 1108 ἄττα
1035 1072 1258 1115 τῷπατριάρχῃ
1286 1079 1351 1113 περί
1372 1087 1424 1105 των
1448 1077 1583 1113 ὡμίλησε,
1611 1077 1657 1104 καὶ
1681 1076 1740 1111 ἅμα

947 1128 1044 1163 ὥςπερ
1063 1127 1282 1161 ὑποτεμνόμενος
1295 1125 1359 1156 τοὺς
1382 1125 1477 1158 λόγους
1492 1124 1589 1158 ἐκείνῳ
1612 1123 1739 1156 εὐλογίαν

947 1173 1040 1208 ἐζήτει
1055 1173 1102 1199 καὶ
1116 1172 1303 1199 σένετάττετο.
1322 1171 1351 1197 '0
1364 1171 1391 1196 δὲ
1407 1171 1445 1205 τῷ
1458 1169 1545 1205 καιρῷ
1560 1168 1740 1204 συγκ).αςϐε“;ς

948 1269 1056 1290 summa
1069 1259 1168 1296 quiete'
1181 1260 1378 1296 perseverabat
1398 1260 1505 1294 Dripeae
1521 1258 1636 1286 morari.
1651 1258 1689 1292 (2)
1710 1258 1743 1284 At

951 1309 996 1337 ubi
1019 1308 1169 1343 aliquando
1196 1306 1259 1334 inde
1281 1307 1364 1341 etrapit
1393 1306 1544 1341 Sclybriam
1571 1313 1667 1332 versus
1691 1305 1742 1331 iter

949 1354 1104 1385 intendere.
1122 1353 1248 1388 perlento
1276 1352 1408 1380 incedens
1433 1360 1514 1387 passu
1550 1352 1594 1378 vix
1621 1351 1742 1386 denique

949 1409 1065 1436 vespera
1083 1400 1195 1428 Sabbati
1208 1407 1240 1426 eo
1258 1399 1392 1434 pervenit.
1410 1397 1524 1425 Postera
1538 1398 1618 1432 hujus
1636 1397 1692 1430 die,
1714 1397 1740 1423 in

950 1455 1031 1483 quant
1058 1446 1154 1474 incidit
1178 1445 1321 1472 Dominica
1343 1445 1531 1475 orthodoxize,
1554 1451 1604 1478 per
1627 1450 1741 1470 causam

950 1502 1037 1522 sacra:
1054 1492 1177 1527 liturgire,
1199 1497 1227 1519 ut
1248 1492 1310 1519 talis
1330 1491 1383 1518 dici
1410 1491 1479 1517 ritus
1511 1490 1651 1525 poscebat,
1682 1494 1742 1523 post

953 1539 1094 1566 meridiem
1113 1537 1293 1570 eelcbrandte,
1307 1536 1487 1564 conveniente
1502 1537 1528 1564 in
1542 1535 1671 1570 templum
1688 1535 1744 1562 illic

953 1587 1036 1614 situtn
1053 1585 1085 1612 ad
1109 1585 1304 1612 monasterium
1317 1583 1468 1610 Salt'atoris
1478 1583 1610 1617 Augusto,
1628 1581 1744 1616 patriar-

952 1633 1002 1660 cha
1021 1633 1081 1667 ejus
1095 1630 1252 1666 alloquendi
1280 1631 1388 1665 copiam
1418 1634 1515 1656 nactus
1539 1633 1582 1656 est
1608 1628 1740 1662 aliquam,

951 1679 999 1706 sed
1016 1679 1097 1706 talem
1115 1686 1175 1713 qua:
1203 1685 1258 1705 non
1279 1677 1336 1704 fere
1353 1676 1432 1704 aliam
1460 1683 1542 1710 quatn
1566 1675 1625 1711 ejus
1654 1674 1743 1702 obiter

954 1725 1089 1752 salutandi
1105 1725 1239 1759 praeberet
1250 1723 1417 1751 facultatem.
1435 1720 1558 1750 llabebat
1575 1726 1666 1749 autent
1686 1721 1742 1748 duo

953 1771 1111 1807 patriarcha
1124 1770 1223 1806 prolixi
1238 1777 1300 1797 cum
1317 1770 1482 1805 imperatore
1495 1769 1630 1796 sermonis
1663 1776 1744 1803 argu—

952 1821 1053 1850 menta,
1070 1822 1096 1843 ut
1109 1817 1232 1851 putabat,
1248 1816 1416 1849 necessaria,
1444 1816 1547 1851 quibus
1571 1815 1742 1850 explicandis

952 1863 1084 1898 majorem
1097 1863 1122 1889 in
1136 1862 1248 1889 modum
1266 1863 1391 1897 cupiebat
1404 1862 1490 1889 otium
1503 1862 1553 1889 sibi
1567 1861 1742 1889 commodunt

952 1907 1079 1935 concedi.
1100 1907 1223 1934 Primum
1253 1908 1326 1934 enint
1344 1907 1476 1942 conqueri
1502 1907 1609 1933 volebat
1627 1906 1659 1933 de
1676 1913 1744 1941 prae-

953 1955 1058 1982 fectura
1087 1953 1207 1981 Orientis
1240 1952 1339 1981 Joanni
1367 1953 1559 1980 Tarchaniota‘,
1596 1953 1741 1983 attributa,

954 2001 1057 2028 homini
1074 2001 1163 2034 palam
1186 2001 1218 2027 ab
1237 2001 1358 2027 Ecclesia
1372 2000 1501 2030 discisso,
1517 2000 1619 2034 quique
1635 2000 1740 2025 nullum

954 2049 1033 2075 linem
1061 2052 1107 2074 aut
1136 2047 1247 2073 modutu
1273 2046 1374 2074 faceret
1397 2047 1506 2081 probris
1534 2045 1741 2073 lacerandorunt

953 2102 1015 2122 cum
1033 2094 1149 2121 aliorum
1163 2101 1212 2128 per
1227 2101 1274 2120 cos
1290 2095 1442 2128 praesertim
1461 2097 1564 2120 tractus
1576 2093 1740 2124 antistitum,

952 2145 1007 2168 tum
1024 2140 1120 2175 ipsius.
1133 2145 1161 2166 ut
1175 2140 1276 2172 aiebat,
1288 2140 1461 2174 patriarcha}.
1475 2139 1577 2166 Deinde
1591 2139 1662 2166 circa
1672 2139 1744 2166 desi-

952 2192 1049 2222 gnatas
1081 2186 1231 2213 Simonidis
1266 2194 1328 2214 cum
1359 2187 1433 2214 crale
1452 2187 1570 2221 nuptias,
1587 2191 1669 2213 ntem
1693 2185 1744 2212 rite

915 1563 935 1591 C

103 2232 315 2264 contrahendae,
333 2232 456 2267 satisque
473 2232 583 2260 aliunde
598 2242 702 2268 gnarus
724 2232 850 2268 paratum
865 2234 898 2261 ad
916 2245 937 2272 υ
952 2241 985 2261 ac
1001 2241 1062 2261 cum
1092 2233 1182 2260 debita
1213 2233 1367 2261 reverentia
1395 2233 1484 2269 legum
1513 2233 1608 2260 ﬁerent
1622 2253 1629 2266 ,
1658 2233 1744 2259 multa

101 2277 272 2313 jurgandum
285 2285 319 2305 ea
337 2277 370 2305 de
387 2286 416 2305 re
432 2285 526 2306 secum
543 2277 670 2314 Dripcam
687 2279 837 2307 adventare
853 2287 900 2314 pa-

103 2324 271 2354 triarcham,
287 2330 337 2358 per
347 2328 439 2352 certos
450 2325 475 2352 ei
491 2325 593 2352 missos
606 2325 715 2352 obviam
734 2325 898 2360 signiﬁcavit

103 2369 184 2405 281
204 2377 285 2396 orare
299 2377 328 2396 se
345 2378 378 2396 ne
391 2375 550 2405 gravaretur
566 2370 719 2406 prmcedere
732 2370 898 2407 Selybriam,

103 2424 160 2450 quo
175 2423 239 2442 mox
257 2420 404 2444 secuturus
423 2417 482 2451 ipsc
496 2417 582 2444 foret:
603 2418 693 2445 locum
711 2418 785 2446 enim
802 2418 829 2445 in
843 2425 898 2453 quo

104 2469 178 2489 nunc
197 2462 386 2490 diversaretur
411 2470 508 2497 parum
533 2463 558 2491 ei
582 2464 745 2499 excipiendo
760 2471 823 2492 esse
850 2472 898 2499 op-

103 2512 266 2544 portunum.
290 2506 368 2534 Fecit
389 2508 546 2543 patriarcha
574 2511 647 2544 qttod
677 2510 836 2544 rogabatur,
864 2518 897 2537 ac

105 2559 182 2581 tanto
198 2540 255 2589 jam
271 2554 390 2588 amplius
404 2555 544 2589 cogitandi
571 2561 671 2582 nactus
696 2557 783 2583 otium
814 2564 899 2592 argu-

105 2606 199 2628 menta
217 2605 311 2628 mente
329 2608 441 2629 versans
453 2601 604 2637 digerebat,
620 2602 722 2637 quibus
742 2602 809 2630 nihil
823 2603 898 2630 babi-

105 2649 198 2672 turum
211 2644 287 2680 quod
308 2645 492 2679 plausibiliter
506 2651 660 2682 opponeret
680 2648 834 2683 Augustum
855 2656 898 2676 ar-

103 2691 223 2718 bitratus
230 2698 375 2719 cessurum
385 2691 497 2720 omnino
506 2692 728 2730 abstiturumque
739 2695 835 2729 coeptis
844 2702 896 2722 non

104 2737 248 2765 dubitabat
258 2737 313 2765 sibi
328 2737 626 2768 blandieusconﬁdere.
637 2740 748 2768 Interim
760 2741 899 2776 Augustus

106 2784 169 2811 licet
184 2784 307 2812 instante
337 2784 423 2818 prima
452 2785 527 2813 verni
551 2786 649 2821 jejunii
671 2787 841 2815 hebdomade
867 2795 897 2815 se

107 2830 286 2864 impatienter
299 2829 453 2864 exspectari
481 2829 613 2871 Selybria:
629 2840 643 2860 a
660 2832 817 2868 patriarcha
843 2839 897 2860 non

110 2875 277 2910 ignoraret,
306 2875 391 2903 nihilo
422 2881 512 2905 tamen
539 2878 687 2907 sollicitius
714 2878 847 2906 festinans
870 2879 897 2906 in

953 2281 1036 2307 etiam
1058 2283 1141 2314 atque
1152 2279 1233 2307 etiam
1249 2280 1424 2307 consideratu
1441 2280 1535 2314 digna,
1558 2286 1620 2314 quae
1649 2286 1734 2313 suggc

952 2331 1038 2359 reret,
1053 2326 1105 2354 sibi
1122 2325 1222 2353 habere
1240 2326 1393 2368 ridebalkur.
1420 2326 1486 2359 Quae
1507 2326 1598 2353 omnia
1624 2325 1746 2360 perfecto

948 2371 1004 2406 jam
1024 2377 1102 2398 sacro
1113 2370 1308 2405 propositurus
1333 2370 1492 2405 imperatori
1510 2369 1592 2405 282
1613 2377 1674 2397 eum
1700 2376 1733 2396 ac

951 2417 1081 2444 cessisset
1093 2416 1260 2451 patriarcha,
1276 2415 1322 2443 ille
1340 2421 1370 2443 ut
1384 2424 1492 2444 movere
1510 2416 1566 2452 jatn
1590 2423 1619 2444 se
1632 2416 1665 2443 ad
1687 2415 1746 2442 abi—

951 2466 1008 2488 tum
1027 2467 1161 2496 emperat,
1178 2462 1357 2497 perpaucisci
1375 2467 1403 2490 et
1422 2462 1610 2497 perfunctorie
1626 2463 1744 2494 locutus,

952 2509 1014 2536 vale
1029 2517 1090 2536 mox
1106 2509 1181 2536 dicto
1197 2516 1229 2536 ac
1247 2513 1286 2536 tot
1314 2509 1367 2536 illis
1393 2509 1630 2544 erupturientibus
1647 2517 1680 2537 ex
1698 2517 1746 2536 ore

952 2555 1117 2590 patriarcha:
1132 2556 1308 2583 sermonibus
1319 2555 1400 2591 quasi
1414 2556 1507 2583 valvas
1533 2556 1687 2588 obduccus,
1701 2563 1747 2583 so-

952 2601 1042 2628 lemne
1059 2601 1275 2636 digredienlinm
1294 2601 1408 2636 pratulit
1424 2609 1547 2635 carmen,
1575 2600 1745 2629 bcnedic1io-

952 2653 1014 2673 nem
1034 2647 1188 2681 postulans,
1209 2648 1304 2683 sicque
1333 2648 1409 2675 illum
1440 2648 1554 2676 dimisit.
1584 2647 1743 2675 Patriarcha

950 2693 1080 2721 exclusus
1094 2698 1228 2728 tempore,
1246 2699 1274 2721 ut
1307 2694 1412 2721 nullum
1431 2703 1484 2722 non
1515 2694 1668 2722 intenderet
1696 2701 1744 2721 eo-

951 2742 1044 2765 natum
1073 2738 1235 2774 preusandaa
1258 2739 1323 2766 dum
1350 2739 1444 2766 liceret
1474 2737 1641 2769 occasionis,
1675 2737 1745 2765 stitit

952 2783 1152 2818 aliquantulum
1186 2785 1340 2819 Augustum
1379 2785 1524 2813 abeuntem
1555 2784 1671 2819 petenda
1704 2784 1744 2813 fa-

952 2831 1055 2858 cultate
1084 2831 1205 2858 visenda:
1226 2830 1375 2859 Simonidis
1390 2831 1470 2866 eique
1495 2830 1563 2858 bene
1594 2832 1738 2864 precandi,

953 2882 1099 2910 antequam
1117 2885 1229 2910 uersere
1247 2879 1279 2906 ad
1298 2885 1430 2908 sponsum
1449 2878 1643 2905 abduceretur.
1665 2879 1740 2912 Quo-
