1944 3061
205 102 252 133 ξιιι

822 110 981 141 GEORGII
1006 111 1245 142 PACIlYSlElixll

1777 102 1844 134 3i?

202 162 248 187 τδν
267 162 383 197 νυμφίον
403 164 496 200 ἐζήτει
517 166 627 201 βλέπειν
640 167 686 193 καὶ
708 167 844 201 εὐλογεῖν·
863 169 921 195 οὐδὲ
938 169 990 203 γὰρ
1010 171 1029 198 Α
1045 169 1098 200 ἕως
1113 166 1143 195 οὗ
1171 169 1297 203 βασιλεὺς
1314 165 1512 202 ὑποστρέψειεν
1529 160 1682 198 ὲκεχρίκει,
1704 160 1852 194 ἀλγεινῶς

205 207 280 240 sine;
296 207 366 236 εἶναι
384 210 446 245 ἄρτι
460 212 577 247 πρώτως
596 213 665 247 μετὰ
680 213 729 248 τὴν
747 214 888 248 ἡλικιῶτιν
902 214 994 249 σχεδὸν

207 255 368 288 μετάϐασιν,
382 258 429 284 καὶ
452 259 482 284 οὺ
498 258 587 293 πολλῷ
602 268 656 286 τινι
673 259 763 295 χρόνῳ
780 259 849 294 μετὰ
865 261 899 286 τὰ
913 261 995 294 ἀμφι-

205 301 316 335 δρόμια,
337 302 373 337 μὴ
389 303 435 330 τὸν
458 305 632 340 πατριάρχην
651 305 760 339 βλέπειν
787 306 832 332 καὶ
860 306 994 340 εὐλογεῖν.

213 347 357 375 Ἠϐούλετο
372 349 400 376 δέ
418 351 442 376 oi
460 350 490 376 τὸ
507 351 599 386 δρᾶμα
613 351 707 385 λόγους
723 351 848 378 ἐντεῦθεν
866 353 997 386 ἀνακινη-

209 393 290 427 θῆναι
307 394 362 420 τῶν
377 395 560 430 τελουμένων,
580 397 622 429 ἐν’
673 398 720 424 καὶ
735 397 850 431 λαλῆσαι
863 397 996 432 βασιλέως

207 440 378 475 ἐπισχόντος.
395 442 440 474 Ὠς
455 443 519 476 γοῦν
534 445 666 477 φανεῖσαν
678 445 790 479 ηὐλόγει
802 444 848 470 καὶ
863 445 995 478 ἀμηγέπη

205 486 261 512 τῶν
280 487 367 520 λόγων
381 488 495 522 ἥπτετο,
510 489 588 521 δόξαν
605 491 759 525 ἀναχωρεῖν
777 490 881 524 βασιλεί
894 490 938 516 διὰ
952 490 997 516 τὸν

207 533 313 567 καιρὸν,
333 533 484 569 Θεραπείας
504 533 537 571 ἧς
561 537 675 571 ἤπειγεν
700 538 713 562 ὁ
736 536 832 572 καιρὸς
851 536 934 569 ἀξιῶν
951 536 997 562 ἐπὶ

207 580 263 609 τοῖς
279 579 437 614 λεγομένοις
460 581 507 608 τὸν
534 583 718 618 πατριάρχην,
737 583 786 617 τὴν
809 582 996 618 προκειμένην

209 623 327 657 βαδίζειν
342 626 484 660 ἠπείγετο.
507 628 626 659 Ἐκεῖνος
647 628 676 654 δὲ
694 628 769 663 παρὰ
792 629 884 654 πᾶσαν
900 627 997 654 ἐλπίδα

209 670 263 696 τῶν
289 672 525 707 προσδοκωμένων
548 674 748 709 ἀποκρουσθεὶς
768 674 862 701 ἀλύειν
886 674 996 710 ἤρξατο,

210 715 257 741 καὶ
273 715 310 750 μὴ
328 716 512 753 ὑποστρέφειν
527 719 634 754 ἠπείλει
646 720 693 745 καὶ
708 719 742 745 δι’
771 719 898 754 Ἰωάννην
911 719 998 749 οὕτως

211 762 415 796 ἡγεμονεύοντα
442 765 489 791 καὶ
518 766 562 792 διὰ
590 767 625 791 τὰ
649 766 782 801 παρόντα.
805 766 848 796 Ὠς
870 764 925 800 γὰρ
951 764 999 791 καὶ

213 807 278 842 περὶ
293 808 396 835 τούτων
419 811 502 836 κινῶν
518 810 566 842 τὰς
583 810 729 846 θεραπείας
751 811 849 841 ἤκουεν
872 808 999 836 ἀπαντώ-

1047 216 1107 250 μὲν,
1125 215 1247 244 ἀναύδως
1276 215 1298 241 δ’
1327 215 1401 248 ὅμως
1427 212 1563 246 διαφέρων
1579 209 1609 235 τὸ
1634 207 1725 241 ἄλγος,
1751 207 1774 231 εἱ
1794 205 1855 230 καὶ

1047 261 1124 292 αὖθις
1151 263 1165 287 ὁ
1194 261 1320 294 βασιλεὺς
1353 260 1411 293 ἅμα
1437 255 1639 287 Θεσσαλονίκης
1661 252 1757 285 ὲπέὸη,
1784 251 1850 277 τῶν

1047 308 1132 340 ἁγίων
1148 306 1179 342 [Ρ
1194 307 1256 341 lilii]
1270 305 1437 339 ἐγγιζουσῶν
1454 303 1564 338 ἡμερῶν
1580 301 1626 328 τοῦ
1646 301 1754 334 Πάσχα,
1772 306 1852 332 προ-

1047 354 1128 387 φάσει
1143 353 1189 380 τοῦ
1203 354 1257 379 τῶν
1274 352 1359 383 ἁγίων
1381 351 1485 377 ἐκεῖνον
1503 346 1708 383 μεταλήψεσθαι
1730 345 1847 378 δώρων,

1047 403 1070 428 εἰ
1088 402 1261 435 πατριάρχης
1276 401 1357 433 ἐφίει,
1375 399 1492 433 πέμπων
1508 399 1547 428 είς
1566 394 1724 430 Σηλυϐρίαν
1738 392 1788 418 καὶ
1809 391 1850 417 τὰ

1047 448 1094 474 τοῦ
1110 448 1222 480 ξενῶπιος
1237 446 1337 481 συνήοη
1353 446 1510 480 νομίσματα
1524 438 1849 477 προσφιλοτιμούμενος,

1048 495 1064 522 ἂ
1081 495 1113 529 δὴ
1130 495 1177 520 καὶ
1206 494 1287 524 αὐτὸς
1318 492 1367 526 μὲν
1392 489 1532 526 κρυφηδδν
1545 488 1588 515 ἀεί
1604 488 1664 513 ποτ’
1681 485 1780 513 ἐδίδου,
1805 482 1849 516 ’τῷ

1048 528 1206 575 πατριάρχῃ
1216 539 1243 565 δὲ
1259 538 1289 565 τὸ
1301 535 1378 568 τέλος
1393 538 1432 568 είς
1448 534 1586 571 χιλιοστὺν
1597 532 1659 560 κατ’
1673 532 1730 562 ἔτος
1740 528 1849 555 ποσοὺ-

1050 594 1130 620 μενον
1145 584 1336 618 ἀπεγράφετο.
1351 582 1418 608 Τότε
1436 582 1528 607 τοίνυν
1544 579 1593 606 καὶ
1611 577 1687 604 ταῦτ’
1709 574 1850 602 ἀποστέλ-

1047 632 1101 658 λων
1116 631 1205 663 λόγοις
1223 628 1345 662 ώμάλιζε
1371 627 1417 653 καὶ
1441 627 1497 656 τοῖς
1519 625 1688 659 καθήκουσιν
1706 620 1844 656 ἧγοιλλεν.

1056 677 1175 707 Ἐκεῖνος
1191 675 1219 701 δὲ
1246 675 1292 701 καὶ
1312 673 1390 704 αὖθις
1408 673 1437 698 ἐν
1465 670 1604 706 Σηλυϐρίᾳ
1628 667 1794 703 προσμένων
1812 665 1848 691 οὗ

1051 724 1185 759 πρότερον
1208 721 1313 748 ἐκεῖθεν
1340 716 1540 755 μετέϐαινεν,;ῆ
1556 715 1653 759 δεινῶς
1668 711 1849 759 ὀφθαλμιῶν,

1051 756 1122 795 κατὰ
1139 756 1245 802 ’χρείαν
1274 764 1328 791 τῶν
1358 762 1557 798 ίατρευσὸντων
1583 757 1689 785 ἐκεῖθεν
1719 756 1849 790 ὰπᾶρας,

1052 814 1121 848 πρὸς
1135 813 1185 848 τὴν
1205 811 1289 847 μονὴν
1311 809 1360 836 τοῦ
1387 807 1535 843 Κοσμιόίου
1563 804 1647 840 μηνὸς
1673 803 1850 836 Μαιμακτη-

212 861 272 884 σας,
290 854 366 880 οὐδὲν
383 855 464 882 πλέον
486 856 502 890 ἢ
527 857 722 891 προσαλγήσας
746 857 787 883 ὅτι
804 855 999 890 συντέμνοντος
1013 844 1037 874 Β
1054 844 1353 895 ριῶνοςίμετῳκίζετο.
1372 855 1447 889 Πλὴν
1468 850 1700 886 Ἀνθεστηριῶνος
1715 848 1850 875 εἰσπλευ-

210 897 257 923 τοῦ
275 899 373 932 καιροῦ
388 900 443 927 τῶν
460 901 639 935 καθηκουσῶν
660 901 774 935 ὁμιλιῶν
792 901 841 928 οὐκ
858 897 914 935 εἶχε
934 907 1000 934 τυγ-

211 943 303 978 χάνειν
318 946 379 980 (οὐκ
394 944 442 973 οἵδ’
467 948 490 974 εί
515 948 562 974 καὶ
584 948 710 983 βασιλεὺς
734 948 821 980 οὕτως
842 947 1001 982 ἐξεπίτηδες

210 989 342 1023 ἔπραττε,
362 991 401 1026 μὴ
425 991 511 1028 θύραν
527 993 688 1029 παρρησίας
714 993 881 1026 ὑπανοιγνὺς
895 991 934 1028 τῷ
956 991 1001 1018 θέ-

211 1035 284 1063 λοντι
296 1037 483 1073 ἐντυγχάνειν,
501 1040 564 1066 ἐπεὶ
586 1041 633 1067 καὶ
653 1041 703 1066 οὐκ
726 1038 760 1075 ἦν
785 1038 1000 1074 μεταγινώσκειν

209 1082 314 1117 αὐτὸν),
332 1083 466 1118 ἁψάμενοι
482 1085 532 1119 τῆς
556 1085 626 1117 ὁδοῦ,
649 1085 762 1120 βασιλέα
783 1084 832 1120 μὲν
853 1085 900 1111 καὶ
915 1084 1001 1115 οὕτως

210 1129 402 1161 ἐξαποστέλλει
416 1131 476 1165 μετ’
490 1131 625 1165 εὐλογίας,
639 1132 719 1163 αὐτὸς
730 1131 752 1158 δ’
764 1132 822 1158 ἐκεῖ
836 1131 1001 1166 καταμένειν

213 1217 295 1245 modo
307 1218 379 1245 enim
398 1226 451 1246 non
467 1220 629 1248 conveniret
641 1220 699 1248 sisti
729 1220 781 1248 sibi
803 1221 860 1256 jam
877 1220 999 1248 adultam

214 1269 296 1298 atque
312 1265 381 1291 adeo
412 1265 470 1293 fere
494 1266 632 1294 admotam
663 1267 788 1294 trattsitui
819 1266 852 1293 ad
881 1266 1001 1294 nubilem

212 1314 318 1337 aetatem
335 1318 350 1338 a
363 1311 459 1345 puerili
477 1312 580 1346 regiam
599 1312 747 1347 virginem,
771 1319 832 1346 qum
849 1311 893 1339 vel
915 1312 938 1340 si
953 1312 1002 1339 ali-

213 1361 317 1390 quanto
331 1362 392 1391 post
407 1358 532 1392 quiutttm
555 1365 569 1384 a
585 1359 675 1393 printo
691 1358 774 1386 natali
793 1358 864 1386 diem
882 1359 1002 1393 pontitici

215 1402 374 1435 oﬂ‘erretur,
389 1411 479 1431 serum
496 1403 584 1431 foret?
598 1404 660 1432 llaec
674 1404 784 1440 oblique
795 1405 866 1440 jacta
877 1412 909 1432 eo
923 1406 1005 1440 perti-

216 1450 330 1481 nebant,
344 1455 374 1476 ut
389 1450 423 1477 ab
441 1450 606 1484 imperatore
621 1455 742 1477 mutuam
758 1451 904 1485 quamdam
921 1450 1005 1478 elice-

215 1499 276 1522 rettt
309 1495 481 1522 matrimonii
519 1495 650 1523 destinati
688 1496 866 1528 mentionem,
892 1504 925 1523 ex
949 1504 1003 1530 qua

215 1545 307 1575 posset
325 1548 392 1568 ansa
404 1541 479 1568 velut
506 1541 626 1576 quadam
644 1541 670 1568 itt
699 1541 912 1576 disputationem
932 1542 1003 1568 trahi
1018 1531 1039 1559 θ

216 1595 271 1614 non
292 1587 439 1622 probatum
454 1587 525 1614 istud
541 1588 703 1622 patriarcltm
717 1588 867 1622 negotium.
882 1587 935 1614 Sed
950 1588 1004 1614 elu—

215 1634 251 1661 sit
271 1633 354 1668 hujus
371 1637 444 1660 artes
461 1633 619 1667 Augustus;
651 1641 714 1660 nam
737 1634 838 1668 puella,
866 1633 939 1668 quod
957 1641 1004 1660 tte-

218 1680 278 1714 gati
290 1687 342 1706 non
356 1681 454 1714 potuit,
469 1680 493 1707 ei
510 1680 641 1712 exhibita,
656 1684 683 1707 et
694 1681 752 1714 ipso
761 1680 784 1707 ei
800 1680 877 1707 solita
889 1679 1004 1706 formula

217 1727 286 1753 bene
301 1729 421 1759 precato,
439 1730 606 1760 praevertcns
625 1733 733 1752 omnem
759 1725 916 1752 ulteriorem
943 1733 1000 1752 ser-

219 1779 326 1799 monem
357 1772 506 1807 imperator
536 1772 682 1807 inpuncto
711 1772 817 1806 signum
835 1772 915 1798 eundi
946 1771 1005 1798 suis

215 1817 300 1850 dedit,
317 1823 446 1846 causatus
463 1818 554 1853 urgeri
583 1826 613 1846 se
634 1823 664 1845 ut
681 1818 778 1845 ollieiis
794 1817 858 1844 alibi
877 1825 1005 1846 necessa-

217 1865 267 1891 riis
283 1868 452 1892 occurreret.
474 1865 513 1891 Ac
528 1865 569 1892 sic
586 1865 667 1892 verba
681 1865 707 1892 in
722 1872 769 1892 ore
783 1865 833 1891 fari
855 1864 910 1899 jatn
939 1864 1007 1891 inci-

218 1911 319 1945 pientis
333 1910 472 1937 truncavit
485 1905 622 1946 praesulis,
648 1918 714 1938 casu
740 1914 767 1938 et
786 1910 1006 1945 inopinatissimo

219 1957 279 1983 huic
294 1960 322 1984 et
338 1957 543 1984 molestissimo.
563 1957 631 1983 Nam
654 1957 726 1984 elabi
750 1957 802 1984 sibi
828 1957 861 1984 de
881 1957 1007 1985 manibus

217 2003 319 2030 tamdiu
355 2007 492 2037 captatam
524 2004 719 2034 occasionem,
749 2011 810 2038 qua).
833 2003 947 2031 sentiret
973 2003 1007 2031 de

217 2050 331 2077 Joannis
350 2049 511 2084 praefectura
537 2050 627 2084 deque
655 2049 727 2084 quod
757 2057 830 2077 nunc
864 2055 1007 2085 pararetur

218 2103 280 2122 eutn
298 2095 502 2128 craieluedere,
522 2095 681 2130 imperatori
701 2095 823 2127 dicendi,
851 2095 924 2122 haud
941 2095 1008 2123 tole-

220 2141 335 2169 randum
350 2146 436 2174 ratus,
457 2141 550 2169 tacitis
578 2149 670 2169 secum
688 2149 720 2168 ac
746 2141 864 2169 turbidis
888 2147 1007 2169 astuans

1054 905 1159 932 σάντων
1175 903 1246 931 ἑπτὰ
1268 902 1383 938 μακρῶν
1405 899 1473 927 νεῶν
1487 898 1559 926 κατὰ
1577 894 1781 931 πραγματείαν,
1797 893 1849 919 καὶ

1052 952 1131 986 λόγου
1149 950 1318 980 διαδοθέντος
1339 949 1376 980 ὡς
1392 947 1440 974 καὶ
1458 945 1551 975 στόλος
1567 943 1640 978 νηῶν
1657 941 1728 968 κατὰ
1752 940 1849 976 μάχην

1052 997 1279 1035 προσαναὸαίνει,
1305 995 1398 1026 δείσας
1413 992 1540 1020 ἐντεῦθεν
1558 990 1606 1026 τὴν
1632 987 1847 1016 Κωνσταντίνου

1052 1033 1221 1080 είσέρχεται,
1238 1043 1285 1069 καὶ
1293 1041 1344 1077 τὴν
1359 1041 1408 1075 τῆς
1421 1036 1661 1073 Παμμακαριστου
1677 1033 1767 1080 μονὴν
1779 1040 1848 1059 κατ-

1051 1079 1136 1123 οικεῖς
1158 1091 1226 1117 ὅπου
1250 1088 1299 1115 καὶ
1324 1087 1370 1114 ἐπὶ
1388 1085 1478 1120 καιρῷ
1500 1083 1548 1118 μὲν
1574 1081 1676 1117 μετρίῳ
1694 1079 1847 1116 ὴπράκτει,

1052 1136 1114 1166 εἷτα
1127 1137 1149 1164 δ’
1163 1135 1291 1170 ἀξιωθεὶς
1308 1133 1383 1170 παρά
1399 1141 1429 1160 τε
1441 1131 1490 1158 τοῦ
1505 1130 1608 1165 κλήρου
1621 1128 1669 1155 καὶ
1681 1127 1736 1154 τῶν
1750 1127 1848 1161 ἀρχιε-

1054 1235 1227 1258 recessurum
1253 1226 1344 1261 quoad
1359 1225 1380 1252 is
1406 1224 1515 1252 rediret.
1534 1222 1643 1250 Fanstis
1663 1224 1752 1247 tamen
1779 1225 1844 1245 ettm

1053 1276 1086 1302 de
1105 1280 1179 1301 more
1199 1272 1336 1300 Ominibus
1367 1267 1590 1297 Thessalonicam
1621 1264 1845 1301 proﬁciscentem

1052 1324 1095 1357 est
1124 1322 1297 1355 prosecutus,
1325 1320 1419 1344 certus
1451 1314 1560 1342 interim
1585 1313 1643 1348 ipse
1666 1312 1704 1339 ibi
1733 1316 1846 1337 manere

1053 1355 1142 1401 quoad
1158 1366 1308 1400 imperator
1333 1366 1529 1390 reverteretur.
1560 1359 1645 1399 Haesit
1666 1357 1750 1392 igitur
1766 1355 1846 1391 Sely-

1054 1413 1122 1440 brize
1142 1416 1241 1439 moesto
1257 1409 1366 1437 silentio
1381 1407 1481 1435 rodens
1499 1413 1629 1433 arcanum
1647 1403 1784 1434 dolorem,
1799 1405 1844 1428 ut-

1054 1463 1162 1490 cunque.
1195 1454 1281 1484 illum,
1301 1461 1353 1480 nott
1368 1452 1475 1487 penitus
1497 1452 1607 1486 ignarus
1632 1447 1746 1476 occultat
1771 1445 1845 1474 illius

1056 1510 1141 1532 curae,
1158 1499 1295 1528 consolari
1323 1498 1438 1526 tentavit
1466 1498 1626 1531 imperator.
1654 1493 1742 1521 Simul
1771 1493 1845 1520 enim

1057 1547 1181 1583 pervenit
1216 1545 1452 1576 Thessalonicam,
1483 1545 1569 1571 misso
1599 1542 1633 1569 ad
1661 1540 1844 1576 patriarcham

1056 1595 1174 1630 quodam
1187 1602 1201 1621 e
1217 1594 1274 1621 suis
1289 1596 1419 1628 praetextu
1435 1590 1522 1618 venite
1535 1588 1678 1624 poscenda:
1693 1586 1846 1621 percipien-

1056 1642 1153 1669 dorum
1177 1640 1211 1668 ab
1230 1640 1284 1667 alio
1319 1647 1365 1673 per
1393 1637 1453 1672 ejus
1483 1636 1645 1667 absentiam,
1682 1632 1846 1660 instantibus

1058 1695 1113 1715 tum
1131 1687 1209 1715 festis
1225 1685 1417 1715 Pascltaiibus,
1434 1689 1573 1711 saerorum
1593 1679 1774 1708 Eucltaristite
1798 1679 1846 1704 do-

1057 1741 1175 1765 nortttn,
1211 1735 1370 1758 consuetum
1407 1728 1515 1755 xeniutn
1548 1725 1670 1761 pecuniae
1707 1724 1734 1751 in
1755 1722 1846 1756 hospi-

1057 1780 1188 1807 talitatem
1215 1776 1348 1812 expendet
1360 1775 1402 1802 dte
1427 1774 1524 1801 obtulit
1551 1771 1761 1807 perliberaliter.
1781 1769 1844 1796 Eam

1057 1825 1258 1858 eleemosynam
1275 1822 1375 1849 solitus
1385 1827 1495 1854 semper
1511 1823 1590 1845 antea
1606 1817 1694 1844 fuerat
1707 1817 1845 1851 Augustus

1058 1871 1220 1907 patriarcha:
1235 1877 1316 1896 manu
1339 1867 1448 1903 propria
1467 1866 1528 1893 sine
1544 1864 1656 1891 arbitris
1673 1861 1792 1893 tradere,
1809 1860 1842 1887 ad

1057 1925 1192 1945 summam
1227 1923 1346 1943 annuam
1384 1913 1461 1940 mille
1485 1910 1633 1939 admodum
1670 1915 1842 1936 nummorum

1058 1964 1263 1992 ascendentem.
1280 1961 1332 1988 Sed
1360 1964 1425 1987 tunc
1437 1966 1492 1994 quo
1513 1963 1633 1993 praesens
1660 1954 1735 1989 fungi
1758 1952 1844 1980 ollicio

1059 2017 1112 2037 non
1128 2012 1230 2044 posset,
1247 2015 1302 2035 non
1318 2007 1399 2034 modo
1412 2013 1461 2041 per
1478 2007 1584 2031 certutn
1601 2001 1659 2028 vice
1671 1999 1844 2028 suhstitutum

1059 2063 1108 2083 sua
1128 2054 1266 2082 hominem
1283 2052 1413 2088 explevit.
1427 2057 1521 2077 verum
1540 2053 1567 2075 et
1584 2053 1683 2075 munus
1705 2051 1844 2072 commea-

1060 2102 1126 2129 dare
1140 2100 1247 2128 curavit
1266 2100 1352 2126 tnulta
1368 2097 1539 2125 humanitate
1564 2093 1722 2125 verborum,
1748 2090 1844 2126 quibus

1060 2153 1088 2176 ut
1102 2156 1182 2184 quam
1195 2147 1373 2174 blandissime
1386 2143 1503 2171 delinire
1517 2150 1531 2169 a
1548 2149 1577 2168 se
1588 2143 1734 2168 conaretur
1745 2144 1842 2172 a'grum

219 2187 434 2222 cogitationibus
451 2187 607 2214 minabatur
623 2187 696 2214 haud
712 2195 855 2214 cessurum
867 2195 940 2218 sese,
955 2195 1005 2215 nec
1024 2181 1045 2209 D
1062 2181 1186 2231 ρηέςηιίε
1205 2193 1337 2224 animum,
1354 2192 1377 2219 ei
1407 2198 1486 2225 quem
1511 2187 1669 2215 destinabat
1694 2183 1842 2219 imperam-

219 2236 260 2262 sic
275 2234 378 2261 infecto
391 2233 469 2268 cujus
482 2234 569 2267 gratia
585 2234 686 2260 exisset
702 2233 808 2268 negotio
819 2241 1004 2261 reversurum.

219 2282 258 2308 Ac
270 2281 334 2307 licet
348 2288 380 2307 ex
402 2285 477 2314 parte
492 2279 604 2306 videbat
615 2287 677 2306 esse
694 2279 870 2307 verisimilem
891 2287 1006 2307 excusa-

219 2328 319 2354 tionem
336 2326 479 2359 allegatam
497 2324 531 2351 ab
544 2325 679 2360 Augusto,
694 2325 766 2359 quod
783 2325 850 2353 satis
863 2331 1007 2361 appareret

220 2373 266 2400 tali
286 2380 347 2399 eum
361 2371 478 2398 articulo
497 2371 626 2404 tetnporis
645 2371 699 2399 alio
715 2372 786 2399 trahi
803 2373 847 2399 vix
871 2373 1007 2400 evitabili-

219 2421 270 2446 hus
286 2418 388 2450 causis,
399 2425 452 2444 non
467 2418 610 2445 desinebat
626 2422 715 2444 tamen
730 2418 866 2453 suspicari
882 2420 1006 2446 ttonuihil

219 2467 254 2492 ab
271 2466 331 2500 ipso
349 2465 503 2492 adhibitunt
522 2464 604 2491 studii
622 2464 654 2491 ad
671 2465 872 2492 excludendum
890 2473 918 2492 se
933 2475 1007 2493 emn-

220 2511 352 2538 tuoditate
368 2511 512 2537 audientiae
524 2511 624 2544 cupita:
637 2515 664 2538 et
677 2511 859 2538 oceludendas
876 2512 921 2539 tali
938 2520 1008 2547 pnes

220 2562 296 2585 textu
311 2565 392 2585 aures
410 2557 497 2584 libero
509 2565 588 2592 quem
607 2562 732 2592 paratum
755 2557 927 2592 intelligeret,
950 2566 1008 2586 ser-

220 2604 305 2637 moni,
325 2604 406 2639 283
423 2603 585 2631 dissuadere
597 2608 730 2631 conaturo
745 2604 835 2631 foedus
855 2604 1006 2636 Serbicum,

218 2650 299 2684 quasi
322 2658 350 2677 re
366 2649 483 2684 amplius
496 2658 551 2677 non
579 2649 696 2683 integra,
723 2657 754 2676 ex
783 2657 838 2685 quo
857 2649 908 2677 iter
936 2650 1006 2677 istud

217 2701 252 2722 eo
270 2698 350 2724 unice
366 2696 506 2731 pertinens
523 2695 725 2730 capessivissnt.
743 2695 814 2730 Ergo
832 2696 871 2723 sic
885 2696 942 2723 vale
955 2697 1006 2723 sibi

219 2744 356 2770 dicentem
374 2742 565 2777 imperatorem
580 2742 695 2769 multum
709 2742 772 2769 licet
792 2749 923 2774 moerens,
937 2746 964 2769 et
980 2742 1007 2769 itt

221 2795 332 2823 magno,
350 2788 413 2815 licet
431 2792 506 2815 muto
523 2795 555 2815 ac
569 2795 674 2816 sununa
692 2788 716 2815 vi
733 2788 915 2821 dissimulato,
930 2796 1007 2816 tuen-

221 2835 257 2862 tis
274 2839 340 2864 testu
356 2835 514 2872 relinquens
534 2834 689 2871 patriarcha
706 2835 802 2863 statuit
819 2841 849 2863 se
876 2835 938 2863 inde
952 2843 1006 2864 non

1062 2227 1120 2268 lloc
1137 2245 1226 2268 tamen
1244 2246 1298 2266 non
1321 2242 1364 2265 est
1383 2239 1525 2264 assecutus
1544 2237 1573 2260 ttt
1597 2233 1623 2259 in
1644 2230 1740 2258 urbem
1763 2227 1843 2255 remi-

1061 2286 1156 2323 grandi
1182 2285 1324 2313 consilium
1355 2282 1512 2318 patriarcha
1539 2279 1706 2313 susciperet:
1728 2274 1844 2310 perstitit

1060 2321 1133 2361 cuitu
1168 2332 1249 2360 etiam
1275 2335 1338 2366 post
1366 2330 1417 2356 hoc
1454 2326 1605 2362 Selybrite,
1652 2324 1740 2351 donec
1775 2321 1842 2356 gravi

1061 2383 1175 2406 coactus
1203 2375 1413 2411 superveniente
1440 2373 1491 2408 ipsi
1519 2371 1661 2399 oculorum
1693 2367 1787 2395 morbo
1813 2366 1842 2392 ad

1062 2423 1284 2452 commoditatem
1313 2420 1465 2449 curationis
1495 2418 1642 2446 admovere
1667 2423 1697 2443 se
1723 2414 1793 2446 urbi,
1818 2413 1841 2439 in

1062 2469 1258 2498 monasterium
1277 2468 1466 2496 suburbanum
1496 2463 1629 2492 Cosmidii
1654 2470 1682 2489 se
1709 2459 1843 2487 transtulit

1063 2523 1156 2543 mense
1171 2514 1265 2546 Jttnio,
1282 2513 1389 2548 copiam
1406 2511 1462 2538 illic
1476 2510 1626 2537 faciliorem
1644 2507 1786 2534 habiturus
1799 2512 1842 2532 ur-

1063 2564 1196 2590 banorum
1225 2560 1407 2588 medicorum.
1436 2558 1571 2585 Caeterum
1593 2556 1665 2584 Julio
1696 2555 1841 2588 insequenti

1063 2608 1272 2637 adventantibus
1286 2607 1312 2635 in
1327 2613 1386 2633 eam
1400 2612 1476 2632 oram
1491 2608 1595 2638 septem
1615 2602 1706 2637 longis
1723 2600 1841 2632 navibus.

1064 2653 1123 2679 licet
1143 2652 1183 2678 ita:
1201 2655 1363 2680 mercatura:
1378 2656 1462 2676 causa
1491 2647 1651 2680 veniebant,
1671 2647 1735 2680 quia
1761 2649 1842 2673 tamen

1063 2706 1157 2726 rtttuor
1174 2698 1222 2725 fuit
1242 2697 1342 2724 bellum
1361 2695 1464 2730 portari
1496 2694 1585 2722 classe
1607 2694 1672 2725 ista,
1706 2696 1776 2719 metu
1801 2699 1843 2719 ex-

1063 2750 1157 2774 trusus
1170 2745 1232 2772 loco
1243 2752 1275 2772 eo
1288 2751 1383 2780 parum
1396 2748 1453 2771 tuto
1470 2743 1610 2778 ingressus
1624 2741 1720 2769 urbem
1735 2745 1787 2774 est,
1798 2748 1842 2768 nec

1063 2796 1155 2819 tamen
1170 2790 1402 2825 patriarehalibus
1422 2789 1505 2825 284
1532 2796 1561 2816 se
1588 2788 1706 2816 reddidit
1735 2788 1842 2821 aedibus,

1064 2839 1110 2866 sed
1122 2838 1148 2865 in
1166 2837 1332 2866 monasterio
1344 2835 1550 2864 l‘ammacaristi
1560 2835 1675 2869 sumpsit
1690 2835 1839 2867 hospitium;
