1944 3061
101 141 146 171 313

104 200 165 234 ρέων
181 197 229 228 τὰς
243 196 329 233 θύρας
345 197 484 230 ἀνοίγνυσι
496 198 552 228 τοῖς
565 197 714 233 προσόδους
729 197 794 231 παρ’
811 197 880 223 ἐκεῖ·
899 195 923 224 Δ

102 254 142 271 νον
155 245 242 271 ποιεῖν
269 243 446 279 βουλομένοις
471 243 543 271 κατά
559 252 589 270 τε
609 243 701 279 κρίσιν
717 244 763 269 καὶ
778 242 884 269 clavo?”

103 292 192 327 ἑτέραν
206 291 342 326 ἀναδοχὴν
359 291 516 327 πατριάρχῃ
537 290 708 327 πρέπουσαν.

103 355 134 386 τ’.
153 351 246 384 Ὅπως
265 350 299 378 ἐν
323 351 535 384 Θεσσαλονίκῃ
556 350 714 384 διατρίϐων
737 349 856 384 ἐνήργει
872 350 887 375 ὀ

410 387 576 419 βασιλεύς.

142 433 170 460 '0
186 433 314 468 βασιλεὺς
342 432 363 458 δ’
377 433 414 458 νέν
440 431 627 467 Θεσσαλονίκῃ
648 431 813 466 καθήμενος,
829 429 889 456 τότε

106 480 214 516 πρώτως
232 480 295 507 ἰδὼν
311 480 432 514 ἐκείνην,
459 478 567 513 ἔπεμπε
593 478 643 513 μὲν
665 478 734 513 πρὸς
755 477 804 512 τὴν
822 476 889 503 [δίαν

107 526 267 561 αὑτανεψίαν
285 526 336 560 τὴν
357 525 469 558 Ἅνναν,
486 524 572 558 αὐτῆς
598 532 628 557 γε
649 521 891 557 προσλιπαρούσης

107 574 149 599 καὶ
175 571 304 607 κινούσης
334 571 383 606 τὴν
411 571 465 597 ἀπὸ
493 569 540 596 τοῦ
578 569 710 604 βασιλέως
737 568 891 602 εὐμένειαν,

108 619 206 652 ἔπεμπε
223 618 252 643 δέ
269 617 318 644 καὶ
333 617 403 651 πρὸς
416 615 478 647 τοὺς
499 614 755 650 σεϐαστοκράτορας
769 613 819 647 (ἔτι
837 613 892 646 γὰρ

109 667 133 692 ἐν
151 666 203 696 τοῖς
219 665 305 696 ζῶσιν
324 661 407 698 ἦσαν)
425 661 628 698 προσαπαιτῶν
651 659 842 695 Δημητριάδα,
859 659 893 692 ἣν

109 711 208 745 φθάσας
221 711 235 737 ὁ
252 708 505 745 πρωτοόεστιάριος
521 707 568 734 καὶ
585 706 707 741 κατέχων
723 705 894 739 ἀνῳκοδόμει

110 757 152 784 καὶ
165 755 270 791 βασιλεῖ
286 755 404 781 καθίστα
417 754 550 789 ὑπήκοον.
567 752 598 788 [Ρ
615 751 676 788 196]
694 747 746 782 Ἧς
764 751 811 777 καὶ
827 749 895 784 πρό-

110 811 180 836 τερον
196 801 325 837 βασιλεὺς
340 799 470 833 καθυφίει
484 799 527 826 διὰ
543 798 574 824 τὸ
593 799 645 832 τῆς
659 795 815 831 Θεοφανοῠς
828 795 896 831 πρὸς

111 849 218 882 θάτερον
233 847 289 873 τῶν
305 845 428 880 ἀδελφῶν
443 845 536 879 κῆδος.
555 843 679 870 Ἐκείνου
691 842 719 869 δὲ
730 841 898 872 κωλυθέντος
914 864 936 894 Β

111 894 211 929 θανάτῳ
224 893 276 928 τῆς
290 893 401 928 νύμφης
416 891 487 918 κατὰ
502 891 552 925 τὴν
568 889 783 923 Θεσσαλονίκην,
798 887 898 923 ἀπῄτει

111 941 165 968 τότε
186 939 306 974 πέμπων
326 938 356 966 τὸ
373 937 471 965 ἑαυτοῦ
493 937 616 964 δίκαιονα
640 933 820 972 Δημητριάδα
844 933 899 968 γὰρ

113 989 155 1014 aut
175 988 226 1021 πρὸ
241 985 291 1012 τοῦ
315 985 413 1012 ἐαυτοῦ
438 981 508 1010 εἶναι
533 983 581 1010 καὶ
605 983 666 1009 τότε
685 981 797 1011 δικαίως
813 987 899 1014 προσ-

114 1033 242 1060 απαιτεῖν.
274 1031 370 1058 Ταῦτα
393 1029 441 1056 τοῦ
470 1028 603 1064 βασιλέως
627 1024 899 1061 διαπρεσϐευομένου

114 1080 205 1107 ἐκεῖνοι
220 1079 292 1114 πρὸς
312 1077 411 1112 τριϐὰς
431 1075 553 1111 ἐχώρουν
577 1074 610 1101 τὰ
626 1073 729 1108 συνήθη
745 1072 900 1103 ποιοῦντες,

115 1126 161 1152 ὑπὸ
174 1126 231 1156 δέος
246 1125 297 1159 μὲν
316 1123 404 1155 ὄντες,
420 1123 462 1149 ὅτι
484 1120 611 1157 βασιλεὺς
627 1120 712 1154 ἐγγὺς
731 1118 901 1153 ἐφειστήκει,

116 1173 182 1207 ὅμως
196 1171 224 1199 δὲ
238 1169 287 1197 τοῦ
305 1169 439 1204 συνήθους
454 1164 649 1200 ἀλωπεκισμοῢ
667 1165 728 1191 οὐδὲ
741 1164 804 1190 τότε
827 1163 903 1196 πάμ-

117 1228 166 1246 παν
181 1217 359 1244 ἐπελάθοντο.
381 1214 474 1241 Ταῦτα
491 1214 513 1240 δ’
526 1213 580 1247 ἄρα
612 1210 748 1244 ἐξαγώνια
770 1207 842 1244 ἦσαν
864 1208 903 1244 τῷ

118 1264 226 1299 βασιλεῖ,
239 1264 282 1290 ὅτι
294 1261 356 1298 μηδ’
368 1260 459 1289 αὐτῶν
472 1258 632 1294 ἐξεληλάκει
645 1256 725 1293 χάριν
739 1255 806 1291 πρὸς
815 1255 903 1282 δύσιν.

118 1355 159 1382 ubi
176 1359 216 1382 sat
231 1354 317 1388 longo
332 1357 454 1386 tempore
467 1349 579 1377 clausus
596 1338 714 1375 cessavit
724 1345 758 1373 ab
771 1344 845 1372 omni
858 1351 906 1379 pa.

118 1399 250 1428 triarchali
273 1398 427 1429 functione,
441 1395 531 1431 quoad
548 1393 660 1421 tandem
676 1395 790 1426 rogatus
803 1398 818 1418 a
832 1391 907 1418 clero

119 1451 142 1474 et
156 1445 324 1474 antistitibus
339 1443 411 1471 fores
428 1440 705 1477 aperuit,'admittens
724 1445 771 1465 eos
785 1437 830 1472 qui
841 1443 908 1464 conv

119 1493 205 1521 venire
224 1500 254 1519 se
268 1491 374 1518 vellent
392 1496 440 1516 seu
463 1486 561 1522 judicii
587 1492 671 1513 causa
700 1484 758 1511 sive
784 1482 907 1518 cujusvis

121 1539 224 1567 alterius
243 1536 430 1573 patriarcham
445 1526 570 1561 decentis
589 1529 850 1558 administrationis.

121 1608 144 1634 5.
159 1607 223 1640 Quid
236 1603 433 1633 Thessalonica:
451 1607 616 1628 commorans
643 1598 724 1633 egerit
748 1596 905 1629 imperator.

155 1674 302 1710 Imperator
318 1669 521 1698 Thessalonicae
534 1673 720 1696 commorans,
739 1671 821 1699 quam
848 1666 906 1689 tum

123 1707 234 1755 primum
253 1718 350 1746 urbem
367 1716 485 1746 viderat,
517 1713 591 1741 misit
621 1711 693 1747 quia
712 1718 741 1738 se
766 1707 909 1736 consobri-

123 1775 178 1794 nam
202 1767 311 1793 Annam
337 1763 498 1793 salutarent,
532 1760 558 1786 id
572 1760 661 1794 ipsum
678 1757 723 1784 illa
739 1759 863 1791 precata,
880 1759 908 1782 et

124 1814 216 1848 quibus
232 1812 322 1847 potuit
338 1809 432 1837 ciliciis
459 1805 610 1843 promereri
631 1809 771 1839 satagente
795 1802 909 1838 Augusti

124 1859 350 1888 benevolentiam.
363 1855 439 1883 Misit
455 1854 537 1882 etiam
557 1853 589 1879 ad
605 1850 864 1883 sebastocratoras(
879 1848 906 1876 hi

125 1907 190 1934 enim
209 1905 299 1932 adhuc
317 1903 345 1930 in
377 1901 448 1929 vivis
472 1901 574 1933 erant)
601 1901 728 1932 repetens
763 1895 911 1922 Demetria-

125 1953 200 1985 dem;
219 1958 304 1987 quam
326 1948 463 1977 civitatem
479 1950 558 1973 antea
582 1942 811 1980 protovestiarius
825 1948 909 1968 occu-

126 2003 207 2033 patam
221 1996 440 2025 reatdificaverat
468 1997 496 2020 et
520 1991 619 2019 ditioni
640 1989 815 2025 imperatoris
834 1995 910 2015 asse-

126 2050 226 2078 ruerat;
243 2043 294 2072 sed
313 2042 365 2070 hac
392 2040 475 2076 paulo
491 2044 555 2066 ante
571 2039 722 2073 imperator
745 2040 867 2063 cesserat
883 2034 909 2061 in

126 2092 233 2127 gratiam
245 2089 431 2122 Theophanus
443 2094 531 2114 nurus
546 2093 602 2113 sua‘.
616 2083 732 2115 sororis,
750 2082 815 2110 dum
831 2080 912 2116 hujus

128 2136 328 2164 matrimonium
343 2142 404 2162 cum
416 2133 502 2161 altero
527 2132 779 2160 scbastocratorum
810 2131 913 2154 tracta-

128 2187 207 2210 retur.
218 2180 322 2209 Verum
337 2179 388 2206 isto
404 2177 533 2214 conjugio
547 2180 636 2203 morte
649 2177 816 2210 prmmatura
834 2178 916 2207 spon-
932 2175 954 2204 ι)

128 2235 171 2261 sae.
196 2235 256 2262 quae
286 2225 491 2253 Thessalonicae
509 2226 573 2249 ante
590 2221 699 2255 nuptias
730 2219 802 2246 diem
818 2217 914 2248 Pobiit,

129 2273 284 2308 intercepto,
300 2270 437 2298 redditam
454 2268 501 2302 tali
521 2274 585 2294 casu
612 2266 667 2302 juri
685 2271 735 2292 suo
754 2263 838 2298 priori
864 2269 913 2289 ur-

129 2318 185 2346 bem
198 2318 277 2346 istam
295 2316 444 2351 imperator
461 2313 636 2349 reposcebat,
653 2311 745 2338 missis
757 2309 802 2344 qui
826 2308 853 2336 id
867 2315 915 2335 ur-

130 2369 218 2400 gerent
233 2363 328 2399 legati.
346 2361 400 2389 Sed
413 2367 472 2388 eam
489 2359 724 2387 sebastocratores
750 2355 801 2383 sibi
823 2353 915 2381 solitis

132 2411 231 2439 artibus
248 2409 407 2445 petitionem
421 2405 582 2436 eludebant.
595 2411 648 2431 non
662 2401 774 2438 praecise
784 2405 917 2436 negantes

133 2458 297 2493 (metuebant
304 2455 404 2491 quippe
412 2453 466 2481 vim
474 2461 488 2480 a
495 2451 584 2479 vicina
592 2448 765 2485 imperatoris
772 2445 903 2483 potentia)
909 2465 917 2478 ,

134 2504 178 2531 sed
202 2500 476 2539 tergiversatiouibus
507 2499 678 2525 innectentes
706 2502 817 2527 moras,
843 2492 917 2520 haud

135 2550 241 2578 omnino
254 2550 398 2584 ignorante
411 2546 535 2579 Augusto
548 2543 641 2570 fucum
657 2541 709 2569 sibi
730 2540 787 2567 fieri
806 2543 832 2566 et
850 2546 918 2565 con-

135 2600 206 2623 sueta
223 2595 333 2623 familia!
351 2593 395 2621 isti
411 2590 598 2626 vulpinatione
611 2588 694 2615 verba
720 2586 790 2618 dari,
816 2585 921 2619 patien-

136 2642 187 2669 tius
204 2647 293 2669 tamen
312 2638 512 2670 dissimulante,
544 2635 616 2671 quod
631 2634 683 2662 sibi
709 2631 837 2660 causeius
866 2630 918 2657 alia

137 2688 266 2722 praecipue
282 2686 317 2714 de
333 2692 417 2713 causa
439 2682 639 2718 expeditiOnem
667 2680 693 2707 in
710 2677 848 2706 Occiduos
866 2680 921 2703 tra-

138 2738 194 2761 ctus
209 2742 222 2761 a
237 2741 265 2760 se
281 2733 353 2760 hanc
374 2734 542 2765 susceptam,
567 2728 658 2755 minus
680 2724 863 2753 laborandum
887 2722 920 2748 de

139 2780 178 2807 bis
188 2779 347 2808 accessoriis
366 2777 490 2812 putabat,
507 2776 570 2803 dum
590 2771 741 2808 principale
770 2769 920 2805 negotium,

141 2825 216 2862 285
231 2826 302 2862 quod
325 2828 385 2852 erat
414 2823 503 2851 foedus
524 2826 552 2850 et
584 2820 702 2847 afﬁnitas
730 2825 793 2846 cum
822 2816 920 2847 Serho,

135 2877 213 2913 recte
229 2871 401 2902 succederet.
417 2869 446 2898 lu
468 2869 519 2898 hoc
541 2869 624 2905 igitur
651 2866 823 2902 potissimum
842 2864 918 2891 iacu-

555 138 604 170 DE
616 139 837 170 ANDRONICO
864 139 1096 170 PALIEOLOGO
1117 140 1189 172 LIB.
1206 140 1256 172 IV.

1671 136 1726 168 3M

939 191 1081 231 ῘΙροῦργου
1096 197 1118 223 δ’
1131 194 1165 232 ἦν
1180 197 1211 223 τὸ
1225 197 1272 223 τοῦ
1289 196 1404 232 Σέρόου,
1420 196 1467 223 καὶ
1479 195 1595 230 πέμπων
1608 195 1728 228 ἀνελάμ-

938 242 1002 269 ίανέ
1021 251 1050 269 τε
1073 243 1122 275 τὰς
1142 243 1234 273 κοινὰς
1259 242 1412 274 συνθεσίας,
1441 242 1489 268 καὶ
1519 240 1729 275 κατηνάγκαζεν

939 289 1104 323 ἐγχειρίζειν
1125 289 1173 323 μὲν
1196 289 1344 322 Ῥωμαίοις
1361 288 1408 314 καὶ
1426 286 1596 322 Κοτανίτζην
1613 288 1660 313 καὶ
1679 287 1730 319 τὴν

939 335 1007 366 τέως
1036 335 1076 366 εἰς
1101 334 1224 369 γαμετὴν
1239 333 1335 365 οὖσαν,
1354 333 1566 366 ἀντιλαμϐάνειν
1587 333 1608 359 δ’
1621 334 1661 364 εἰς
1685 341 1729 365 γυ-

941 381 1023 406 νῖῖκα
1039 380 1155 415 νόμιμον
1173 381 1201 407 τὸ
1215 380 1262 406 τοῦ
1280 380 1410 415 βασιλέως
1423 379 1569 414 θυγάτριον

942 449 972 476 δ’.
991 448 1059 483 Περὶ
1073 448 1132 475 τῶν
1149 448 1364 475 ἀντιδοθέντων
1378 447 1496 482 ὁμήρων
1510 448 1559 474 διὰ
1574 447 1606 474 τὸ
1628 447 1732 480 κῆδος.

985 516 1057 543 Ἀλλ’
1071 517 1174 547 ἐκεῖνος
1189 516 1283 547 δεδιὼς
1304 517 1370 547 ἴσως
1386 516 1422 550 μή
1443 524 1501 547 πως
1517 515 1733 550 παραλογισθείη

943 564 992 595 τὰς
1008 563 1166 598 ὁμολογίας,
1189 564 1234 589 καὶ
1247 560 1285 597 δῷ
1303 564 1363 598 μὲν,
1384 564 1434 590 οὐκ
1454 562 1586 598 ἁντιλάὸῃ
1602 563 1639 593 δὲ,
1657 563 1672 596 ἦ
1690 563 1736 588 καὶ

945 609 1026 641 αὐτὸς
1043 609 1159 643 ἐμπέσοι
1175 617 1207 643 γε
1230 610 1270 640 εἰς
1286 609 1457 643 ἀρκύστατα,
1479 609 1531 635 ὑπὸ
1548 609 1653 639 πιστοῖς
1668 609 1737 642 ὁμή-

947 664 1006 691 ροις
1023 655 1116 690 ἐζήτει
1133 656 1181 686 τὰς
1208 656 1323 691 πράξεις
1347 655 1488 689 γίνεσθαι·
1515 655 1586 681 οὕτω
1611 655 1664 688 γὰρ
1694 655 1739 680 κιὶ

948 701 1047 737 ῥᾳδίως
1060 703 1147 728 ποιεῖν
1159 702 1192 727 τὰ
1206 701 1384 735 συγκείμενα,
1397 701 1419 727 εἰ
1431 701 1511 731 αὐτὸς
1523 701 1605 733 ἀξίως
1622 701 1741 735 προσλή-

947 747 1029 782 ψαιτο
1057 748 1119 778 τοὺς
1145 748 1279 782 ὁμήρους,
1302 748 1347 782 ὑφ’
1370 745 1408 778 οἷς
1434 748 1646 782 συνισχημένοις
1672 747 1742 773 ἑτοί-

950 800 1008 826 μως
1032 793 1082 817 καὶ
1099 792 1180 823 αὐτὸς
1201 793 1338 827 ἀπαντᾷν.
1358 791 1434 823 Ἐνὺς
1456 793 1510 826 γὰρ
1528 791 1575 818 τοῦ
1592 792 1642 823 τὴν
1658 792 1742 818 παῖδα

948 836 996 863 τοῦ
1010 836 1143 871 βασιλέως
1157 839 1275 871 γυναῖκα
1289 839 1362 872 σχεῖν
1376 837 1411 863 τὰ
1427 837 1517 863 πάντα
1531 838 1642 871 προΐετο
1655 846 1661 853 ·
1679 839 1703 864 εἱ
1721 838 1742 863 δ’

949 883 1076 918 ἀστοχοίη
1104 882 1201 909 τούτου
1227 882 1260 909 ἐκ
1288 892 1362 914 τινος
1385 884 1505 919 ἀπάτης,
1525 883 1565 914 ὡς
1586 883 1742 918 ὑφεωρᾶτο,

950 927 997 954 ἐπὶ
1020 927 1163 962 κεφαλαίῳ
1180 927 1347 962 ζημιοῦσθαι
1365 928 1477 959 δικαίως
1502 927 1581 963 ᾤετο.
1599 929 1681 954 Ὂοεν
1698 930 1744 955 καὶ

950 973 988 1005 ὡς
1005 971 1063 1008 εἶχε
1080 973 1312 1008 κατησφοιλὶςετο,
1327 973 1373 999 καὶ
1396 973 1547 1008 λαμϐάνειν
1563 975 1683 1009 ὁμήρους
1700 974 1744 1000 διὰ

950 1018 1015 1050 τοὺς
1034 1018 1128 1049 αὑτοῦ,
1147 1018 1309 1044 ἀντιδιδόναι
1323 1018 1345 1044 δ’
1364 1018 1486 1053 ὁμήρους
1501 1018 1544 1044 διὰ
1558 1018 1607 1052 τὴν
1628 1018 1675 1044 τοῦ
1694 1018 1746 1052 βα-

953 1063 1048 1095 σιλέως
1061 1063 1144 1090 παῖδα
1159 1062 1236 1098 ὴξὶου
1252 1072 1282 1089 τε
1299 1064 1345 1090 καὶ
1360 1063 1531 1099 ἀντηξιοῦτο,
1550 1064 1684 1098 βασιλέως
1699 1065 1746 1090 ἐπὶ

952 1111 1060 1142 τούτοις
1089 1110 1245 1142 νεύσαντος.
1275 1111 1434 1145 Πέμπονται
1459 1111 1549 1137 τοίνυν
1574 1110 1748 1145 ἑκατέρωθεν

953 1158 1067 1193 ὅμηροι,
1081 1157 1129 1184 καὶ
1140 1157 1210 1184 κατά
1227 1157 1310 1192 μέσον
1320 1157 1366 1184 τὸν
1379 1157 1501 1193 ποταμὸν
1516 1157 1665 1192 Βαρδάριον
1678 1159 1749 1184 ἀντ-

955 1204 1143 1236 αλλάττονται,
1159 1203 1204 1230 τοῦ
1227 1203 1328 1239 Σέρὸου
1344 1203 1437 1234 δόντος
1458 1205 1507 1239 μὲν
1521 1204 1569 1230 καὶ
1580 1203 1750 1238 Κοτανιτζην

956 1250 1004 1278 καὶ
1016 1250 1067 1288 τὴν
1081 1251 1128 1278 τοῦ
1145 1250 1281 1286 Τερτερῆ,
1294 1250 1484 1282 ἅντιλαϐόντος
1496 1250 1525 1276 δὲ
1541 1249 1589 1285 τὴν
1604 1249 1650 1276 τοῦ
1668 1249 1748 1285 βασι-

957 1342 1035 1374 huit;
1053 1340 1200 1375 missisque
1217 1340 1264 1374 qui
1280 1339 1382 1366 cralem
1398 1343 1537 1373 urgerent,
1551 1337 1585 1365 ab
1597 1346 1629 1365 eo
1638 1345 1753 1373 expres-

958 1389 1005 1421 sit,
1021 1388 1098 1423 jnxla
1113 1391 1261 1418 conventa,
1276 1390 1341 1413 utet
1358 1385 1531 1414 Colanitzam
1544 1389 1662 1419 etquam
1677 1389 1755 1411 eate-

960 1441 1012 1461 nus
1026 1433 1123 1460 uxoris
1138 1432 1200 1460 loro
1214 1431 1355 1458 mulierem
1370 1430 1504 1458 habuerat
1520 1430 1652 1460 traderet.
1664 1433 1748 1463 atque

960 1479 1041 1515 hujus
1057 1479 1083 1505 in
1099 1478 1189 1505 locum
1204 1477 1352 1512 legitimam
1366 1483 1490 1511 uxorem
1505 1475 1622 1510 Augusti
1644 1475 1754 1502 filiolam

960 1527 1106 1561 acciperet.

960 1585 990 1611 4.
1008 1583 1044 1610 De
1062 1582 1198 1610 obsidibus
1222 1581 1333 1608 invicem
1360 1581 1431 1607 datis
1454 1581 1490 1607 ad
1511 1579 1680 1607 securitatem
1701 1583 1757 1605 tra-

1217 1622 1304 1644 ctatus
1318 1616 1349 1643 de
1365 1616 1502 1650 affinitate.

997 1663 1055 1691 Non
1070 1667 1160 1690 tamen
1173 1662 1231 1690 hiee
1245 1663 1334 1690 erales
1348 1662 1407 1690 sine
1421 1663 1534 1697 pignore
1547 1661 1692 1689 relaxavit.
1702 1660 1756 1688 Me-

961 1717 1042 1740 tuens
1051 1711 1123 1738 enim
1138 1718 1182 1743 ne,
1193 1710 1216 1738 si
1228 1709 1370 1737 festinaret
1380 1709 1444 1737 dare
1455 1717 1514 1744 qua:
1522 1709 1698 1744 poscebatur,
1708 1709 1761 1735 eir-

962 1758 1172 1787 eumveniretur
1187 1757 1349 1784 credulitate
1374 1756 1542 1788 inconsulta,
1561 1755 1666 1790 negatis
1686 1759 1760 1790 post-

964 1812 997 1832 ea
1013 1812 1074 1839 quae
1090 1811 1119 1832 sc
1138 1803 1259 1830 vicissim
1283 1807 1460 1836 accepturum
1484 1807 1557 1829 esset
1580 1806 1688 1835 pactus,
1714 1807 1761 1828 aut

962 1852 1044 1879 etiam
1064 1851 1091 1878 in
1106 1857 1197 1877 casses
1214 1857 1244 1876 se
1257 1848 1395 1881 indueret,
1410 1848 1512 1882 quibus
1527 1855 1600 1882 aegre
1612 1855 1661 1882 pos
1674 1855 1704 1874 ea
1717 1855 1766 1874 ex-

963 1898 1121 1927 tricaretur,
1139 1895 1281 1929 respondit
1295 1898 1389 1921 mutua
1403 1893 1552 1921 traditione
1572 1893 1698 1920 obsidum
1718 1891 1767 1919 ﬁr-

966 1943 1036 1970 mari
1066 1940 1265 1976 promissorum
1295 1939 1412 1966 invicem
1440 1938 1524 1966 fidem
1557 1943 1704 1973 oportere:
1726 1937 1766 1965 sic

965 1988 1037 2015 enim
1053 1986 1176 2014 securius
1201 1985 1339 2018 negotium
1358 1984 1486 2018 utrinque
1510 1983 1767 2017 processuruthtc

966 2033 1077 2061 tenebat
1094 2031 1234 2058 hominem
1254 2029 1352 2064 cupido
1376 2036 1476 2064 magna
1502 2029 1563 2056 filiae
1593 2028 1767 2062 impcra‘oris

966 2080 1045 2105 certo
1061 2075 1114 2102 sibi
1130 2073 1270 2102 connubio
1285 2072 1445 2108 iungendus,
1464 2081 1497 2100 ex
1515 2081 1569 2107 quo
1582 2077 1717 2106 quantum
1739 2073 1768 2098 et

968 2121 1082 2160 honoris
1099 2124 1126 2148 et
1144 2119 1283 2147 commodi
1300 2123 1373 2146 esset
1389 2119 1415 2145 in
1443 2127 1472 2146 se
1492 2119 1708 2146 redundaturum
1729 2119 1770 2144 in-

972 2167 1127 2203 telligebat;
1143 2165 1274 2200 indeque,
1287 2167 1317 2191 ιιι
1329 2172 1494 2200 magnopere
1507 2165 1670 2192 desideratis
1690 2165 1770 2191 anxie

965 2216 1094 2247 timetur,
1113 2213 1235 2249 inquieta
1267 2212 1454 2240 sollicitudine
1481 2213 1665 2248 pungebatur,
1690 2218 1771 2246 γονη-

965 2265 1026 2290 tans
1042 2269 1075 2289 ne
1096 2261 1166 2289 forte
1183 2267 1252 2288 vana
1268 2268 1299 2289 ea
1315 2268 1378 2294 spes
1396 2261 1588 2288 ostenderetur
1602 2268 1616 2287 a
1628 2259 1769 2291 Romanis,

970 2308 1080 2335 resilire
1096 2314 1128 2333 ac
1142 2306 1270 2334 frustrari
1288 2315 1318 2334 se
1333 2306 1449 2341 paratis,
1473 2305 1555 2333 sintut
1574 2313 1633 2340 quae
1656 2313 1688 2332 ex
1712 2305 1772 2339 ipso

966 2353 1172 2387 concupierant.
1186 2356 1323 2380 tenerent.
1362 2351 1399 2379 Ea
1415 2359 1498 2386 porro
1511 2352 1545 2379 de
1562 2359 1646 2379 causa
1667 2352 1771 2386 petenti

965 2398 1045 2429 erati,
1058 2405 1084 2425 et
1098 2397 1219 2425 vicissim
1235 2397 1376 2430 offerenti,
1403 2397 1506 2432 quibus
1530 2396 1592 2424 fidei
1619 2402 1770 2424 convento—

973 2452 1035 2471 rum
1058 2449 1217 2476 caveretur,
1232 2449 1342 2470 mutuos
1367 2443 1487 2475 obsides,
1516 2442 1773 2476 annuitAugustus;

968 2497 1086 2524 moxque
1100 2489 1126 2516 in
1144 2488 1234 2516 medio
1249 2488 1336 2515 Barda
1344 2488 1384 2515 rio
1402 2495 1482 2514 amne
1495 2488 1547 2514 rite
1559 2488 1637 2522 prius
1653 2486 1775 2513 celebra-

969 2541 995 2564 ta
1010 2534 1215 2570 permutatione
1230 2533 1359 2561 obsidum
1374 2533 1506 2568 utrinque
1518 2533 1679 2566 missorum,
1691 2531 1773 2559 etiatn

970 2583 1029 2609 Sine
1049 2588 1123 2609 mora
1143 2587 1301 2615 processum
1326 2579 1360 2606 ad
1381 2579 1478 2607 effecta
1497 2582 1549 2612 est,
1566 2578 1654 2606 Scrbo
1663 2578 1774 2613 quidem

970 2626 1140 2655 Colanitzam
1156 2629 1183 2653 et
1200 2625 1282 2652 filiam
1310 2623 1432 2652 Terteris
1455 2624 1586 2657 dedente,
1598 2623 1777 2657 vicissimque

976 2674 1129 2708 accipiente
1146 2672 1180 2698 ab
1198 2672 1365 2706 imperatore
1383 2671 1469 2706 ipsius
1488 2670 1571 2697 filiam
1586 2670 1651 2697 luxu
1665 2673 1779 2696 ornatu-

975 2730 1030 2757 que
1045 2721 1138 2755 regiis,
1154 2719 1283 2747 satellitio
1301 2718 1444 2754 splendido
1463 2718 1618 2746 deductam,
1631 2715 1781 2748 statimque

975 2772 1047 2804 post,
1073 2767 1155 2795 simul
1176 2766 1211 2793 ab
1237 2765 1401 2792 Achridensi
1432 2763 1551 2792 Macario
1581 2761 1772 2790 ecclesiastiee

974 2815 1085 2851 sponsis
1100 2813 1197 2840 fuisset
1210 2812 1259 2839 rite
1270 2811 1407 2846 impertita
1419 2810 1583 2841 benedictio,
1597 2807 1711 2835 summis
1727 2806 1782 2833 ho-

976 2861 1087 2890 noribus
1107 2858 1240 2887 allectum.
1264 2856 1321 2885 Non
1343 2857 1414 2885 cnim
1445 2855 1517 2883 illam
1540 2854 1628 2883 cralcs
1659 2857 1688 2882 ut
1713 2859 1780 2888 pro-
