1944 3061
171 120 223 151 315

767 123 928 153 GECRGII
953 121 1198 153 PACHYMERJ‘Z

1757 119 1812 151 316

170 179 239 210 λέως
252 179 344 212 ταῖδα,
365 181 425 215 μεθ’
439 181 479 207 ὅτι
491 182 630 217 ’πλείστης
648 183 696 216 τῆς
714 184 856 217 σπατάλης
870 192 899 209 τε
914 184 960 210 καὶ
977 188 996 213 Α
1015 186 1052 215 ς’.
1070 182 1140 217 Περὶ
1156 181 1210 215 τῆς
1229 180 1288 207 τῶν
1301 179 1476 217 Βενκτικῶνῗ
1489 179 1558 217 περὶ
1581 179 1636 213 τὴν
1652 181 1808 207 Θεσσαλο-

171 227 335 260 εορυιρορίας
345 227 527 261 πεμφθεῖσαν.
549 217 602 255 Κσῖ
612 228 643 263 δὴ
659 229 705 255 7.47.".
718 230 793 264 παρὰ
804 230 851 255 τοῦ
872 230 964 264 Ἄχρι-

171 271 225 300 δῶν
244 272 390 307 Μακαρίου
403 273 582 301 τελετοεισῶν
599 275 653 301 τῶν
666 275 790 309 συνήθων
808 275 964 311 ἱερολογιιῖιν

173 319 221 349 τὰς
245 319 329 354 τιμὰς
355 320 550 354 προσηκούσας
577 321 696 357 ἐδέχετο,
715 322 756 347 ὅτι
782 321 828 348 καὶ¹
853 321 934 353 αὐτὸς
952 323 965 348 ὁ

172 365 277 399 κράλης
293 367 384 399 μεῖζον
402 366 417 401 ἢ
435 367 506 393 κατὰ
520 368 636 402 σύζυγον
651 368 700 403 τὴν
716 367 762 394 τοῦ
779 368 914 403 βασιλέως
928 367 960 402 [Ρ

173 411 235 447 197]
253 412 466 447 καθυπεδέχετο.
491 414 526 439 Οὐ
542 413 596 448 γὰρ
613 413 650 445 ὡς
666 411 739 448 εἶχεν
759 413 879 447 ἔφιππος
894 413 967 447 ἠνεί-

172 466 235 492 χετο
249 458 443 492 ὑποδέχεσθαι.
468 458 527 484 ἀλλ’
542 459 729 491 ὑποπτώσεως
747 461 879 495 σχήματι,
897 460 967 485 αἰδοῖ

172 501 211 536 τῷ
222 502 291 537 πρὸς
303 502 426 536 βασιλέα,
440 503 548 535 ἀποϐὰς
564 503 611 530 τοῦ
626 504 710 530 ῖππου
725 504 964 540 προσερχομένην,

171 547 209 577 ὼς
222 548 391 575 δεσπόσυνον
407 549 489 583 δῆθεν
507 551 555 577 καὶ
568 551 617 586 οὐχ
634 551 671 582 ὡς
692 550 819 585 σύζυγον,
837 550 966 586 φιλοφρο-

173 594 219 620 νού
225 603 306 628 μενος
325 596 483 631 ὑπεδέχετο.

174 666 205 689 ε’.
225 662 326 697 Ὅπως
340 665 506 697 ὑπεδέξατο
525 665 678 727 grumam
698 665 750 693 τὸν
761 665 881 700 κράλην
898 667 969 699 Σερ-

560 710 608 727 ac.

560 710 608 733 ας.

212 766 280 792 Τότε
294 767 341 794 καὶ
366 768 495 802 βασιλεὺς
513 769 584 796 κατὰ
603 768 653 804 τὴν
675 769 752 796 πόλιν
768 768 970 803 Θεσσαλονίκην

176 812 280 840 ἐκεῖνον
297 814 516 849 μεγαλοπρεπῶς
541 815 695 850 ἐθεράπευε
717 815 766 842 καὶ
796 815 893 851 δώροις
921 815 969 842 καὶ

1274 216 1365 248 ’νίκην
1379 216 1550 248 πρεσϐείας.

1053 263 1120 289 Τότε
1135 261 1182 288 καὶ
1194 262 1335 288 Βενετικοὶ
1350 262 1382 287 ἐκ
1396 260 1445 287 τοῦ
1463 261 1634 297 παρασχεδὸν
1649 260 1717 296 πρὸς
1734 261 1811 296 βασι-

1020 308 1068 334 λέα
1088 307 1326 342 διεπρεσῦεύοντο,
1337 308 1385 333 καὶ
1396 308 1445 342 τὴν
1457 307 1527 342 μετὰ
1542 306 1688 341 Ῥωμαίων
1699 309 1812 343 εἰρήνην

1018 355 1133 391 ἐζήτουν
1149 354 1292 382 ἀνανεοῦν.
1317 353 1416 380 Ἤθελε
1434 354 1528 389 μέντοι
1548 354 1596 381 καὶ
1614 354 1741 388 βασιλεὺς
1759 355 1811 381 αὖ-

1017 403 1082 432 τοῦς
1097 401 1236 436 δέχεσθαι,
1257 400 1314 427 ἀλλ’
1335 401 1408 435 ὅμως
1428 400 1529 435 μεταξὺ
1553 401 1656 435 ἀμφοῖν
1680 401 1812 436 βουλομέ-

1019 457 1074 474 νοιν
1096 448 1279 482 προσίσταντο
1294 447 1328 472 τὰ
1342 447 1458 482 ἐνέχυρα
1471 447 1544 482 ἆπερ
1561 447 1668 482 φθάσας
1683 447 1813 482 βασιλεὺς

1020 497 1051 522 ὲκ
1064 495 1214 521 Βενετικῶν
1235 495 1284 529 τῆς
1304 494 1505 529 πυρπολήσεως
1521 494 1603 521 ἕνεκα
1623 495 1813 529 προσαφῂρει,

1020 541 1038 568 ἃ
1056 542 1156 568 ἐκεῖνοι
1176 541 1225 575 μὲν
1241 539 1364 576 ἀπῄτουν
1387 541 1434 567 καὶ
1450 540 1538 572 οὕτως
1556 540 1654 576 ἠθελον
1672 540 1814 576 δέχεσθαι,

1022 586 1150 622 βασιλεὺς
1176 586 1205 612 δὲ
1224 587 1365 621 περιεώρα
1382 587 1428 613 καὶ
1444 586 1481 617 ὡς
1497 586 1612 613 δικαίων
1625 586 1680 613 τῶν
1699 587 1816 620 ἀφαιρε-

1021 632 1121 659 θέντων
1136 633 1286 667 ἀντείχετο.
1305 633 1457 664 Βενετικοῗς
1478 632 1499 658 δ’
1521 631 1555 668 ἦν
1572 632 1748 667 ὀρεγομένοις
1765 632 1816 666 τῆς

1023 677 1092 713 μετὰ
1109 677 1240 712 βασιλέως
1252 678 1364 712 εἰρήνης
1379 678 1425 704 καὶ
1439 677 1564 704 πλεῖστον
1577 677 1609 713 [Ρ
1626 677 1688 713 198]
1705 679 1817 711 ἀφεῖναι

1022 723 1076 750 τῶν
1104 723 1252 758 ἐνεχύρων,
1272 724 1295 750 εἰ
1322 723 1449 759 βασιλεὺς
1468 724 1515 750 καὶ
1541 723 1628 765 οὕτως
1652 724 1817 750 σπένδεσθαι

1023 768 1179 795 κατανεύοι.
1196 768 1265 800 Ἤδη
1289 768 1318 794 δὲ
1334 768 1381 794 καὶ
1402 768 1531 803 βασιλεὺς
1554 768 1731 801 ἀγαθοθελῶς
1747 769 1818 795 ὑπε-

1022 814 1129 841 κλίνετο
1148 815 1200 841 κᾶν
1213 815 1315 847 ἐκεῖσε,
1331 816 1379 842 καὶ
1393 815 1443 850 τὴν
1454 815 1567 851 εἰρήνην
1576 815 1649 842 οὕτω
1664 815 1818 848 καθίστων,

175 860 269 894 τιμαῖς
284 860 325 894 ἐφ’
337 861 460 895 ἡμέραις
471 861 584 896 ἧγαλλε,
604 862 728 893 καὶτοὺς
741 861 824 888 αὑτοῦ
841 862 972 895 μεγιστᾱ-
986 863 1009 892 Β
1023 861 1047 888 εἰ
1066 861 1102 896 μή
1122 870 1154 895 γε
1176 860 1259 897 βουλή
1287 870 1368 888 τινων
1384 861 1441 889 τῶν
1466 862 1538 897 ἀμφ’
1555 862 1637 889 αὑτὸν
1660 862 1819 898 μεσολαϐή-

176 914 225 937 νας
245 905 392 940 βασιλικῶς
409 907 537 941 ἐδωρεῖτο
564 909 620 938 τοῖς
651 908 784 943 μείζοσιν.
807 906 864 935 Εἶτ’
891 906 970 940 αὖθις

176 953 224 978 καὶ
244 952 406 986 ἀποπέμπει
428 953 652 986 πολυταλάντους
681 955 780 990 ἐκχέας
802 954 853 987 τὰς
869 955 971 987 δόσεις.

175 998 437 1034 παρακεκινημένου
461 1000 594 1036 τάδελφοῦ
614 1001 754 1035 Στεφάνου
780 1000 900 1036 (ὑπενόει
916 1001 970 1035 γὰρ

177 1045 304 1076 κάκεῖνος
321 1046 372 1080 ἤδη
391 1046 440 1081 τὴν
461 1047 529 1074 [δίαν
550 1048 798 1083 παρακινδύνευσιν
814 1049 853 1079 ὡς
871 1048 970 1075 αὐτίκα

177 1091 311 1125 τάδελφοῦ
322 1091 439 1127 μεῖζονῆ
452 1093 586 1127 πρότερον
601 1094 671 1120 uati
683 1094 714 1120 τὸ
726 1094 800 1125 εἰκὸς
814 1094 970 1128 φρονήσαν-

178 1145 233 1170 τος,
250 1138 297 1164 καὶ
310 1138 354 1164 διὰ
369 1138 448 1165 τοῦτο
462 1139 578 1165 ἔσπευδε
596 1139 786 1174 προκαθιστᾷν
806 1140 844 1170 ὡς
859 1138 916 1174 εἶχε
936 1139 971 1165 τὰ

179 1184 241 1210 καθ’
269 1184 381 1218 ἑαυτὸν)
412 1185 530 1218 πέμπων
559 1185 737 1220 συμμαχικὸν
768 1185 908 1220 βασιλεὺς,
933 1184 971 1217 ὡς

179 1228 236 1258 οἷόν
249 1231 272 1257 τ’
288 1228 333 1266 ἦν,
349 1231 489 1266 ὑπέθραυε
503 1232 553 1263 τὰς
567 1232 655 1266 ὁρμὰς
667 1231 706 1267 τῷ
722 1231 863 1268 Στεφάνῳ.

181 1332 267 1369 priam
291 1333 447 1367 conjugem,
462 1333 508 1360 sed
524 1337 552 1361 ut
565 1332 739 1367 imperatoris
753 1332 835 1359 tiliam
854 1333 972 1368 excepit,

180 1379 282 1413 quippe
293 1378 365 1406 haud
379 1379 520 1407 sustinens
535 1379 562 1406 in
575 1386 657 1414 equo,
676 1383 704 1406 ut
723 1383 779 1405 tum
803 1381 873 1410 erat,
889 1379 972 1414 286

180 1430 372 1452 occurrentem
390 1424 522 1456 salutare,
539 1425 585 1452 sed
604 1424 636 1451 ad
653 1424 772 1459 primum
782 1423 842 1458 ejus
859 1431 975 1458 conspe-

178 1476 254 1499 ctum
268 1471 399 1498 desiliens
424 1471 494 1498 etin
519 1471 636 1506 speciem
664 1471 851 1498 venerationis
872 1469 972 1497 inﬁma:

1023 914 1094 933 σασα.
1110 905 1168 940 (καὶ
1178 906 1233 942 γὰρ
1248 905 1279 933 τὺ
1295 906 1390 939 κακῶς
1399 907 1473 942 ἔχειν
1489 907 1642 942 ξυμπεσεῖν
1656 908 1711 934 τῶν
1726 915 1818 943 πραγ-

1025 952 1117 988 μάτων
1133 954 1250 985 ἐκεινοις
1273 954 1401 980 ὑπέτεινε
1421 954 1529 982 τούτοις
1552 954 1649 981 ἐλπίδα
1665 954 1752 989 μείζω
1768 954 1831 981 τοῦν

1023 998 1071 1024 καὶ
1086 998 1158 1025 οὕτω
1173 999 1257 1034 μηδὲν
1280 999 1415 1032 λαϐόντας
1431 1000 1486 1026 τῶν
1502 1000 1639 1035 ἐνεχύρων
1659 1000 1709 1031 τὰς
1732 1008 1819 1026 σπον-

1023 1044 1072 1075 δὰς
1087 1045 1210 1080 ἀγαπᾷν)
1233 1045 1284 1083 τῂν
1307 1046 1357 1079 τῆς
1382 1047 1495 1081 εἰρήνης
1520 1046 1656 1081 πρόόισιν
1673 1045 1819 1073 διεκώλυε.

1024 1091 1078 1117 Καὶ
1093 1092 1117 1117 οἱ
1134 1091 1184 1126 μὲν
1199 1091 1326 1118 ἐντεῦθεν
1344 1092 1381 1128 μὴ
1397 1092 1468 1119 οὕτω
1485 1092 1706 1128 καταδεξάμενοι
1731 1092 1821 1119 ποιεῖν

1023 1138 1073 1169 τὰς
1089 1138 1208 1168 σπονδὰς
1220 1138 1358 1172 ἄπρακτοι
1372 1139 1612 1175 καουπέστρεφον.

1039 1184 1072 1215 ζ’.
1086 1183 1154 1217 Περὶ
1174 1183 1230 1217 τῆς
1249 1185 1395 1219 θυγατρὸς
1408 1185 1461 1211 τοῦ
1482 1184 1532 1211 ἐπὶ
1547 1185 1600 1212 τοῦ
1615 1184 1802 1212 normis/av.

1059 1230 1188 1262 Βασιλεὺς
1200 1230 1228 1257 δὲ
1240 1230 1285 1257 τὸν
1308 1230 1353 1256 ἐπὶ
1375 1230 1422 1257 τοῦ
1447 1230 1602 1257 κανικλείου
1623 1230 1748 1266 Χοΰμνον
1778 1230 1822 1256 θέ-

1024 1332 1076 1361 bns
1095 1332 1224 1367 utrinque
1247 1332 1397 1367 propositis
1425 1340 1528 1360 moram
1559 1335 1670 1369 negotio
1696 1333 1822 1369 injiceret

1022 1379 1224 1414 oppigneratio,
1245 1378 1279 1405 de
1296 1386 1349 1413 qua
1367 1378 1501 1411 diximus,
1523 1380 1659 1408 bonorum
1678 1381 1712 1408 ad
1734 1381 1820 1408 Vene-

1023 1428 1066 1451 tos
1085 1424 1159 1452 urbis
1173 1423 1429 1459 Constantinopolis
1442 1425 1820 1460 inquilinospertinentium,

1025 1471 1113 1498 donec
1133 1470 1221 1497 multa
1237 1470 1390 1497 solveretur
1408 1470 1518 1498 Venetis
1536 1471 1764 1500 inccndiiGalata:
1775 1481 1825 1499 an-

179 1518 345 1549 submissus,
363 1518 522 1551 imperatori
535 1517 658 1544 debittnn
676 1517 806 1544 honorem
822 1516 880 1550 ejus
890 1516 971 1550 proli,
987 1525 1010 1557 α
1027 1518 1150 1545 ctoribus
1162 1517 1277 1544 indicta.
1293 1517 1345 1544 lsla
1358 1517 1471 1552 pignora
1486 1517 1544 1544 suis
1557 1518 1632 1545 reddi
1656 1518 1824 1554 multamque

179 1564 357 1598 quantumvis
374 1571 433 1590 suae
447 1570 564 1598 sponsae,
579 1562 757 1590 deferendum
775 1565 861 1594 ratus,
875 1561 980 1595 potius-

179 1617 234 1645 que
261 1608 490 1636 considerandum
508 1613 688 1643 augustorum
705 1608 837 1635 natalium
848 1607 978 1641 splendo-

180 1663 238 1683 rem
255 1663 336 1690 quam
348 1655 534 1682 conditionem
560 1654 664 1686 uxoris,
690 1654 796 1681 ratione
817 1653 896 1687 cujus
926 1653 978 1680 sibi

181 1707 266 1740 esset,
283 1707 312 1729 ut
327 1703 394 1735 viro,
408 1702 470 1736 jure
486 1701 621 1735 subjecta.

255 1759 279 1786 5.
305 1758 338 1784 Ut
355 1759 483 1793 exceperit
500 1759 644 1793 impera/er
666 1758 764 1785 cratem
786 1757 898 1785 Serbiw.

236 1828 313 1856 Tunc
321 1829 402 1855 etiam
416 1828 563 1865 imperator
577 1827 677 1855 cralem
692 1827 719 1854 in
733 1827 872 1854 civitatem
889 1826 978 1854 Thcs—

184 1875 335 1903 salonicam
360 1874 503 1909 splendide
518 1874 654 1901 invectum
671 1873 816 1908 exquisitis
830 1872 919 1900 aﬂecit
931 1873 980 1900 lto-

184 1921 311 1954 naribus,
324 1921 404 1948 donis
418 1925 445 1948 et
459 1921 533 1948 onmi
557 1920 759 1956 signiﬁcatione
783 1920 980 1948 benevolentia:

185 1975 234 2003 per
250 1967 308 1994 dies
322 1967 425 2002 aliquot
438 1966 575 2000 dignatus,
599 1973 727 2000 proceres
743 1972 853 2000 quoque
867 1964 981 1992 comita-

185 2019 229 2041 tus
242 2014 315 2041 illius
329 2017 492 2041 muneratus
507 2014 587 2048 plane
603 2013 687 2048 regie.
718 2012 827 2041 Dimisit
852 2012 978 2040 eumdem

185 2065 281 2094 postea
299 2060 383 2087 multa
399 2060 514 2094 pecunia
530 2060 673 2087 donatum.
690 2059 761 2092 Quin
773 2063 800 2086 et
819 2059 929 2086 auxiliis
942 2059 981 2093 ip-

186 2113 247 2132 snm
261 2109 423 2139 prosoeutus
439 2106 605 2133 militaribus
621 2109 674 2138 est,
696 2105 797 2141 quibus
819 2106 891 2132 tueri
913 2112 941 2132 se
965 2112 980 2131 a

185 2152 211 2178 vi
231 2155 258 2178 et
274 2151 381 2178 insidiis
397 2151 490 2179 lratris
506 2151 638 2186 Stephani
654 2157 757 2188 posset.
776 2151 844 2180 Nam
866 2151 981 2187 Stepha-

1031 1564 1132 1591 remitti
1150 1562 1246 1590 Veneti
1262 1563 1424 1597 poscebant,
1441 1571 1491 1590 nec
1507 1563 1589 1590 aliter
1607 1564 1633 1591 in
1651 1563 1740 1592 ftedns
1758 1573 1826 1592 con-

1032 1614 1164 1636 venturos
1177 1616 1206 1636 se
1221 1606 1303 1644 287
1318 1609 1436 1636 aiebant.
1454 1609 1555 1635 Contra
1574 1608 1728 1643 imperator
1753 1609 1826 1635 Inul-

1033 1662 1086 1684 tam
1103 1656 1175 1689 juste
1193 1655 1333 1687 inilictam,
1348 1654 1601 1689 oppignerationem
1624 1659 1699 1682 recte
1725 1655 1824 1682 factam

1032 1701 1169 1729 tuebatur.
1188 1699 1356 1727 Procedente
1382 1704 1511 1730 tractatu.
1533 1700 1681 1734 apparebat
1707 1699 1825 1729 Venetus

1032 1747 1108 1782 pacis
1122 1745 1237 1780 cupidos
1252 1752 1376 1778 magnam
1390 1749 1492 1777 partem
1511 1743 1753 1779 oppigneratorum
1778 1746 1828 1773 bo-

1033 1800 1130 1819 norum
1152 1791 1311 1826 imperatori
1341 1797 1484 1823 cessuros,
1512 1790 1592 1817 modo
1608 1790 1631 1817 is
1646 1791 1688 1817 vel
1717 1791 1825 1818 modica

1031 1838 1193 1866 remissione
1205 1838 1353 1864 admovere
1370 1844 1400 1864 se
1414 1836 1562 1871 postulatis
1593 1844 1689 1864 eorum
1710 1842 1738 1864 et
1762 1846 1828 1865 con-

1033 1893 1145 1913 sensum
1163 1884 1189 1911 in
1205 1884 1293 1912 foedus
1304 1883 1369 1911 dare
1387 1883 1478 1911 vellet.
1500 1882 1689 1918 Propendebat
1714 1884 1740 1910 in
1757 1884 1826 1912 hanc

1033 1935 1136 1966 partem
1150 1931 1266 1965 benigne
1277 1929 1424 1958 inclinatus
1433 1929 1621 1961 Andronicus,
1631 1937 1724 1963 pacem
1744 1930 1826 1957 istam

1033 1978 1092 2006 suis
1105 1984 1214 2012 quoque
1230 1975 1384 2004 rationibus
1403 1975 1640 2003 accommodatam
1662 1979 1749 2008 ratus,
1772 1975 1826 2003 nisi

1032 2023 1154 2052 consiliis
1169 2022 1352 2058 quorumdam
1367 2021 1447 2049 esuis
1457 2021 1509 2049 alio
1524 2026 1705 2049 averteretur.
1717 2021 1748 2048 lli
1760 2030 1827 2050 cau-

1032 2072 1166 2099 sabantur
1197 2069 1274 2106 gravi
1292 2077 1344 2097 suo
1368 2073 1492 2103 tempore
1519 2076 1550 2096 ac
1568 2068 1710 2103 deplorato
1734 2076 1825 2095 rerum

1033 2117 1205 2153 propriarum
1224 2119 1297 2143 statu
1312 2114 1421 2144 adactos
1437 2114 1554 2142 Venetos
1571 2121 1646 2142 mera
1658 2113 1826 2141 necessitate

1032 2164 1104 2191 trahi
1118 2163 1152 2191 ad
1170 2162 1366 2198 cogitationem
1381 2161 1467 2197 pacis.
1487 2161 1577 2194 Quare
1589 2161 1661 2188 haud
1679 2161 1826 2188 convenire

186 2206 241 2244 Ϊ¹¹¹⁵
257 2206 417 2244 “mimum
431 2199 545 2244 δίξδίθηε
560 2199 678 2244 ﬁrm"?
692 2207 736 2227 res
748 2207 813 2227 suns
838 2199 974 2244 ammf‘}?
996 2200 1016 2227 θ
1032 2210 1175 2244 indulgere
1189 2209 1256 2244 ipsis
1271 2208 1432 2243 quidquam,
1450 2207 1556 2241 utique,
1581 2215 1630 2242 pro
1655 2206 1827 2241 inexplebili-

187 2239 372 2274 impcratoris,
387 2241 547 2275 suspicatus
564 2242 589 2268 id
607 2242 679 2277 quod
704 2247 773 2274 erat,
797 2249 827 2268 ea
853 2242 981 2277 prmsidia

187 2290 282 2314 contra
298 2294 327 2314 se
340 2288 440 2322 parari,
457 2294 482 2316 et
503 2293 632 2323 reputans
649 2289 736 2316 multo
748 2289 848 2322 deinde
866 2289 981 2316 inﬁrmi—

188 2340 262 2360 orem
278 2338 379 2360 statuti)
396 2341 475 2361 suum
489 2337 516 2361 et
534 2342 596 2369 spes
612 2334 729 2362 ﬁliorum
745 2334 814 2364 fore.
830 2335 874 2362 ubi
899 2334 984 2362 finde-

187 2388 218 2408 re
231 2380 283 2407 isto
299 2387 331 2408 ac
346 2381 448 2416 nuptiis
464 2380 547 2408 frater
576 2381 636 2415 ejus
652 2381 844 2416 imperatorias
855 2382 905 2409 sibi
918 2389 983 2416 opes

188 2426 371 2461 adjnnxisset,
388 2427 510 2455 delectus
526 2427 628 2455 habere
641 2435 672 2455 ac
687 2435 795 2454 manum
814 2435 912 2462 cogere
928 2435 983 2455 ete-

188 2480 278 2512 perat,
297 2475 369 2502 haud
389 2475 471 2503 dubie
489 2475 668 2510 irruptionem
691 2476 808 2508 minans,
833 2475 886 2503 nlsi
911 2481 983 2504 metu

188 2522 328 2556 suppetias
355 2523 557 2550 accurrentium
577 2521 685 2559 imperii
713 2523 853 2558 copiarum
873 2530 984 2551 coerce-

188 2574 275 2596 retur.

190 2613 218 2642 ὃ.
238 2614 276 2642 De
287 2615 416 2651 legatione
432 2614 589 2642 Venetorum
612 2615 647 2642 ad
671 2615 856 2649 imperatorem
873 2615 986 2642 Thessa-

422 2651 517 2679 lonica
537 2656 754 2680 commorantem.

227 2707 266 2736 Ea
279 2709 339 2736 vice
357 2715 461 2741 rerum,
481 2708 628 2736 occasione
641 2707 840 2735 commorantis
861 2706 887 2733 in
917 2704 986 2733 vici-

193 2758 239 2785 nia
254 2755 429 2792 imperatoris
445 2755 489 2783 usi
506 2755 600 2783 Veneti
620 2754 754 2789 legatione
769 2753 802 2780 ad
824 2760 886 2780 eum
903 2752 987 2779 desti~

194 2809 258 2832 nata
273 2803 398 2832 renovari
413 2810 506 2839 pacem
520 2809 583 2830 cum
599 2799 730 2829 Romanis
744 2799 856 2835 petiere.
874 2798 928 2825 Nec
940 2797 987 2825 ab-

191 2847 323 2879 horrebat
342 2858 356 2878 a
373 2849 554 2879 conventione
574 2850 724 2884 Augustus,
747 2847 799 2875 nisi
820 2844 986 2874 conditioni-

1033 2257 1089 2280 tate
1108 2252 1269 2288 cupiditatis
1286 2258 1417 2278 successu
1435 2250 1517 2283 alitae,
1541 2250 1643 2285 paratis
1663 2250 1826 2277 remissione

1032 2299 1218 2334 qualicunque
1231 2299 1312 2332 justo:
1321 2297 1558 2332 oppigneralionis
1577 2296 1826 2331 quomodocunque

1034 2345 1183 2380 impetrata
1196 2351 1247 2379 pro
1263 2344 1348 2378 gradu
1366 2343 1398 2371 ad
1415 2350 1489 2377 spem
1505 2342 1705 2377 audaciamque
1717 2342 1827 2370 ulterio-

1033 2398 1091 2419 rem
1111 2390 1160 2417 uti.
1178 2390 1265 2417 Unam
1281 2389 1364 2424 igitur
1375 2389 1409 2417 iis
1423 2393 1451 2416 et
1466 2387 1673 2416 irrevocabiiem
1693 2387 1828 2415 conditiu-

1034 2443 1096 2464 nem
1114 2435 1265 2465 ferendam.
1283 2440 1313 2462 ut
1328 2442 1401 2462 mera
1415 2441 1482 2470 pace
1505 2434 1628 2462 contenti
1650 2434 1717 2460 nihil
1746 2441 1827 2468 super

1035 2481 1259 2517 oppigneratione
1272 2479 1434 2507 cavillantur
1449 2484 1496 2507 aut
1509 2479 1615 2506 moveri
1638 2479 1786 2514 quidquam
1799 2479 1825 2506 in

1033 2535 1064 2555 re
1077 2526 1232 2563 justissime
1249 2527 1357 2553 decreta
1374 2526 1470 2552 velint.
1491 2524 1519 2552 Id
1538 2525 1687 2553 consilium
1705 2525 1827 2552 tractati-

1035 2582 1115 2602 onem
1132 2573 1243 2600 foederis
1260 2572 1380 2605 diremit,
1400 2571 1514 2600 Venetis
1528 2571 1630 2600 duritie
1648 2571 1775 2605 olfensis.
1798 2579 1827 2601 re

1035 2621 1134 2650 infecta
1148 2619 1348 2649 revertentibus
1358 2619 1391 2646 ad
1404 2627 1482 2648 suos.

1214 2689 1240 2716 7.
1260 2687 1299 2715 De
1314 2687 1372 2722 lilia
1388 2687 1507 2722 prie/acti
1520 2687 1646 2715 coniclea.

1091 2747 1226 2776 Caeterum
1242 2746 1393 2780 imperator
1408 2745 1556 2779 gratificari
1568 2744 1684 2773 studens
1701 2744 1827 2774 Chnmno

1040 2796 1167 2831 praefecto
1198 2791 1324 2824 caniclei,
1343 2799 1398 2826 quo
1420 2791 1554 2820 ﬁdissimo
1570 2792 1603 2819 ad
1621 2792 1712 2819 omnia
1731 2793 1829 2827 proba-

1038 2842 1198 2876 tissimoque
1215 2838 1316 2866 dudum
1336 2837 1462 2865 ministro
1475 2836 1615 2871 utebatur,
1635 2837 1719 2865 tiliam
1736 2837 1825 2873 hujus,
