1944 3061
105 105 152 136 ΗΠ

579 105 628 134 DE
651 104 876 135 ANDRONICO
899 104 1129 134 l'.‘.l..i7.Ol.CG(J
1147 106 1219 136 LIB.
1244 106 1290 137 iV.

1707 110 1759 141 31$

104 159 156 184 λων
190 158 328 191 ᾰγᾶλλειν
355 159 394 189 ὡς
431 160 524 186 πιπτὸν
554 160 695 194 ὑπηρέτην
723 162 769 186 καὶ
807 160 848 194 ἐφ’
876 159 954 191 οἷςΑ
970 160 1065 195 ἐκείνῳ
1090 161 1165 192 τάξω
1195 161 1312 196 ἐπέχων,
1330 162 1388 197 ἅμα
1410 162 1459 197 μὲν
1484 164 1529 189 καὶ
1544 172 1594 189 των
1610 164 1759 199 διαθηκῶν,

105 206 242 240 ὑπούργει
262 206 311 231 τὶν
335 205 533 240 δοκιμώτατον,
555 206 641 238 ἄλλως
665 215 694 232 τε
719 207 764 232 καὶ
795 206 910 232 πολυτι-

104 251 219 282 λᾱντους
241 251 295 282 τὰς
318 253 436 286 προῖκας
459 253 491 286 τῇ
508 251 623 286 θυγατρὶ
648 252 843 285 ἑτοιμάσειν-τα,
874 245 932 286 τῷ’

105 297 175 325 κατὰ
193 298 308 330 Aetio-‘4;
322 298 403 324 παιδὶ
427 299 547 333 Ἀλεξίῳ,
564 295 594 326 οὗ
618 299 649 333 δὴ
662 300 707 325 καὶ
723 298 864 333 ἀδελφιδῶ
879 306 911 331 γε

104 344 179 376 ὄντος
194 344 255 370 ἀπὸ
269 344 409 379 πατρῴων
432 345 568 380 διαθηκῶν
592 345 786 379 ἐπετρόπευεν,
809 343 846 369 ἐτ’
865 342 911 369 οὕ-

107 399 153 425 σης
170 391 200 417 ἑν
213 391 427 418 Κωνσταντίνου
455 391 501 417 καὶ
516 391 567 424 τῆς
587 391 700 426 μητρδς,
730 389 911 424 ξυναρμόζειν

105 436 183 472 ήθελε
200 436 254 471 τὴν
265 436 314 464 τοῦ
331 437 479 471 Χούμνου·
512 437 662 471 συμφέρειν
687 438 742 472 γὰρ
768 437 836 472 ᾤετο
863 438 912 472 οὐχ

106 479 185 517 ἦττον
199 483 301 518 ἐκείνῳ
324 483 341 518 ἦ
359 484 416 514 τοῖς
445 482 589 518 Ῥωμαίων
612 483 788 518 πράγμασιν,
818 482 912 517 ἑθερά-

107 537 171 554 mue
187 528 217 555 δὲ
234 529 286 556 καὶ
309 529 357 555 τὸν
385 530 482 556 οἰκεῖον
503 529 542 563 τῷ
570 529 624 555 ἀπὸ
646 530 692 556 τοῦ
715 530 808 563 γένους
835 529 912 564 κήδει

106 574 193 608 τιμῶν
209 574 251 604 ὡς
274 574 323 601 καὶ
339 574 420 601 αὐτὸν
430 576 484 606 τοῖς
497 575 687 606 εὐνουστάτοις
705 575 910 608 ἐξεταζόμενον.

112 618 155 649 Ἐς
172 619 256 645 τόσον
277 620 299 646 δ’
319 620 474 654 ὲφήρμοττε
489 620 537 654 τὴν
556 619 653 655 βουλὴν
670 621 701 654 τῇ
717 619 828 654 πράξει,
842 619 912 645 ὥστε

107 666 152 691 καὶ
184 665 306 692 αὐτόθεν
335 666 508 698 δεσποτικοῖς
546 667 722 701 παρασήμοις
749 666 797 701 τὴν
829 667 912 701 κόρην

107 711 219 745 ἐκόσμει
233 712 285 739 καὶ
299 711 412 747 νύμφην
432 712 568 747 ὠνόμαζε.
582 713 806 748 Προσαπεδέχετο
821 713 848 739 δὲ
866 715 912 739 καὶ

107 758 122 791 ή
140 757 233 793 μήτηρ
254 758 401 785 ἀκούσασα
416 759 447 785 τὸ
461 759 648 794 συνάλλαγμα,
667 760 715 786 καὶ
732 761 765 794 τῇ
784 760 910 795 βασιλικῇ

107 801 187 839 ψήφῳ
216 805 404 839 συγκάταινος
425 804 468 841 ἦν,
502 806 547 832 καὶ
578 807 642 837 τοὺς
666 807 772 841 γάμους
795 806 910 833 ἐλθοῦσα

108 849 267 883 ἑτοιμάζειν
284 851 367 886 ήθελε
380 851 418 886 τῷ
435 852 520 878 παιδί.
544 852 612 879 Ἀλλ’
627 853 730 884 ἐκεῖνος
751 853 768 888 ἢ
783 853 910 888 πειθόμε-

108 903 150 927 νος
163 896 286 927 καὶτοὺς
299 897 406 932 γάμους
424 897 559 931 ἀπαξιῶν,
576 898 591 933 ἢ
603 898 656 934 μὴν
669 899 715 925 καὶ
732 899 820 930 ἄλλως
832 899 912 926 ἐπελ-

109 938 151 968 θδν
163 941 251 977 αὐτῷ,
271 943 380 977 φθάσας
391 943 424 970 ἐκ
436 953 508 975 τινος
521 944 574 970 τῶν
588 944 631 971 ἐπ’
647 944 771 977 ἐξουσίας
793 945 908 980 Ἰϐήρων

110 988 156 1024 τὴν
170 990 391 1025 συνοικήσουσαν
405 990 510 1024 ἄγεται.
523 991 556 1018 Ὃ
573 991 604 1027 δὴ
619 992 665 1018 καὶ
679 991 771 1026 μαοὼν
784 991 911 1026 βασιλεὺς

110 1037 188 1068 πολὺς
201 1034 236 1072 ’ἦν
256 1037 322 1068 τοὺς
342 1037 440 1073 νόμους
457 1039 607 1074 προτείνων
621 1041 669 1066 καὶ
685 1039 716 1066 τὸ
738 1039 789 1073 τῆς
802 1040 911 1074 ἐπιτρο-

111 1081 186 1113 πείας
201 1082 312 1110 δίκαιον
327 1083 547 1120 προϐαλλόμενος
560 1093 566 1100 ·
595 1084 632 1117 ὡς
652 1085 706 1120 γὰρ
736 1084 841 1120 πατρὸς
865 1084 909 1110 ἐπ’

113 1174 153 1200 cui
169 1179 249 1208 pater
263 1174 406 1210 copiosam
424 1175 604 1210 plurimorum
618 1176 784 1203 talentorum
796 1183 911 1211 conges-

114 1226 183 1248 serat
200 1221 308 1253 dotem,
325 1221 421 1249 Alexio
439 1221 575 1249 Lazorum
593 1223 711 1257 principi
728 1222 835 1250 sororis
852 1229 909 1249 stne

115 1266 169 1293 filio
181 1271 207 1293 et
221 1268 312 1301 patris
329 1271 496 1294 testamento
522 1275 579 1295 suae
602 1268 693 1295 tutela:
706 1267 908 1299 commendato,

116 1311 188 1344 cuius
205 1317 296 1339 mater
312 1311 404 1339 adhuc
418 1316 478 1340 erat
499 1311 748 1347 Constantinopoli,
773 1313 910 1340 collocare

117 1356 142 1383 in
155 1357 334 1384 matrimonio
349 1357 480 1386 decrevit.
497 1358 680 1386 Conducibile
697 1359 798 1393 quippe
819 1357 845 1385 id
862 1366 911 1393 pti-

118 1403 185 1432 tabat
203 1412 266 1432 cum
298 1405 352 1440 ipsi
366 1405 437 1432 Lazo
454 1409 511 1432 tum
532 1406 613 1433 rebus
628 1405 710 1433 etiam
726 1405 869 1438 Romanis;
883 1409 910 1432 et

118 1457 167 1484 quo
184 1450 209 1477 in
227 1451 327 1485 primis
346 1452 517 1483 movebatur,
534 1452 574 1479 sic
586 1459 616 1480 se
631 1452 735 1487 optime
761 1451 909 1479 consulere

119 1496 245 1530 pereharo
256 1497 310 1524 sibi
326 1496 428 1525 homini
446 1497 568 1530 videbat,
590 1500 740 1525 admovens
758 1506 820 1525 eum
846 1497 905 1525 affi—

119 1543 196 1570 nitate
211 1544 262 1571 ista
279 1543 375 1579 generi
392 1544 467 1580 regio
483 1551 515 1572 ac
527 1549 604 1572 tanto
616 1545 704 1579 ipsum
732 1545 842 1572 certiori
859 1544 905 1571 ﬁr-

118 1596 188 1616 mans
201 1591 316 1625 pignore
341 1591 368 1617 in
388 1589 441 1618 {ide
466 1591 713 1626 benevolentiaque
741 1599 805 1626 erga
834 1598 906 1618 sese.

120 1632 206 1669 Itaque
221 1636 391 1664 incumbens
406 1640 464 1664 toto
475 1637 537 1664 nisu
554 1637 581 1663 in
598 1638 738 1672 negotium
769 1637 910 1673 optatissi-

119 1688 197 1714 mum,
227 1691 261 1710 co
283 1683 360 1710 brevi
376 1690 430 1710 rem
447 1683 575 1718 perduxit
590 1683 674 1718 283
687 1687 715 1710 ut
731 1684 846 1718 puellum
862 1685 910 1710 do-

120 1721 368 1768 mina-insignibus
380 1733 506 1756 ornatam
529 1728 616 1756 Alexii
642 1728 776 1755 Lazorum
803 1728 906 1755 domini

120 1779 238 1806 sponsam
252 1773 416 1808 appellaret.
434 1772 513 1800 [laud
529 1780 600 1808 aegre
614 1779 739 1804 assensa,
764 1776 906 1807 postquam

122 1819 208 1852 audiit,
225 1819 387 1854 imperatori
404 1818 470 1845 talia
487 1818 595 1854 paranti
614 1822 702 1845 mater
727 1817 815 1845 Alcxii
839 1817 907 1844 adeo

121 1862 173 1897 ejus
186 1866 304 1899 probare
321 1863 539 1899 designationem
554 1863 684 1892 connubii
712 1863 770 1890 visa
797 1866 850 1896 est,
879 1865 909 1889 ut

123 1910 188 1937 nltro
201 1911 233 1938 ad
253 1911 341 1938 lilium
356 1910 540 1945 parandarum
558 1918 641 1938 causa
668 1910 827 1945 nuptiarum
851 1910 908 1937 itu-

124 1964 173 1984 ram
186 1966 239 1993 prae
255 1965 288 1985 se
302 1958 396 1984 l'erret.
416 1956 515 1984 Verum
532 1956 578 1984 ille
590 1956 661 1983 haud
679 1956 705 1983 in
720 1957 771 1984 hoc
795 1957 912 1992 morige-

124 2010 174 2030 rum
190 2004 326 2031 avunculo
341 2010 370 2030 se
384 2010 416 2030 ac
428 2002 509 2030 matri
523 2002 637 2037 praebuit
653 2011 660 2029 :
678 2002 735 2029 sive
759 2003 833 2030 enim
856 2003 913 2030 dis-

124 2055 213 2078 suasus
229 2058 243 2078 ιι
259 2049 402 2084 quopiam,
418 2056 469 2076 seu
488 2052 698 2084 prazoccupatus
711 2055 806 2076 amore
817 2049 911 2084 cujus‘

125 2096 202 2125 dame
216 2097 386 2133 primoribus
402 2097 542 2124 [berorum
560 2096 631 2128 lilire,
648 2104 712 2124 cum
741 2096 794 2124 hac
818 2097 852 2123 ad
881 2104 911 2124 se

126 2141 230 2172 deducta
248 2145 302 2171 rite
318 2143 475 2178 coniugium
494 2142 652 2170 celebravit.
680 2141 740 2176 Quo
769 2146 911 2177 comperto

965 205 1022 239 ἅμα
1039 207 1066 232 δὲ
1080 206 1126 232 7.1".
1141 207 1186 232 τοῦ
1203 207 1250 232 σὺν
1262 209 1295 242 τῇ
1313 207 1437 243 βασιλείᾳ
1453 208 1505 234 ἀπὸ
1523 208 1570 236 τοῦ
1599 209 1693 242 γένους
1722 209 1760 235 δι.-

963 251 1041 278 καίου
1057 252 1146 286 χάριν,
1162 251 1291 286 ἡϐηύῖετο
1316 253 1448 280 διιστάναι
1475 254 1523 289 τήν
1552 254 1692 288 συζυγίαν.
1719 255 1757 281 Οὐ

966 298 1018 333 μὴν
1035 298 1062 324 δὲ
1077 299 1123 325 καὶ
1140 298 1306 328 δεσποτικῶς
1320 299 1348 330 ἐξ
1365 299 1551 334 ἐπιτάγματος
1564 301 1650 332 ἄλλως
1679 301 1758 336 ἤθελε

963 343 1105 378 πράττειν,
1123 344 1180 369 ἀλλ’
1195 344 1244 379 οὐχ
1258 342 1339 380 ἦττον
1355 346 1401 371 καὶ
1415 345 1512 382 γνώμῃ
1527 347 1574 373 καὶ
1597 347 1680 382 ψήφῳ
1708 348 1757 380 τῆς

969 389 1142 424 Ἐκχληςίας.
1162 390 1242 417 Ὀοεν
1258 393 1304 418 καὶ
1320 391 1436 426 πέμπων
1450 392 1517 426 πρός
1534 402 1562 419 τε
1584 395 1758 428 πατριάρχην

964 437 1009 463 καὶ
1025 437 1072 473 τὴν
1087 437 1151 472 περὶ
1168 437 1249 464 αὐτὸν
1272 437 1391 470 σύνοδον,
1415 438 1445 465 τὸ
1472 439 1530 473 ἅμα
1559 440 1606 474 μὲν
1626 440 1757 475 βασιλέως

964 484 1011 510 καὶ
1024 484 1136 518 πατρὸς,
1149 484 1207 518 ἅμα
1223 484 1250 510 δὲ
1265 485 1311 510 καὶ
1324 485 1471 519 ἐπιτρόπου
1484 486 1530 512 ἐπὶ
1551 486 1590 520 τῷ
1611 487 1663 522 νέῳ
1691 496 1758 519 προ-

963 530 1057 557 τείνων
1072 532 1186 563 δίκαιον,
1203 531 1304 567 ἄκυρον
1317 532 1371 558 ἀπὸ
1389 533 1480 567 νόμων
1505 533 1601 569 ἐπείρα
1625 534 1758 561 δεικνύειν

964 576 993 602 τὸ
1009 576 1185 608 συνοικέσιον,
1202 577 1249 603 καὶ
1264 576 1383 604 διαλύειν
1406 578 1481 612 ἠξίου
1498 578 1536 609 ὡς
1562 579 1636 613 παρὰ
1661 579 1759 614 βουλὴν

964 621 1013 655 τὴν
1027 621 1107 647 αὑτοῦ
1126 621 1269 652 συνεστώς.
1289 622 1348 648 Τῶν
1360 622 1425 656 γοῦν
1442 623 1528 656 λόγων
1553 624 1700 655 συνοδιγῶς
1716 633 1758 650 κι-

964 668 1112 702 νουμένων,
1128 668 1199 699 τινὲς
1216 668 1265 702 μὲν
1279 669 1333 695 τῶν
1346 669 1495 704 ἀρχιερέων
1513 670 1603 704 νόμων
1617 671 1759 702 ἆκρινείας

965 713 1083 748 ἡμμένοι
1103 712 1181 748 δῆθεν
1197 715 1229 749 τῇ
1243 713 1289 740 τοῦ
1306 714 1438 748 βασιλέως
1453 714 1560 748 θελήσει
1577 714 1699 749 ἔγνω-σαν
1716 717 1758 741 ὲν-

964 759 1072 791 διδέναι,
1083 759 1096 785 ὁ
1113 759 1140 785 δέ
1156 767 1187 793 γε
1200 760 1372 795 πατριάρχης
1387 761 1433 786 καὶ
1444 760 1502 794 μετ’
1515 760 1596 788 αὑτοῦ
1610 763 1633 787 οἱ
1650 761 1757 792 πλείους

964 805 1049 840 ἀπρὶξ
1063 805 1214 832 ἀντέτεινον
1227 813 1234 821 ·
1254 806 1301 832 καὶ
1312 806 1366 841 γὰρ
1380 806 1427 832 καὶ
1444 807 1514 833 κατὰ
1536 806 1655 842 γαστρδς
1687 806 1759 840 ἒγειν

962 851 1012 885 τὴν
1029 851 1058 883 ἐξ
1077 851 1189 886 Ἰϐήρων
1208 852 1238 886 ἐξ
1262 853 1392 886 Ἀλεξίου,
1415 853 1452 885 ὡς
1475 854 1585 889 ἤκουον,
1607 854 1760 888 κατηγγέλ-

961 897 1032 924 λετο.
1057 897 1087 924 'H
1103 898 1195 932 μέντοι
1218 906 1248 932 γε
1278 900 1370 933 μήτηρ
1397 899 1501 926 ἐκείνου
1530 900 1759 934 ὲπανακὰμπτειν

962 943 1113 978 ὀρεγομένη
1128 943 1239 975 ἐλπίδας
1266 946 1320 977 τοῖς
1335 945 1382 971 τοῦ
1414 945 1567 971 κανικλείου
1599 945 1758 977 ὑπέτεινεν,

961 990 999 1022 ὼς
1023 990 1129 1025 ἥκουσα
1157 991 1366 1026 καταπράξεται
1394 991 1495 1027 μᾶλλον
1526 991 1576 1026 τὴν
1606 990 1684 1018 λύσιν
1710 991 1757 1018 τοῦ

962 1035 1184 1071 συναλλάγματος
1199 1036 1214 1071 ἢ
1229 1037 1369 1072 μηνύουσα
1381 1046 1387 1053 -
1402 1036 1476 1072 αὐτῷ
1493 1037 1548 1072 γὰρ
1562 1036 1700 1073 προσώπῳ
1711 1037 1758 1063 καὶ

963 1083 1001 1118 μὴ
1017 1084 1135 1118 γραφαῖς
1151 1082 1223 1118 ἔχειν
1239 1083 1398 1111 ἀναπείθειν
1423 1083 1469 1110 τὸν
1491 1083 1586 1117 παῖδα,
1611 1083 1659 1110 καὶ
1687 1082 1758 1110 οὕτω

961 1179 1031 1207 erat,
1045 1174 1228 1203 consideratis
1242 1177 1396 1201 statuerent
1421 1180 1530 1201 cassum
1557 1176 1584 1199 et
1608 1171 1757 1199 invalidum

962 1222 988 1249 id
1006 1220 1213 1248 matrimonium
1229 1228 1302 1251 esse,
1317 1220 1418 1255 quippe
1429 1224 1530 1247 temere
1547 1221 1707 1246 attentatum
1724 1218 1759 1244 ab

961 1269 1070 1296 homine
1089 1275 1143 1295 non
1156 1274 1213 1294 suae
1229 1266 1262 1294 ad
1284 1267 1335 1293 hoc
1350 1266 1506 1301 potestatis,
1532 1265 1601 1292 citra
1626 1271 1761 1292 snumaS¢

960 1322 1083 1346 sensum,
1102 1322 1116 1342 a
1132 1321 1187 1350 quo
1207 1313 1347 1348 penderet.
1363 1312 1443 1340 llisce
1459 1312 1530 1339 ultro
1546 1311 1670 1345 citroque
1691 1317 1759 1336 ven-

960 1360 1057 1393 tilatis,
1078 1363 1107 1387 et
1125 1359 1234 1394 neg01io
1250 1358 1381 1394 synodice
1398 1361 1528 1390 tractato,
1561 1357 1672 1391 quidam
1697 1355 1756 1390 cpia

959 1414 1104 1441 scoporum
1121 1406 1267 1438 haerentes,
1280 1409 1309 1431 ut
1324 1405 1467 1439 putabant.
1482 1410 1553 1430 vera:
1580 1403 1668 1437 legum
1693 1409 1757 1429 sen-

959 1454 1061 1485 tentiae,
1079 1451 1224 1487 postulatis
1242 1449 1415 1484 imperatoris
1428 1448 1467 1474 uti
1480 1448 1567 1481 aequis
1577 1446 1756 1473 annitendum

958 1499 1122 1528 censebant.
1140 1499 1177 1524 At
1199 1496 1356 1532 patriarcha
1370 1499 1397 1522 et
1412 1495 1504 1529 plures
1518 1501 1578 1520 cum
1594 1492 1676 1527 289
1698 1491 1758 1525 ipso

958 1547 984 1575 in
1001 1545 1169 1574 contrarium
1184 1543 1321 1570 obﬁrmati
1344 1542 1464 1572 stabant,
1493 1547 1526 1566 eo
1547 1538 1667 1565 maxime
1679 1537 1755 1563 melii

958 1593 1031 1628 quod
1042 1593 1097 1628 jam
1112 1592 1162 1618 ista
1174 1599 1206 1618 ex
1221 1589 1305 1617 lberis
1321 1588 1409 1624 puella
1421 1591 1525 1614 uterum
1538 1593 1569 1612 ex
1581 1584 1676 1612 Alexio
1687 1583 1758 1610 ferre

959 1640 1115 1668 dicebatur.
1128 1638 1262 1666 Caeterum
1277 1639 1363 1662 mater
1377 1632 1509 1668 principis
1519 1631 1655 1658 Lazarum
1670 1629 1758 1657 redire

959 1688 1069 1715 domum
1084 1685 1210 1720 cupiens.
1224 1690 1300 1718 spem
1318 1681 1448 1715 prtelecto
1471 1678 1589 1707 eaniclei
1613 1678 1759 1706 subosten—

959 1733 1041 1761 debat
1052 1731 1198 1767 quamdam
1212 1729 1292 1765 quasi
1306 1736 1338 1756 eo
1351 1726 1472 1763 proiecta
1487 1729 1668 1761 procuratura
1685 1732 1755 1759 pra:-

960 1787 1025 1808 sens
1047 1781 1121 1806 esset
1143 1776 1345 1811 scparationem
1365 1774 1512 1808 coniugum
1541 1771 1760 1804 solutionemque

960 1823 1101 1855 connubii,
1117 1822 1190 1858 quod
1207 1821 1298 1848 minus
1311 1827 1358 1855 per
1376 1819 1481 1846 litteras
1498 1823 1592 1854 posset
1616 1816 1759 1850 consequi.

961 1872 1022 1899 viva
1041 1871 1147 1899 scilicet
1160 1875 1253 1897 coram
1270 1874 1337 1894 voce
1351 1871 1378 1894 et
1403 1866 1494 1893 vultus
1520 1864 1684 1892 verecundia
1703 1869 1760 1889 ma-

961 1918 1030 1945 terni
1045 1923 1212 1952 persuasnra
1227 1915 1281 1941 lilio
1297 1917 1326 1940 ut
1342 1920 1372 1940 se
1383 1912 1552 1947 morigerum
1582 1911 1708 1944 Augusto
1733 1915 1761 1933 a-

961 1963 1081 1991 vunculo
1095 1962 1238 1998 praeberet,
1251 1967 1306 1995 quo
1323 1958 1435 1994 perduci
1448 1958 1576 1993 juvenem
1597 1963 1679 1990 posse
1696 1954 1759 1981 ullis

962 2011 1071 2039 eminus
1085 2008 1195 2043 scriptis
1215 2007 1360 2041 missisque
1377 2004 1513 2032 mandatis
1528 2002 1599 2030 haud
1621 2001 1760 2029 satiscon-

963 2055 1069 2082 ﬁderet.
1086 2052 1144 2080 Hoc
1162 2051 1275 2079 obtentu
1305 2048 1444 2077 eblandita
1467 2046 1642 2081 imperatoris
1666 2052 1760 2072 assen-

963 2108 1024 2129 sum
1044 2100 1071 2126 in
1085 2098 1268 2126 reversionem
1284 2096 1316 2124 ad
1341 2095 1427 2123 Lazos
1454 2101 1531 2122 suam
1553 2100 1586 2121 eo
1611 2091 1760 2126 navigavit.

963 2146 1021 2179 Qua
1039 2145 1090 2172 fide
1102 2148 1192 2171 autent
1205 2147 1266 2178 post
1281 2141 1397 2169 reditum
1409 2139 1553 2175 promissis
1568 2138 1688 2169 steterit,
1707 2137 1756 2164 sci-

125 2187 262 2224 intperatnr
276 2189 380 2217 multus
397 2193 455 2216 erat
472 2189 499 2216 in
513 2188 661 2223 allegandis
682 2193 777 2216 contra
802 2188 908 2223 lcgibus
922 2198 947 2228 ι)
961 2192 1051 2220 νεπίηῑ
1062 2191 1109 2226 qui
1124 2197 1185 2225 quae
1196 2189 1251 2217 illic
1273 2188 1328 2224 egit
1352 2188 1441 2215 oculis
1466 2190 1617 2221 pratsentes
1645 2191 1761 2218 usurpa-

126 2239 149 2261 ει
161 2237 217 2270 jure
233 2237 334 2264 tutorio
345 2236 486 2271 jactando,
503 2235 577 2270 quod
591 2236 615 2262 ei
632 2235 908 2269 eonsangninitasin-

114 2281 183 2314 _tima
194 2287 219 2310 et
235 2282 333 2318 patris,
351 2289 490 2317 germanae
505 2288 560 2309 suae
576 2281 639 2313 viri,
664 2281 758 2308 ultima
780 2281 908 2308 voluntas

129 2327 235 2362 legitime
251 2329 367 2363 signatis
384 2327 541 2355 testamenti
563 2327 661 2355 tabulis
674 2326 804 2356 dedisset.
816 2326 907 2360 Quare

119 2362 207 2420 :aiebat
222 2362 314 2402 irritas
330 2375 398 2402 istas
413 2373 497 2401 videri
514 2373 615 2400 debere
631 2372 754 2408 nuptias,
766 2376 794 2400 et
814 2376 842 2399 ut
858 2371 908 2399 {al-

109 2445 112 2448 .
128 2420 148 2458 ‘si
168 2422 292 2458 coniuges
310 2422 344 2449 ab
360 2421 477 2448 invicem
501 2420 698 2448 dirimerentur
711 2420 905 2448 contendebat.

131 2463 177 2493 Nee
193 2473 279 2497 tamen
304 2468 332 2496 in
353 2468 404 2496 hoc
427 2469 489 2502 jure
519 2467 626 2503 imperii
653 2473 700 2495 aut
716 2468 741 2495 vi
767 2467 906 2495 saecularis

131 2515 258 2544 potestatis
274 2515 323 2545 uti,
340 2514 412 2548 quod
424 2512 465 2541 fas
481 2521 534 2540 non
548 2517 632 2545 esset,
653 2513 800 2541 inducebat
810 2513 837 2540 in
848 2513 908 2540 ani-

131 2563 203 2591 mum,
218 2561 264 2589 sed
274 2560 399 2588 studebat
410 2559 462 2587 hoc
475 2560 612 2588 sententia
629 2564 656 2587 et
664 2560 769 2587 calculo
778 2559 907 2588 Ecclesia:

131 2602 235 2635 decerni.
254 2607 343 2641 Quare
360 2607 453 2634 missis
469 2607 503 2634 ad
514 2606 696 2642 patriarchant
720 2612 757 2639 ct,
774 2614 835 2642 qua:
852 2608 907 2634 cir-

131 2654 182 2677 cum
194 2651 276 2687 ipsum
291 2657 360 2687 erat,
374 2653 509 2688 synodum
528 2653 610 2681 certis
633 2653 790 2681 hominibus
804 2653 907 2689 quiex—

131 2701 248 2728 pellerent
264 2703 396 2735 quantum
413 2699 466 2727 sibi
476 2699 546 2733 juris
555 2699 632 2727 daret
650 2700 679 2727 in
693 2707 756 2727 eum
774 2699 905 2735 juvenem

131 2742 231 2775 primum
244 2747 417 2781 imperatoria
432 2746 563 2783 dignitas,
588 2747 686 2775 deinde
709 2747 907 2782 consanguini-

131 2791 164 2814 tas
175 2789 263 2820 intima
276 2798 303 2820 et
314 2793 439 2828 quiedam
467 2794 618 2821 auctoritas
643 2797 768 2828 paterna.
798 2794 906 2829 qualem

133 2836 204 2864 tutori
216 2837 286 2875 leges
301 2839 328 2868 in
345 2839 477 2875 pupillum
491 2840 625 2875 tribuunt,
636 2844 666 2868 ut
689 2840 732 2875 iis,
748 2845 828 2877 prout
858 2849 906 2876 par

960 2242 1034 2267 runt.
1049 2238 1150 2264 Eventa
1167 2235 1277 2271 quidem
1295 2234 1524 2262 detnonstrarunt
1543 2232 1628 2259 visam
1649 2238 1681 2257 eo
1696 2237 1760 2265 pro-

961 2285 1046 2313 ﬁcisci
1071 2285 1104 2311 ad
1128 2281 1334 2311 dissolvendum
1361 2279 1580 2311 matrimonium,
1613 2282 1758 2313 postquam

960 2333 996 2361 ibi
1010 2332 1072 2365 fuit,
1094 2329 1233 2358 contraria
1248 2328 1340 2364 potius
1364 2331 1498 2358 secutam,
1528 2331 1688 2360 quanquam
1718 2322 1761 2349 in-

960 2379 1032 2407 vidia
1049 2382 1105 2405 tota
1121 2376 1183 2405 facti
1202 2376 1229 2404 in
1248 2374 1422 2403 contumacis
1437 2373 1483 2400 lilii
1509 2372 1640 2400 duritiem
1669 2371 1761 2397 conl‘e-

959 2426 1081 2453 rcbatur.
1100 2424 1152 2458 Spe
1165 2423 1248 2458 igitur
1260 2421 1323 2449 inde
1349 2420 1422 2448 onmi
1454 2419 1576 2454 dejectus
1594 2419 1755 2458 imperator,

959 2480 1020 2499 cum
1033 2478 1084 2499 nec
1105 2470 1226 2498 Ecclesia
1255 2468 1399 2496 consilium
1428 2466 1570 2502 expediret
1600 2455 1759 2492 declarandi

959 2518 1163 2546 matrimonium
1179 2517 1231 2544 hoc
1243 2516 1368 2546 irritum,
1381 2514 1553 2542 certantibus
1569 2513 1603 2540 de
1618 2511 1758 2538 validitate

961 2566 1022 2600 ejus
1043 2564 1188 2593 sententiis
1203 2562 1316 2590 Patrum
1346 2565 1374 2590 et
1386 2570 1443 2589 rem
1460 2561 1487 2589 in
1517 2560 1647 2595 ambiguo
1676 2558 1759 2586 relin-

958 2612 1116 2648 quentibus,
1136 2610 1182 2646 qui
1198 2610 1255 2645 jam
1269 2609 1388 2637 Chumni
1404 2608 1487 2636 tiliam
1503 2607 1530 2635 in
1553 2608 1682 2635 honorem
1706 2604 1760 2639 pri-

958 2664 1021 2687 vata
1036 2663 1111 2686 sorte
1126 2657 1252 2685 altiorem
1271 2656 1421 2689 evexisset,
1434 2654 1570 2683 illiberale
1590 2652 1696 2688 putavit
1711 2658 1757 2679 re-

959 2705 1054 2741 digere
1071 2703 1236 2732 immeritam
1262 2703 1289 2730 in
1303 2702 1428 2729 ordinem
1446 2705 1473 2728 et
1496 2698 1646 2734 despoticis
1671 2696 1759 2725 semel

958 2755 1082 2778 ornatam
1098 2749 1218 2785 spoliare
1234 2747 1399 2784 insignibus.
1423 2747 1455 2774 Ut
1478 2745 1562 2780 igitur
1588 2744 1614 2772 ei
1639 2742 1758 2778 gradum

958 2799 1084 2824 tueretur
1096 2795 1201 2823 collata:
1213 2793 1365 2829 dignitatis,
1379 2800 1454 2827 spem
1470 2791 1584 2818 deditse
1601 2789 1674 2816 illam
1688 2795 1761 2816 con--

960 2841 1044 2870 nubio
1056 2841 1216 2876 iuncturum
1230 2840 1285 2869 tilio
1302 2838 1414 2875 proprio
1431 2837 1530 2866 Joanni
1554 2835 1609 2872 jam
1623 2835 1759 2870 dCSPOIE‘.
