1944 3061
173 109 225 140 313

770 116 931 147 GEORGII
955 119 1049 148 PAtlil
1058 117 1195 149 Y.\lEli.E

1759 117 1819 146 320

173 167 261 191 ποιεῖν
289 165 326 200 τῷ
355 165 458 200 βασιλεῖ
490 168 628 203 πειϋήνιον
651 169 688 201 ὡς
717 171 766 198 οὐκ
797 172 885 204 ἄλλως
911 174 970 199 ἐνὸν
985 175 1007 203 Α
1023 174 1167 210 ἀξιώτερον
1184 175 1284 210 ἔκρινε,
1300 175 1440 211 xui-napi:
1457 176 1535 212 μόνον
1557 174 1587 202 τὸ
1609 173 1656 209 τῆς
1685 172 1820 206 γυναικὸς

174 212 306 239 ἀπειθεῖν.
325 212 370 246 Τῷ
383 221 422 238 τοι
438 213 484 239 καὶ
500 214 630 247 βασιλέως
650 216 764 250 ἀφέντος
782 217 840 252 πλῷ
859 227 963 253 χρησα-

176 258 243 292 μένη
273 258 340 291 πρὸς
369 259 447 285 τάκεῖ
468 259 582 293 γίνεται.
600 261 695 292 ’Ὅπως
717 261 764 289 οὖν
791 264 964 298 ἐπανήκουσι

174 303 242 337 πρὸς
259 303 291 329 τὰ
306 304 482 338 ὑπεσχημένα
508 306 623 341 διετέθη,
651 308 747 334 εἰδεῖεν
768 308 800 335 ἂν
813 309 838 334 οῑ
854 310 942 336 ἐκεῖσε
956 318 963 325 ·

173 349 203 374 τὺ
218 349 246 375 δὲ
261 351 374 384 πρᾶγμα
393 351 478 384 ἔδειξε
489 352 538 387 τὴν
553 353 599 379 ἐπὶ
617 353 656 388 τῷ
672 354 744 381 λύειν
757 355 850 382 ἰοῦσαν
866 357 965 382 τάναν-

173 395 219 421 τία
236 398 466 433 προαιρουμένην,
481 399 505 424 εἰ
526 400 573 426 καὶ
591 400 620 427 τὸ
633 401 687 427 πᾶν
700 402 748 436 τῆς
761 402 902 434 ἀπειθείας
920 403 966 430 ἐπὶ

173 441 213 474 τῷ
243 443 319 468 παιδὶ
335 443 449 470 τέθειτο,
478 444 662 478 ’Λπεγκωκὼς
679 447 726 473 οὗν
744 448 849 474 ἐκεῖθεν
862 450 875 475 ὁ
889 449 965 484 βασι-

175 486 247 518 λεὺς,
262 488 321 514 ἐπεὶ
335 488 389 514 οὐδ’
399 489 430 515 ἐκ
447 490 495 523 τῆς
512 491 675 526 Ἐκκλησίας
693 492 875 527 ἀναμφίσολος
891 496 907 529 ἡ
920 495 965 521 τοῦ

175 531 264 566 γάμου
283 533 358 565 λύσις
373 534 402 560 τὺ
419 535 528 562 σύνολον
544 537 696 571 ἐλογίζετο,
725 539 773 574 τὴν
803 539 852 574 μὲν
884 540 966 576 κόρην

175 579 303 611 καθάπαξ
317 581 357 611 εις
373 581 530 608 δεσποτείαν
542 584 660 618 τιμήσας
674 585 713 616 εἰς
727 585 799 612 τοῦτ’
817 587 907 621 ἐτήρει
919 588 967 613 καὶ

175 623 264 655 αὖθις,
287 625 396 656 ἐλπίδας
410 627 431 652 δ’
449 627 534 654 ἐδίδου
551 629 726 664 συζευγνύειν
740 630 840 666 ταύτην
851 632 966 668 δεσπότῃ

177 678 207 704 γε
223 671 278 697 ὄντι
291 672 329 706 τῷ
342 672 391 707 υἱῷ
414 673 522 709 Ἰωάννῃ
537 683 542 689 ·
562 676 629 710 πρὸς
651 677 705 711 γὲιρ
721 678 777 709 τοῖς
802 677 891 709 ἄλλοις
921 681 967 706 καὶ

176 716 206 741 τὴ
222 718 261 748 εἰς
281 719 381 752 προῖκα
398 718 465 745 πολὺ
481 718 514 754 ἦν
531 721 578 746 καὶ
591 721 621 747 οὺ
639 722 733 758 πόρρω
751 724 820 749 πάνυ
835 724 882 750 τοῦ
899 726 967 759 πρέ-

176 767 237 787 πειν
257 763 301 789 καὶ
319 762 450 795 βασιλέων
466 765 539 794 υἱοὺς
552 766 712 800 ἐπάγεσθαι.
743 769 797 795 Καὶ
816 770 830 795 ὁ
851 770 900 804 μὲν
921 770 967 805 βει-

177 807 266 839 σιλείις
282 808 310 834 ὲν
323 809 428 841 πολλοῖς
445 810 538 845 ἐδήλου
552 812 600 847 τὴν
615 813 662 840 τοῦ
688 816 842 842 κοινικλείου
865 825 966 852 προση-

177 854 288 888 σόμενος
303 855 346 889 ἐφ’
355 857 409 882 υἱεῖ
421 856 541 892 νύμφην,
554 859 570 893 ἡ
581 859 608 885 δέ
625 868 656 894 γε
677 862 769 897 μήτηρ
781 863 828 889 καὶ
840 863 968 890 δέσποινα

177 901 209 926 ἐκ
232 901 351 934 μεγάλου
382 902 428 928 τοῦ
457 905 630 938 φρονήματος
661 907 892 942 ἁπεπροσποιεϊτο
920 911 968 937 καὶ

176 946 346 979 ἀνεϐάλλετο,
355 947 409 974 οὐδ’
423 948 502 984 ἵκταρ
515 950 588 982 ἄξιον
598 952 726 986 κρίνουσα
738 953 769 980 τὸ
778 955 968 990 συνάλλαγμα.

178 993 231 1018 Καὶ
248 992 292 1018 διὰ
306 993 384 1020 τοῦτο
401 996 447 1021 καὶ
463 995 568 1030 βασιλεί
582 997 665 1033 πολλή
685 1007 726 1030 τις
742 997 775 1034 ἦν
793 1001 810 1035 ἡ
836 1001 968 1036 ὲχεμυϐία

176 1038 241 1072 περὶ
257 1039 310 1065 τῶν
325 1040 463 1072 τοιούτων,
479 1042 524 1067 και
540 1051 590 1068 που
609 1044 655 1069 καὶ
669 1045 822 1079 εύμεῧύδως
838 1047 968 1080 πολλάκις

176 1089 354 1122 παρεγύμνου
364 1089 392 1115 τὸ
408 1088 543 1124 βούλημα,
555 1091 585 1117 τὺ
596 1092 685 1125 μέντοι
702 1101 732 1126 γε
745 1093 813 1128 πρὸς
826 1094 875 1129 τὴν
888 1103 970 1130 πριγ-

176 1133 306 1160 κίπισσαν
339 1135 449 1170 Ἀχαΐας
469 1136 519 1171 ἥδη
540 1138 737 1173 κεχηρωμένην
763 1139 860 1175 ἀνδρὸς
887 1141 969 1174 κῆδος

176 1224 209 1251 ad
224 1225 295 1258 quod
311 1226 336 1252 ei
351 1226 496 1253 consilium
511 1231 610 1261 przctcr
625 1233 722 1256 cmtera
742 1229 831 1264 ipsius
854 1231 969 1267 virginis

175 1275 203 1297 rt
221 1271 301 1306 hujus
315 1272 448 1305 genitoris
467 1273 562 1300 merita
579 1274 652 1301 haud
667 1275 690 1301 le
699 1282 724 1300 re
741 1281 908 1304 momentum
924 1277 970 1305 ad—

176 1316 257 1343 debat
277 1317 348 1344 dotis
366 1318 526 1353 magnitudo
558 1320 672 1346 multum
700 1321 835 1350 excedens
861 1323 968 1350 civilem

176 1363 297 1396 modum,
315 1364 448 1398 facileque
473 1365 542 1399 apud
570 1373 663 1400 :rquos
689 1373 856 1396 excusatura
875 1371 969 1405 jenup—

175 1409 277 1435 tionem
305 1417 357 1444 qua
383 1410 557 1444 imperatoris
588 1413 670 1439 etiam
705 1413 776 1441 filius
806 1414 840 1442 ad
870 1415 969 1449 conju-

176 1453 249 1483 cium
268 1454 366 1487 puella:
382 1455 455 1489 regia
470 1455 607 1489 opulentia
639 1457 806 1491 privatorum
838 1459 969 1487 natalium

175 1501 314 1526 fortunam
327 1500 503 1528 emcndantis
524 1501 653 1530 inclinari
666 1511 695 1530 se
724 1504 844 1532 sivisset.
866 1506 966 1534 Verum
981 1520 1003 1548 ο

175 1544 256 1571 istam
274 1545 467 1580 cogitationem
485 1547 600 1581 Augusti
619 1549 711 1576 multis
725 1550 758 1577 ab
774 1557 806 1578 eo
832 1552 968 1585 signiﬁca-

177 1591 299 1619 tionibus
312 1592 460 1620 indicatam
480 1593 691 1628 haudquaquam
720 1596 842 1630 Augusta
871 1598 968 1631 proba—

175 1637 232 1668 bat.
244 1638 389 1672 spirituum
402 1639 553 1673 ingentium
571 1640 678 1671 mulier,
695 1641 781 1675 dejici
800 1650 814 1669 e
829 1643 968 1678 principa-

176 1684 195 1711 li
210 1683 318 1718 fasrigio
329 1691 408 1711 suum
426 1684 511 1712 filium
532 1685 564 1711 ad
582 1685 775 1720 humilitatem,
791 1688 872 1723 290
884 1697 970 1723 quan-

178 1735 314 1764 tacunque
338 1731 498 1757 divitiarum
516 1732 587 1758 mole
619 1738 845 1766 compensatam,
877 1735 969 1762 civilis

179 1777 318 1805 affinitatis
331 1777 415 1804 libere
428 1782 509 1811 atque
527 1778 746 1807 irrevocalniliter
762 1788 906 1816 respuens.
929 1783 969 1809 Ad

179 1823 230 1850 hoc
245 1823 463 1857 iuevspectatum
499 1823 671 1851 obstaculum
701 1825 821 1853 haerebat
847 1827 971 1861 Augusto

179 1876 261 1902 aqua,
291 1869 474 1896 domesticum
500 1869 621 1904 iurgium
646 1871 762 1903 verenti,
790 1873 972 1908 prudentique

178 1916 288 1943 interim
306 1923 337 1943 ac
350 1916 464 1950 patienti
482 1915 515 1943 de
529 1925 558 1944 re
584 1917 636 1944 ista
654 1917 763 1945 silentio
791 1919 878 1946 rixam
906 1927 972 1946 con-

178 1963 335 1997 viciumque
348 1963 511 1990 dcclinanti.
531 1962 665 1990 Caeterum
681 1969 708 1991 ut
725 1969 784 1991 arte
800 1973 832 1992 ac
849 1969 973 2000 tempore

179 2010 558 2045 nu-liorisqucdespera'ionc
572 2011 739 2039 conditionis
757 2019 870 2039 uxorem
891 2012 924 2039 ad
945 2012 971 2040 id

179 2056 251 2082 ultro
267 2055 412 2082 volcndum
428 2056 498 2090 quod
516 2056 575 2091 ipse
591 2057 716 2091 cupiebat
738 2057 894 2090 induceret,
908 2066 972 2092 pro-

179 2103 269 2136 posuit
280 2100 396 2129 Joannis
408 2103 609 2130 matrimonium
622 2111 682 2130 cum
692 2104 750 2138 prin
756 2104 853 2138 cipissa
865 2103 975 2132 Achaia;

178 2148 233 2181 iam
260 2148 358 2180 vidua,
371 2156 423 2175 non
440 2149 570 2182 ignorans
591 2150 735 2184 splendore
756 2158 880 2185 personae
906 2159 973 2179 cou-

1017 220 1126 255 ἔξωρον,
1155 221 1236 248 αὐτοῦ
1261 230 1292 256 γε
1314 222 1457 248 νεανίσκου
1486 223 1562 253 ὄντος
1588 219 1636 246 καὶ
1651 218 1696 245 τὸν
1712 217 1816 252 ἔφηὸον

1017 266 1261 300 παραλλάττοντος,
1278 267 1328 303 ἤδη
1342 268 1420 302 ῆοελε
1436 267 1641 294 συναλλάττειν.

1017 326 1051 358 η’.
1070 323 1141 356 Περὶ
1155 323 1210 357 τῆς
1225 323 1420 386 ὐποστριὶφῆς
1429 323 1483 350 τοῦ
1491 321 1655 356 βασιλέως,
1671 321 1720 348 καὶ
1731 320 1816 353 ὅπως

1335 368 1350 385 ε
1363 367 1488 386 curato.

1335 367 1488 394 εισηγετο.

1052 402 1095 439 [Ρ.
1113 402 1177 439 200]
1192 403 1266 434 Τέως
1285 403 1307 430 δ’
1321 404 1382 430 ἐπεὶ
1391 404 1436 429 καὶ
1455 402 1628 438 ὑποστροφῆς
1645 401 1698 428 ἔδει
1708 399 1817 430 τούτοις

1017 449 1051 475 τὰ
1062 449 1128 484 περὶ
1142 449 1186 475 τὸν
1201 449 1306 484 κρᾶιλην
1325 449 1517 483 διευθετήσασι
1532 449 1579 475 καὶ
1601 448 1636 474 τὰ
1659 447 1754 473 δυτικᾶ
1775 446 1815 476 ὡς

1017 492 1072 520 οἷόν
1091 503 1120 521 τε
1141 496 1354 530 καταστήσασιν,
1382 494 1548 528 ἐπαγόμενοι
1563 493 1612 528 μὲν
1637 492 1684 519 καὶ
1700 491 1749 526 τὴν
1766 490 1816 517 τοῦ

1017 540 1149 576 Τερτερῆ,
1162 541 1325 575 ἐπαγόμενοι
1346 540 1374 566 δὲ
1392 540 1439 567 καὶ
1452 540 1498 566 τὸν
1519 539 1686 573 Κοτανζτζην
1712 538 1741 564 ὲν
1765 545 1817 571 τη-

1020 587 1117 622 ρήσεσι
1135 588 1349 622 προσηκούσαις,
1366 586 1418 619 ἔξω
1433 595 1484 612 που
1500 586 1550 620 τῆς
1563 585 1665 615 πόλεως
1678 584 1815 617 κατεσκή-

1018 642 1089 660 νουν.
1106 634 1160 660 Καὶ
1179 634 1195 668 ή
1225 633 1306 668 κυρία
1333 633 1382 667 τῆς
1401 632 1523 665 ὑπαντῆς
1551 632 1699 665 ἐνειστήκει
1722 638 1728 644 '
1757 631 1773 664 ἡ
1791 628 1815 654 δ’

1017 677 1051 714 ἦν
1091 679 1173 714 μηνὸς
1184 678 1371 713 Μουνυχιῶνος
1386 678 1495 712 εἰκοστὴ
1506 676 1667 712 δευτέρα.Ἦ
1681 676 1729 711 μὲν
1738 675 1817 706 πόλις

1019 725 1093 751 πᾶσα
1108 724 1233 760 καθάπερ
1253 733 1278 750 τι
1291 724 1379 760 ῥεῦμα
1390 724 1525 758 ποτάμιον
1547 724 1600 749 ἀπο
1612 723 1748 758 διαφόρων
1761 731 1816 756 πη-

1020 772 1077 806 γῶν
1088 771 1142 797 τῶν
1157 771 1230 797 ἰδίων
1248 770 1342 796 οἰκιῶν
1360 771 1399 801 εἰς
1411 770 1440 796 ἓν
1453 769 1621 796 συνελθοῦσα
1642 768 1693 801 ἔξω
1723 767 1816 795 πυλῶν

1019 817 1072 844 τῶν
1088 816 1133 843 τοῦ
1146 816 1266 851 Χαρσὶου
1283 816 1384 850 ἐχὲετο,
1403 816 1449 842 καὶ
1464 815 1667 851 φιλοτιμότερον
1683 814 1751 849 πρὸς
1765 815 1815 850 τὴν

1022 863 1076 890 τῶν
1094 862 1226 898 βασιλέων
1239 862 1371 896 ὑποδοχὴν
1385 861 1576 897 ηὖτρεπίζετο,
1593 862 1621 887 ὲν
1638 861 1696 887 δυσὶ
1709 861 1816 896 χρόνοις

1022 910 1104 943 ἔγγὺς
1119 908 1308 944 ὲκδημούντων
1319 909 1380 943 ἥδη.
1398 909 1453 935 Καὶ
1479 909 1494 935 ὀ
1513 908 1598 943 δῆμος
1620 908 1692 939 ἄπας
1718 907 1815 941 διημε-

1023 955 1122 990 ρεύσας
1133 954 1179 980 ἐπὶ
1195 953 1273 986 πολὺ,
1290 954 1351 985 ὅσος
1365 962 1394 980 τε
1411 953 1564 989 Ῥωμαϊκὸς
1589 954 1636 980 καὶ
1652 953 1713 984 ὅσος
1738 953 1816 984 ἄλλος

1022 1001 1052 1033 ἐξ
1066 1001 1152 1027 ἄλλων
1164 1000 1251 1034 γενῶν
1265 1008 1294 1025 τε
1310 1000 1357 1026 καὶ
1370 1000 1512 1034 γλωσσῶν,
1524 1000 1572 1026 καὶ
1587 999 1687 1034 μᾶλλον
1719 999 1815 1025 Ἰταλι-

1023 1047 1080 1078 κὸς,
1094 1047 1141 1072 σὺν
1158 1045 1195 1080 τῷ
1209 1045 1351 1079 περιφανεῖ
1367 1045 1445 1079 μέρει
1462 1045 1511 1080 τῆς
1527 1044 1629 1076 πόλεως
1649 1044 1696 1070 καὶ
1722 1044 1816 1079 κλήρῳ

1023 1093 1103 1119 παντὶ
1119 1092 1166 1119 καὶ
1184 1091 1352 1127 ἀρχιερεῦσι,
1372 1092 1507 1126 μετέωρος
1532 1092 1624 1118 ἵστατο
1650 1091 1710 1117 ὅσον
1738 1090 1815 1117 οὔπω

1021 1139 1084 1170 τοὺς
1103 1137 1222 1173 βασιλεῖς
1239 1137 1386 1173 φιλοτίμως
1401 1137 1606 1172 ὑποδεξάμενος.
1624 1137 1734 1177 Συμξὰν
1745 1137 1773 1163 δέ
1787 1145 1814 1163 τι

1021 1229 1149 1265 iestatem
1179 1236 1211 1256 ex
1242 1228 1324 1262 longo
1358 1227 1485 1255 reducem
1518 1225 1679 1253 decentibus
1709 1225 1812 1257 darent,

1023 1279 1099 1303 extra
1115 1274 1211 1302 urbem
1235 1273 1385 1301 diversorio
1415 1278 1478 1307 apto
1511 1273 1704 1299 consederunt.
1738 1272 1812 1299 Dicta

1023 1320 1087 1348 hinc
1105 1319 1164 1347 dies
1181 1319 1295 1346 solemni
1313 1319 1439 1346 occursui
1461 1317 1568 1345 aderat:
1583 1325 1614 1344 ca
1640 1317 1690 1344 fuit
1715 1317 1816 1344 mensis

1022 1357 1183 1395 Novembris
1200 1366 1329 1394 vicesima
1340 1365 1469 1394 secunda.
1481 1364 1618 1392 Univcrsa
1628 1364 1724 1391 civitas
1735 1372 1750 1391 e
1761 1365 1818 1391 sill-

1023 1413 1095 1448 gulis
1110 1412 1250 1444 domibus,
1266 1412 1339 1439 velut
1356 1419 1371 1438 e
1385 1411 1501 1438 diversis
1525 1410 1647 1438 fontibus
1676 1409 1816 1437 derivato-

1024 1467 1083 1486 rum
1099 1459 1126 1486 in
1149 1465 1294 1486 commune
1325 1457 1490 1486 contiuvium
1516 1457 1816 1488 amnium,rxundans,

1023 1506 1049 1533 in
1065 1513 1148 1533 unum
1165 1505 1248 1532 eﬂ‘usa
1267 1505 1356 1532 locum
1373 1509 1450 1531 extra
1481 1507 1588 1539 portam
1616 1502 1735 1535 Charsii,
1760 1511 1818 1529 am-

1019 1551 1119 1579 bitioso
1138 1550 1271 1578 aestuabat
1287 1554 1422 1585 apparatu
1441 1548 1611 1576 celebrandm
1624 1548 1815 1582 imperantium

1019 1597 1189 1632 exceptionis
1205 1603 1237 1623 eo
1252 1596 1349 1623 decore
1365 1602 1397 1622 ac
1411 1594 1629 1629 magnificentia,
1652 1602 1713 1628 qua:
1742 1594 1818 1626 priu-

1019 1642 1112 1678 cipum
1128 1650 1142 1670 e
1156 1642 1248 1669 bienni
1266 1641 1388 1668 absentia
1403 1641 1518 1675 primum
1542 1640 1731 1675 apparcntium
1758 1643 1818 1666 tan-

1020 1687 1067 1714 diu
1083 1690 1248 1721 exspectata:
1263 1685 1415 1720 prasentia:
1440 1689 1650 1712 consentaneam
1674 1684 1818 1713 charitatis

1022 1733 1266 1764 fideliuineivium,
1297 1732 1428 1760 desiderii
1458 1732 1587 1766 praeteriti
1611 1731 1758 1767 gaudiique
1785 1740 1818 1759 ac

1022 1779 1212 1814 gratulationis
1239 1779 1383 1814 praesentis
1414 1778 1624 1806 declarationem
1646 1779 1817 1807 exhiberem.

1024 1825 1148 1860 Magnam
1165 1825 1222 1852 illic
1243 1825 1295 1852 dici
1314 1829 1417 1860 partem
1435 1825 1553 1860 populus
1579 1826 1735 1854 universus.
1754 1833 1821 1852 con-

1024 1872 1084 1900 fuse
1099 1872 1214 1899 conflata
1230 1872 1354 1906 quaedam
1368 1872 1464 1899 concio
1478 1879 1493 1899 e
1509 1871 1641 1899 Romanis
1668 1877 1696 1899 et
1717 1873 1820 1900 exteris

1025 1926 1154 1954 generum
1168 1918 1379 1953 linguarumque
1392 1918 1543 1951 variarum,
1557 1919 1645 1953 gentis
1664 1920 1816 1953 prtrsertim

1025 1964 1105 1999 291
1124 1964 1239 1996 italicae,
1258 1971 1319 1991 cum
1335 1964 1522 1991 illustrissima
1540 1964 1662 1991 civitatis
1675 1970 1751 1998 parte
1763 1965 1818 1992 tle-

1026 2015 1115 2043 roqne
1133 2008 1265 2035 universo
1284 2012 1311 2034 et
1327 2008 1468 2042 episcopis
1498 2008 1590 2034 stabat
1615 2007 1755 2035 inhianter
1774 2008 1817 2034 in-

1027 2059 1104 2082 tenta
1139 2054 1166 2082 in
1197 2055 1407 2089 exspectatione
1437 2053 1592 2088 impatienti
1616 2054 1820 2088 exoptatissimi

1028 2106 1159 2138 aspectus
1173 2101 1383 2129 adventantium
1393 2101 1593 2135 Augustorum.
1606 2100 1680 2127 inter
1694 2101 1742 2128 has
1759 2108 1819 2127 mo-

1028 2156 1074 2176 ras
1098 2145 1279 2176 frementibus
1313 2147 1414 2175 studiis
1448 2147 1578 2181 inquietae
1614 2146 1819 2180 multitudinis,

178 2193 251 2229 iugis
270 2195 412 2222 ambitioni
428 2194 645 2226 satisfacturum,
672 2200 698 2222 et
726 2204 840 2230 sperans
872 2201 975 2230 tamen,
993 2205 1014 2233 ι)
1028 2194 1159 2229 quiddam
1181 2193 1255 2221 haud
1282 2193 1340 2221 scio
1365 2200 1469 2220 annon
1493 2193 1541 2219 tali
1571 2193 1719 2219 occasione
1739 2192 1818 2226 plane

178 2242 224 2268 ubi
239 2241 271 2268 ad
288 2241 477 2276 stringendum
494 2242 644 2274 veniretur,
663 2250 719 2269 rem
736 2242 792 2277 ipsa
807 2243 887 2270 facile
912 2251 975 2278 pas-

179 2294 244 2314 sura
261 2287 440 2314 omittendam
458 2286 493 2313 ob
509 2294 590 2322 grave
607 2286 813 2313 incommodum
832 2287 911 2322 longe
923 2288 974 2314 im-

179 2334 254 2368 paris
271 2334 474 2368 designatorum
488 2332 634 2367 coniugum
645 2332 744 2365 atatis,
760 2333 869 2360 Achaiae
881 2333 976 2369 utique

179 2379 409 2414 principissaiam
426 2379 516 2412 effeta,
544 2386 606 2405 Ctlltt
638 2377 758 2407 Joannes
783 2381 895 2415 despota
919 2380 977 2408 vix-

182 2426 248 2453 dum
262 2426 408 2460 primulum
423 2425 593 2459 pubertatcm
609 2424 746 2453 inivisset.

180 2484 208 2511 8.
224 2483 262 2509 De
279 2483 365 2509 reditu
382 2483 550 2524 imperatoris
567 2487 591 2509 ρι
617 2484 684 2517 festo
711 2483 974 2520 Constantinopolim

513 2527 644 2553 πίστωμα.

234 2562 286 2589 Sed
297 2563 351 2597 iam
367 2570 428 2589 cum
447 2563 514 2590 aulae
523 2571 606 2591 causa
615 2571 668 2590 non
681 2568 754 2591 esset
771 2563 974 2594 Thessalonica:

179 2610 303 2636 morandi
321 2609 447 2644 perfectis
460 2617 519 2643 quae
537 2610 600 2636 illnc
611 2617 670 2637 eam
681 2614 859 2642 attraxerant,
875 2612 977 2640 foedere

179 2664 242 2684 cum
261 2657 332 2683 crate
347 2660 374 2683 et
390 2656 565 2683 restitutione
592 2655 773 2684 Occiduorum
804 2658 910 2692 imperii
927 2663 978 2685 tra-

181 2708 281 2730 eiuum
301 2702 326 2729 in
343 2709 423 2737 qnam
440 2703 572 2737 optimum
591 2710 640 2736 pro
658 2703 783 2737 praiscati
798 2704 906 2730 fortuna
922 2709 977 2731 sta-

179 2749 250 2779 tum,
265 2747 451 2782 tempestivum
466 2747 516 2775 fuit
531 2747 564 2774 de
580 2747 668 2774 reditu
691 2747 717 2775 in
734 2749 829 2776 urbem
846 2749 978 2783 cogitare.

181 2793 319 2822 Ducentos
334 2795 415 2830 igitur
431 2795 680 2829 sccumAugustus
695 2799 808 2830 uterque
822 2795 902 2822 filiam
914 2795 979 2823 ’l‘cr—

181 2839 255 2866 tcris
271 2845 455 2876 prtetcreaquc
473 2841 652 2874 Cotanitzant,
664 2844 692 2868 ut
707 2840 905 2869 locuntoffit'iis
922 2849 979 2869 ma-

1028 2241 1170 2277 singulare
1187 2241 1304 2275 contigit
1320 2249 1327 2267 :
1342 2240 1472 2267 nimirum
1488 2242 1584 2266 mutua
1608 2238 1744 2271 trusione,
1760 2238 1820 2266 ine-

1028 2287 1136 2315 vitabili
1150 2287 1177 2314 in
1195 2287 1321 2314 conferta
1335 2287 1427 2319 turba,
1443 2285 1555 2320 quidam
1573 2285 1600 2312 in
1628 2286 1699 2312 forte
1722 2285 1817 2319 subje-

1028 2338 1100 2362 ctam
1117 2334 1242 2362 incidens
1258 2334 1366 2361 foveam
1384 2333 1504 2368 graviter
1518 2331 1691 2367 periclitatus
1711 2332 1745 2360 de
1762 2332 1818 2358 vita

1028 2384 1081 2407 est.
1091 2379 1261 2407 Crediderim
1273 2379 1300 2406 id
1313 2378 1437 2405 auditum
1451 2377 1485 2405 ab
1496 2377 1622 2411 Augusto
1633 2377 1741 2404 seniore
1753 2377 1820 2412 (nisi

1029 2434 1091 2461 qua:
1105 2426 1158 2453 alia
1174 2427 1347 2460 incomperta
1361 2424 1426 2451 mihi
1444 2432 1528 2452 causa
1548 2431 1611 2451 eum
1634 2423 1732 2458 movit)
1749 2431 1820 2450 cou-

1030 2472 1123 2500 silium
1142 2473 1167 2500 ei
1184 2472 1359 2507 suggessisse
1377 2471 1449 2506 quod
1471 2471 1610 2506 extemplo
1636 2474 1678 2498 est
1693 2475 1818 2504 secutus,

1031 2519 1204 2546 dimittendae
1225 2518 1424 2549 multitudinis.
1442 2525 1475 2545 ne
1497 2526 1550 2552 qua
1565 2524 1659 2551 pronae
1675 2517 1702 2544 in
1718 2518 1818 2545 talibus

1030 2564 1186 2599 cuiuspiam
1213 2564 1334 2592 laesionis
1351 2572 1421 2591 noxa
1437 2564 1587 2590 clementia
1609 2564 1765 2597 principum
1779 2562 1820 2590 of-

1031 2611 1105 2640 fendi
1126 2612 1286 2646 turbarique
1301 2611 1396 2638 laetitia
1413 2610 1496 2637 fausti
1513 2609 1618 2637 reditus
1633 2614 1735 2645 posset.
1753 2609 1819 2638 Mis-

1029 2658 1069 2686 sis
1087 2665 1152 2692 ergo
1171 2648 1346 2692 przeconibus
1360 2656 1536 2683 denuntiavit
1551 2656 1653 2690 populo
1670 2663 1819 2690 agnoscere

1032 2712 1062 2732 se
1079 2703 1314 2734 benevolentiam,
1334 2706 1361 2730 et
1375 2708 1430 2729 tam
1451 2702 1573 2737 prolixas
1597 2702 1818 2736 significationes

1032 2749 1121 2776 devoti
1150 2748 1264 2776 affectus
1282 2747 1452 2783 gratissimo,
1481 2751 1511 2774 ut
1542 2747 1666 2781 deberet,
1695 2748 1820 2782 accipere

1033 2795 1143 2827 animo;
1160 2797 1260 2821 caetera
1279 2800 1309 2820 se
1324 2792 1469 2820 remittere
1484 2799 1568 2819 causa
1592 2792 1727 2827 ipsorum,
1740 2798 1766 2820 et
1781 2793 1819 2821 ire

1032 2840 1145 2869 domum
1170 2847 1308 2875 quemque
1323 2846 1398 2868 nunc
1417 2839 1537 2874 jubcro;
1563 2846 1619 2867 non
1647 2840 1720 2867 enim
1740 2848 1769 2868 se
1791 2840 1819 2868 in
