1944 3061
163 111 215 141 3⁴ΞΊ

753 107 915 137 GEORGll
934 105 1174 136 PACllYMElLE

1737 101 1789 132 32L

162 168 273 198 ἐκεῖνος,
287 165 425 201 ἠοετηκὼς
439 164 487 199 τὴν
503 164 581 194 ἰδίαν,
599 163 697 198 νηπίαν
725 162 806 189 οὖσαν
833 162 940 196 ἀγάγοι.
962 164 983 190 Λ
999 161 1046 187 καὶ
1069 161 1179 195 εἰρήνην
1202 158 1310 185 ἁνύτειν
1335 158 1384 184 ὅσα
1409 157 1516 192 σίδηρος
1541 156 1591 182 οὐκ
1622 155 1720 189 ἰσχύει,
1744 157 1790 181 καὶ

162 221 191 239 το
203 221 210 228 ·
229 213 274 239 καὶ
295 212 335 238 ὃτι
349 210 553 246 χρυσοῦογείταί
568 218 595 235 τε
608 210 654 235 καὶ
673 208 898 244 ἁργυρολογείται
919 207 948 234 τὺ

162 259 226 290 πᾶν,
241 256 501 292 τετιμιουλκημένου
520 255 569 290 μὲν
591 254 636 281 τοῦ
666 253 810 289 χρειώδους
840 254 946 284 ἆλατος,

162 303 419 337 τετιμιουλκημένου
444 302 471 328 δὲ
498 300 544 327 καὶ
572 301 690 335 σιδήρου,
717 300 822 334 συχνῶν
849 299 877 325 δὲ
901 301 948 325 καὶ

163 350 307 377 συνδοσιῶν
323 349 482 382 γινομένων,
498 347 545 374 καὶ
561 347 649 382 τρίτον
676 347 713 378 ὡς
738 347 948 380 καταψρονεῐῖαι

162 397 242 428 αὐτὸς
258 396 394 430 ἀναφορὰς
404 393 532 425 πολλάκις
545 394 614 428 ὑπὲρ
628 394 675 419 τοῦ
689 393 829 423 δοκοῦντος
844 393 947 419 δικαίου

162 442 330 475 ποιούμενος.
353 439 489 466 Ἐντεῦθεν
498 439 525 465 δὲ
541 438 667 473 βασιλεὺς
681 439 719 468 εἰς
736 437 784 472 τὴν
803 437 872 472 ὑπὲρ
886 436 949 462 τού-

162 496 215 513 των
230 485 373 518 ἀπολογίαν
388 484 524 515 καταστὰς
539 484 584 509 ἐπὶ
599 484 648 518 μὲν
658 483 695 518 τῷ
713 483 758 510 τοῦ
779 483 865 518 κράλη
885 491 948 509 συν-

162 532 314 566 αλλάγματι
328 530 377 557 οὐκ
390 529 479 564 ὄρεξιν
496 529 564 556 ἰδίαν
581 529 628 556 καὶ
657 529 704 564 τὴν
731 529 833 555 ἐκεῖθεν
861 528 949 562 ἑαυτῷ

163 577 254 610 δνησιν
264 576 358 612 ᾐτιᾶτο
375 584 382 591 ·
399 574 487 609 πολλῴ
503 575 556 609 γὰρ
567 575 667 610 ἥκιστα
699 574 787 607 τοῦτο,
821 575 874 607 ὅσρ
902 574 949 600 καὶ

164 619 384 655 προσζημιωοείη
401 619 479 651 αυτὸς
493 620 526 646 τὰ.
543 620 657 654 μεγάλα,
676 620 766 654 κόριον
780 619 793 646 ὃ
816 619 848 645 ὲκ
862 618 950 654 ψυχῆς

164 667 273 702 ἔστεργε
292 667 339 693 καὶ
351 663 372 700 ᾧ
388 667 580 700 προσετετῄκει
605 666 652 692 καὶ
675 666 755 696 αὐτὸς
785 666 832 692 καὶ
859 665 950 699 μήτηρ

164 713 211 739 καὶ
235 713 338 747 γάμους
368 711 522 747 ἑτοιμάζειν
549 711 694 745 ὲγκαίρους
718 712 780 741 τοὺς
807 711 839 737 ἐκ
858 710 949 746 ρηγῶν

164 759 243 794 ᾤετο,
258 759 288 790 ἐξ
301 758 427 792 ἀγκαλῶν
441 757 547 784 οἰκείων
561 759 630 792 ἀναρ
637 757 734 783 κτισθὲν
761 756 892 792 βαρϐάρῳ
921 765 950 782 τε

165 804 211 830 καὶ
237 803 272 829 τὰ
296 803 384 829 πάντα
406 803 532 838 ἁπόργῳ
561 802 608 829 καὶ
634 802 715 837 μηδὲν
728 802 826 835 σεμνὸν
844 801 889 828 ἐπὶ
902 801 948 836 τῆς

165 850 251 884 ἀρχῆς
266 849 354 884 ἔχοντι
370 851 612 884 καταπροῖἐμενος.
635 849 704 875 ’Λλλ’
716 848 820 882 ἀνδρῶν
841 849 887 874 καί
901 857 953 882 χω-

167 894 221 929 ρῶν
235 895 281 920 καὶ⁸
294 894 463 928 πραγμάτων
474 894 666 928 προσηκόντων
680 895 712 928 τῇ
740 893 874 929 βασιλείᾳ,
894 893 949 919 τῶν

166 940 215 974 μὲν
227 940 407 974 ἀπαγομένων
421 939 529 970 ἀθλίως,
543 939 595 965 τῶν
613 939 634 965 δ’
650 938 844 974 ἑρημουμὲνων
868 938 949 972 ἐσχά-

164 994 227 1017 τως,
252 986 306 1012 τῶν
320 986 348 1012 δὲ
364 984 566 1020 σκυλευομένων
582 985 762 1017 (Summa/51mg,
780 985 829 1011 καὶ
849 985 950 1019 αἰχμα-

163 1032 263 1064 λωςίας
278 1032 411 1066 τοσαύτης
422 1040 451 1058 τε
463 1032 508 1058 καὶ
519 1031 647 1066 τοιαύτης
661 1031 740 1065 χάριν
754 1030 839 1057 ταῦτα
863 1030 950 1064 πρατ-

164 1089 204 1106 τοι
218 1080 264 1106 καὶ
279 1080 354 1114 παρὰ
365 1079 476 1114 γνώμην
487 1079 533 1105 καὶ
554 1078 629 1114 παρὰ
645 1077 754 1112 θέλησιν
776 1086 782 1092 ·
798 1077 884 1104 πολλὰ
897 1077 950 1113 γὰρ

166 1171 230 1206 quid
247 1171 337 1205 ipsum
349 1170 498 1198 oli'cnderet
520 1170 647 1205 protulit,
662 1170 813 1197 criminans
831 1170 951 1206 legitime

166 1222 338 1245 contractum
357 1217 434 1252 prius
446 1217 528 1244 cralis
555 1217 712 1252 conjugimn
743 1217 828 1244 fuisse
844 1216 949 1244 nefarie

167 1264 346 1298 diremptum,
363 1269 389 1291 et
406 1264 508 1298 injuste
533 1264 568 1291 ab
582 1271 614 1290 co
637 1263 780 1298 repudiata
799 1264 871 1298 regis
890 1262 952 1290 Bul-

167 1311 248 1346 ειη-ιω
267 1311 321 1337 lilia
339 1311 364 1338 in
381 1311 443 1345 ejus
471 1312 561 1338 locum
591 1311 768 1338 sabstitutant
788 1309 951 1337 iniantnlam

167 1366 197 1384 ex
216 1358 383 1392 imperatore
400 1363 504 1384 natam.
520 1357 632 1384 Addidit
648 1358 718 1384 ferre
736 1365 766 1384 se
784 1357 856 1384 haud
873 1365 953 1392 posse

168 1404 310 1438 aggravari
335 1404 466 1439 populum
487 1404 597 1431 tributis
628 1405 688 1431 sine
722 1405 814 1431 modo.
841 1404 951 1431 Nullum

170 1450 248 1477 linem
261 1451 317 1478 ﬁeri
334 1452 403 1482 auri,
417 1451 522 1486 argenti
536 1451 657 1485 undique
677 1451 751 1478 nullo
763 1459 816 1478 non
830 1458 845 1478 e
861 1458 951 1477 rerum

166 1504 265 1531 gvuere
277 1496 452 1524 corradendi.
468 1496 572 1530 Subjici
588 1496 665 1524 noris
679 1496 856 1532 vectigalibus
869 1496 952 1523 salem

166 1543 322 1570 communis
338 1550 414 1574 usus,
429 1541 528 1576 subjici
544 1543 627 1569 etiam
646 1542 764 1577 ferrumj;
776 1546 803 1570 et
827 1542 953 1570 immani-
969 1534 988 1561 (ἶ

165 1593 208 1616 ter
225 1588 284 1616 istis
307 1589 499 1616 exactionibus
517 1596 609 1617 rerum
638 1589 702 1616 vitm
730 1590 952 1617 necessariarum

167 1636 287 1671 pretium
303 1636 430 1663 accendi.
456 1636 567 1663 Eil'undi
598 1644 660 1663 mox
690 1637 804 1671 prodige
823 1636 850 1664 in
871 1637 955 1672 largi-

167 1682 255 1709 tiones
271 1681 383 1709 crcbras
399 1689 460 1716 qua:
489 1689 570 1708 avare
597 1682 654 1709 sint.
674 1686 795 1710 extorta.
825 1682 952 1711 Tertiutn

167 1729 211 1757 his
231 1728 349 1755 attexuit
374 1727 553 1763 querelarum
571 1731 666 1763 caput,
694 1728 832 1756 contemni
857 1737 886 1757 sc
903 1737 954 1757 nec

168 1775 262 1803 haberi
290 1774 425 1802 ratiottetn
460 1774 694 1808 supplicationum
719 1782 768 1810 pro
806 1775 954 1804 clientibus

167 1828 294 1854 suarum,
313 1820 358 1848 ubi
376 1828 408 1847 ex
427 1819 516 1847 ollicio
535 1820 722 1848 interveniens
736 1821 952 1856 periclitantium

168 1867 264 1895 causis
279 1867 502 1902 patrocinaretur
516 1868 668 1902 oppressis,
684 1873 711 1895 el.
727 1868 790 1903 jura
803 1869 953 1897 destituto-

168 1922 228 1942 rum
245 1913 407 1941 verisimilia
419 1914 482 1940 licet
501 1914 690 1948 nequidquam
715 1914 859 1949 allegaret,
876 1915 954 1943 nullo

166 1968 223 1987 sua:
250 1960 381 1993 neglech
405 1959 580 1986 auctoritatis
601 1959 703 1987 fructu.
725 1959 868 1988 Adversus
894 1961 954 1988 haec

167 2007 318 2041 imperator
331 2005 372 2033 sui
391 2005 578 2032 defensionem
602 2012 615 2032 a
631 2005 722 2039 capite
739 2013 831 2038 orsus,
847 2006 880 2034 de
895 2014 954 2034 cra-

168 2053 202 2079 llS
221 2052 336 2084 primum
353 2051 456 2078 (uadere
473 2051 617 2082 disseruit,
635 2059 686 2079 nec
705 2052 816 2087 propria
832 2060 861 2080 se
880 2053 908 2080 in
925 2052 953 2080 id

167 2098 315 2132 cupiditate
347 2102 476 2129 tractum,
491 2105 542 2125 nec
570 2098 706 2126 utililalcs
735 2098 809 2127 inse
831 2107 952 2134 suosque

167 2143 294 2178 privatim
320 2142 526 2169 redundaturas
549 2142 612 2170 inde
627 2147 777 2178 captasse:
802 2144 869 2179 quin
902 2152 952 2180 po-

168 2191 223 2216 tius
238 2189 410 2216 sacriﬁcasse
427 2197 456 2216 se
471 2190 497 2216 in
518 2189 570 2216 hoc
589 2190 706 2224 publicis
723 2191 877 2218 commodis
894 2193 950 2225 pri-
964 2202 989 2232 D

169 2239 256 2266 ratos,
275 2241 377 2268 eosque
400 2236 574 2268 teucrritnos,
600 2234 726 2262 affectus.
739 2235 877 2268 Filiolam,
904 2243 950 2263 ca-

165 2285 215 2315 put
231 2280 353 2307 omnium
367 2279 570 2312 dulcissimum,
584 2288 648 2307 sttas
661 2281 814 2316 matrisque
823 2282 948 2314 delicias,

167 2334 247 2356 quam
282 2326 309 2353 in
339 2333 415 2361 spem
445 2327 732 2361 splendidissitnarum
764 2335 827 2354 cum
852 2335 948 2362 regum

166 2372 294 2400 maximis
309 2373 467 2407 nuptiarum
485 2373 646 2404 cducarcnt,
676 2372 754 2400 avelli
773 2373 825 2400 sibi
852 2381 950 2408 passos

163 2429 181 2447 ο
198 2419 314 2454 gremio,
328 2419 484 2454 projicique
513 2419 539 2446 in
571 2426 671 2446 manus
699 2419 873 2447 insociabilis
888 2419 951 2447 bar-

167 2464 236 2496 bari,
270 2463 338 2490 nihil
355 2464 382 2491 in
401 2465 476 2491 cultu
506 2471 538 2491 ac
558 2465 681 2491 moribus
699 2464 861 2497 humanum,
881 2465 950 2492 nihil

165 2511 192 2536 in
209 2511 268 2545 ipso
287 2510 443 2544 principatu
462 2518 632 2545 magnopere
656 2510 831 2544 splendidum
850 2511 951 2539 habcn~

165 2557 210 2584 tis.
231 2555 331 2583 Verum
347 2564 379 2583 eo
399 2564 413 2582 a
428 2564 462 2583 se
477 2556 564 2590 pretio
581 2556 746 2591 redemptam
764 2558 948 2591 captivitatem

164 2603 340 2630 subditorum
359 2602 478 2636 imperii,
508 2602 553 2636 qui
570 2602 670 2629 misere
686 2603 820 2630 servitum
835 2604 951 2631 abduce-

165 2649 278 2681 bantur,
296 2647 496 2683 provinciarum
515 2647 738 2683 2941lumaua:
764 2649 876 2677 ditionis
896 2655 951 2677 sta-

164 2699 233 2726 tum,
259 2702 320 2728 qua:
345 2693 554 2720 incursionibus
573 2694 782 2727 desolabantur,
811 2703 949 2723 annonam

164 2741 284 2776 denique
300 2749 332 2768 ac
345 2740 447 2767 rictum
471 2739 602 2774 subjectae
617 2740 670 2768 sibi
692 2741 789 2776 plebis,
813 2741 949 2778 irrepara-

165 2786 268 2814 bilibus
278 2787 416 2814 latronum
431 2786 676 2820 rapaciSsimorum
695 2786 950 2822 depraedationibus

167 2833 278 2866 spoliari
305 2839 384 2861 antea
403 2833 501 2861 sciit-an
530 2831 596 2860 Tant
624 2836 730 2862 acerba:
761 2834 948 2870 oppressionis

1001 207 1116 237 σπονδὰς
1127 206 1338 239 καταπράττειν,
1357 205 1403 231 καὶ
1421 203 1498 238 μόλις
1506 202 1555 233 τὰς
1571 202 1602 228 ἐκ
1624 202 1677 227 τῶν
1692 202 1789 234 γάμων

1000 252 1251 283 συντακτικωτάτας
1266 250 1348 282 οὖδας
1360 250 1407 277 καὶ
1421 248 1562 283 ἀσφαλεῖς,
1576 249 1626 274 ὅσα
1642 248 1679 283 μὴ
1703 248 1788 282 μάχαι

1000 296 1047 323 καὶ
1062 296 1178 330 πόλεμος
1192 294 1323 330 οὕμενουν
1338 294 1555 329 κατεπράξαντο.
1580 293 1617 319 Οὐ
1636 293 1688 328 μὴν
1701 293 1723 318 δ’
1739 291 1789 318 αὗ-

1000 343 1040 373 ὓις
1065 342 1111 368 καὶ
1138 341 1227 377 νόμων
1247 342 1275 373 ὲς
1293 342 1364 368 ἆπσιν
1388 341 1476 372 ἐκτὸς.
1503 340 1541 371 ὡς
1567 339 1648 366 αὐτὸν
1675 339 1789 370 οἴεσθαι,

999 388 1140 422 πράττειν.
1167 388 1250 423 Δῆλον
1274 387 1328 422 γὰρ
1354 385 1422 413 εἶναι
1448 387 1495 412 καὶ
1519 385 1613 412 κανόσι
1629 386 1674 412 καὶ
1698 386 1790 419 rapat;

1001 435 1248 469 προστεταγμένον,
1272 434 1308 468 μὴ
1333 433 1365 460 ἂν
1395 432 1576 467 ἐκχωρεῖσθαι
1600 431 1646 458 τὸν
1675 431 1790 465 νόμιμον

1000 482 1170 517 ἀγαγόμενον
1180 482 1282 516 ταύτην
1297 481 1346 515 μὲν
1362 481 1470 514 ἀφεῖναι
1490 478 1566 513 παρὰ
1584 478 1718 513 μηδεμίαν
1746 477 1789 503 αἱ-

1000 529 1062 555 τίαν
1078 528 1200 562 εὓληγον,
1217 526 1421 561 συμπλέκεσθαι
1439 525 1461 552 δ’
1481 525 1549 560 ἄλλῃ
1569 533 1575 539 ·
1589 525 1617 553 ,εἰ
1634 524 1660 550 δέ
1677 532 1717 554 τις
1733 523 1792 548 τολ-

1002 573 1074 609 μώῃ,
1092 572 1182 599 αἰτίαν
1199 572 1247 607 μὲν
1261 573 1382 606 μοιχείας
1398 570 1558 597 ἀποίσεσθαι
1574 571 1619 596 τὶν
1636 568 1789 604 τολμῶντα,

1000 620 1049 654 τὴν
1066 619 1094 645 δὲ
1112 619 1267 653 συνοίκησιν
1283 615 1353 643 εἶναι
1370 617 1537 652 παράνομον,
1553 615 1624 642 ὥστε
1646 615 1694 649 τῆς
1715 614 1790 649 πρώ-

1003 672 1050 701 της
1066 666 1235 700 ὴθετημενης
1252 665 1296 691 καὶ
1313 664 1415 699 ζώσης,
1430 663 1531 694 ὁπόσας
1547 661 1704 689 τοὲντεῦθεν
1721 661 1789 695 ἠγα-

1001 721 1073 746 γετο,
1089 712 1125 748 μὴ
1146 712 1343 746 ὲγκεκριμένας
1357 711 1413 742 τοῖς
1437 711 1529 745 νόμοις
1548 709 1609 744 μηδ’
1630 709 1659 735 ἐν
1682 707 1791 742 γυναιξὶ

1002 758 1128 794 νομίμοις
1155 757 1310 784 τάττεσθαι.
1338 765 1347 781 t
1376 756 1412 782 ’Ἡ
1436 755 1466 782 οὐ
1491 755 1567 781 ταῦθ’
1590 754 1661 781 οὕτω
1691 753 1738 780 καὶ
1762 754 1791 779 ἐν

1002 805 1067 839 ἡμῖν
1090 803 1146 838 ἔχει
1163 812 1171 835 ;
1191 813 1201 829 )
1225 803 1309 836 Φησὶν
1326 803 1339 828 ὁ
1359 801 1476 836 κρατῶν,
1497 810 1505 826 t
1527 800 1665 827 Πυνθάνου
1679 807 1792 834 τοιγαρ-

971 857 990 884 B
1006 850 1051 876 οὖν
1065 850 1120 876 τῶν
1143 849 1261 881 εἰδότων,
1278 849 1325 875 καὶ
1346 849 1449 880 πιστῶς
1473 847 1592 884 μάνθανε
1609 847 1646 878 ὡς
1668 848 1717 873 οὐκ
1746 847 1792 873 ἆ).-

1001 897 1052 928 λως
1065 897 1128 931 ἡμῖν
1144 895 1254 930 ἐγένετο
1267 894 1465 927 καταδέξασθαι
1489 895 1520 920 τὸ
1546 895 1734 929 συνάλλαγμα,
1766 894 1789 920 ει

1000 942 1040 977 μὴ
1058 942 1102 968 καὶ
1114 943 1211 976 ὅρκους
1242 941 1305 971 τοὺς
1326 941 1455 975 πρέσϐεις
1473 940 1588 976 [P.20'5]
1616 942 1792 976 προααπῃτή-

1002 996 1088 1023 σαμεν
1104 986 1238 1022 βεϐαιοῦν,
1253 984 1270 1022 ἦ
1287 986 1338 1022 μὴν
1355 987 1402 1012 καὶ
1432 986 1471 1013 ἐτι
1487 987 1621 1020 περιεῖναι
1646 985 1695 1020 τὴν
1719 994 1791 1020 νομι-

1003 1043 1052 1069 μον
1068 1035 1111 1061 ὅτε
1129 1036 1161 1069 τῇ
1177 1033 1224 1059 τοῦ
1238 1034 1358 1068 Τερτερῆ
1375 1033 1564 1065 συνεπλέκετο,
1592 1033 1639 1058 καὶ
1670 1032 1731 1067 ἄρτι
1755 1031 1792 1067 μὴ

1002 1080 1054 1118 ζῇν
1067 1080 1104 1107 ὅθ’
1119 1081 1199 1115 ἡμεῖς
1216 1080 1254 1112 είς
1270 1080 1392 1115 γαμὸρὶν
1417 1080 1573 1115 ὲτάττομεν,
1598 1079 1637 1110 ὡς
1667 1079 1792 1105 ἐντεῦθεν

1003 1172 1180 1199 miseratione
1194 1175 1298 1199 motum
1324 1179 1395 1203 sese,
1426 1171 1621 1198 invitissimum
1637 1171 1746 1206 quidem
1764 1176 1791 1199 et

1002 1217 1174 1245 inclinationi
1192 1217 1310 1253 propria;
1328 1225 1434 1245 summa
1452 1218 1477 1245 vi
1498 1218 1699 1250 obluctantem,
1717 1218 1790 1253 quod

1003 1264 1145 1292 habuisset
1160 1264 1354 1291 charissimum
1370 1264 1539 1299 impendisse
1560 1265 1585 1290 in
1607 1265 1788 1292 levamentum

1003 1310 1057 1338 alia
1073 1311 1148 1337 nulla
1164 1311 1271 1337 ratione
1296 1311 1452 1337 avertenda:
1477 1310 1653 1342 calamitatis,
1675 1319 1790 1345 gnarum

1004 1358 1090 1384 ntulta
1119 1357 1350 1384 convcntiunibus
1371 1356 1455 1390 effici,
1479 1365 1539 1392 qua:
1561 1357 1631 1384 bello
1657 1365 1689 1384 ac
1720 1355 1792 1385 ferro

1005 1401 1106 1428 frustra
1124 1406 1278 1433 teutentur,
1299 1401 1493 1437 {tnderumque
1508 1403 1653 1436 beneﬂcio,
1678 1411 1793 1439 praeser-

1006 1448 1053 1475 titn
1081 1449 1114 1474 ad
1149 1448 1325 1476 stabilitatem
1356 1448 1549 1476 roburatorum
1585 1450 1791 1478 necessitudine

1008 1494 1127 1529 nuptiali
1145 1495 1217 1528 (nam
1235 1495 1288 1522 isto
1304 1495 1414 1522 dcmtttu
1432 1496 1538 1531 glutine
1566 1497 1724 1524 lirtuissimc
1741 1498 1792 1524 hc—

1007 1542 1110 1568 minum
1128 1541 1284 1569 voluntates
1301 1542 1424 1576 coeunt),
1456 1543 1482 1569 in
1508 1550 1656 1570 commune
1674 1544 1792 1578 plurima

1005 1592 1033 1615 ct
1047 1588 1179 1620 maxima,
1197 1587 1280 1623 idque
1304 1588 1454 1623 tranquille
1470 1596 1503 1616 ac
1520 1595 1630 1621 secure,
1646 1590 1792 1624 provenire

1005 1633 1196 1666 commodum,
1215 1641 1277 1669 qua:
1296 1642 1347 1661 nec
1373 1634 1524 1662 sudoribus
1543 1642 1574 1662 ac
1589 1635 1719 1670 periculis
1730 1644 1792 1672 gra-

1004 1680 1128 1708 vissimis
1165 1680 1449 1708 laboriosissimarum
1487 1682 1696 1716 expeditionum
1741 1691 1793 1710 nec

1005 1733 1105 1753 cruole
1119 1727 1254 1754 immenso
1269 1727 1425 1762 praeliorum
1440 1727 1530 1762 parari
1545 1736 1665 1763 unquam
1691 1729 1793 1756 ulnis.

1004 1778 1077 1801 sent.
1094 1773 1149 1800 Nec
1162 1778 1265 1805 tamen,
1291 1774 1363 1808 quod
1386 1773 1457 1802 falso
1475 1780 1650 1809 argueretur,
1666 1780 1748 1803 tanta:
1761 1784 1793 1804 ac

1005 1823 1059 1847 tam
1072 1821 1207 1848 evidentis
1224 1820 1350 1848 utilitatis
1367 1822 1455 1856 gratia
1469 1822 1621 1857 quidquam
1641 1826 1736 1850 contra
1755 1823 1792 1850 les

1006 1873 1054 1901 ges
1081 1871 1246 1894 attentasse.
1272 1866 1341 1895 Esse
1365 1875 1485 1903 namque
1510 1868 1686 1896 manifestum
1714 1870 1791 1904 juxta

1005 1913 1075 1940 scita
1092 1920 1230 1940 canonum
1251 1918 1278 1941 et
1293 1914 1415 1941 civilium
1430 1915 1512 1941 etiam
1535 1916 1725 1948 sanctionum,
1742 1922 1792 1944 nec

1003 1958 1108 1985 licitum
1124 1967 1176 1986 nec
1191 1959 1329 1994 integrum
1350 1959 1411 1987 viro
1427 1967 1500 1992 esse,
1517 1960 1563 1995 qui
1590 1961 1643 1987 rittt
1669 1961 1792 1996 legitimo

1003 2009 1119 2029 uxorem
1136 2002 1258 2035 duxerit,
1273 2011 1306 2030 ea
1324 2004 1384 2031 sine
1402 2005 1457 2032 ulla
1474 2012 1556 2032 causa
1579 2005 1676 2033 idonea
1691 2007 1789 2041 rejecla

1003 2049 1127 2083 copulari
1140 2049 1231 2081 alteri,
1249 2056 1281 2076 ac
1296 2050 1318 2077 si
1340 2050 1403 2085 quis
1420 2050 1447 2078 id
1474 2051 1661 2084 attentaverit,
1682 2051 1791 2079 adulte-

1003 2095 1036 2121 rii
1055 2095 1152 2127 teneri,
1166 2096 1383 2131 conjugittmque
1405 2097 1456 2124 ltoc
1481 2098 1633 2125 secundum
1659 2106 1709 2133 pro
1732 2099 1792 2126 ille.

1004 2141 1101 2177 gitimo
1115 2142 1283 2175 habendum.
1300 2142 1338 2169 ita
1352 2147 1382 2170 ut
1395 2143 1528 2178 quamdiu
1546 2145 1635 2178 pritna
1652 2145 1709 2172 sola
1727 2152 1791 2172 vera

1004 2189 1102 2223 conjux
1134 2192 1275 2223 superstes
1312 2189 1405 2221 fuerit,
1430 2194 1568 2225 quotquot
1591 2190 1655 2218 inde
1672 2190 1791 2223 duxerit,

1004 2234 1160 2270 illegitimas
1188 2239 1213 2262 et
1230 2235 1343 2270 pellices
1359 2236 1450 2270 potius
1469 2244 1550 2271 quam
1578 2237 1669 2271 justas
1691 2245 1792 2276 uxores

1004 2280 1074 2308 fore.
1095 2290 1104 2307 t
1121 2282 1162 2308 An
1180 2289 1248 2308 vero
1260 2289 1315 2309 non
1333 2283 1368 2308 ita
1383 2282 1440 2309 ha-c
1457 2283 1484 2310 in
1501 2287 1598 2311 nostro
1613 2292 1679 2312 casu
1693 2292 1723 2313 se
1740 2285 1791 2311 ha-

1004 2327 1106 2355 buere?
1129 2337 1138 2353 ι
1165 2328 1284 2362 subjecit
1309 2329 1469 2363 imperator,
1500 2338 1509 2357 ι
1537 2329 1680 2366 Interroga
1709 2331 1792 2366 igitur

1003 2380 1051 2401 eos
1070 2373 1118 2408 qui
1131 2378 1243 2406 norunt,
1261 2379 1289 2401 et.
1304 2382 1336 2401 ex
1352 2383 1418 2402 vero
1437 2381 1494 2403 rem
1527 2383 1673 2411 cognosce.
1699 2377 1791 2404 Disccs

1004 2417 1077 2446 haud
1090 2419 1168 2453 prius
1179 2426 1230 2447 nos
1246 2427 1375 2449 assensus
1391 2421 1418 2448 in
1433 2423 1637 2449 matrimonium
1652 2423 1715 2450 ﬁliae
1730 2431 1790 2450 cutn

1003 2466 1088 2498 crale,
1102 2473 1183 2500 quam
1199 2467 1361 2501 legatorum,
1378 2473 1459 2502 prout
1472 2476 1662 2504 exegeratnus,
1679 2469 1742 2497 inde
1757 2471 1790 2498 ad

1003 2519 1055 2540 nos
1076 2513 1223 2540 missorum
1247 2514 1348 2548 juratis
1373 2515 1541 2542 testimoniis
1563 2516 1749 2551 comperimus
1765 2523 1789 2544 et

1005 2557 1090 2585 fuisse
1123 2558 1212 2586 adhuc
1243 2559 1270 2586 in
1294 2560 1362 2587 rivis
1386 2560 1536 2595 legitimam
1569 2562 1652 2590 cralis
1677 2571 1790 2591 uxorem

1004 2604 1114 2638 quando
1130 2604 1154 2631 is
1172 2604 1254 2632 ﬁliam
1268 2604 1389 2633 Terteris
1409 2607 1436 2633 in
1455 2607 1666 2635 contuberniutn
1681 2609 1790 2642 ascivit,

1003 2654 1031 2678 et
1051 2651 1177 2678 eamdem
1195 2651 1250 2686 jatn
1268 2652 1360 2680 vivcre
1376 2653 1502 2686 desiisse,
1522 2654 1631 2688 quando
1644 2651 1725 2689 295
1741 2663 1790 2682 nos

1003 2704 1065 2724 etttn
1083 2705 1212 2732 generum
1236 2699 1362 2726 fecimus.
1391 2700 1429 2727 Ex
1446 2700 1547 2735 quibus
1576 2705 1618 2728 est
1646 2702 1791 2729 manifeste

1003 2749 1176 2778 consequens
1192 2747 1218 2770 ct
1236 2743 1318 2770 tiliam
1340 2744 1462 2772 Terteris
1489 2746 1558 2772 nihil
1581 2746 1634 2773 nisi
1654 2746 1789 2781 pellicem,

1003 2794 1030 2817 et
1055 2794 1192 2822 nostram,
1209 2796 1352 2826 utcunque
1377 2791 1552 2823 infantulam,
1574 2792 1676 2827 justam
1702 2793 1790 2828 legiti-

1005 2843 1130 2869 tnantque
1140 2835 1244 2863 Scrbitc
1257 2836 1388 2873 principis
1401 2845 1529 2872 sponsam
1538 2837 1690 2867 cxsﬁtissc.
1705 2837 1791 2866 Porro
