1944 3061
173 107 224 138 3Ξ7

171 216 218 235 σον
238 209 277 244 τῷ
295 209 508 244 τελευτήσαντι·
535 209 671 244 τέσσαρας
702 209 756 244 γὰρ
783 210 888 244 ἡμέρας
914 210 961 235 καὶ

171 255 333 292 αἱμόρῤοιαν
350 255 540 290 ὲπισυμὸἆσαν
555 255 594 290 τῷ
610 255 732 290 αἰκισμῷ
751 255 800 289 τὴν
817 255 863 281 τοῦ
881 255 961 282 θανά-

171 308 217 328 του
230 301 318 327 αἰτίαν
333 301 565 336 προσεμαρτύρει.
581 299 653 328 ’Ἧκε
677 301 700 328 δ’
711 303 724 328 6
740 302 818 336 λόγος
841 303 886 329 καὶ
908 302 961 328 τῶν

176 348 304 381 περὶτῶν
318 347 472 382 ἁναφορῶν,
488 347 534 373 καὶ
549 347 608 382 μεθ’
625 348 666 374 ὅτι
683 348 794 374 πλεῖστα
806 348 837 382 δὴ
852 348 886 374 τὰ
901 349 962 383 λεχ-

172 391 264 424 θέντα,
276 393 319 426 ἐφ’
335 391 377 422 οἷς
393 393 407 418 ὁ
419 392 566 426 βασιλεύων
577 393 682 420 ἐδείκνυ
696 393 726 419 τὸ
746 393 814 428 προς
838 394 882 420 τὸν
907 403 960 420 πει-

172 446 307 473 τριαρχην
332 438 543 474 συγκεχωρηκὸς
571 439 612 473 ἐφ’
636 439 721 465 ἅπασι
752 439 843 474 σχεδὸν
866 440 881 474 ἢ
907 441 962 471 τοῖς

174 485 322 516 πλείστοις,
336 485 425 520 διῄρει
443 485 476 511 τὰ
489 486 760 520 προσαναφερόμενα,
773 486 819 512 καὶ
831 486 899 512 ἄλλοι
913 490 961 520 μὲν

174 530 258 557 ἐτίθει
275 531 307 557 τὰ
321 531 380 557 κατ’
397 531 521 566 ἀνάγκην
535 532 712 566 προκείμενα,
727 531 744 559 ἃ.
762 532 823 567 μηδ’
839 531 908 558 εἷναι
921 533 961 558 δί-

175 585 254 602 καιον
269 577 443 611 παρορᾶσθαι
456 576 500 603 διὰ
509 576 559 611 τὴν
572 578 642 603 κατὰ.
652 578 682 604 τὸ
697 577 801 604 δίκαιον
811 578 960 610 δυσωπίαν,

173 623 242 649 ἄλλα
252 622 280 649 δέ
296 631 327 656 γε
339 623 374 648 τὰ
389 623 458 650 κατὰ
471 623 551 658 χάριν
572 625 767 659 προτεινόμενα
778 625 818 656 είς
833 633 864 658 γε
873 624 960 657 λύσιν,

173 668 216 703 ἐφ’
228 667 268 700 οἷς
277 669 324 695 καὶ
340 669 521 701 ὑπακούοντος
536 670 585 704 μὲν
602 670 682 705 χάριν
691 668 762 696 εἶναί
773 672 808 701 οι,
829 671 866 706 μὴ
878 680 961 698 κατα-

173 714 296 746 νεύοντος
309 715 336 741 δὲ
353 715 388 750 μὴ
405 715 492 742 δοκεῖν
511 716 623 747 δικαίως
634 717 727 743 λυπεῖν
740 717 784 744 τὸν
805 717 962 752 ἀποτυγχά-

174 770 264 788 νοντα.
273 762 421 788 Συνὰπτειν
428 762 546 788 δὲταῦτα
554 763 735 797 πατριάρχην,
746 764 791 789 καὶ
800 763 828 789 ἓν
837 763 961 798 ὴγεῑςθαι

174 807 208 833 τὰ
224 809 323 843 τρόπον
339 808 495 843 ὁρισμάτων
509 808 611 835 Μυσῶν
620 809 666 835 καὶ
682 809 776 835 Λυδῶν
790 809 960 844 διιστάμενα,

175 853 223 879 καὶ
243 853 285 878 διὰ
296 853 375 879 τοῦτο
384 852 525 878 λυπεῖσθαι
536 854 560 878 εἰ
579 853 607 878 ἔν
620 861 692 879 τισιν
707 853 906 887 ἁσυγκάταινος
918 854 960 888 εἴη

172 898 324 934 όβασιλεὺς
340 899 390 924 οὐκ
409 898 480 933 ἔχειν
502 899 532 924 τὸ
555 898 665 932 εὔλογον
693 899 856 934 ἰσχυρίζετο.
887 900 962 931 Τέως

171 944 200 971 δὲ
215 945 262 970 καὶ
277 944 477 978 καθυπόσχεσιν
493 944 643 978 ἐπενέγκας
659 944 696 976 ὠς
726 945 848 980 εὐμενῶς
873 945 963 972 ἐντεῦ-

171 991 218 1016 θεν
231 990 278 1017 καὶ
304 990 430 1016 ἀκούοιτο
446 991 493 1016 καὶ
520 990 701 1026 συμπράξειε,
731 991 848 1018 διαλύειν
867 1000 897 1018 τε
912 991 962 1026 τὴν

170 1035 259 1071 λύπην
279 1036 354 1071 ἠξίου
376 1037 423 1062 καὶ
448 1036 631 1071 μικροψυχίας
656 1038 747 1069 πάσης
770 1038 963 1073 ἀπαλλαγέντα

172 1128 300 1154 deutibtts
315 1127 387 1154 haud
415 1135 525 1161 acquum
554 1127 687 1154 censebat
715 1128 878 1163 imperator,
898 1137 961 1156 rur-

172 1183 220 1202 sus
239 1179 328 1202 autem
350 1174 445 1201 sedere
462 1175 497 1202 ibi
513 1182 574 1201 cmn
605 1175 652 1209 qui
669 1182 723 1201 non
739 1175 772 1201 ad
791 1176 960 1203 censendum

169 1223 203 1248 de
222 1221 340 1256 negotiis
354 1220 516 1255 propositis,
530 1221 576 1248 sed
593 1221 627 1247 ad
644 1221 734 1248 brevis
757 1222 884 1256 responsi
901 1227 961 1249 sta-

170 1268 218 1294 tim
237 1268 437 1302 expediendam
458 1267 645 1295 redditiouem
670 1273 826 1301 vocaretur,
857 1269 958 1296 intem-

171 1315 307 1350 pt‘stivtun
340 1313 494 1348 videbatur)
521 1314 642 1348 srriptor
671 1314 752 1348 hujus
779 1314 902 1342 histerite
934 1319 960 1342 et

171 1361 243 1387 alius
261 1368 275 1387 e
291 1360 377 1392 clero,
394 1363 421 1387 et
441 1360 500 1395 ipse
517 1360 598 1395 297
616 1361 649 1387 ab
665 1361 790 1394 Augusto
806 1361 895 1395 magni
913 1361 962 1387 ha-

171 1406 255 1436 bitus.
271 1406 342 1439 jussi
360 1405 394 1432 ah
408 1413 440 1432 eo
456 1409 520 1432 sunt
537 1405 628 1439 egredi
649 1409 676 1432 el.
691 1404 759 1433 foris
787 1405 960 1439 interrogare

172 1452 347 1486 logariastrm
363 1451 397 1478 de
420 1452 453 1478 iis
467 1459 528 1484 quae
541 1451 648 1479 dixerat
670 1452 830 1485 imperator.
847 1451 958 1478 Factum

766 107 930 137 GEORGll
949 108 1190 137 P:\Clll’.\ll£l{.l£

171 165 218 191 τὸν
230 162 284 189 τῶν
296 163 406 198 ἡμερῶν
425 162 542 198 ἀριθμὸν
559 162 605 189 καί
619 171 650 194 γε
662 162 709 197 τὴν
721 162 766 189 τοῦ
782 163 897 190 θανᾶτου
915 163 958 188 νό-
976 165 994 190 Α
1010 164 1059 197 τῆς
1087 164 1172 198 τιμῆς
1200 163 1320 199 ἔχεσθαι.
1353 163 1436 191 Ταῦτ’
1461 161 1507 189 οὖν
1538 163 1639 193 ἐκεῖνος

1750 108 1803 134 Elim

1679 162 1803 197 λιπαρῶς

1013 209 1101 243 ἠξίου,
1134 209 1182 236 καὶ
1206 210 1269 240 τοὺς
1298 209 1394 240 ἄλλους
1415 206 1470 244 εἶχε
1494 207 1684 240 ξυναξιοῦντὰς
1710 215 1739 233 τε
1755 208 1802 233 καὶ

1014 255 1227 290 συμπείθοντας.
1248 256 1401 282 Κὰντεῠθεν
1423 255 1437 281 ὁ
1451 255 1564 289 γηραιὸς
1583 255 1685 285 ἐκεῖνος
1718 253 1803 288 μαλα-

1014 301 1117 332 κισθεὶς
1132 299 1175 337 (ἦν
1187 302 1242 336 γὰρ
1258 302 1317 332 ταῖς
1336 300 1475 335 ἀληθείαις
1493 301 1540 327 καὶ
1554 300 1603 335 τὴν
1629 299 1743 334 γνώμην
1758 299 1803 325 εύ-

1013 346 1148 381 ένδστος),
1170 346 1368 382 παροτρυνθεὶς
1394 347 1434 377 είς
1459 345 1537 372 τοῦτο
1569 346 1616 373 καὶ⁸
1642 345 1718 380 παρὰ
1747 345 1802 371 τῶν

1014 394 1088 420 ἰδίων
1102 394 1258 424 κατανεύει,
1278 394 1325 420 καὶ
1343 393 1448 428 βασιλεῖ
1460 392 1581 425 ἀξιοῦντι
1603 393 1737 424 πείθεται,
1755 392 1802 418 καὶ

1014 441 1239 476 καθ’)πισχνείται
1262 441 1360 468 αὐτίκα
1376 442 1434 468 ἐκεῖ
1449 441 1529 476 μόνον
1542 439 1670 474 μείναντα
1691 438 1737 464 ὑπ’
1753 437 1802 464 αὐ-

1013 488 1063 522 γὰς
1078 488 1128 520 τὰς
1142 488 1253 522 πρώτας
1272 488 1302 515 τὺ
1327 489 1522 523 πατριαρχείον
1547 485 1721 512 καταλαϐεῖν.
1752 484 1802 510 [έ-

1012 543 1074 568 γονε
1089 535 1178 567 τοῦτο,
1195 535 1242 561 καὶ
1255 535 1271 569 ἡ
1285 535 1333 570 τῆς
1353 533 1533 568 ’Υπαπαντῆς
1546 532 1626 567 ἑορτὴ
1643 531 1688 558 τὸν
1705 539 1801 565 πατρι-

1013 580 1099 616 άρχην
1110 581 1155 607 ἐπὶ
1167 581 1216 616 τῆς
1232 580 1378 616 ἐκκλησίας
1392 581 1453 615 ὁρᾷ.

1080 674 1106 697 ι’.
1122 669 1191 705 Περὶ
1206 669 1266 697 τῶν
1277 670 1351 698 κατὰ
1364 670 1418 697 τὸν
1437 669 1562 704 Ἐφέσου
1584 669 1736 703 Ἰωάννην.

1055 761 1125 788 Ἀλλ’
1141 761 1191 787 οὒκ
1206 759 1239 796 ἦν
1254 761 1300 787 καὶ
1312 760 1422 792 ἐσαῦθις
1445 760 1490 786 τὴν
1513 759 1560 786 τοῦ
1583 760 1709 795 Τελχῖνος
1736 761 1803 795 ἠρε-

1015 807 1075 840 μεῖν
1090 805 1197 839 φθόνον,
1214 805 1255 840 [Ρ.
1271 804 1333 841 205]
1352 805 1408 831 ἀλλ’
1420 805 1500 840 ἔαρος
1520 805 1661 837 ἐνστάντος
1677 805 1802 832 ἐντεῦθεν

1014 853 1060 878 καὶ
1077 852 1131 878 τῶν
1147 851 1305 886 πασχαλίων
1317 851 1478 877 διελθουσῶν
1501 851 1513 876 6
1532 851 1594 885 περὶ
1611 851 1658 877 τοῦ
1687 851 1800 885 Ἐφέσου

1020 897 1143 923 Ἰωάννου
1160 897 1238 930 λόγος
1257 898 1385 924 κινεῖται.
1412 897 1467 923 Καὶ
1482 896 1608 930 βασιλεὺς
1637 898 1686 932 μὲν
1719 898 1802 930 αὐτὸς

1012 943 1150 978 ὁμολογῶν
1169 943 1208 975 εἰς
1232 943 1312 969 αὑτὸν
1332 943 1476 977 ἁμαρτεῖν,
1500 958 1535 963 -
1560 943 1626 978 μηδὲ
1653 944 1707 979 γὰρ
1731 942 1801 971 εἶναι

1013 989 1092 1016 ἄλλον
1107 989 1153 1015 τὶν
1168 989 1380 1024 καθαιρήσοντα,
1397 989 1463 1015 ἀλλὰ
1482 989 1560 1023 μόνον
1571 989 1601 1015 τὸ
1613 989 1742 1024 σφέτερον
1755 990 1802 1016 θέ-

1013 1035 1088 1070 λημα
1103 1035 1147 1062 διὰ
1161 1035 1190 1061 τὸ
1206 1036 1252 1062 ἐπὶ
1267 1035 1313 1061 τοῦ
1325 1035 1474 1070 Γρηγορίου
1500 1035 1658 1068 σκάνδαλον,
1680 1036 1718 1071 μὴ
1744 1037 1801 1068 τοῖς

1013 1133 1092 1160 aequo
1114 1126 1167 1154 sibi
1186 1134 1316 1161 arrogarc
1333 1127 1435 1162 ipsum,
1461 1135 1493 1156 ac
1525 1129 1594 1155 ultra
1615 1136 1696 1164 qttam
1723 1134 1799 1157 recta

1013 1174 1083 1200 ratio
1098 1173 1201 1201 sineret
1216 1174 1370 1208 appetendo
1383 1175 1508 1208 provehi,
1523 1174 1669 1202 afﬁrmavit
1688 1176 1798 1203 Andro-

1014 1219 1094 1247 nicus
1110 1225 1138 1248 et
1155 1221 1249 1248 tnultis
1272 1221 1399 1248 evincere
1422 1222 1576 1249 contendit.
1594 1222 1743 1256 Subjunxit
1758 1223 1801 1250 ni-

1014 1268 1166 1296 hilominus
1197 1268 1409 1303 promissionem
1435 1265 1568 1296 l'acilioris
1602 1270 1628 1296 in
1655 1275 1796 1304 posterum

1013 1316 1226 1348 exorabilitatis,
1244 1315 1393 1343 ostendens
1410 1316 1490 1350 plane
1513 1316 1564 1343 sibi
1580 1324 1641 1343 esse
1658 1317 1798 1344 dccretum

1012 1367 1039 1390 et
1056 1363 1172 1397 benigne
1197 1362 1294 1389 audire
1321 1363 1508 1396 patriarcham
1535 1362 1644 1397 quoties
1667 1363 1798 1397 deinceps

1011 1409 1096 1445 298
1109 1417 1139 1436 se
1169 1409 1266 1441 adiret.
1282 1414 1309 1437 et
1333 1410 1357 1436 ei
1381 1410 1532 1444 gratiﬁcari
1563 1409 1710 1437 efﬁciendo
1738 1417 1799 1445 quae

1013 1457 1104 1484 vellet.
1119 1455 1344 1488 Tantumoravit.
1357 1462 1386 1484 ut
1399 1457 1488 1483 laxata
1501 1457 1692 1484 contractione
1701 1457 1798 1490 animi,

173 1497 197 1524 id
215 1502 272 1528 est;
290 1502 316 1523 et
330 1496 502 1531 logariastes-
518 1504 569 1523 suo
583 1496 741 1523 testimonio
755 1496 860 1531 prolixe
880 1496 958 1523 ﬁdem

1013 1507 1039 1530 et
1055 1505 1130 1530 omni
1144 1505 1303 1539 rgrimonia
1317 1504 1524 1538 suspiciosaque
1538 1504 1650 1531 tristitia
1662 1504 1797 1538 deposita,

171 1543 288 1569 astruxit
313 1543 428 1569 sincera:
453 1541 580 1569 veritatis
606 1542 733 1577 allegatis
766 1543 800 1569 ab
816 1543 957 1577 Augusto:

170 1596 324 1623 exsequens
339 1588 421 1615 etiam
437 1588 662 1616 circumstantias
684 1589 790 1616 numeri
812 1588 918 1616 dierum
931 1593 958 1616 et

171 1635 258 1662 morbi
273 1642 305 1662 ac
322 1635 394 1662 modi
418 1635 514 1662 mortis
535 1635 596 1669 ejus
624 1636 670 1669 qui
686 1636 726 1663 sic
745 1635 849 1663 obiisse
867 1636 958 1663 dictus

168 1687 262 1714 esset,
280 1683 356 1708 aiens
381 1681 508 1708 videlicet
528 1685 627 1715 quarto
646 1682 689 1708 die
707 1687 851 1717 postquam
873 1690 959 1717 vapu-

169 1729 273 1755 IaVct-at
289 1728 363 1755 hunc
385 1727 489 1762 cmasse
509 1728 641 1760 animam,
659 1736 708 1755 nec
725 1728 805 1755 aliam
830 1729 855 1756 ei
872 1728 959 1756 fuisse

170 1775 265 1801 Inoth
286 1782 398 1802 causam
418 1781 499 1809 quant
510 1774 611 1801 ﬂuxum
625 1775 768 1808 sanguinis
787 1782 802 1801 e
817 1775 958 1810 plagarum

171 1819 324 1846 inﬂictione
340 1825 476 1847 secutum.
495 1819 566 1847 lliuc
584 1820 640 1855 jam
662 1820 695 1846 ad
714 1820 825 1847 tertiam
842 1821 960 1855 patriar-

170 1867 227 1893 citae
239 1867 272 1893 de
291 1868 456 1901 imperatore
471 1867 613 1901 querelam
633 1867 823 1901 neglectarutn
845 1875 957 1894 suarum

169 1923 219 1950 pro
233 1916 377 1943 clientibus
398 1923 510 1949 precum
539 1915 673 1950 processit
700 1915 800 1942 oratio.
822 1914 860 1941 lbi
881 1920 955 1949 post-

168 1970 249 1998 quam
268 1963 419 1997 imperator
439 1962 529 1989 verbis
546 1961 672 1996 plurimis
700 1961 821 1988 ostendit
837 1969 957 1996 propen-

169 2009 309 2036 sissimam
326 2016 402 2035 suum
424 2014 477 2034 non
494 2007 520 2033 in
539 2006 677 2040 pleriSqttc
695 2006 796 2038 solum,
818 2006 865 2033 sed
878 2007 958 2040 plane

169 2055 196 2081 iu
221 2055 351 2081 omnibus
377 2061 440 2088 erga
466 2053 649 2088 patriarcham
668 2053 879 2088 indulgentiam,
896 2053 955 2080 dis-

169 2101 250 2128 tinxit
278 2108 379 2135 genera
403 2100 634 2134 supplicationum
648 2107 707 2134 quae
722 2100 773 2127 sibi
789 2099 879 2126 oll'erri
892 2107 959 2126 con-

170 2148 299 2181 lingeret.
334 2147 410 2173 Alias
443 2146 518 2172 cnitn
543 2146 735 2173 necessitatem
760 2145 863 2173 habere
885 2146 955 2179 juris

171 2193 271 2224 stricti,
294 2197 321 2218 et
337 2199 367 2218 ea
395 2199 506 2226 poscere
528 2198 589 2225 qua:
613 2191 674 2218 sine
702 2191 837 2225 injustitia
863 2193 954 2226 negari

171 2239 243 2266 haud
263 2242 387 2273 possent.
406 2238 460 2264 llas
487 2245 499 2263 a
516 2245 545 2264 se
572 2237 673 2271 negligi
699 2236 779 2263 nefas
803 2244 864 2264 csse
885 2237 956 2264 ultro

171 2286 297 2314 conﬁteri
316 2290 428 2319 propter
449 2283 568 2311 debitam
595 2283 719 2317 arquilati
736 2289 750 2308 ιι
778 2283 900 2317 principe
917 2291 957 2309 re-

170 2332 333 2360 verentiam.
350 2331 449 2358 Verum
471 2330 586 2356 alterius
604 2335 713 2363 qucque
728 2328 837 2362 generis
861 2335 957 2362 preces

170 2387 232 2407 esse
245 2378 356 2404 minimc
364 2376 454 2404 debita
467 2374 590 2402 beneﬁcii
603 2373 714 2400 nomine
721 2377 856 2406 rogantes.
866 2373 892 2399 ln
903 2373 954 2405 his.

171 2431 202 2452 ul.
219 2425 336 2459 benigne
351 2422 502 2450 ammentis
527 2419 721 2448 liberalitatem
744 2419 878 2454 principis
895 2419 957 2453 ejus

171 2471 300 2506 imputari
326 2471 419 2505 gratia:
441 2476 489 2503 par
517 2471 569 2499 est,
596 2467 632 2493 ita
659 2465 798 2492 recusatio
831 2465 958 2492 libertate

170 2519 275 2545 utentis
299 2517 326 2544 in
352 2515 496 2543 renuendo
516 2521 566 2540 sua
587 2511 688 2539 tmllam
721 2511 830 2538 videtur
860 2511 958 2538 oll'crre

170 2566 273 2600 justam
290 2562 399 2590 dolendi
417 2566 464 2588 aut
477 2557 664 2594 conquere-udi
684 2564 795 2584 causam
812 2565 865 2584 non
881 2565 958 2584 assc-

171 2617 236 2639 cuto
253 2609 324 2645 quod
341 2613 460 2643 Optarat.
476 2604 654 2633 Contuudere
678 2610 759 2638 porto
774 2604 957 2636 patriarcham

170 2662 198 2685 ct
213 2658 241 2683 in
255 2664 338 2682 unttm
364 2655 421 2681 haec
440 2653 566 2682 miscere,
586 2659 640 2678 non
666 2651 765 2677 minori
783 2650 906 2684 alioquin
925 2651 959 2676 ab

171 2705 289 2732 invicem
305 2699 451 2728 intervallo
467 2699 565 2726 dissita
587 2705 668 2732 quam
684 2705 739 2732 quo
761 2696 910 2732 Mysorum,
928 2700 959 2723 ut

171 2751 225 2779 dici
241 2750 320 2780 solet,
336 2748 528 2783 Lydorumque
547 2747 615 2773 ﬁnes
631 2745 744 2772 distant.
759 2745 798 2771 Ac
814 2749 957 2779 propterea

170 2805 242 2832 πει-ο
261 2797 331 2823 ferre
346 2795 367 2823 si
387 2794 499 2830 quando
513 2793 605 2820 minus
632 2793 798 2826 morigerum
821 2790 853 2816 ad
868 2791 958 2816 omnia

171 2852 232 2880 qll'J.‘
253 2843 373 2878 postulat
385 2841 544 2877 experiatur
560 2840 770 2875 imperatorem;
785 2837 813 2862 in
831 2843 885 2871 quo
898 2838 959 2872 plus

1013 1554 1166 1576 resumeret
1179 1550 1341 1576 exercitium
1356 1556 1412 1577 suae
1427 1549 1582 1584 potestatis,
1598 1554 1625 1577 et
1644 1550 1798 1578 honoribus

1013 1596 1059 1623 Iali
1077 1596 1233 1623 sacerdotio
1248 1596 1348 1623 debitis
1366 1597 1417 1623 coli
1443 1604 1474 1624 se
1492 1597 1607 1624 sineret.
1627 1597 1690 1625 lltcc
1721 1598 1799 1626 laetus

1011 1643 1196 1677 renidensque
1213 1642 1365 1677 imperator
1389 1650 1451 1669 cum
1469 1643 1584 1675 diceret,
1601 1643 1799 1678 adjuvantibus

1010 1697 1061 1724 pro
1077 1696 1108 1717 se
1122 1697 1234 1724 quoque
1256 1689 1365 1716 cunctis
1392 1689 1440 1724 qui
1465 1689 1590 1722 aderant,
1610 1694 1637 1717 et
1657 1691 1797 1718 communi

1011 1743 1125 1763 assensu
1140 1737 1235 1763 eadem
1255 1735 1428 1770 rogantibus.
1455 1736 1595 1764 emollitus
1613 1736 1731 1772 denique
1751 1745 1796 1764 Sc-

1010 1788 1062 1807 nex
1082 1785 1140 1813 est;
1164 1786 1223 1808 erat
1243 1781 1317 1807 enitn
1338 1788 1432 1808 revera
1449 1780 1578 1809 ﬂexibilis
1604 1783 1638 1808 ad
1656 1783 1799 1811 suasiones

1011 1827 1174 1858 amicorum,
1189 1827 1314 1854 virhaud
1332 1827 1483 1862 prtel'ractaz
1495 1828 1609 1860 mentis,
1626 1836 1676 1855 nec
1699 1828 1799 1863 prtcju-

1010 1873 1163 1901 dicaturum
1177 1874 1303 1909 pertinax
1318 1881 1450 1901 sensuum
1467 1882 1474 1900 :
1489 1874 1536 1902 sed
1546 1878 1573 1902 et
1590 1875 1660 1902 hanc
1676 1875 1798 1904 hominis

1010 1920 1043 1946 ad
1070 1920 1157 1954 aequis
1190 1919 1427 1954 acquiescendum
1448 1919 1612 1953 pronitatcm
1647 1919 1798 1948 familiates

1011 1970 1076 1993 tunc
1101 1965 1160 2000 ejus
1175 1969 1385 2000 promoverunt,
1399 1965 1499 1999 ipsum,
1521 1969 1550 1992 ut
1567 1966 1727 2000 persuaderi
1744 1967 1796 1993 sibi

1010 2017 1151 2048 pateretur
1163 2012 1235 2047 quod
1261 2019 1356 2039 omnes
1377 2011 1521 2046 optabant,
1537 2012 1726 2039 adhortantes.
1745 2013 1799 2039 An-

1011 2059 1071 2086 nuit
1087 2067 1152 2094 ergo
1166 2058 1313 2093 postulatis
1332 2058 1518 2092 imperatoris,
1534 2062 1559 2084 ct
1576 2058 1600 2085 ei
1623 2059 1753 2093 promisit
1767 2067 1798 2085 se

1011 2114 1066 2134 non
1081 2106 1143 2140 plus
1161 2106 1188 2133 in
1207 2113 1262 2140 quo
1276 2111 1336 2134 erat
1360 2105 1499 2133 haesurum
1528 2106 1601 2136 loco.
1614 2113 1695 2140 quam
1710 2114 1798 2141 quan-

1012 2158 1068 2180 tum
1086 2161 1139 2179 nox
1156 2157 1211 2180 tum
1227 2152 1391 2187 intempesta
1408 2157 1533 2186 cogeret;
1557 2153 1647 2186 primo
1675 2152 1797 2179 diluculo

1012 2199 1038 2226 in
1051 2198 1124 2226 :cdes
1136 2198 1336 2233 patriarchales
1356 2198 1580 2234 remigratyrum.
1598 2197 1654 2226 Nec
1665 2198 1796 2232 pollicitis

1010 2246 1076 2272 ﬁdes
1086 2245 1172 2272 abfuit
1191 2254 1198 2272 :
1214 2252 1277 2271 nam
1290 2244 1489 2279 postridianum
1505 2244 1678 2279 Hypapantes
1696 2240 1796 2272 festum

1009 2292 1195 2327 patriarcham
1210 2291 1373 2319 ministeriis
1388 2290 1475 2318 sacris
1487 2290 1626 2318 redditum
1644 2298 1741 2318 rursus
1758 2291 1798 2318 ri-

1010 2338 1050 2365 dit
1065 2338 1091 2365 itt
1104 2338 1231 2366 ecclesxa.
1586 2326 1599 2340 ⁸

1171 2405 1214 2432 ιο.
1237 2404 1274 2431 De
1289 2413 1370 2431 causa
1388 2403 1494 2438 Ephesii
1513 2403 1637 2430 Joannis.

1045 2461 1209 2495 Quanquam
1227 2468 1260 2488 ne
1289 2465 1452 2495 perpetuum
1483 2460 1523 2488 sic
1557 2460 1676 2488 restituti
1708 2460 1798 2488 oﬁicio

1010 2509 1136 2544 praesulis
1151 2507 1280 2542 gaudium
1303 2506 1383 2539 foret,
1409 2506 1480 2533 haud
1507 2506 1615 2534 abstitit
1640 2506 1724 2534 invidi
1742 2506 1799 2533 da:-

1010 2555 1100 2582 monis
1129 2554 1284 2588 malignitas
1316 2553 1406 2580 denuo
1433 2554 1539 2581 conari.
1568 2553 1703 2581 Cancrum
1735 2561 1798 2581 vere

1011 2603 1074 2629 inde
1092 2607 1241 2629 conss-Coto
1260 2606 1287 2627 et
1302 2601 1482 2628 Paschalihus
1504 2601 1580 2628 feriis
1591 2602 1703 2635 elapsis,
1713 2608 1797 2628 causa

1009 2648 1123 2676 Joannis
1137 2646 1249 2681 Ephesii
1274 2646 1417 2673 retractari
1435 2651 1524 2680 coepta
1545 2650 1596 2673 est.
1627 2647 1666 2672 Ac
1680 2646 1799 2680 impera-

1011 2700 1053 2722 tor
1066 2694 1176 2729 quidem
1199 2693 1270 2720 ultro
1284 2691 1421 2727 paenitens
1443 2693 1580 2718 fatebatur
1608 2692 1701 2725 inique
1718 2692 1752 2718 ab
1769 2697 1799 2718 se

1011 2746 1073 2765 cum
1091 2738 1136 2765 illo
1159 2743 1262 2769 actum.
1286 2737 1386 2772 quippe
1402 2737 1447 2770 qui
1464 2736 1524 2771 ejus
1545 2736 1614 2763 l'also
1647 2736 1797 2764 insimulati

1011 2784 1231 2820 participatiouis
1259 2783 1379 2810 scandali
1405 2782 1579 2816 Gregoriani,
1597 2790 1686 2818 coque
1709 2783 1798 2810 adacti

1012 2833 1044 2859 ad
1079 2831 1289 2859 renuntiandam
1320 2829 1492 2863 dignitatem
1515 2830 1609 2860 volens
1645 2829 1798 2858 abdicatio-
