1944 3061
161 101 215 134 331

764 99 928 130 GEORGII
949 97 1192 128 PAtCl-IYMERxE

1748 83 1798 115 ἓῧέ

161 160 393 193 ἀποκαθιστῶσιν,
414 160 517 192 ἐκεῖνος
547 159 627 194 μόνος
652 158 821 192 ἐξαλλάττει,
845 159 891 184 tui.
916 155 950 184 δῦ
965 161 990 190 Α
1004 156 1108 188 κάζειψ
1131 156 1163 192 ἢν
1179 154 1201 181 δ’
1219 154 1363 190 ἐπανήκοι,
1377 152 1503 190 δέχεσθαί
1517 162 1546 180 τε
1559 153 1605 180 καί
1623 153 1648 180 oi.
1666 153 1728 184 τοὺς
1745 152 1792 188 ἀρ-

160 209 265 240 οῑκειας
279 208 388 243 γραφῆς
400 206 432 233 τὰ
440 207 497 238 τοϊς
509 205 616 238 δόξασιν
629 205 739 232 ἐναντία
749 204 949 237 διακελεύεται,

161 256 207 281 καὶ
222 254 369 289 ἐκκλησίας
385 252 584 288 κεχηρωμένας
609 250 664 278 τῶν
683 251 875 286 προεστώτων.
901 250 952 276 αὖ·

161 301 207 332 τὶς
223 300 379 335 ἐξεπίτηδες
395 300 444 329 τὰς
468 298 510 324 ἐπ’
525 297 632 328 ἐκείνας
647 297 754 332 ψήφους
768 295 952 331 ὑπερτιθέμε-

163 355 217 378 νος,
234 346 351 381 πέμπων
367 344 556 380 σφετερίζεται
569 343 711 375 τάκείνων,
729 344 777 369 καὶ
796 342 830 369 τὰ
850 341 900 377 μὲν
915 341 953 373 ὡς

163 393 288 427 βούλεται
303 392 467 424 διατίθεται,
482 391 516 418 τὰ
529 391 558 417 δὲ
574 391 621 418 καὶ
646 390 738 417 δίδωσι
750 391 807 421 τοῖς
820 389 863 416 ἐπ’
880 388 952 415 ὲκεί-

163 447 219 470 νοις
235 439 397 465 καταστᾶσι.
413 437 453 464 Τὰ
469 437 497 464 δέ
513 445 544 471 γε
561 436 609 470 τῆς
629 435 732 467 οἰκείας
745 434 893 470 ἐκκλησίας
915 433 954 469 τῷ

166 485 288 519 σφετέρῳ
306 485 359 510 υἱεῖ
371 483 528 518 ἐγχειρίσας
547 482 668 518 Ἐφραὶμ
679 481 746 518 ὕλην
762 481 853 508 δίδωσι
867 480 954 516 τούτῳ

166 531 264 560 κακίας
276 531 333 560 τοῖς
348 529 452 555 ἐκεῖθεν
467 528 604 563 λήμμασι,
623 527 661 562 μὴ
677 528 821 562 οἰκονόμον
838 526 908 553 κατὰ
925 525 955 552 τδ

166 575 279 610 σύνηθες
295 573 443 605 καθιστῶν,
470 573 536 609 παρ’
552 570 583 600 οὗ
597 573 628 608 δὴ
645 573 691 600 καὶ
712 573 746 599 τὰ
770 572 819 607 τῆς
839 571 956 606 Ἐκκλη-

167 622 225 652 cia;
234 620 376 654 διεξάγοιτ¹
386 620 419 646 ἂν
432 620 595 655 πράγματα.
611 619 666 646 Καὶ
679 619 755 645 πόλλ’
763 618 832 646 ἄττα
843 617 956 644 τοιαῦτα

167 667 318 701 γράφοντες
337 666 463 693 ὑπαίτιον
474 664 610 692 δεικνύειν
627 664 722 699 ἤθελον
738 663 785 690 τὸν
802 663 872 694 τέως
885 663 955 697 σφᾶς

168 714 465 749 ἀποπροσποιούμενον.
480 713 572 740 Ταῦτα
582 712 688 748 βασιλεῖ
696 711 835 746 δεξαμένῳ
847 711 877 737 τὺ
888 710 955 736 πολὺ

168 759 247 795 ἐπῄει
262 759 424 793 καθυφιέναι
438 759 486 794 τῆς
503 758 660 790 διαθέσεωξ,
674 757 704 784 οὐ
718 756 770 792 μὴν
783 756 812 782 δὲ
826 754 896 783 ὥστε
908 755 957 781 καὶ

168 806 298 832 ἀπολύειν
311 805 487 831 παντάπασιν
503 803 584 838 ἔγνω,
600 803 658 829 ἀλλ’
673 802 769 837 ἐκείνῳ
786 801 835 836 μὲν
850 800 957 834 ὑφιέναι

1005 205 1106 239 χιερεῖς
1122 203 1244 237 ὁμονοεῖν
1268 201 1373 229 πείθειν
1386 201 1445 237 ἅμα
1468 200 1517 228 καὶ
1536 200 1575 236 τῷ
1594 200 1629 227 τὰ
1645 201 1795 235 αἰτιάματα

1004 249 1165 286 θεραπεύειν
1179 248 1311 276 κελεύειν.
1328 248 1369 274 Τὰ
1384 247 1438 282 γὰρ
1449 247 1497 274 τοῦ
1517 247 1679 274 Ἀθανασῐου
1695 247 1795 282 κέντρα

1004 296 1053 331 τὴν
1068 295 1150 330 οὐλὴν
1177 294 1306 326 ὑπέκνιζε
1321 302 1329 309 ⁸
1355 293 1423 329 μηδὲ
1450 293 1505 328 γὰρ
1526 292 1599 328 ἔχειν
1624 293 1694 324 ὅλως
1714 292 1798 319 αὐτὸν

1005 341 1156 376 εἰρηνεύειν
1184 341 1297 372 καὶτὰς
1322 339 1391 374 ἀρὰς
1419 339 1513 371 λύειν,
1535 338 1568 370 ἃς
1590 338 1677 370 οὕτως
1703 339 1797 373 ἔμπε-

1006 386 1160 422 ρισκέπτως
1180 386 1296 421 καθίστη
1320 386 1368 412 καὶ
1394 385 1516 421 φρικτῶς
1543 384 1678 420 ἀφώριζε,
1696 386 1734 419 μὴ
1751 385 1797 411 τὸν

1006 433 1100 468 ορόνον
1117 433 1164 460 καὶ
1190 430 1268 464 αὖθις
1284 432 1467 465 ἀπολαϐόντα,
1494 431 1542 457 καὶ
1566 431 1653 458 ταῦτα
1671 430 1739 465 μηδὲ
1758 431 1799 466 τῷ

1006 477 1071 513 παρ’
1087 477 1169 505 αὐτοῦ
1187 479 1237 512 τῆς
1249 477 1353 507 λύσεως
1372 477 1520 511 γράμματι
1542 476 1572 502 τὸ
1595 477 1672 510 ἆγιος
1686 485 1800 511 προστιτ

1007 524 1086 550 οέντα
1099 523 1170 550 κατὰ
1190 523 1219 550 τὸ
1236 522 1352 558 σύνηθες
1377 522 1415 557 τῷ
1432 522 1477 549 τοῦ
1505 522 1639 557 βασιλέως
1662 522 1776 557 ὀνόματι
1790 542 1798 553 ,

1006 570 1047 596 ὅτι
1058 570 1111 596 οὐδ’
1124 571 1226 601 ἐκεῖνος
1241 570 1341 605 ἠρέμει
1357 570 1385 595 ἐν
1396 568 1529 601 τοιούτοις
1540 570 1647 604 καιροῖς
1660 569 1708 595 τοῦ
1722 577 1802 595 σκαν-

1007 616 1098 647 δάλου,
1109 616 1178 643 ἀλλὰ
1194 616 1243 647 τὰς
1259 615 1343 650 θύρας
1359 615 1526 649 ὑπανοιγνὺς
1538 615 1586 648 τῆς
1597 615 1680 649 μονῆς
1694 614 1802 644 πολλοῖς

1007 663 1124 697 ἐπήρκει
1145 662 1303 697 πενομένοις
1321 662 1352 688 ἐκ
1375 661 1429 688 τῶν
1452 662 1598 696 τυχῧντων.
1614 659 1669 687 'llv
1694 661 1723 686 δὲ
1746 660 1802 695 ἄρα

1008 707 1095 734 ταῦτα
1109 707 1156 734 τοῦ
1186 707 1330 742 μέλλοντος
1348 707 1574 743 προκεντήματα,
1592 708 1640 734 καὶ
1659 708 1675 741 ἡ
1701 707 1804 741 παλιμυ

1010 763 1078 786 πους
1106 754 1241 789 ἐφήδρευε
1271 754 1334 788 δίκη
1356 754 1439 789 μηδὲν
1471 755 1610 781 ἐπαΐουσι.
1639 755 1706 780 Τότε
1730 752 1802 789 δ’ἧν

1009 800 1108 832 ταῦτα,
1121 800 1151 826 οὐ
1165 800 1217 835 μὴν
1228 800 1255 826 δὲ
1273 801 1321 826 καὶ.
1333 801 1361 831 ἐς
1378 799 1452 826 ἅπαν
1465 799 1503 835 τῷ
1515 800 1672 834 πατριάρχῃ
1685 801 1803 834 ἠγνόητο

169 851 216 876 καὶ
233 849 373 881 ἐνδιδόναι,
399 849 431 884 ἦν
456 857 514 879 πως
539 848 729 882 ἀνακάμπτειν
760 846 891 882 βούλοιτο,
919 845 957 881 μὴ
976 840 997 868 Β
1012 847 1046 873 τὰ
1060 845 1290 880 τοῖς-ἀρχιερεῦσι
1307 845 1495 880 πραττόμενα.
1514 845 1563 870 Διὰ
1587 845 1672 871 ταῦτα
1692 845 1739 871 καὶ
1766 845 1802 872 τὰ

171 897 263 931 μέντοι
274 904 305 930 γε
316 896 352 927 ὡς
365 895 398 921 τὰ
411 894 507 930 πρῶτα
517 893 642 929 λιπαρῶς
658 892 750 927 ἀξιοῦν
765 893 810 921 καὶ
825 900 962 926 καταναγ-

169 984 242 1011 enim
257 984 308 1018 ipsi
322 983 454 1018 synodice
468 982 594 1018 legitimo
609 980 804 1017 suffragiorum
822 988 959 1009 concursu

169 1030 353 1062 deerevcrint,
372 1029 431 1064 ipse
460 1029 538 1056 solus
562 1028 701 1059 immutat,
729 1031 756 1054 et
778 1027 888 1062 proprio
916 1035 961 1054 re-

171 1076 276 1111 scripto
305 1074 489 1102 communiter
517 1073 628 1101 statutis
662 1073 800 1100 contraria
834 1073 961 1107 imperat.

169 1121 304 1148 Praeterea
335 1119 468 1147 ecclesias
498 1117 655 1153 pastoribus
686 1117 833 1150 viduatas,
867 1117 961 1144 dilatis

171 1167 204 1194 de
221 1166 358 1193 industria
378 1163 522 1192 canonicis
550 1171 598 1199 per
629 1162 761 1198 suffragia
777 1163 961 1191 electiouibus

172 1212 321 1248 praesulqu
354 1210 610 1239 substituendorum
640 1209 787 1241 defunctis,
818 1209 877 1244 ipse
908 1209 962 1237 sibi

172 1263 296 1294 usurpat,
327 1258 421 1286 missis
445 1257 490 1293 qui
506 1257 618 1284 nomine
629 1263 681 1284 suo
700 1261 848 1292 proventus
866 1263 962 1283 earum

173 1304 292 1337 tollant;
321 1309 348 1332 et
366 1307 472 1339 partem
502 1303 601 1330 horum
636 1309 686 1337 pro
719 1302 797 1329 libitu
829 1302 964 1333 absumit,

174 1351 274 1386 partim
302 1351 336 1377 iis
360 1349 498 1378 condouat
513 1356 582 1385 quos
599 1348 660 1377 istis
674 1347 961 1376 administrationibus

172 1397 305 1432 praefecit.
335 1396 405 1430 Quin
432 1400 460 1423 et
479 1403 522 1423 res
552 1394 684 1423 Ecclesiae
706 1394 824 1430 propria:
846 1395 962 1429 dispen-

173 1443 273 1470 sandas
288 1450 337 1478 pro
351 1442 466 1470 arbitrio
481 1442 645 1477 permittens
666 1442 722 1470 filio
731 1450 783 1469 suo
797 1442 960 1478 Ephraimo,

174 1496 268 1516 ausam
285 1489 309 1516 ei
333 1493 361 1516 et.
381 1488 523 1515 materiam
550 1488 583 1516 ad
601 1488 671 1516 male
687 1488 825 1524 agendum
848 1489 963 1524 prabet,

1009 892 1061 927 τῆς
1076 891 1158 927 τιμῆς
1177 892 1404 928 περιποιούμενος
1418 891 1508 926 ἑαυτῷ
1529 891 1710 926 αύθορμήτως
1732 891 1803 925 ἔγνω

1013 982 1090 1009 tione
1110 981 1232 1010 dirarum
1251 985 1334 1017 atque
1351 982 1556 1009 anathcmalum
1585 989 1667 1016 quam
1684 982 1803 1009 Athana-

1012 1028 1069 1055 sius
1086 1028 1190 1055 chartis
1209 1029 1347 1055 abstrusis
1376 1028 1524 1055 indiderat.
1545 1027 1713 1055 Coaluerant
1740 1028 1803 1063 qui-

1013 1075 1074 1102 dem
1097 1079 1233 1107 utcunque
1249 1075 1361 1102 vulnera
1387 1075 1567 1101 formidinum
1597 1074 1718 1106 iharum,
1749 1082 1804 1101 non

1013 1124 1103 1147 tamen
1120 1120 1156 1147 ita
1172 1124 1200 1147 ut
1215 1127 1268 1146 non
1286 1119 1422 1146 interdum
1441 1127 1505 1147 cura
1523 1120 1585 1147 inde
1609 1120 1804 1154 superstitioso

1014 1167 1130 1201 principi
1157 1173 1363 1201 supervacanea
1393 1174 1542 1194 renascens
1567 1167 1702 1194 obductas
1723 1167 1803 1201 quasi

1015 1213 1159 1239 refricaret
1188 1211 1344 1243 cicatrices,
1384 1212 1601 1246 sollicitaretque
1631 1217 1804 1246 reputantem

1016 1257 1088 1284 haud
1116 1257 1202 1285 videri
1234 1265 1298 1285 vere
1318 1265 1441 1292 unquam
1473 1258 1691 1293 expatriarcham
1725 1258 1801 1285 ἰΗιιιιι

1015 1304 1169 1331 soluturum
1183 1303 1256 1339 quod
1268 1304 1412 1338 ligaverat,
1430 1309 1457 1331 ct
1477 1303 1624 1331 horribiles
1653 1303 1713 1331 illas
1726 1311 1806 1331 exse~

1019 1349 1159 1377 crationes
1178 1349 1230 1377 rite
1249 1349 1423 1383 legitilneque
1440 1349 1633 1379 remissurum,
1654 1347 1707 1375 nisi
1726 1355 1807 1382 repo-

1016 1400 1128 1422 neretur
1157 1395 1184 1422 in
1208 1395 1273 1422 sede
1288 1399 1507 1430 potestatemque
1527 1395 1664 1428 reciperet
1677 1394 1804 1421 eamdem

1015 1450 1069 1478 qua
1091 1447 1156 1470 tunc
1182 1447 1241 1468 erat
1265 1441 1399 1476 praeditus
1414 1448 1478 1468 cum
1510 1440 1555 1467 illa
1574 1441 1717 1468 scriberet.
1737 1440 1804 1467 Nam

1017 1488 1231 1516 declarationem
1249 1487 1340 1520 istam,
1356 1494 1409 1521 qua
1424 1486 1525 1514 sedatae
1551 1491 1616 1513 tunc
1630 1486 1806 1513 conscientiae

171 1533 319 1560 occasione
336 1533 476 1560 luerorum
496 1540 557 1567 qua:
573 1533 636 1561 inde
662 1533 714 1561 sibi
743 1535 878 1568 congerit,
898 1541 961 1562 cum
980 1530 1002 1559 C
1025 1534 1173 1561 multorum
1188 1539 1293 1566 essent,
1307 1540 1440 1569 apparere
1456 1533 1580 1560 convicio
1599 1539 1755 1566 expressam
1772 1533 1807 1559 ab

174 1587 224 1614 pro
243 1587 319 1606 more
345 1579 485 1607 debuisset
497 1580 637 1615 ejusmodi
657 1581 878 1615 procurationem
895 1588 969 1608 ceco-

174 1634 259 1653 nomo
286 1626 319 1652 ad
349 1626 374 1652 id
403 1627 474 1653 let-to
506 1626 736 1658 commendasse,
768 1627 826 1654 \iro
853 1627 968 1659 ideirco,

172 1672 255 1707 cujus
276 1672 347 1699 fideli
374 1672 452 1707 301
470 1676 498 1700 et
511 1672 640 1708 prudenti
662 1673 768 1707 judicio
789 1673 968 1700 administra-

174 1718 213 1744 tio
233 1717 367 1744 bonorum
381 1717 512 1746 Ecclesia:
526 1723 601 1746 recte
629 1726 660 1746 ac
685 1724 766 1754 prout
791 1719 871 1746 decet
887 1727 968 1754 gere-

173 1768 261 1791 retur.
279 1764 342 1791 ilice
357 1768 384 1792 et
404 1764 489 1791 multa
505 1765 640 1800 ejusmodi
653 1765 759 1792 libellus
776 1765 969 1800 episcoporum

174 1810 344 1843 continebat,
375 1810 479 1846 quibus
506 1811 657 1839 studebant
686 1819 765 1838 reum
793 1816 841 1838 aut
867 1813 966 1839 saltent

176 1861 337 1890 suspectum
378 1858 449 1892 apud
483 1857 677 1892 imperatorem
705 1857 820 1885 reddere
852 1859 968 1893 patriar-

176 1902 267 1934 eham,
281 1908 295 1928 a
313 1909 368 1937 quo
393 1910 422 1930 se
439 1902 652 1937 participatione
677 1903 857 1931 consiliorum
873 1905 968 1932 exclu-

176 1955 223 1975 sos
238 1953 264 1975 et
277 1948 356 1982 quasi
378 1948 520 1977 abdicatus
537 1949 677 1977 dolebant.
696 1949 730 1977 Ea
752 1948 814 1978 cum
844 1952 969 1986 accepis-

177 1997 220 2020 set
250 1995 412 2030 imperator,
442 1996 547 2024 remisit
571 1996 616 2024 ille
645 1996 756 2032 quidem
785 1997 900 2025 multum
934 1998 969 2026 dc

178 2041 224 2068 illo
239 2041 391 2069 vehementi
411 2042 511 2070 affectu
529 2051 584 2078 quo
610 2043 686 2078 prius
708 2044 892 2078 patriarcham
908 2053 968 2072 am-

179 2086 360 2121 plectebatur,
378 2094 432 2114 non
454 2093 545 2114 tamen
578 2092 606 2115 ut
632 2088 752 2122 dejicere
770 2089 847 2116 illum
866 2090 969 2118 throno

181 2132 261 2166 plane
293 2134 474 2161 decerneret:
501 2134 568 2168 quin
601 2136 692 2168 potius
717 2137 816 2163 statuit
851 2137 968 2172 benigna

181 2179 345 2206 tractatione
361 2178 451 2213 ipsum
481 2183 509 2206 et
522 2179 691 2214 indulgentia
707 2181 847 2216 pellicere,
867 2183 889 2209 si
903 2190 969 2218 pos-

181 2229 234 2257 set,
249 2225 282 2252 ad
314 2225 509 2252 resumendum
528 2226 689 2254 exercitium
711 2228 901 2263 patriarchalis
921 2237 970 2264 po-

183 2270 304 2305 tcstatis,
335 2275 430 2298 certus
458 2277 548 2299 tamen
579 2281 632 2300 non
652 2273 818 2302 descendere
842 2276 970 2310 amplius,

183 2318 221 2344 uti
240 2322 319 2344 antea
334 2321 448 2351 teccrat,
473 2327 560 2353 us'lue
575 2320 607 2347 ad
626 2327 721 2355 preces
744 2321 862 2348 humiles
876 2325 904 2350 et
919 2324 970 2349 de-

183 2364 350 2391 clarationcs
387 2372 448 2400 quae
486 2371 598 2400 possent
631 2363 835 2394 reluctantcm'
862 2375 971 2403 cogere,

184 2411 335 2437 obfirmata:
348 2411 380 2437 ad
396 2411 598 2446 impetrandum
630 2413 801 2446 voluntatis;
817 2413 886 2440 satis
913 2414 972 2441 exi-

185 2457 305 2484 stimans
321 2464 394 2484 nunc
415 2458 483 2490 fore,
497 2459 520 2485 si
542 2462 603 2493 post
620 2459 765 2495 benignam
782 2459 972 2488 invitationem

186 2502 285 2530 reverti
303 2510 358 2538 quo
380 2504 529 2531 vocabatur
549 2505 622 2532 ultro
649 2510 817 2534 annuentem
836 2507 972 2535 benevole

186 2548 349 2583 snseiperet,
377 2549 457 2583 eique
496 2549 646 2576 conciliare
671 2550 802 2579 adversos
834 2550 973 2578 antistites

186 2597 309 2624 studeret
320 2596 461 2624 suadenda
478 2596 513 2624 iis
531 2604 594 2623 cum
611 2596 658 2623 illo
674 2596 836 2629 concordia,
865 2596 974 2623 danda-

186 2650 240 2678 que
255 2650 337 2677 opera
356 2647 384 2669 ut
400 2642 506 2677 objecta
520 2642 544 2669 ei
571 2642 686 2669 crimina
706 2641 790 2676 justis
806 2642 971 2677 purgationi-

186 2690 236 2716 bus
252 2689 435 2716 diluerentur.
453 2688 492 2716 Ne
509 2689 578 2715 ultra
594 2689 651 2715 bare
666 2689 759 2715 conari
776 2696 849 2715 nunc
864 2688 973 2723 quidem

187 2740 308 2767 curaret,
338 2743 408 2762 neve
435 2735 597 2762 abhorreret
631 2735 745 2762 nimium
782 2743 795 2762 a
824 2736 976 2763 mutatione

189 2782 324 2816 prmzuilis,
356 2783 493 2810 faciebant
517 2782 593 2809 inliti
624 2782 726 2809 dudum
744 2782 803 2816 ejus
835 2784 927 2809 animo
949 2787 977 2810 et

189 2830 303 2855 necdum
325 2829 411 2857 evulsi
440 2830 550 2864 penitus
582 2829 704 2864 srrupuli
731 2836 763 2856 ex
783 2828 829 2856 illa
844 2828 974 2856 fulmina-

1019 1580 1117 1610 invito.
1138 1588 1187 1607 nec
1213 1579 1366 1614 periculum
1396 1579 1494 1606 abesse
1514 1578 1581 1613 quin
1597 1578 1634 1605 uti
1651 1579 1675 1605 vi
1688 1583 1806 1610 extorta,

1020 1634 1098 1655 cassa
1125 1626 1221 1654 effectu
1237 1630 1264 1653 et
1290 1626 1394 1653 nullius
1418 1630 1492 1653 esset
1519 1625 1638 1653 rob0ris.
1667 1625 1808 1653 Pellucerc

1019 1673 1085 1708 quiti
1111 1674 1203 1705 etiam,
1224 1672 1247 1698 si
1273 1672 1335 1707 quis
1359 1672 1534 1707 introspiciat
1559 1672 1702 1703 attentius.
1727 1673 1806 1707 signa

1020 1719 1091 1746 male
1106 1718 1288 1746 dissimulate
1305 1718 1367 1746 talis
1395 1719 1422 1745 in
1440 1718 1501 1753 ipso
1518 1718 1669 1746 Athanasio
1697 1724 1807 1746 senten-

1019 1767 1064 1793 tiae
1090 1772 1205 1793 arcana.
1226 1766 1282 1793 Cur
1299 1765 1372 1792 enim
1402 1764 1448 1792 ille
1475 1764 1574 1792 litteris
1599 1765 1633 1792 de
1658 1765 1709 1792 hoc
1725 1765 1807 1793 editis

1020 1812 1159 1840 omisisset
1187 1812 1362 1847 imperatoris
1389 1811 1494 1839 nomini
1524 1816 1686 1839 consuetum
1717 1812 1807 1839 sancti

1019 1859 1177 1893 adjunctunt
1195 1865 1343 1894 apponere,
1369 1858 1421 1886 nisi
1436 1857 1516 1886 vellet
1537 1857 1715 1886 subindicare
1736 1858 1806 1886 haud

1020 1905 1129 1941 opinari
1144 1913 1174 1932 se
1191 1904 1266 1932 illum
1285 1905 1336 1932 rite
1353 1913 1400 1939 per
1414 1905 1462 1932 has
1476 1911 1508 1931 ac
1521 1911 1584 1931 vere
1599 1904 1763 1932 intortorum
1780 1904 1807 1931 in

1021 1952 1110 1987 ipsum
1135 1959 1182 1985 per
1198 1951 1306 1986 priores
1333 1951 1539 1978 anatheutatum
1555 1951 1689 1978 feralibus
1713 1951 1808 1978 vincu-

1021 1999 1055 2026 lis
1083 1998 1230 2025 solulum?
1250 1998 1320 2030 Quid
1339 2005 1399 2032 quae
1415 2005 1488 2024 nunc
1512 2005 1592 2032 agerc
1610 1997 1758 2030 diceretur,
1773 2004 1806 2024 an

1021 2051 1075 2071 non
1091 2043 1163 2070 idem
1180 2043 1272 2078 ipsum
1296 2043 1449 2069 innuebant
1462 2042 1474 2069 ἲ
1488 2041 1658 2069 Audiebatur
1675 2041 1759 2074 enim,
1777 2049 1808 2068 ex

1021 2099 1076 2127 quo
1090 2096 1170 2119 erant
1186 2091 1244 2118 ista
1257 2091 1338 2126 302
1351 2091 1384 2118 de
1399 2091 1554 2126 patriarcha
1565 2091 1611 2126 qui
1631 2098 1703 2118 nunc
1717 2097 1808 2117 rerum

1021 2139 1156 2174 potiretur
1186 2138 1382 2165 controversiae
1404 2140 1494 2168 motat,
1522 2144 1580 2164 sua:
1608 2136 1684 2171 prius
1710 2136 1811 2163 clausa:

1023 2184 1129 2212 cellulae
1147 2183 1221 2211 fores
1235 2183 1312 2211 hiare
1340 2190 1451 2218 passum
1469 2190 1553 2216 esse;
1570 2182 1715 2210 admisisse
1745 2182 1809 2215 quin

1022 2230 1104 2258 etiam
1124 2229 1279 2257 clanculum
1305 2233 1332 2256 et
1356 2229 1487 2256 subsidiis
1505 2228 1668 2263 opportunis
1697 2228 1810 2262 popula-

1024 2276 1092 2304 riter
1106 2275 1278 2303 demeruisse
1306 2275 1404 2310 inopes
1425 2282 1440 2302 c
1469 2275 1548 2308 plebe
1564 2275 1727 2310 quospiam:
1751 2281 1811 2308 qua:

1024 2322 1125 2349 indicia
1145 2329 1206 2349 esse
1224 2321 1337 2349 minime
1367 2320 1574 2356 acquiescentis
1598 2320 1716 2347 fortuna:
1744 2327 1810 2354 prae-

1024 2368 1105 2400 senti,
1130 2372 1158 2395 et
1179 2368 1308 2394 thronum
1339 2367 1411 2394 unde
1436 2366 1588 2394 excidisset
1617 2363 1810 2400 respectantis.

1025 2414 1106 2441 Tales
1133 2421 1207 2441 curae
1241 2414 1336 2440 iulime
1374 2417 1516 2440 versantes
1546 2416 1663 2439 mentem
1697 2410 1810 2438 nimium

1024 2460 1115 2487 facilis
1146 2461 1178 2486 ad
1210 2467 1320 2487 sensum
1349 2459 1490 2494 religionis
1521 2466 1628 2485 onmem
1661 2456 1810 2484 Andronici

1026 2505 1140 2540 Augusti
1159 2506 1279 2533 senioris
1292 2505 1371 2540 quasi
1387 2505 1517 2540 prteludia
1541 2508 1620 2531 erant
1651 2502 1811 2530 certaminis

1027 2551 1156 2578 instantis
1171 2555 1198 2578 et
1228 2551 1324 2585 prima:
1338 2550 1538 2577 commotiones
1555 2551 1582 2576 in
1603 2549 1730 2584 proximo
1744 2549 1796 2575 insi

1026 2597 1128 2625 diurnis
1157 2597 1216 2625 sine
1248 2597 1303 2624 ullo
1323 2597 1364 2624 sui
1397 2604 1480 2624 sensu
1512 2595 1652 2627 vindictm,
1688 2600 1714 2621 at
1752 2603 1813 2621 mox

1027 2650 1167 2676 eruptura:
1194 2645 1222 2672 in
1239 2644 1307 2672 nihil
1326 2652 1416 2672 minus
1443 2644 1598 2679 opinantes,
1614 2643 1647 2670 ad
1666 2643 1814 2670 restituen-

1028 2691 1092 2718 dqu
1108 2691 1153 2726 qui
1169 2691 1317 2718 ceciderat.
1335 2690 1397 2718 Hzec
1411 2695 1477 2717 tunc.
1494 2695 1573 2716 erant
1588 2697 1595 2717 :
1608 2689 1672 2723 quid
1690 2693 1813 2716 secutum

1029 2738 1199 2766 sit.dicetur.
1214 2737 1293 2770 Quod
1307 2745 1380 2764 nunc
1395 2737 1489 2770 instat,
1501 2736 1573 2763 haud
1582 2743 1696 2769 pressus
1711 2735 1814 2760 latuere

1028 2784 1216 2819 patriarchatu
1235 2792 1295 2817 qua:
1310 2784 1343 2811 ab
1358 2784 1496 2818 episcopis
1520 2783 1548 2810 in
1564 2784 1653 2816 ipsum
1680 2782 1816 2809 endchau-

1030 2835 1084 2857 tur.
1100 2830 1191 2862 Quare
1205 2837 1299 2857 curam
1327 2831 1471 2865 ingressus
1491 2828 1627 2857 retinendi
1660 2826 1815 2856 asserendi-
