1944 3061
219 140 273 172 339

813 148 976 180 GEORGII
999 150 1242 183 PACHYMERE

1801 154 1853 186 340

218 199 249 247 τὸ
271 198 346 247 seio;
368 200 413 227 ita".
429 201 565 235 εὐπειθὲς,
590 203 658 239 πρὸς
674 203 702 230 δὲ
723 206 857 241 πολέμους
881 208 929 234 καὶ
951 208 1012 235 λίαν
1024 214 1049 245 Α
1063 210 1110 236 καὶ
1119 211 1252 245 βασιλέως
1267 211 1429 242 ἐπιστασίας
1442 212 1494 242 τοῖς
1505 211 1565 238 κατ’
1580 211 1712 246 ἀνατολὴν
1724 212 1854 247 πράγμα-

218 245 330 279 ἀρεῖκόν
343 254 371 272 τε
387 246 432 273 καὶ
449 247 582 282 μάχιμον.
599 249 653 276 Καὶ
667 249 711 277 διὰ
722 251 810 279 ταῦτα
819 253 1011 290 κατωλιγὼρει

220 291 314 325 σχεδὸν
332 292 386 318 τῶν
411 292 553 328 Ῥωμαίων
570 295 608 326 ὼς
625 298 856 329 γυναικισϐέντων
878 299 1009 336 ἄντικρυς

220 337 266 364 καὶ
282 337 312 370 ἐξ
327 338 452 373 ἀνάγκης
471 340 520 374 μὲν
537 340 572 367 τὰ
590 341 675 368 πολλὰ
689 344 1009 379 καταμαλακισθέντων,

219 384 268 418 οὐχ
281 381 363 419 ἧττον
380 384 409 411 δὲ
426 387 474 412 καὶ
491 386 544 413 ἀπὸ
560 387 726 420 κακοοελοῦς
743 390 858 426 γνώμης
875 391 921 418 καὶ
942 400 1010 427 προ-

219 430 365 465 αιρέσεως.
380 431 442 462 Τοῖς
456 431 484 458 δὲ
500 432 547 459 καὶ
567 434 669 468 μᾶλλον
684 435 797 470 ἐοάῤῥει
813 436 874 472 ἄρτι
893 438 1009 472 πρώτως

219 476 327 509 φανεῖσι
347 477 394 503 καὶ
415 477 609 511 ἀποδυομένοις
632 481 672 511 εἰς
689 481 841 516 Περσικοὺς
862 483 1007 517 πολέμους,

217 520 249 546 τὸ
263 520 355 548 ἱκανὸν
370 523 446 557 παρὰ
459 523 593 558 βασιλέως
612 525 730 559 ἔχουσιν,
751 527 865 554 Ἐκεῖνοι
884 529 944 563 μὲν,
971 529 1010 561 ὡς

218 567 321 594 εἴθιστο
340 569 424 596 πάλαι
450 571 527 605 σφισι
551 573 600 600 σὺν
620 573 697 610 Νογᾷ
716 575 897 610 πολεμοῦσιν,
921 576 1009 609 οὕτως

218 613 360 642 κάνταῦθα
380 617 538 651 στρατεύειν
555 617 684 654 ἐζήτουν,
696 622 830 657 πανσυδίῃ
843 623 954 658 δηλαδὴ,
971 624 1008 656 ὼ;

218 660 343 696 ἀλλήλοις
357 663 488 698 ἀρήγοιεν
502 664 572 692 κατὰ
586 666 715 701 πόλεμον.
729 667 769 694 Τὸ.
784 668 812 694 δέ
831 677 861 702 γε
872 661 942 696 κατὰ
959 672 1008 706 τὴν

224 707 364 742 Ῥωματδα
378 710 545 745 πανταχόθεν
559 711 712 747 πράγματα
724 714 885 750 μερίζεσθαι
896 716 1008 749 τούτους

219 755 318 786 ἐποίει,
333 763 370 786 ως
389 756 454 790 μήτ’
468 756 535 783 atad:
548 759 614 793 παρ’
625 758 749 794 αλλήλων
759 758 830 787 εἶναι
844 761 920 795 opici.
938 763 1008 798 μήτε

219 801 408 835 συνασπισμὸν
427 801 496 837 ὑπὲρ
519 802 643 839 ἀλλήλων
663 805 708 831 τὸν
723 805 874 842 πρέποντα.
899 807 944 842 ⁷Γῴ
965 817 1008 835 τοι

218 846 265 872 καὶ
284 847 347 877 τοὺς
376 847 427 882 μὲν
450 847 592 881 πλείστους
620 851 680 877 κατ’
705 851 840 887 ἀνατολὴν
864 853 1007 888 ἔπεμπεν,

217 891 313 922 ἄλλους
329 891 356 917 δέ
374 899 405 926 γε
417 892 456 927 τῷ
467 893 630 926 Μουζάλωνι
647 895 799 928 Ἁλιζώνων
814 898 1007 933 ἡγεμονεύοντι

218 936 374 970 παρεδιεου.
392 938 511 969 Πολλοὺς
525 939 553 966 δὲ
569 940 615 966 καὶ
627 942 691 973 τοὺς
705 942 848 976 κρείττους
865 952 1008 977 προσετοι-

217 982 308 1014 udos;
332 982 371 1019 τῷ
387 984 440 1011 υἱεῖ
457 985 620 1022 συνεξώρμα
636 987 684 1014 καὶ
702 987 817 1022 βασιλεῐ·
836 989 931 1024 ἐδέησε
954 991 1008 1025 γὰρ

218 1075 300 1102 nabat
325 1076 397 1107 enim
424 1075 487 1104 talis
505 1077 612 1111 generis
636 1077 752 1105 coloniis
777 1078 860 1106 istutn
883 1079 953 1106 tueri
974 1086 1007 1107 ac

219 1122 334 1162 lirmare_
355 1122 481 1156 limitem,
504 1124 649 1159 indulgens
674 1125 733 1160 spei
764 1126 870 1160 prolixa
906 1125 1006 1154 ﬁducia

218 1171 396 1204 prosperrimi
420 1179 581 1200 successus.
609 1172 721 1200 Duabus
747 1174 820 1201 enim
841 1174 1006 1209 quibusdam

219 1218 301 1244 fando
335 1217 484 1246 eeleliratis
508 1222 535 1245 et
561 1218 640 1246 facile
666 1219 779 1247 creditis
808 1221 897 1254 gentis
925 1220 1006 1247 istius

218 1263 330 1291 dotibus
358 1271 524 1299 magnopere
545 1266 578 1292 ad
595 1266 698 1300 optitnc
715 1267 881 1301 sperandum
898 1267 1005 1294 niteba-

220 1310 427 1342 tur,ducililate
445 1311 653 1347 obteinperandi
680 1317 707 1340 et
733 1313 871 1348 pugnandi
897 1313 1008 1340 fortitu-

218 1356 290 1383 dine.
315 1355 435 1392 Indeque
454 1358 510 1392 jam
535 1359 649 1386 Romani
667 1360 776 1394 generis
796 1359 853 1387 fere
879 1368 904 1386 ιιι
918 1359 1004 1386 litiam

218 1402 376 1436 spernebat,
396 1402 580 1440 cileminatam
600 1405 674 1431 illam
690 1410 714 1431 et
731 1413 794 1432 cum
812 1405 859 1432 otii
878 1413 909 1432 ac
925 1406 1006 1433 linus

217 1448 396 1476 assuetudine
413 1453 585 1484 eorrttptatn,
601 1455 658 1478 tum
674 1451 807 1478 malevolo
825 1451 851 1478 in
866 1452 1005 1486 principes

218 1493 318 1522 aﬂ‘ectu
331 1495 477 1530 inﬁdisque
493 1495 670 1530 depravatam
687 1497 816 1524 sensibus
832 1498 1004 1526 criminans:

1063 267 1116 284 σιν.
1135 258 1206 284 Ἀλλ’
1219 259 1244 285 οῐ
1258 259 1308 294 μὲν
1332 259 1580 294 προεξεληλακότες
1602 259 1645 285 ἐπ’
1666 258 1801 293 ἀνατοθῇς
1815 258 1853 289 ὡς

1061 304 1112 340 ήδη
1129 305 1176 332 καὶ
1192 305 1272 339 μόνον
1283 305 1328 332 τδν
1342 305 1413 332 κατὰ
1430 307 1481 340 τὴν
1499 305 1618 332 Καλλίου
1635 306 1718 340 πόρον
1736 313 1852 340 exspat-

1062 349 1153 380 οὗντο.
1169 350 1251 382 εὐθὺς
1269 350 1390 386 ἐχρῶντο
1414 352 1471 383 τοῖς
1496 351 1586 377 αὐτῶν
1613 351 1701 386 ἤθεσι.
1729 352 1777 378 καὶ
1797 350 1852 377 τῶν

1062 396 1184 430 ἀγόντων
1208 397 1459 433 κατολιγωροῠντες
1487 398 1593 432 μεγάλα
1616 397 1751 424 διετίθουν
1779 398 1851 424 κακὰ

1066 441 1232 477 Ῥωμαίους,
1241 443 1347 480 λῃστῶν
1360 444 1484 475 ἐπιόντες
1494 444 1606 478 τρόπον,
1616 445 1673 475 τοῖς
1690 443 1740 477 μὲν
1753 453 1847 478 παροι-

1061 488 1140 515 κοῦσι
1161 488 1203 525 [Ρ.
1224 489 1288 525 215]
1303 490 1352 521 τὰς
1365 489 1458 525 χώρας
1474 490 1559 516 κακὸν
1575 490 1732 524 ἀπρόοπτον
1742 491 1841 524 sums

1063 544 1149 569 μενοι,
1167 537 1224 572 τοῖς
1248 536 1276 562 δὲ
1302 536 1454 562 συναντῶσι
1468 536 1555 563 δεινὴν
1575 536 1725 570 ἁπάντημα
1751 544 1848 571 γνῳρι-

1061 579 1182 614 ζόμενοι,
1201 579 1241 613 οἷς
1256 581 1283 608 δὲ
1300 582 1347 608 καὶ
1358 582 1553 616 συνεσκήνουν,
1565 581 1684 616 χαλεπὸν
1698 581 1849 616 γειτόνημα

1059 627 1146 659 ὄντες,
1164 625 1205 659 οἷς
1223 627 1331 663 βοηθεῖν
1348 627 1556 654 ἀπεστέλλοντο.
1575 627 1707 662 Εὑρόντες
1720 627 1747 653 δὲ
1757 627 1850 662 χώρας

1061 674 1197 701 παντοίων
1226 674 1384 709 πληθούσας
1410 674 1514 706 καλῶν,
1542 675 1710 701 ἔνευπάθουν
1736 674 1852 704 ἐκείνοις

1059 718 1242 754 ἁρπάζοντες.
1264 720 1350 751 Μόλις
1366 720 1390 747 δ’
1402 720 1603 751 ἀποσωθέντες,
1629 720 1733 746 πολλῶν
1750 719 1854 746 ἀπονι-

1061 765 1150 800 μένων
1177 765 1232 792 τῶν
1257 765 1399 800 δυσχερῶν
1425 763 1468 797 οἷς
1492 766 1517 793 τ’
1536 767 1728 801 ὲπεστάτησαν
1755 764 1797 798 οἷς
1821 774 1852 793 τε

1061 810 1243 846 συνήντησαν,
1259 812 1414 847 ἐμέμνηντο
1428 812 1476 839 καὶ
1491 811 1545 839 τῶν
1563 812 1763 846 συγκειμένων,
1782 811 1852 846 πλὴν

1060 857 1109 891 οὐχ
1127 857 1165 889 ὼς
1187 856 1280 890 ἔδοξαν
1299 857 1492 892 ἁπεφάνησαν,
1511 857 1560 884 ἀλλ
1589 857 1781 892 ὑπερηφάνουν
1801 857 1852 892 μὲν

1022 887 1045 918 Β
1062 887 1217 937 ἡγεμόνων,
1233 887 1294 929 itaﬂ‘
1304 887 1403 934 αὐτοὺς
1418 887 1447 930 οὲ
1460 887 1510 931 ὂοα
1518 904 1566 930 καὶ
1580 887 1713 938 βάρέαροι
1727 887 1853 931 συνιστά-

1062 957 1138 983 μενοι
1159 948 1308 983 Ῥωμαίοις
1324 949 1405 976 πλέον
1419 949 1436 985 ἢ
1452 949 1592 985 πολεμίοις
1602 949 1731 985 ἐπῄεσαν.
1748 949 1851 977 Ὲνίοτε

1059 994 1088 1021 δὲ
1102 995 1149 1022 καὶ
1167 995 1421 1032 δουλαγωγηοέντες
1441 997 1473 1023 ἐκ
1491 996 1612 1032 μεγάλης
1627 996 1674 1024 καὶ
1689 995 1852 1032 προμηθοῦς

1059 1092 1121 1112 nam
1140 1085 1314 1120 praesentiam
1329 1085 1502 1120 imperatoris
1518 1087 1669 1114 exercitum
1690 1094 1738 1122 per
1755 1095 1786 1114 se
1798 1086 1850 1114 du-

1058 1131 1161 1159 ctantis
1174 1135 1262 1159 status
1281 1139 1402 1166 prmsetis
1414 1132 1596 1160 Orientalium
1619 1141 1710 1160 rerum
1726 1132 1851 1167 ﬂagitare

1059 1177 1214 1204 videbatur.
1230 1177 1365 1204 Caeterum
1383 1177 1400 1205 ii
1415 1186 1485 1213 quos
1499 1179 1656 1213 praemissos
1669 1180 1694 1206 in
1706 1178 1849 1207 Orientem

1058 1224 1190 1255 diximus.
1220 1224 1276 1250 cito
1303 1231 1393 1251 mores
1418 1224 1551 1252 barbaros
1581 1226 1730 1258 nudarunt,
1755 1226 1849 1253 statim

1058 1270 1117 1298 fere
1131 1279 1145 1298 a
1164 1270 1227 1298 freti
1248 1271 1281 1298 ad
1305 1271 1464 1306 Callipolim
1489 1272 1606 1306 trajectu
1629 1273 1729 1307 spretis
1745 1273 1848 1300 ducum

1059 1317 1206 1349 mandatis,
1218 1317 1288 1344 mala
1301 1316 1441 1345 Romaniae
1454 1318 1562 1353 populis
1576 1325 1672 1353 magna
1687 1318 1850 1346 inferentes.

1057 1361 1121 1390 Ritu
1156 1363 1261 1400 quippe
1288 1363 1426 1391 latronum
1457 1364 1637 1392 licentissime
1670 1365 1849 1393 incursabant

1057 1414 1169 1442 cuncta,
1187 1410 1297 1437 miseris
1320 1409 1440 1442 colonis,
1457 1417 1505 1445 per
1521 1417 1588 1444 quas
1609 1409 1776 1443 transibant.
1800 1417 1848 1438 Ιο-

1056 1455 1168 1492 gionum
1190 1456 1371 1490 improvisum
1391 1460 1568 1492 apportantes
1582 1456 1776 1491 infortunium,
1794 1457 1849 1485 ob-

1057 1502 1110 1530 viis
1131 1502 1237 1530 tristem
1251 1510 1408 1536 occurstnn,
1426 1502 1453 1530 in
1470 1504 1625 1538 propinquo
1645 1510 1709 1531 vero
1723 1503 1849 1539 degenti-

219 1541 387 1574 przeripnnm
415 1549 488 1573 vero,
523 1543 590 1577 quin
620 1549 647 1570 et
679 1547 767 1570 totum
796 1543 1041 1592 fundamentumc
1059 1549 1110 1577 bus
1135 1557 1245 1584 gravem
1276 1550 1459 1585 undequaque
1495 1549 1676 1586 infestamque
1705 1550 1848 1578 viciniam.

217 1588 374 1616 securitatis
391 1589 544 1624 salutisque
557 1589 672 1624 publica),
688 1591 714 1616 in
730 1595 795 1617 tunc
806 1591 924 1625 primttm
937 1591 1005 1618 visis

218 1634 334 1661 necdum
363 1642 414 1662 usu
442 1635 566 1669 probatis
587 1636 697 1663 barbari
718 1637 809 1672 populi
830 1637 917 1672 copiis
938 1645 1006 1673 pra:-

219 1681 347 1709 fcstlnata
361 1681 525 1709 credulitate
535 1683 729 1711 constituens:
742 1683 792 1711 lios
805 1692 876 1712 unos
892 1685 1004 1718 intueri,

218 1727 280 1754 unis
305 1728 374 1761 niti;
393 1729 419 1755 in
441 1729 551 1761 horum,
573 1731 652 1757 modo
670 1730 838 1758 sufﬁcienter
853 1731 1005 1765 alerentur,

218 1775 298 1801 unice
323 1774 485 1802 idoneorum
513 1775 680 1803 debellanda;
711 1777 840 1811 potentiae
876 1777 1005 1810 Persicae,

218 1820 357 1856 stipendia
374 1828 497 1856 congrua
512 1821 668 1850 rectissime
684 1821 882 1858 itnpendcndas
897 1824 1005 1858 imperii

216 1875 283 1902 opes
303 1867 414 1895 ducere.
445 1868 484 1895 Ad
505 1868 563 1895 lucc
580 1869 619 1896 illi
636 1869 758 1897 vicissim
786 1878 898 1905 operam
919 1880 1005 1906 spon-

216 1914 325 1946 dentes,
355 1921 438 1940 unum
467 1920 637 1950 exceperunt
665 1916 738 1943 circa
769 1916 832 1944 belli
857 1918 1004 1950 rationem,

217 1961 285 1989 velle
297 1970 337 1994 se,
353 1962 392 1989 ιιιί
409 1961 461 1989 sub
484 1961 557 1996 Nega
579 1968 793 1995 consueverant,
822 1964 849 1991 in
866 1972 962 1999 campo
978 1968 1006 1992 et.

213 2010 286 2043 insta
307 2010 367 2036 acie
383 2017 440 2036 rem
456 2017 562 2045 gerere,
579 2018 633 2045 qtto
652 2010 704 2037 sibi
730 2011 861 2045 opitulari
887 2011 1003 2039 invicem

216 2061 338 2091 possent,
356 2064 412 2084 non
430 2063 478 2084 aut
492 2057 602 2086 clausos
621 2058 731 2086 arcibus
751 2063 798 2086 aut
816 2059 934 2094 sparsim
948 2059 1005 2087 dis-

215 2110 325 2138 ccrptos
345 2112 392 2138 per
414 2111 513 2132 tnanus
537 2105 658 2132 modicas
675 2113 807 2140 pugnare.
834 2105 892 2138 Qua
908 2106 1005 2133 condi-

216 2149 290 2176 tione
318 2149 470 2183 imperator
486 2156 536 2185 pro
552 2155 651 2178 cretei-0
675 2151 769 2179 favore
784 2151 864 2179 facile
881 2157 1003 2187 accepta,

217 2194 312 2228 partiri
328 2202 376 2221 eos
386 2195 439 2221 sibi
454 2195 610 2229 provincias
624 2197 731 2231 itupcrii
742 2196 1003 2232 laborantesjussit,

1057 1595 1133 1622 Adeo
1146 1595 1221 1622 nullo
1234 1599 1359 1630 respectu
1372 1594 1514 1622 socialium
1528 1594 1660 1623 foederum
1672 1595 1760 1630 palam
1772 1596 1848 1623 omni

1059 1641 1169 1670 hostilis
1189 1641 1370 1676 grassationis
1387 1641 1561 1669 immanitate
1578 1641 1696 1675 agebant
1709 1641 1849 1674 ferebant.

1058 1688 1160 1723 quibus
1178 1688 1362 1723 opitulaturos
1376 1695 1406 1715 se
1421 1688 1515 1714 venire
1529 1688 1701 1715 simularunt.
1719 1688 1850 1715 lrritabat

1058 1733 1164 1762 scilicet
1173 1740 1295 1768 praesens
1308 1733 1388 1768 copia
1401 1732 1578 1767 rapacitatem
1588 1733 1743 1765 avidorum,
1756 1736 1850 1761 trans-

1058 1780 1096 1808 itu
1128 1787 1177 1815 per
1199 1780 1307 1815 opimas
1331 1783 1438 1810 terras.
1467 1776 1547 1807 villas
1570 1779 1672 1814 passim
1696 1779 1850 1815 domosque

1057 1827 1135 1855 vario
1151 1827 1302 1862 spoliorum
1318 1831 1345 1853 ct
1362 1825 1459 1861 praedm
1475 1833 1575 1860 genere
1596 1826 1711 1854 refertas
1730 1833 1848 1854 cernen-

1059 1873 1138 1903 tium,
1156 1871 1182 1898 in
1198 1879 1258 1905 qua:
1273 1870 1371 1898 laxatis
1383 1871 1528 1906 cupiditati
1547 1871 1662 1898 habenis
1680 1871 1751 1898 nulla
1775 1871 1848 1906 juris

1057 1917 1184 1952 aequique
1206 1917 1374 1945 verecundia
1400 1918 1555 1949 irruebant,
1572 1921 1771 1952 extorquentes
1786 1925 1849 1952 quae

1058 1964 1208 1999 placerent,
1231 1969 1259 1992 et
1283 1969 1422 1998 raptorum
1450 1964 1731 1998 intemperantissime
1758 1965 1847 1992 aliusu

1056 2010 1126 2046 gula:
1141 2018 1173 2037 ac
1196 2010 1302 2037 libidini
1320 2011 1440 2037 litantes.
1459 2008 1518 2037 Non
1537 2011 1659 2044 negarim
1683 2016 1774 2038 t:micn
1798 2019 1848 2038 eos

1058 2063 1129 2084 novo
1146 2057 1293 2091 primnlmn
1310 2056 1336 2083 in
1355 2055 1517 2083 Romaniam
1533 2057 1663 2091 appulsu,
1679 2057 1779 2084 recenti
1795 2065 1850 2084 nte-

1058 2103 1144 2130 moria
1164 2103 1335 2130 miseriarum
1351 2103 1455 2137 quibus
1472 2108 1566 2130 essent
1580 2103 1661 2130 modo
1678 2104 1804 2138 plurimis
1819 2109 1849 2131 et

1059 2148 1231 2184 gravissimis
1247 2148 1377 2180 defuncti,
1395 2149 1492 2183 partim
1512 2149 1698 2184 ingruentium
1718 2151 1743 2177 in
1767 2150 1850 2177 fatui-

1058 2195 1139 2222 liares
1159 2194 1235 2230 prius
1246 2202 1339 2221 eorum
1356 2195 1436 2222 sedes
1448 2195 1645 2228 domicilioque
1658 2203 1671 2220 ιι
1684 2195 1758 2230 Noga
1772 2195 1849 2228 data,

217 2243 254 2268 ita
279 2245 309 2268 ut
333 2240 434 2269 idoneo
452 2242 555 2277 ubique
579 2250 696 2270 numero
712 2243 872 2274 militarent,
896 2251 929 2270 ne
957 2247 1004 2270 aut
1023 2242 1042 2270 D
1058 2241 1156 2276 partim
1177 2241 1204 2268 in
1222 2241 1296 2276 fuga,
1315 2249 1368 2274 qua
1386 2241 1449 2267 inde
1462 2241 1569 2268 extrusi
1585 2249 1633 2276 per
1655 2241 1754 2269 infesta
1775 2249 1849 2278 aegre

216 2288 331 2315 stimulo
364 2294 492 2316 carerent
517 2293 619 2316 mutuae
643 2288 829 2316 aetiiulationis
856 2289 884 2316 in
918 2289 1006 2317 oculis

215 2335 436 2363 commilitonum
461 2337 578 2371 quisque
602 2336 772 2371 praeliantes.
794 2340 842 2364 attt
870 2336 897 2363 in
918 2341 1006 2364 certa-

215 2383 319 2410 minum
345 2383 459 2410 casibus
481 2382 701 2410 destituerentur
725 2383 850 2410 subsidio
877 2390 1004 2415 suorum,

215 2429 244 2456 in
272 2429 366 2456 cadent
397 2429 502 2457 scilicet
527 2428 587 2456 acie
612 2429 744 2456 stantium
772 2433 800 2456 et
817 2428 890 2456 facto
917 2435 1005 2456 cuneo

216 2474 249 2502 ad
277 2475 523 2510 propugnationem
545 2481 694 2502 occurrere
729 2479 898 2508 paratorum,
922 2480 1004 2508 quam

215 2520 243 2548 in
268 2525 374 2556 partem
396 2520 544 2548 discrimen
569 2528 602 2548 ex
620 2525 688 2548 testu
720 2519 791 2546 forte
815 2520 1004 2554 reciprocante

215 2565 310 2595 Martis
328 2567 398 2595 varii
412 2571 460 2595 aut
479 2567 542 2595 belli
573 2567 698 2602 quaedam
730 2566 848 2594 oll‘ensio
880 2570 1002 2594 vocaret.

214 2613 283 2641 Cum
309 2613 361 2641 ista
384 2614 512 2641 cautione
540 2612 674 2640 trifariam
702 2612 807 2641 Alanos
833 2612 927 2640 divisit
950 2613 1004 2639 im-

214 2663 337 2694 perator.
379 2658 667 2695 Plerosquevidclicet
695 2667 790 2687 corunt
816 2658 942 2694 protinus
975 2660 1004 2685 in

212 2703 356 2732 Orientem
389 2704 488 2737 misit;
521 2703 591 2731 alios
627 2703 726 2730 tninori
760 2711 874 2730 nntncro
909 2704 1005 2730 Mula-

214 2750 271 2777 loni
297 2749 460 2777 Halizonum
487 2748 614 2786 praefecto
644 2749 768 2777 tradidit.
796 2749 896 2777 Multos
921 2749 1005 2785 309

216 2801 308 2825 autem
321 2804 425 2832 eosque
439 2797 607 2825 lectissimos
625 2801 652 2824 et
667 2801 797 2832 prtestare
812 2797 918 2824 cunctis
929 2797 1005 2823 visos

215 2843 286 2877 apud
303 2851 333 2871 se
350 2844 479 2876 retinuit,
495 2851 640 2871 reservans
657 2844 683 2871 in
701 2843 905 2878 expeditionem
919 2850 1002 2878 quam

217 2890 331 2924 parabat
348 2891 376 2919 in
391 2896 550 2927 caspartcs
564 2891 704 2920 Michaelis
717 2891 835 2926 iunioris
858 2891 975 2926 Augusti
993 2898 1000 2917 :

1058 2288 1126 2316 salvi
1143 2289 1202 2316 loca
1227 2289 1406 2319 transierant,
1424 2287 1513 2315 donec
1536 2292 1624 2315 tutum
1647 2288 1673 2315 in
1700 2288 1850 2324 imperato-

1057 2335 1095 2362 ris
1112 2335 1283 2370 protcctione
1300 2340 1438 2370 receptum
1453 2336 1618 2370 reperirent,
1635 2336 1751 2369 quadam
1767 2335 1846 2362 brevi

1057 2382 1225 2408 constrictus
1250 2381 1414 2409 verecundia
1436 2381 1580 2416 hospitalis
1603 2382 1662 2408 lidei
1690 2382 1764 2409 visos
1784 2389 1848 2409 esse

1056 2431 1197 2460 pactorum
1212 2427 1382 2454 meminisse.
1395 2427 1449 2454 Sed
1464 2427 1519 2454 cito
1528 2428 1561 2455 ad
1578 2427 1713 2455 feritatem
1730 2429 1832 2454 redcun
1842 2442 1848 2447 -

1059 2477 1109 2503 tes.
1127 2473 1285 2508 opinionem
1303 2473 1444 2502 modestia»,
1460 2473 1582 2509 ipsorum
1598 2477 1625 2500 ct
1651 2473 1775 2501 ﬁduciam
1799 2481 1849 2500 au-

1057 2519 1115 2546 xilii
1135 2527 1168 2547 ex
1190 2515 1267 2554 ipsis,
1285 2520 1343 2547 dira
1359 2520 1524 2555 injuriarum
1542 2520 1722 2555 experientia.
1739 2521 1848 2556 populis

1057 2572 1087 2592 se
1107 2565 1237 2601 deceptos
1251 2567 1434 2594 sentientibus
1447 2571 1643 2594 excusserunt.
1658 2565 1757 2593 Statim
1773 2566 1846 2593 enim

1057 2613 1259 2640 contumaciter
1275 2613 1302 2641 in
1321 2613 1452 2640 ductores
1466 2610 1696 2646 insurrexerunt,
1714 2617 1740 2640 et
1760 2613 1848 2646 magis

1056 2666 1193 2686 memores
1220 2658 1376 2686 communis
1403 2658 1467 2685 olim
1493 2665 1587 2686 secum
1618 2658 1756 2686 barbarici
1781 2666 1845 2686 cum

1056 2703 1148 2733 Persis
1168 2713 1249 2740 quam
1266 2710 1413 2732 contractae
1436 2713 1522 2741 nuper
1546 2712 1584 2732 sol
1597 2705 1688 2733 ictatis
1707 2713 1769 2733 cum
1792 2705 1848 2732 Ro-

1055 2751 1156 2783 manis.
1170 2752 1270 2786 sa‘pius
1279 2753 1434 2785 saeviusque
1447 2751 1474 2777 in
1491 2756 1600 2778 nostros
1611 2759 1693 2785 quant
1711 2751 1738 2778 in
1752 2750 1847 2778 hostes

1055 2797 1081 2824 vi
1099 2802 1126 2824 et
1142 2797 1228 2823 armis
1241 2797 1284 2823 usi
1302 2801 1376 2822 sunt.
1394 2795 1456 2822 Fuit
1473 2801 1563 2823 tamen
1579 2802 1642 2822 cum
1659 2797 1764 2832 magnis
1782 2803 1830 2831 per

1055 2852 1109 2878 que
1124 2843 1232 2870 blandis
1253 2842 1357 2870 inducti
1377 2842 1563 2869 tlelinimentis
1579 2842 1612 2869 ad
1629 2843 1845 2878 conspirandum

1055 2897 1116 2918 cum
1133 2888 1277 2924 Romanis,
1290 2889 1438 2924 Coniuncta
1453 2890 1553 2917 nostris
1563 2896 1657 2924 opera,
1669 2897 1846 2919 communem
