1944 3061
196 135 258 171 -3Ξ3

796 149 962 182 GEORGII
977 152 1222 185 PACHYMERE

1785 160 1842 192 SH

204 201 289 234 μήπω
310 199 482 252 θαρροῦντες
495 205 678 252 προσϐάλλειν
697 210 935 246 γνωσιμαχοῦντες
955 211 1004 246 μέ-
1018 213 1041 242 Δ
1054 222 1099 240 ναι
1113 214 1202 250 μάχης
1220 216 1250 242 οὐ
1260 197 1342 243 τόσον
1355 215 1452 250 δεινὸν,
1464 215 1570 251 βασιλεῖ
1579 217 1608 245 δὲ
1622 219 1842 252 συγκινδυνεύειν

203 253 292 279 νουσι,
309 247 408 284 βουλὴν
425 249 585 284 βουλεύεται
603 252 648 286 ἐφ’
660 250 682 288 ᾧ
709 253 747 289 μὴ
767 255 914 291 ἀναμένειν
929 258 992 290 τοὺς

202 291 341 326 ἐπιόντας,
361 294 419 321 ἀλλ’
436 297 535 329 αὐτοὺς
561 299 668 326 ἐπιέναι
694 301 769 335 σφίσι
785 303 832 329 καὶ
857 304 992 338 ἐμπεσεῖν

205 339 242 374 μή
260 348 303 365 πω
319 339 453 376 θαρροῦσι
477 343 526 378 τὴν
543 345 713 382 συμπλοκὴν,
735 347 773 380 ὡς
798 348 832 375 ἂν
857 349 915 383 ἅμα
942 350 992 385 μὲν

203 386 448 431 καταπλήξαντες,
476 389 535 424 ἃμα
555 390 584 416 δὲ
608 392 656 418 καὶ
677 393 727 428 τὴν
746 394 801 420 τῶν
818 395 993 431 οαῤῥούντων

203 430 312 462 ἑαυτοῖς
329 432 457 459 ὑπόνοιαν
466 433 576 468 θέμενοι
589 435 715 470 πράξωσι
727 447 752 464 τι
764 430 899 472 γενναῖον.
908 438 992 465 Ταῦτ’

195 475 290 509 ἔλεγε,
305 478 351 503 καὶ
367 478 443 513 μόλις
467 479 532 512 τοὺς
558 481 603 515 ὑφ’
616 482 706 518 ἐαυτῷ
726 484 864 519 ἡγεμόνας
887 483 992 512 ἔπειθε.

202 522 259 548 Καὶ
273 523 328 558 γὰρ
353 523 394 550 ἔτι
412 522 446 560 ἦν
469 525 515 552 καὶ
532 527 562 553 τὸ
584 527 724 556 Ἀλανικὸν
741 530 876 564 ἀκμάζον,
899 531 947 558 καὶ
963 531 992 557 ἐν

202 567 293 595 ἐλπίσι
305 570 352 595 τοῦ
364 568 394 597 εὖ
407 563 517 606 σχῆσειν
528 570 609 608 ἦσαν.
623 574 671 600 καὶ
683 563 888 611 προεθυμοῦντο
900 577 992 612 μεῖζον

201 612 223 648 ἧ
238 613 309 641 ὥστε
327 616 468 650 δύνασθαι,
492 618 645 655 Ἐτέρωθεν
668 621 696 647 δὲ
721 622 770 648 καὶ
786 622 817 648 τὺ
840 622 992 658 Ῥωμαϊκὸν

202 660 271 687 πολὺ
283 658 328 696 ἦν,
341 662 388 688 καὶ
400 663 450 698 οὐχ
463 661 545 699 ἦττον
556 667 603 692 καὶ
614 666 694 693 τοῦτο
705 667 753 700 τὰς
768 668 856 703 ὁρμὰς
867 669 991 704 παρεθή-

201 714 266 740 γετο
280 707 333 734 ὑπὸ
347 708 401 744 νέῳ
414 709 521 744 βασιλεῖ
532 713 782 748 στρατηγούμενον.
797 714 852 741 Καὶ
865 712 899 750 ἦν
914 715 992 747 ἐλπὶς

200 753 258 785 τοῖς
287 750 371 789 ὁρῶσι
402 757 529 791 μεγάλων
560 759 785 795 κατορθωμάτων
811 761 859 787 καὶ
885 762 988 793 παντὸς

200 799 330 827 ἐπέκεινα
357 802 525 837 σφάλματος.
557 805 634 831 Ἐπεὶ
653 807 744 834 τοίνυν
768 807 840 834 οὕτω
865 808 991 843 βασιλεὺς

200 846 252 881 μὲν
264 846 358 883 ὥρμα,
386 851 498 885 στρατὸς
524 852 552 879 δὲ
568 852 709 889 ξυνώρμα,
729 855 778 881 καὶ
796 856 846 890 ήδη
874 856 991 889 ἐξιόντες

1046 259 1082 286 τὰ
1099 259 1250 295 πράγματα
1270 262 1318 288 καὶ
1331 261 1391 288 λίαν
1411 261 1589 298 παγχάλεπον
1603 260 1684 291 εἶναι.
1697 264 1774 299 Μηδὲ
1786 265 1843 300 γὰρ

1047 305 1190 340 ἀρτρότως
1207 307 1253 333 καὶ
1273 307 1405 340 ἀσφαλῶς
1424 307 1478 335 τῶν
1495 307 1614 335 ἐλπίδων
1633 310 1842 345 περιγενέσθαι,

1046 350 1104 377 ἀλλ’
1122 351 1172 387 ἤδη
1193 354 1240 379 καὶ
1256 353 1417 389 ἡττηθῆναι.
1430 354 1539 389 Πλῆθος
1557 355 1611 390 γὰρ
1627 356 1679 383 κάν
1693 357 1750 388 τοῖς
1765 357 1828 385 ὲναν

1046 396 1114 428 τίοις
1128 394 1197 424 εἶναι
1225 399 1273 426 καὶ
1299 400 1390 435 μάχης
1414 400 1558 435 ἔμπειρον,
1576 401 1624 428 καὶ
1642 402 1693 429 οὐκ
1707 403 1741 429 ἂν
1754 403 1843 435 ἄλλως

1046 442 1189 478 θαρῤῆσαν
1207 445 1342 480 φανεροὺς
1357 446 1477 478 ἐπιέναι,
1503 447 1583 482 εἰπερ
1601 448 1651 474 οὐκ
1676 449 1790 485 ἤλπιζον
1807 452 1842 477 τὰ

1049 489 1166 523 μεγάλα.
1191 490 1361 518 Ἀνάπυστον
1388 492 1416 519 δὲ
1439 493 1487 520 καὶ
1513 493 1564 528 τὴν
1592 493 1727 529 βασιλέως
1745 497 1840 532 φήμην

1047 534 1123 568 σφίσι
1140 537 1316 572 γεγενῆσθαι,
1333 538 1367 565 δι’
1386 539 1420 574 ἥν
1439 540 1487 566 καὶ
1504 540 1606 575 μᾶλλον
1631 541 1660 569 ἓν
1679 542 1752 570 δυοῖν
1766 543 1842 574 είκδς

1046 579 1117 607 εἶναι
1142 582 1291 617 ξυμϐῆναι,
1307 584 1323 620 ἢ
1341 585 1511 620 φοϐηθέντας
1525 587 1555 619 ἐξ
1568 588 1714 620 ἀσθενείας
1732 589 1841 624 ἀναχω-

1048 627 1135 663 ρεῖνῆ
1151 627 1321 664 θαρροῦντας
1343 631 1373 664 ἐξ
1397 632 1504 664 ἐλπίδος
1529 633 1661 668 μεγίστης
1680 635 1838 668 φαίνεσθαι.

1049 674 1082 700 'U
1093 675 1141 701 καὶ
1156 675 1291 711 φοϐητέον
1300 676 1334 704 ἃν
1346 678 1447 712 μᾶλλον
1459 677 1529 706 εἶναι
1539 681 1588 707 σὺν
1604 679 1712 715 βασιλεῖ
1722 680 1764 717 [Ρ.
1775 681 1840 716 216)

1045 718 1093 745 καὶ
1108 719 1146 755 μὴ
1168 721 1260 755 μόνοις
1276 722 1338 749 καθ’
1356 723 1455 756 αὐτοὺς
1471 724 1591 753 ἐπιοῦσι.
1608 725 1702 754 Ταῦτα
1713 726 1840 761 λέγοντες

1045 765 1124 792 αὐτοὶ
1155 766 1204 804 μὲν
1227 768 1279 802 τῆς
1297 769 1387 804 ὁρμῆς
1403 770 1575 805 καθυφίεσαν
1593 771 1693 808 πάντη.
1712 773 1839 800 ὑπέκλων

1045 810 1073 837 δὲ
1093 813 1140 837 καὶ
1158 811 1207 844 τὰς
1221 813 1269 839 τοῦ
1293 813 1429 848 βασιλέως
1452 814 1553 851 ὁρμὰς,
1571 817 1620 844 καὶ
1635 817 1695 853 ἅμα
1710 818 1839 854 δεύτερος

1045 856 1092 883 ἐπὶ
1106 857 1207 893 πρώτῳ
1223 861 1270 886 καὶ
1286 861 1377 895 τρίτος
1388 862 1436 888 ἐπὶ
1449 863 1537 897 τούτῳ
1551 863 1597 890 καὶ
1612 864 1722 899 ἐφεξῆς,
1735 865 1837 899 φόϐους

199 894 386 946 προσέϐαλλον
397 896 501 946 μείςονι
511 898 558 925 καὶ
569 899 623 925 eis!
634 900 687 936 νέῳ
699 900 827 934 καθάπαξ
838 901 876 936 τῷ
887 901 993 937 λήματι
1010 896 1029 923 Β
1045 902 1173 937 λέγοντες
1191 906 1239 932 καὶ
1270 894 1399 938 ὑπονοίας
1427 894 1837 946 εἰδωλοποιοὺμένοϋι’φοϐερὰςῖ

197 941 347 976 χρώμενοι,
370 942 418 969 καὶ
442 943 493 980 ἤδη
517 945 548 971 οὐ
575 945 641 980 παρ’
658 946 761 979 αὐτοῖς,
779 947 839 974 ἀλλ’
854 948 884 974 ἐν
901 949 993 979 αὐτοῖς

197 984 269 1021 ἦσαν
285 989 341 1019 τοῖς
353 989 495 1024 πολεμίοις
507 991 554 1017 καὶ
564 991 730 1027 προσϐαλεῖν
741 992 867 1028 ἔμελλον,
881 994 991 1027 αὐτίκα,

199 1032 347 1067 ὀττράκου,
369 1035 453 1068 φασὶ,
481 1036 694 1070 μεταπεσόντος,
713 1034 936 1074 γνωσιμαχοῦσιν
960 1040 992 1066 ὲκ

197 1078 275 1110 δέους
287 1080 311 1106 oi
324 1080 460 1115 ἡγεμόνες
472 1082 520 1108 καὶ
530 1082 559 1108 ὲν
571 1083 710 1116 ὑπονοίαις
724 1084 859 1119 ἐγένοντο,
868 1085 899 1112 οὺ
910 1085 993 1112 δεδιό-

196 1133 243 1156 τες
258 1125 384 1160 ἐχθροὺς,
397 1127 435 1158 ὡς
453 1127 586 1162 ἔφασκον,
598 1129 656 1156 ἀλλ’
675 1130 746 1165 ὑπὲρ
762 1130 894 1165 βασιλέως
912 1140 992 1166 φρον-

199 1171 320 1204 τίζοντες
338 1172 433 1207 δῆθεν.
449 1174 555 1206 Αὐτοὺς
569 1175 620 1210 μὲν
631 1175 685 1210 γὰρ
701 1176 749 1203 καὶ
766 1176 864 1212 μόνους
876 1177 990 1213 λειφθῆ-

198 1230 349 1264 impetnm;
367 1233 433 1266 quin
459 1241 592 1268 apparere
609 1235 736 1262 cunctari
758 1242 867 1263 rursum
885 1235 947 1263 illos
963 1239 990 1262 et

197 1277 249 1303 sibi
266 1277 388 1305 difﬁdere
403 1279 560 1314 inceptique
571 1280 687 1312 horrore
700 1280 830 1313 titubare,
842 1281 988 1308 consilium

198 1328 338 1351 momento
351 1325 460 1360 expedit
473 1333 538 1353 sane
550 1334 725 1362 generosum,
740 1335 794 1355 non
811 1327 988 1362 exspectandi

198 1369 262 1396 dum
280 1371 387 1405 priores
407 1372 438 1399 ad
459 1380 519 1400 sese
533 1364 660 1400 venirent
675 1373 774 1406 Persre,
791 1376 837 1401 sed
852 1381 989 1409 praeoccu-

197 1417 280 1452 pandi
309 1423 423 1445 strenue
454 1419 689 1447 deliberabumlns
717 1421 808 1448 adhuc
835 1421 989 1455 dubiosque

196 1463 358 1496 sententiae;
373 1472 428 1499 quo
445 1469 518 1491 statu
535 1468 615 1492 tanto
628 1466 715 1500 magis
732 1466 867 1500 citiusque
882 1465 988 1501 percel-

197 1510 269 1538 lendi
295 1511 456 1539 viderentur
477 1511 628 1547 improvisa
658 1513 774 1540 audacia
800 1513 938 1541 exercitus
960 1513 987 1540 in

1045 950 1228 985 ὑποστρέφειν
1240 953 1361 986 ἔπειθον,
1380 954 1418 986 ὡς
1434 955 1502 990 μήτε
1515 957 1565 982 σὺν
1581 956 1686 991 βασιλεῖ
1699 957 1838 993 προσϐάλ-

1043 998 1101 1024 λειν
1130 999 1292 1034 φαινόμενον
1312 1000 1444 1035 ἀσφαλὲς,
1468 1001 1533 1038 μήτ*
1558 1002 1657 1034 αὐτούς
1679 1011 1710 1037 γε
1737 1004 1837 1038 μόνους

1043 1043 1229 1078 καταοαρῤεἰν
1244 1044 1290 1071 τὸν
1302 1045 1432 1081 πόλεμον·
1449 1047 1537 1074 πάντα
1549 1048 1604 1082 γὰρ
1616 1047 1730 1083 δεύτερα
1744 1049 1833 1082 ὲλογί-

1043 1089 1123 1121 ζοντο
1133 1090 1181 1117 τοῦ
1198 1091 1311 1126 βασιλέα
1333 1101 1363 1119 τε
1382 1093 1429 1119 καὶ
1447 1094 1560 1129 στρατὸν
1576 1095 1655 1122 τόσον
1669 1096 1697 1122 ἐν
1719 1096 1838 1130 ἀσφαλεῖ

1042 1143 1075 1169 γε
1091 1137 1223 1171 περιποιή
1230 1138 1339 1166 σασθαι.
1354 1139 1463 1166 Γίνεται
1481 1140 1628 1176 τοιγαροῦν
1640 1141 1685 1167 καὶ
1700 1142 1738 1176 μὴ
1751 1141 1836 1168 θέλων

1042 1183 1056 1208 ὁ
1074 1182 1201 1217 βασιλεὺς
1215 1186 1264 1219 τῆς
1278 1185 1391 1212 ἐκείνων
1408 1185 1520 1221 βουλῆς,
1539 1188 1585 1213 καὶ
1612 1187 1726 1222 στρατὸς
1749 1187 1837 1219 οὕτως

1043 1241 1132 1269 clitari
1150 1243 1299 1270 exitialiter
1315 1249 1472 1272 cernerent.
1491 1244 1539 1272 Sui
1562 1244 1671 1279 quidem
1685 1251 1807 1279 ipsorum
1822 1265 1830 1276 ,

1042 1292 1183 1323 utcunque.
1196 1288 1222 1316 in
1238 1293 1343 1315 certam
1366 1290 1513 1324 perniciem
1526 1293 1650 1322 ruerent,
1662 1289 1832 1316 tolerabilem

1042 1338 1138 1368 putare
1159 1334 1318 1368 jacturam;
1335 1343 1365 1363 se.
1387 1336 1454 1363 solis
1471 1336 1565 1370 prmlio
1587 1336 1738 1371 peremptis
1757 1340 1832 1363 stare

1041 1379 1220 1408 nihilominus
1240 1388 1319 1414 posse
1337 1382 1535 1416 rempublicam
1550 1381 1735 1416 :imperatore
1750 1381 1832 1408 simul

1040 1426 1186 1462 absmnpto
1197 1435 1333 1455 summam
1346 1428 1386 1456 rei
1399 1433 1558 1464 statumque
1572 1428 1677 1462 imperii
1691 1428 1749 1463 pari
1764 1435 1832 1455 casu

1040 1473 1126 1499 videri
1141 1473 1312 1508 prolapsum.
1327 1473 1455 1501 Insanum
1471 1482 1537 1510 ergo
1551 1482 1611 1502 esse
1621 1478 1725 1501 tantam
1739 1474 1828 1502 aleam

1040 1522 1144 1546 temere
1158 1519 1260 1553 jacere.
1278 1527 1332 1546 uno
1346 1520 1432 1548 illicio
1445 1520 1605 1555 perincertm
1616 1519 1685 1555 spei,
1700 1520 1745 1547 cui
1758 1527 1827 1547 cou-

196 1558 270 1589 ipsos
285 1558 405 1592 undique
421 1558 444 1585 vi
459 1566 568 1585 suuima
583 1559 762 1589 incurrentia,
779 1559 821 1586 cui
831 1567 909 1592 pares
925 1567 988 1587 sus-
1003 1565 1025 1596 ε
1041 1565 1143 1592 uarius
1160 1564 1370 1593 {ntidatissimus
1392 1571 1482 1594 melus
1505 1574 1558 1594 non
1575 1567 1712 1602 relinquat
1728 1567 1831 1594 locum.

195 1602 309 1630 tinendo
326 1611 379 1630 non
401 1603 508 1632 futuros
527 1605 728 1633 verisimillima
746 1605 897 1640 sprs312
910 1605 986 1632 aﬂui-

195 1655 288 1683 εει-εις
305 1651 426 1684 adeoque
443 1659 548 1686 niagnze
565 1652 603 1678 rei
626 1652 735 1679 fortiter
751 1660 783 1680 ac
803 1652 921 1680 feliciter
938 1660 986 1685 ge-

195 1697 286 1723 rendae
300 1697 445 1728 pretiosam
462 1697 488 1723 in
505 1698 600 1732 primis
615 1698 708 1725 offerri
723 1699 908 1726 occasionem.
926 1697 988 1726 litec

195 1744 313 1777 loquens
323 1750 394 1777 aegre
407 1743 532 1777 probavit
543 1743 660 1772 ducibus
674 1745 803 1771 Romanis
812 1752 881 1780 quos
894 1753 987 1772 secum

195 1789 325 1818 hahebat.
341 1790 491 1817 Cesserunt
511 1791 549 1818 illi
565 1795 654 1818 tamen
673 1792 750 1818 vcriti
768 1791 905 1818 exercitus
922 1799 988 1818 con-

195 1844 308 1864 sensum
328 1844 390 1864 cum
406 1837 581 1871 imperatoris
598 1837 738 1865 voiuntate
762 1838 982 1872 conspirantem.

197 1881 262 1909 Nam
279 1882 357 1909 Alani
381 1890 477 1913 magna
495 1890 543 1917 spe
567 1891 715 1910 successus
731 1883 782 1910 sibi
806 1883 985 1918 prosperrimi

148 1924 151 1927 ’
194 1929 334 1964 vigebant,
348 1929 496 1965 ausurique
513 1937 546 1957 ac
564 1930 692 1957 cenaturi
708 1930 791 1957 etiam
813 1937 895 1965 supra
914 1931 986 1958 vires

193 1975 368 2003 videbantur.
386 1976 503 2003 Aliunde
520 1976 650 2004 Romana:
663 1978 749 2011 copiae
766 1982 793 2004 et
810 1977 984 2005 conscientia

194 2022 380 2050 nitiltitndinis
399 2027 426 2050 et
444 2023 588 2057 prmsentia
607 2023 791 2058 imperatoris,
806 2023 921 2058 ejusque
941 2024 987 2050 llo-

193 2069 279 2096 rentis
292 2077 350 2096 tevo
363 2068 535 2106 juvenilique
549 2069 659 2103 robore,
673 2070 871 2098 incredibiliter
881 2071 987 2098 anima-

175 2132 177 2134 -
193 2115 292 2143 bantur
307 2116 338 2143 ad
357 2116 509 2144 fortissime
529 2117 709 2152 pugnandum
726 2117 789 2151 ejus
808 2116 907 2144 ductu.
929 2116 986 2144 Nec

194 2165 350 2194 spectantes
369 2161 532 2188 dubitabant
546 2161 613 2196 quin
631 2161 770 2195 [ιι-ποιηταὶ
786 2161 908 2189 victoriae
933 2169 984 2196 op-

196 2207 363 2240 portunitas,
395 2207 462 2235 citra
494 2207 611 2243 quodvis
642 2207 794 2242 periculum
822 2207 984 2235 offensionis

195 2252 270 2284 belli,
295 2259 326 2280 se
348 2252 471 2281 offerret.
501 2252 568 2281 Cum
593 2260 626 2280 eo
648 2252 688 2280 sic
715 2253 877 2288 imperator,
900 2255 941 2282 sic
958 2253 983 2281 ei

194 2298 374 2325 consentiens
390 2298 541 2331 exercitus,
556 2307 693 2335 generoso
713 2300 815 2335 impetu
834 2300 983 2333 ferrentur,

190 2346 303 2380 jamque
325 2353 421 2374 omnes
437 2354 453 2374 e
474 2345 546 2374 vallo
568 2347 671 2382 egressi
696 2347 895 2382 procederent.
919 2355 982 2376 cre-

193 2397 354 2427 scenteque,
369 2397 398 2420 ut
410 2392 449 2424 fit,
462 2393 552 2421 obiter
563 2394 677 2421 audacia
691 2402 747 2430 quo
761 2394 872 2429 propius
889 2395 986 2422 admo-

191 2440 327 2468 vebantur
343 2439 511 2472 discrimini,
532 2441 634 2468 animis
647 2445 675 2468 et
694 2441 839 2469 alacritate
856 2441 984 2469 ferociori

193 2487 375 2519 minarentur.
391 2487 497 2515 emensi
513 2487 581 2522 quin
600 2487 682 2514 etiam
704 2487 834 2515 velociter
854 2487 985 2515 interval-

192 2533 249 2560 lum
268 2533 388 2561 medium
409 2541 463 2561 non
481 2534 640 2570 propinqui,
655 2534 703 2562 sed
720 2533 808 2568 juncti
823 2542 856 2562 ac
877 2540 983 2562 tantum

192 2587 246 2606 non
263 2579 336 2606 misti
348 2579 475 2609 hostibus
488 2580 587 2612 forent.
607 2581 634 2608 in
650 2580 774 2614 proximo
790 2580 851 2616 ipso
865 2581 984 2616 denique

191 2626 335 2659 pmcinctu
364 2634 396 2654 ac
415 2627 495 2662 quasi
518 2628 606 2662 prima
630 2627 762 2655 Iibatione
784 2627 869 2662 praelii
883 2647 890 2658 .
918 2635 984 2655 ecce

190 2673 263 2699 \clut
279 2673 363 2707 (quod
377 2673 465 2707 aiunt)
482 2674 580 2709 tegulae
597 2673 746 2708 interlapsn
763 2673 982 2708 inopinatissima

190 2720 345 2745 votiversio.
360 2718 432 2746 Metu
443 2719 564 2753 correpti
580 2719 665 2747 duces
675 2719 814 2747 exercitus
827 2720 982 2748 deliberare

189 2766 281 2790 tit‘llllti
297 2769 323 2790 ct
341 2771 446 2792 certare
458 2765 606 2792 sententiis
622 2772 776 2799 cmperunl.
790 2765 883 2793 Vereri
899 2774 983 2794 even-

189 2817 246 2836 t-un
273 2820 302 2837 se.
329 2812 439 2837 aiebant
459 2812 540 2838 nimis
561 2811 691 2846 ancipitis
715 2813 829 2848 negotii.
856 2821 905 2840 nec
929 2821 980 2840 sua

190 2858 295 2883 ενιιὶυιιι
317 2865 399 2883 causa
424 2857 582 2889 formidare,
607 2859 652 2885 sed
672 2860 844 2887 conslernari
865 2861 978 2887 horrore

190 2905 371 2938 Ulbtllliltiit‘s,
388 2912 442 2940 qua
461 2905 544 2933 \itam
561 2913 591 2934 ac
607 2912 689 2941 caput
711 2908 884 2942 imperaturi:
901 2908 977 2944 puri-

1043 1618 1052 1635 ι
1072 1609 1144 1642 Quid
1170 1610 1243 1637 enim
1268 1611 1411 1639 victoriam
1436 1612 1618 1646 somniemus,
1643 1617 1749 1640 tantum
1776 1621 1831 1641 non

1038 1656 1094 1691 jam
1121 1656 1205 1684 victi?
1231 1664 1285 1684 non
1316 1657 1440 1686 videmus
1466 1658 1601 1686 infinitam
1628 1659 1831 1686 multitudinem

1040 1700 1110 1728 aciei
1133 1701 1263 1729 hostilis?
1283 1710 1348 1729 num
1374 1702 1535 1737 ignoramus
1559 1708 1584 1731 et
1613 1704 1780 1732 fortissimos
1804 1710 1834 1733 ct

1040 1748 1289 1776 exercitatissimos
1307 1748 1386 1776 bellis
1404 1749 1459 1776 illic
1484 1754 1558 1777 stare
1576 1751 1698 1778 milites?
1719 1751 1784 1786 quin
1805 1757 1833 1779 et

1039 1794 1211 1829 exploratam
1241 1795 1309 1830 ipsis
1335 1800 1459 1823 nostram
1489 1797 1571 1832 313
1600 1799 1832 1833 perspicuamque

1039 1840 1156 1873 cladem,
1170 1841 1192 1869 si
1207 1849 1257 1869 nos
1277 1835 1577 1875 illiscmnmiserimus,
1594 1843 1644 1870 ista
1659 1851 1754 1871 eorum
1770 1844 1830 1877 ipsa

1038 1893 1121 1922 quam
1147 1887 1272 1915 videmus
1295 1888 1410 1916 audacia
1441 1888 1578 1923 loquitur.
1608 1887 1753 1923 Nunquam
1782 1891 1830 1924 qui

1038 1932 1115 1968 prius
1136 1933 1274 1960 latuerant
1294 1937 1348 1960 tam
1364 1933 1481 1961 ﬁdenter
1504 1933 1666 1969 prodirent,
1683 1934 1735 1962 nisi
1753 1939 1830 1962 certa

1038 1987 1086 2014 spe
1100 1981 1191 2016 magni
1207 1988 1355 2008 successus
1372 1981 1566 2009 incitarentur.
1580 1981 1655 2009 Nihil
1672 1982 1746 2016 ipsos
1762 1982 1831 2010 latet

1039 2035 1131 2054 rerum
1149 2032 1321 2055 nostrarum.
1340 2027 1377 2055 De
1394 2028 1558 2063 imperatore
1572 2029 1618 2063 qui
1638 2033 1733 2055 contra
1750 2028 1826 2063 ipsos

1038 2074 1139 2107 veniat,
1154 2075 1268 2108 ejusque
1281 2074 1367 2109 copiis
1382 2081 1413 2101 ac
1426 2074 1549 2109 potentia
1564 2078 1663 2101 cuncta
1679 2073 1831 2101 distinctis-

1038 2120 1107 2147 sime
1120 2127 1233 2147 novere.
1244 2118 1318 2147 Talis
1329 2120 1432 2147 indicio
1447 2119 1527 2148 famae
1542 2120 1702 2155 plenissime
1715 2120 1830 2148 edoctos

1037 2171 1064 2194 et
1084 2173 1197 2194 suarum
1213 2166 1337 2197 vicissim
1354 2167 1483 2195 conscios
1503 2166 1603 2194 virium
1620 2167 1737 2194 alterum
1755 2166 1828 2194 duo-

1039 2219 1098 2238 rum
1113 2210 1345 2246 oportuitfacere.
1357 2216 1404 2240 aut
1416 2212 1554 2240 intellecta
1568 2219 1601 2239 ex
1620 2212 1829 2244 comparatione

1038 2258 1196 2286 infirmitate
1212 2259 1322 2294 propria
1336 2259 1495 2287 conﬂictum
1512 2259 1663 2291 declinare.
1680 2263 1728 2286 aut
1751 2259 1827 2286 indi-

1037 2305 1099 2333 dem
1115 2310 1248 2340 concepta
1268 2306 1381 2333 minime
1395 2305 1479 2333 dubia
1501 2306 1598 2333 ﬁducia
1616 2313 1721 2341 magnae
1739 2305 1828 2333 cladis

1038 2357 1140 2380 nostra:
1168 2351 1344 2387 ingentisque
1371 2352 1493 2380 victoriae
1519 2353 1639 2387 ipsorum
1660 2352 1765 2379 alacres
1792 2351 1825 2378 ad

1037 2400 1142 2424 certum
1157 2398 1310 2432 praemium,
1327 2402 1409 2432 prout
1424 2397 1539 2431 faciunt,
1559 2405 1717 2428 accurrere,
1726 2402 1825 2424 eventu

1036 2451 1069 2471 eo
1084 2443 1188 2478 justius
1203 2443 1282 2471 nobis
1299 2443 1484 2477 formidando,
1507 2451 1571 2478 quo,
1590 2447 1620 2471 ut
1643 2443 1749 2471 dictum
1770 2447 1825 2475 est,

1036 2492 1120 2524 caput
1145 2490 1233 2525 ipsmn
1256 2494 1284 2517 et
1302 2489 1456 2524 Augustam
1474 2496 1621 2524 personam
1639 2489 1824 2524 imperatoris,

1037 2537 1126 2565 eidem
1143 2536 1289 2564 nobiscum
1303 2537 1425 2572 periculo
1437 2535 1608 2571 captivitatis
1622 2539 1671 2563 aut
1686 2536 1761 2564 necis
1774 2536 1825 2562 im-

1035 2584 1159 2618 plicitam
1176 2584 1326 2612 cernimus.
1341 2592 1350 2609 ι
1367 2582 1443 2611 Talia
1461 2588 1646 2610 memorantes
1660 2590 1724 2609 cum
1743 2589 1824 2610 suum

1034 2630 1085 2664 ipsi
1107 2637 1219 2658 cursum
1240 2629 1267 2657 in
1291 2629 1397 2657 hostem
1416 2629 1570 2660 inhibuere,
1596 2631 1655 2655 tum
1681 2627 1822 2656 incitatam

1034 2675 1151 2710 Augusti
1165 2675 1306 2703 Michaelis
1321 2682 1454 2710 generose
1469 2675 1496 2702 in
1512 2674 1634 2709 praelium
1651 2674 1755 2702 ruentis
1768 2675 1825 2701 ala-

1033 2723 1159 2750 critatem
1178 2722 1410 2750 suﬂlaminaruut.
1427 2720 1478 2749 Ubi
1494 2721 1567 2749 enim
1582 2721 1721 2748 secundus
1740 2727 1824 2755 super

1035 2767 1164 2802 primum,
1183 2771 1210 2794 et
1225 2767 1334 2794 duobus
1355 2766 1464 2798 tertius.
1481 2765 1578 2799 hisque
1592 2765 1708 2793 invicem
1725 2772 1823 2798 super-

1034 2816 1174 2842 venientes
1184 2815 1276 2849 plures
1289 2814 1383 2841 eadem
1398 2813 1443 2840 illa
1457 2812 1546 2839 tristia
1564 2807 1698 2838 terrorum
1715 2815 1822 2846 spectra

1035 2867 1177 2888 monentes
1189 2866 1217 2887 et
1235 2864 1396 2887 revocantes
1409 2858 1590 2891 objectarcnt.
1605 2865 1742 2885 concusso
1760 2865 1824 2892 pro-

1035 2909 1124 2944 pOle
1145 2908 1271 2942 princeps
1287 2906 1381 2941 junior
1402 2903 1547 2933 recedendi
1572 2910 1724 2937 secumque
1745 2906 1820 2930 retro
