1944 3061
164 109 217 141 347

763 108 928 138 GEORGII
952 107 1101 138 PACHYM
1108 107 1192 138 BILE

1739 106 1794 136 3'33

166 169 231 203 περὶ.
246 167 328 195 αὐτὸν
350 168 504 203 Ῥωμαϊκὸν
530 171 661 206 μάχιμον,
689 172 860 206 πεπυσμένοι
887 172 952 204 περὶ
970 174 990 201 Α
1008 171 1042 195 κ’.
1070 169 1271 203 Ἀναχώένησις
1293 168 1345 195 τοῦ
1362 167 1516 208 βασιλέως
1531 167 1783 201 ὐπὸΜαγνησιίις

166 215 221 241 ’τῶν
238 214 313 248 σφῶν
328 215 421 242 οἰκιῶν
436 216 572 251 κειμένων
589 218 637 252 ἤδη
651 219 691 249 είς
703 217 824 252 δλεθρον,
837 218 952 251 ἀφέντες

167 261 216 296 τὴν
237 261 301 296 περὶ
317 261 362 287 τὸν
379 261 490 296 βασιλέα
505 264 649 299 στρατείαν
665 265 829 300 ἀνεχώρουν.
841 265 876 291 τὰ
890 265 954 291 ἐαυ-

167 308 221 339 τῷν
236 307 351 339 ἕκαστος
366 311 612 345 περιποιησάμενος
625 318 632 326 ·
657 313 670 338 ὁ
689 312 783 338 τούτου
808 321 838 338 τε
855 311 927 342 θεῖος
941 312 955 337 ὸ

172 353 256 379 ’Δσὰν
274 354 425 388 ἐτεθνήκει,
446 356 459 382 ὸ
471 356 494 383 δ’
508 357 604 393 ἕτερος
629 358 700 390 θεῖος
718 359 801 385 αὐτοῦ
820 359 928 393 Μιχαὴλ
940 359 954 385 ὁ

167 399 302 434 δεσπότης
318 401 389 435 νόσῳ
403 403 560 436 περιπεσὼν
572 404 706 438 ἀνεχώρει
728 405 776 431 καὶ
788 406 869 436 αὐτὸς
886 405 954 439 πρὸς

168 447 202 471 τὰ
223 446 302 476 οτκοι,
319 447 366 473 καὶ
381 447 411 473 τὸ
427 449 481 474 πᾶν
499 446 534 483 ἦν
559 450 588 476 ἐν
618 452 674 482 τοῖς
700 450 833 481 ’Ᾱ).ανοῑ;.
853 452 889 477 Τὸ
906 452 955 485 μὲν

170 490 313 524 βιάζεσθαι
330 493 400 525 σφᾶς
419 494 513 528 καιρὸν
532 495 582 521 οὐκ
596 493 677 530 εἶχεν,
690 497 763 529 ὅμως
783 497 810 523 δὲ
829 498 955 532 κατεῖχεν

168 535 289 568 ἐκείνους
305 537 351 562 ἐπὶ
367 538 441 572 ῥητῷ
460 541 627 576 τριμηνιαίῳ
638 542 726 576 καιρῷ
741 542 783 575 ἐφ’
798 543 955 576 ὁμολογίαις

169 582 197 606 ἐν
213 580 342 618 ὅρκοις,ἧ
355 583 407 617 μὴν
421 583 436 618 ἢ
455 585 564 611 [κανοῦν
580 587 704 622 ρόγαιςῆ
721 587 848 614 ἀπολύειν
863 588 956 614 ἐντεῦ-

170 627 226 660 θεν,
240 628 358 660 ἐλπίζων
374 630 418 657 διὰ
433 631 486 657 τῶν
505 632 572 666 πρδς
590 632 636 659 τὸν
652 633 758 668 πατέρα
782 635 828 660 καὶ
844 634 956 668 βασιλέα

168 673 284 706 γραφῶν
299 684 328 701 τε
344 676 391 702 καὶ
409 678 575 712 μηνυμάτων
591 679 674 713 πόρον
685 680 733 705 ἐπὶ
759 680 865 711 τούτοις
882 682 956 715 σχεῖν

169 719 186 753 ἦ
205 719 258 754 μὴν
273 721 424 755 χρημάτων
443 722 459 756 ἢ
473 723 521 750 καὶ
537 723 645 758 βουλῆς.
674 725 806 756 Βασιλεὺς
821 725 848 752 δὲ
864 726 957 760 μαθὼν

169 765 199 790 ὲν
216 766 338 799 φροντίδι
350 764 384 801 ἦν
397 767 445 793 τοῦ
461 768 507 794 καὶ
521 768 560 802 τῷ
584 769 634 804 υἱῷ
650 772 804 804 περιπηιρῖν
822 771 855 796 τὰ
872 780 957 806 προσ-

170 809 273 841 ήκοντα
295 812 343 837 καὶ
360 812 400 846 τῷ
418 812 489 840 ἔθνει
507 813 541 839 τὰ
560 814 699 848 ἀναγκαῖα
717 815 859 848 ὲξικανοῦν
872 825 878 831 ·
895 817 956 844 οὐδὲ

1049 214 1275 248 Ἐνεσχολακότος
1291 207 1436 248 τοιγαροῦν
1458 213 1562 244 τούτοις
1583 213 1619 243 ὡς
1636 212 1798 245 ἀναγκαίοις

1005 259 1054 285 τοῦ
1071 259 1204 293 βασιλέως
1219 258 1311 293 κύκλῳ
1328 260 1361 285 τὰ
1375 258 1452 285 δεινὰ
1471 258 1668 292 περιέστησαν,
1685 258 1721 288 ὡς
1739 259 1799 283 ἐκςῖ

1007 305 1057 339 μὲν
1074 305 1172 336 ἄλλους
1195 303 1266 331 εἶναι
1294 305 1356 335 τοὺς
1384 305 1433 338 τὴν
1459 304 1604 338 Ῥωμαίων
1628 303 1796 334 κακοῦντας,

1005 350 1121 376 ἐνταῦθα
1135 350 1157 376 δ’
1178 350 1322 384 Ἀμούριον
1336 350 1382 376 καὶ
1395 349 1537 384 Λαμίνσην
1550 351 1597 375 καὶ
1610 350 1731 381 ’Λτμᾶνα
1747 350 1796 375 καὶ

1007 395 1120 431 μυρίους
1134 395 1229 427 ἄλλους
1240 396 1305 427 τοὺς
1317 395 1452 426 ἐπιόντας.
1465 394 1544 422 Οὕτω
1558 395 1605 421 τοῦ
1617 396 1793 430 τριμηνιαίου

1006 443 1237 476 κατατριφθέντος
1261 441 1360 476 καιροῦ
1383 442 1492 468 ’Δλανοὶ
1515 443 1562 468 καὶ
1580 442 1693 471 ἄκοντος
1716 441 1794 475 βασι-

1005 487 1073 518 λέως
1088 488 1239 521 ἀναχωρεῖν
1255 488 1368 522 ὥρμων.
1405 487 1434 513 ’0
1465 487 1514 521 μὲν
1529 485 1575 514 οὖν
1605 487 1730 522 βασιλεὺς
1750 487 1795 513 διὰ

1006 534 1104 565 ταῦτα,
1118 535 1178 559 ἐπεὶ
1192 534 1242 560 οὒκ
1257 531 1329 568 εἶχεν
1342 534 1369 559 ὲν
1379 533 1527 568 Μαγνησίᾳ
1541 533 1586 559 καὶ
1602 533 1642 559 ἔτι
1656 532 1795 566 καθῆσθαι

1008 577 1086 612 (οὔτι
1103 578 1157 612 γὰρ
1182 578 1367 612 προσϐοηθεῖν
1393 576 1450 612 εἶχε
1464 579 1518 608 τοῖς
1537 577 1728 609 κακουμένοις,
1747 578 1796 603 καὶ

1007 623 1070 650 ἁνία
1085 621 1119 658 ἦν
1136 623 1173 658 μὴ
1191 624 1321 658 ἰσχύοντι,
1342 623 1425 658 μυρία
1452 624 1480 650 δὲ
1495 623 1543 650 καὶ⁹
1558 623 1612 649 ἀπὸ
1623 623 1676 650 τῶν
1691 623 1797 657 ἐχθρῶν

1007 669 1192 703 προσεδοκᾶτο
1222 671 1237 703 ἡ
1265 670 1450 704 ὲπιμώκησις.
1466 670 1553 700 ἄλλως
1564 678 1592 695 τε
1619 669 1647 695 δὲ
1665 670 1712 695 καὶ
1731 670 1796 703 περὶ

1008 715 1099 749 ἐαυτῷ
1126 715 1256 742 ἐδεδοίκει
1285 716 1339 741 τῶν
1363 716 1432 741 ὅλων
1447 715 1798 749 ἁνεστατωμένων),ἓγν‹ι›

1007 762 1054 787 καὶ
1069 762 1162 793 αὐτὸς,
1177 761 1247 793 πλὴν
1259 761 1380 794 ἀφανῶς,
1395 763 1559 796 ἀναχωρεῖν,
1579 762 1655 788 ἐνθεν
1675 763 1722 796 μὲν
1733 762 1798 793 τοὺς

1009 807 1063 833 τῶν
1077 807 1150 833 ἰδίων
1163 808 1320 842 ὀφθαλμοὺς
1334 807 1502 841 ὑποκλέψας,
1516 808 1621 834 ἐκεῖθεν
1637 808 1663 834 δὲ
1681 808 1729 839 τὰς
1744 809 1799 834 τῶν

169 854 224 890 γὰρ
235 855 302 887 ὅλως
317 857 436 890 ἀσφαλὲς
447 857 556 893 ἔκρινεν
571 846 726 895 ἀναχωρεῖν
738 846 867 894 -ὲκείνονς
883 864 954 889 ὲκεῖ-
975 846 994 872 Β
1010 853 1118 889 ἐχθρῶν
1133 853 1262 884 ὑπονοίας
1291 853 1555 887 παραλογισάαινοξ’
1578 853 1658 879 Ὅθεν
1680 855 1727 879 ’ίίῖ
1745 854 1798 880 δπδ

171 900 227 928 θεν.
249 901 318 928 Ἀλλ’
338 904 368 930 ὲν
396 903 501 935 τούτοις
526 905 612 937 ὗντος,
628 905 672 941 [Ρ.
685 905 750 942 218]
767 907 843 934 ἐνθεν
860 909 908 942 μὲν
923 909 956 936 τὰ

169 946 220 979 τῆς
241 947 408 983 Ἐκκλησίας
429 950 560 985 ἄρχονται
587 952 636 978 καὶ
651 950 729 984 αὖθις
758 954 954 988 ταράσσεσθαι,

170 989 246 1016 ἐνθεν
264 991 341 1018 δὲτά
366 993 432 1028 περὶ
454 994 488 1020 τὰ
503 995 566 1030 τῇδε
589 996 658 1030 μέρη
689 997 854 1032 ξυμπίπτειν
870 1000 955 1030 δεινὰ.

170 1036 235 1069 περὶ
254 1033 291 1064 ὧν
307 1038 419 1071 ἐσαῦθις
447 1041 613 1076 ρηθήσηται.
637 1043 726 1070 Καλὸν
741 1044 769 1070 δὲ
782 1046 914 1080 συνείρειν
928 1048 956 1077 ἐς

169 1082 245 1113 τέλος
270 1083 303 1110 τὰ
327 1084 383 1111 τῶν
399 1085 528 1118 Ἀλανῶν,
554 1087 577 1113 εἰ
597 1089 710 1115 κέκεῖνπι
740 1091 768 1116 ὲν
798 1091 836 1124 τῷ
854 1093 955 1126 μεταξὺ

171 1127 350 1165 ξυμὸεόήκει,
365 1131 404 1163 ὡς
426 1132 460 1158 ἂν
486 1133 504 1159 ἡ
520 1133 584 1168 περὶ
604 1134 707 1162 τούτων
722 1135 877 1172 ξύμφρισις
892 1147 957 1165 συν-

171 1173 235 1209 εχὴς
249 1173 277 1210 ᾕ-

172 1263 254 1290 situtn
272 1264 298 1291 in
316 1265 407 1292 Alanis
422 1271 498 1300 eral;
516 1276 585 1302 quos
605 1272 716 1298 omnino
734 1273 812 1300 abire
835 1275 956 1303 volentes

172 1309 198 1336 vi
214 1317 340 1338 coercere
353 1312 423 1339 haud
440 1313 557 1341 valebat.
576 1316 641 1344 Arte
660 1322 750 1345 tamen
770 1324 797 1346 et
815 1319 956 1349 blanditiis

171 1355 320 1384 verborum
345 1359 483 1386 trimestre
502 1368 563 1386 cum
584 1361 618 1389 iis
644 1370 728 1390 mor-.e
751 1366 868 1399 spatium
886 1375 958 1401 aegre

173 1405 269 1434 pactus
288 1407 339 1435 est,
365 1402 544 1438 jurejurando
570 1406 738 1435 conﬁrmans
761 1416 790 1435 se
815 1414 862 1436 aut
891 1411 957 1444 ipsis

172 1451 331 1474 curaturum
361 1448 416 1476 isto
445 1450 593 1478 intervallo
620 1453 766 1486 pensiones
792 1461 956 1489 perpetuas.

173 1492 272 1526 quibus
286 1493 312 1520 in
329 1501 438 1522 omnem
454 1496 552 1524 deinde
569 1498 651 1524 vitam
666 1500 810 1527 commode
826 1508 955 1536 agerent,

172 1543 233 1570 aut,
251 1538 274 1566 si
289 1539 380 1567 minus
396 1541 422 1568 id
441 1546 544 1576 posset,
562 1543 614 1571 rite
634 1544 824 1573 dimissurum.
846 1546 898 1575 Per
910 1548 958 1577 has

172 1585 248 1611 velut
268 1585 389 1614 indutias
408 1588 536 1621 sperabat
556 1589 765 1624 impetraturum
784 1600 798 1619 a
818 1597 905 1627 patre,
925 1594 958 1622 ad

173 1638 254 1664 quem
275 1631 406 1666 plurimas
423 1633 483 1666 ejus
508 1636 654 1662 sententiae
676 1636 780 1663 litteras
796 1637 961 1673 crebrosque

174 1676 256 1703 alium
271 1685 354 1711 super
369 1678 451 1705 alium
473 1680 584 1708 nuntios
605 1681 780 1715 missitahat,
804 1683 958 1711 facultatem

174 1725 203 1748 ut.
218 1722 269 1748 sibi
286 1723 407 1757 aliquam
422 1723 575 1751 Alanorum
589 1726 795 1754 re1inendorum
806 1729 961 1762 provideret

175 1767 216 1794 vel
238 1768 351 1802 pecunia
367 1769 506 1797 submissa
523 1771 565 1797 vel
581 1773 697 1799 consilio
711 1773 804 1808 aliquo
815 1774 848 1801 ad
861 1774 886 1801 id
900 1774 960 1801 utili

175 1818 316 1848 Suggesto.
343 1814 377 1842 Et
402 1815 545 1851 ingressus
562 1818 657 1846 senior
680 1819 822 1854 Augustus
847 1820 875 1847 in
900 1829 960 1848 eam

175 1860 248 1886 serio
263 1868 356 1888 curam
383 1868 437 1894 est,
465 1863 695 1892 subministrandi
724 1865 780 1893 ﬁlio
803 1874 833 1893 ea
861 1867 962 1901 quibus

175 1911 278 1941 egeret,
296 1908 323 1935 in
343 1908 494 1944 primisque
508 1911 669 1938 conferendi
686 1919 862 1940 nummorum
880 1917 962 1941 cate-

175 1961 325 1989 rorumque
350 1956 525 1989 praemiorum
541 1961 677 1990 quantum
697 1963 756 1985 erat
775 1960 961 1986 necessarium

175 1999 208 2027 ad
219 2006 325 2034 gentem
336 2008 446 2028 avaram
459 2001 542 2037 316
552 2002 735 2030 deliniendam
749 2005 961 2040 tenendamque:

175 2053 225 2072 nec
240 2045 314 2072 enim
329 2045 388 2072 sine
405 2053 505 2081 magno
520 2052 548 2074 et
561 2047 608 2074 ﬁlii
626 2052 653 2075 et
672 2048 830 2083 reipublica
843 2050 963 2084 periculo

176 2091 287 2124 putabat
299 2098 440 2119 recessum
453 2092 516 2119 inde
530 2092 680 2132 Alanorum
694 2101 777 2128 posse
792 2095 962 2130 contingere.

176 2136 229 2163 Sed
246 2136 289 2163 his
305 2137 382 2164 illum
402 2136 538 2165 intentum
556 2138 811 2168 incommodissime
832 2141 964 2176 interpel-

1010 898 1087 925 νυκτὶ
1103 898 1149 925 καὶ
1164 898 1278 933 χειμῶνι
1294 899 1401 925 ἐκεῖθεν
1413 900 1561 933 ἀναχωρεῖ.
1581 899 1650 924 Ἀλλ’
1662 898 1723 925 οὔτε
1735 900 1798 930 τοὺς

1010 945 1093 976 ἰδίους
1108 945 1206 979 ἔμελλε
1217 945 1310 980 λήσειν
1321 945 1359 976 είς
1368 945 1454 976 τέλος,
1465 944 1526 971 οὔτε
1544 945 1597 977 μὴν
1610 946 1672 975 τοὺς
1684 946 1798 979 ἐχθροὺς

1010 993 1039 1018 ὲν
1058 991 1188 1017 παντελεῖ
1204 991 1376 1025 καταστῆσαι
1392 992 1489 1026 ἀγνοίᾳ
1503 991 1617 1017 τοιαῦτα
1634 993 1721 1017 ποιεῖν
1738 992 1801 1026 βον-

1010 1039 1135 1074 λόμενος.
1149 1040 1255 1076 Χρῆται
1267 1038 1332 1072 γοῦν
1349 1038 1393 1064 διὰ
1407 1038 1456 1072 μὲν
1469 1038 1532 1069 τοὺς
1555 1038 1638 1069 ίόίοος
1654 1038 1741 1068 νυκτὶ,
1755 1038 1799 1064 διὰ

1011 1084 1040 1111 δὲ
1053 1085 1116 1116 τοὺς
1133 1085 1248 1118 ἐχθροὺς
1260 1085 1384 1119 χειμῶνι,
1404 1083 1475 1110 οὕτω
1489 1083 1640 1118 ξυμπεσόν.
1655 1084 1799 1119 "0105101.-

1011 1131 1115 1165 γαροῦν
1129 1131 1243 1162 εὕζωνοί
1266 1139 1296 1157 τε
1310 1129 1357 1157 καὶ
1372 1130 1440 1165 πρὸς
1456 1129 1486 1156 τὺ
1500 1129 1613 1164 φεύγειν
1626 1130 1798 1164 προητοιμά-

1011 1177 1126 1211 σθησαν,
1155 1176 1216 1203 τότε
1238 1175 1442 1210 συνειλούμενοι
1468 1175 1507 1211 τῷ
1535 1175 1644 1210 στρατῷ
1663 1175 1733 1209 πεζῇ
1750 1174 1798 1200 καὶ

1010 1267 1126 1302 trepidis
1143 1267 1263 1301 undique
1287 1266 1393 1293 nuntiis
1410 1265 1601 1293 necessitatum
1619 1263 1799 1298 gravissin‘a-

1011 1321 1082 1345 rum,
1099 1320 1159 1345 qum
1173 1314 1298 1345 regiones
1312 1313 1374 1339 urbi
1390 1312 1563 1339 circumsitas
1581 1316 1718 1345 urgerent,
1734 1310 1798 1336 hinc

1010 1359 1136 1388 Amnrio,
1163 1358 1238 1385 illinc
1258 1357 1406 1390 Laminse,
1433 1358 1497 1384 inde
1521 1359 1654 1389 Atmane,
1678 1357 1799 1390 denique

1011 1404 1166 1431 innumeris
1194 1404 1305 1430 aliunde
1328 1404 1389 1430 aliis
1416 1403 1652 1437 irrumpentibus,
1683 1402 1800 1437 contigit

1011 1449 1086 1476 exire
1100 1450 1171 1477 diem
1199 1449 1377 1476 trimestrium
1404 1449 1573 1476 indutiarum
1589 1456 1650 1475 cum
1669 1448 1763 1476 Alanis
1779 1456 1792 1474 a

1014 1496 1144 1523 Michaele
1161 1501 1302 1530 pactarum
1314 1515 1321 1527 ,
1340 1499 1487 1530 antequam
1504 1499 1582 1530 pater
1605 1495 1675 1529 ejus,
1691 1496 1724 1522 iis
1739 1504 1799 1530 qua:

1013 1542 1069 1569 dixi
1089 1548 1250 1576 occupatus,
1265 1541 1394 1576 expedire
1408 1541 1556 1576 quidquam
1574 1542 1665 1569 idonei
1683 1542 1800 1569 subsidii

1010 1588 1155 1616 cunsiliive
1178 1588 1322 1622 potuisset.
1340 1588 1419 1615 Tunc
1435 1588 1576 1615 enimvero
1593 1588 1660 1615 nihil
1678 1588 1729 1616 sibi
1747 1596 1796 1614 ex-

1009 1634 1187 1669 spectandum
1203 1634 1317 1661 ulterius
1335 1633 1412 1660 Alani
1426 1635 1476 1660 rati
1494 1633 1698 1668 proﬁciscendi,
1709 1641 1800 1667 quan-

1011 1680 1113 1707 tumvis
1129 1681 1214 1707 invito
1228 1681 1394 1714 imperatore
1405 1701 1412 1713 ,
1430 1680 1649 1707 irrevocabiliter
1664 1680 1796 1713 impetum

1011 1734 1118 1761 cepere.
1138 1725 1198 1753 Tali
1215 1726 1403 1760 deprehensus
1419 1734 1510 1753 rerum
1535 1726 1651 1753 articulo
1672 1725 1799 1758 Michael,

1010 1776 1131 1807 ereptam
1160 1772 1212 1800 sibi
1237 1773 1347 1800 omnem
1364 1777 1391 1799 et
1405 1779 1517 1799 causam
1539 1775 1566 1797 et
1580 1772 1798 1799 commoditatem

1012 1819 1109 1846 videns
1124 1818 1269 1850 Magnesiae
1294 1818 1412 1853 amplius
1430 1818 1570 1850 hazrendi,
1589 1825 1640 1845 nec
1657 1825 1687 1846 se
1706 1825 1799 1852 parem

1012 1864 1132 1892 sentiens
1149 1868 1195 1892 aut
1218 1864 1328 1891 invidias
1345 1863 1464 1892 ferendae
1484 1863 1656 1898 querentium
1673 1871 1702 1891 se
1715 1863 1799 1891 desti-

1012 1914 1097 1942 tutos,
1112 1918 1192 1944 opem
1207 1910 1241 1937 ab
1262 1918 1295 1937 eo
1311 1918 1326 1938 e
1337 1910 1437 1937 vicinia
1453 1911 1624 1944 poscentium
1647 1910 1802 1937 miserrime

1012 1963 1208 1992 oppressorum
1227 1963 1242 1983 ο
1256 1955 1347 1983 Persis
1370 1956 1479 1990 impune
1497 1955 1677 1983 volitantibus
1699 1955 1801 1982 Roma-

1013 2009 1123 2034 norum,
1139 2006 1187 2029 aut
1202 2002 1314 2036 proprio
1326 2001 1426 2033 dolori,
1439 2009 1493 2036 quo
1508 2001 1585 2028 illum
1600 2002 1696 2029 intime
1708 2002 1802 2029 urebat

1017 2048 1187 2076 conscientia
1197 2047 1364 2082 impotentiae
1377 2047 1530 2074 obsistendi
1546 2048 1672 2074 hostibus
1683 2055 1802 2082 suosque

1013 2097 1134 2120 extremo
1151 2092 1307 2120 laborantes
1332 2092 1504 2127 protegendi,
1524 2094 1557 2119 ad
1585 2093 1641 2120 haec
1657 2093 1801 2127 providens

1014 2138 1067 2166 sibi
1082 2145 1147 2166 mox
1163 2139 1314 2166 Alanorum
1339 2139 1476 2173 praesidiis
1499 2139 1601 2166 nudato
1619 2139 1800 2166 intolerabilia

176 2181 267 2208 larunt
285 2189 361 2209 nova:
377 2190 511 2217 acresque
525 2184 738 2218 sollicitudines,
750 2187 868 2220 primum
885 2195 899 2214 a
917 2195 962 2215 τε-
977 2191 999 2219 ι)
1014 2183 1159 2212 imminere
1176 2184 1283 2211 circum
1305 2184 1494 2211 insultantium
1518 2185 1635 2212 ludibria
1658 2185 1776 2211 hmtinln
1793 2204 1800 2215 ,

176 2227 226 2254 bus
239 2227 378 2261 Ecclesia,
392 2237 453 2263 quas
469 2230 575 2258 turbari
588 2232 679 2259 denuo
690 2237 846 2267 cmperunt,
861 2233 961 2262 deinde

174 2281 207 2300 cx
223 2274 491 2304 increbrescentihus
505 2278 608 2306 nuntiis
627 2278 746 2306 cladium
759 2279 961 2307 calamitatum-

175 2328 228 2355 que
243 2322 387 2356 atrocium,
404 2324 505 2357 quibus
522 2324 641 2359 opprimi
658 2332 730 2352 nunc
746 2325 818 2352 hanc
839 2332 911 2352 nunc
926 2326 962 2352 il-

177 2367 228 2393 lam
255 2366 384 2395 ltomsnze
403 2369 528 2403 ditionis,
545 2370 628 2397 etiam
648 2370 708 2397 urbi
724 2373 752 2397 et
772 2369 830 2397 sedi
857 2369 962 2405 imperii

177 2420 246 2446 pene
260 2413 403 2449 conlisum,
419 2419 526 2449 partem
544 2415 664 2443 subinde
678 2415 834 2448 ferebatur;
847 2415 881 2443 de
901 2416 963 2451 qui-

179 2459 229 2486 bus
245 2459 368 2488 cladibus
382 2468 493 2495 agemus
510 2465 605 2495 postea
622 2462 790 2490 distinctius.
803 2461 880 2488 Nunc
889 2462 962 2489 enim

179 2511 234 2530 uno
254 2504 313 2531 luco
330 2506 471 2533 absolvere
487 2507 621 2541 quidquid
640 2506 740 2535 Alanos
755 2511 871 2540 spectat,
886 2515 966 2541 sepo-

179 2550 240 2577 sitis
255 2551 399 2586 tantisper,
419 2560 480 2588 quae
493 2553 672 2580 incurrerunt
689 2553 753 2580 dum
776 2552 803 2580 id
827 2554 964 2585 negotiuvn

180 2596 346 2629 traheretur,
364 2599 482 2630 eventis,
495 2599 603 2626 videtur
616 2599 648 2626 ad
665 2600 886 2634 perspicuitatem
903 2607 967 2627 nar-

182 2643 296 2670 rationis
316 2644 464 2678 aliquando
484 2644 666 2674 commodius.

285 2691 330 2717 20.
350 2690 476 2717 Reccssus
492 2692 657 2725 imperatoris
674 2701 691 2719 α
711 2692 858 2726 Magnesia.

220 2735 322 2763 Aversa
350 2736 443 2769 igitur,
465 2741 495 2763 ut
512 2737 615 2764 dictum
633 2742 686 2767 est.
709 2737 825 2765 senioris
849 2736 967 2770 Augusti

183 2782 331 2809 attentione
346 2789 360 2808 a
376 2782 496 2816 periculo
514 2783 654 2811 Michaelis
674 2783 719 2810 lilii
737 2783 769 2810 ad
793 2790 875 2810 curas
897 2781 967 2809 dila-

185 2825 285 2853 tiuncnl
299 2827 369 2855 haud
380 2826 499 2856 ferentes
516 2828 697 2857 iudicatarum
710 2829 735 2856 in
751 2829 832 2856 horas
845 2826 968 2861 singulas

1012 2237 1067 2258 non
1091 2230 1152 2258 sine
1173 2230 1295 2264 periculo
1316 2230 1431 2264 propria:
1447 2229 1597 2264 quinetiam
1622 2229 1755 2256 libertatis
1771 2237 1803 2257 ac

1011 2276 1074 2303 vitat
1091 2276 1118 2304 in
1139 2281 1194 2304 tam
1217 2276 1361 2310 desperata
1379 2275 1543 2304 confusione
1565 2283 1656 2303 rerum
1675 2276 1730 2303 illic
1743 2283 1801 2302 om-

1014 2323 1104 2354 nium,
1121 2322 1246 2350 decrevit
1260 2327 1287 2350 et
1302 2322 1362 2357 ipse
1377 2321 1440 2350 inde
1458 2322 1596 2353 recedere.
1606 2327 1734 2350 ca‘terum
1748 2327 1800 2348 tam

1013 2369 1132 2401 occulte,
1149 2373 1178 2396 ut
1192 2373 1218 2396 et
1231 2376 1344 2396 suorum
1373 2369 1470 2396 intime
1493 2368 1575 2403 317
1597 2369 1801 2395 observantium

1015 2416 1122 2446 oculos.
1149 2415 1322 2448 suspiciones
1345 2414 1425 2441 etiam
1445 2414 1564 2440 hostium
1586 2413 1701 2440 falleret.
1720 2413 1802 2440 Nocte

1015 2463 1109 2499 igitur.
1126 2468 1152 2490 et
1175 2463 1287 2498 quidem
1313 2463 1448 2490 imbribus
1466 2458 1548 2490 fteda.
1575 2462 1666 2488 itineri
1694 2461 1799 2496 fugiens

1016 2518 1047 2537 se
1061 2509 1148 2542 dedit,
1163 2516 1278 2544 sperans
1290 2508 1423 2536 beneﬁcio
1439 2508 1615 2535 tenebrarum
1634 2508 1702 2538 suis,
1718 2507 1803 2534 incle-

1019 2555 1120 2584 mentia
1148 2554 1319 2589 tempestatis
1335 2553 1462 2581 hostibus
1480 2561 1588 2580 omnem
1611 2553 1654 2580 sui
1672 2553 1801 2580 decessus

1017 2601 1211 2636 cogitationem
1230 2601 1436 2634 adempturum;
1451 2607 1511 2633 quaI
1529 2605 1621 2626 tamen
1646 2607 1708 2634 spes
1727 2599 1800 2625 illum

1019 2648 1125 2676 fefellit.
1141 2647 1196 2674 Nec
1208 2647 1280 2674 enim
1290 2645 1430 2673 Romanos
1441 2646 1473 2671 ad
1484 2651 1649 2676 extremum,
1664 2652 1695 2671 ac
1709 2653 1742 2672 ne
1758 2645 1803 2671 lm-

1018 2697 1074 2720 stes
1090 2692 1211 2728 quidem,
1229 2696 1284 2718 tam
1300 2691 1464 2725 intempesta
1485 2691 1548 2717 licet
1563 2692 1630 2717 horn
1645 2698 1677 2718 ac
1694 2696 1747 2716 tam
1765 2691 1803 2716 iu-

1019 2737 1178 2771 suspicabili
1197 2741 1330 2770 tempore,
1345 2744 1406 2763 sese
1425 2736 1563 2770 proripere
1587 2743 1688 2770 parans
1714 2736 1800 2762 latuit.

1020 2783 1107 2818 igitur
1120 2791 1153 2810 ex
1168 2783 1211 2810 his
1226 2783 1271 2817 qui
1285 2787 1365 2809 erant
1377 2782 1521 2816 Magnesia:
1537 2781 1678 2814 Romanis,
1697 2782 1801 2815 cognita

1022 2829 1199 2864 imperatoris
1218 2829 1282 2864 fuga
1296 2848 1301 2860 ,
1316 2834 1451 2863 quOIquot
1465 2827 1581 2863 expediti
1606 2833 1631 2855 ct
1652 2828 1684 2854 ad
1707 2828 1805 2863 fugien-
