1953 3065
198 122 249 150 ἷῖίῖΊ

790 121 953 152 GEORGII
975 122 1214 154 PACllYMEli/E

1778 127 1831 158 πθ

195 178 293 208 αὐτοὺς
308 177 356 208 τὰς
372 177 479 208 σπάθας
498 177 696 211 γυμνώσαντας
722 179 908 205 κατακόπτειν
920 179 984 210 τοὺς
999 180 1020 207 Α
1036 179 1137 211 πλάτος
1153 180 1255 207 ἄϐατον
1281 182 1468 217 καταστήσας,
1484 183 1522 214 ὼς
1539 184 1568 209 ἐν
1584 185 1641 215 τοῖς
1656 184 1775 218 πρώτοις
1787 185 1828 211 λβ.

197 224 300 255 ἱκέτας,
317 223 421 249 ἐκείνου
437 223 466 249 τὸ
485 223 623 258 σύμϐολον
643 223 734 256 δόντος
750 224 917 259 είσπηὸὦσιν
933 225 983 250 αὑ·

195 271 258 297 τίκα
275 269 323 296 κοι)¹
338 270 433 297 ἀθλίαν
462 269 553 305 θοίνην
572 271 677 298 ἐκεῖνόν
695 280 726 297 τε
753 271 801 298 καὶ
819 271 913 298 notitiai:
927 271 983 297 δεμ

195 316 283 343 κνῦσι.
299 316 384 342 Τοῦτο
403 316 442 351 τῷ
463 316 529 351 ’Δλῇ
552 318 632 348 πόνος
645 314 680 351 ἦν
696 318 742 343 καὶ
756 318 810 344 τῶν
835 317 984 352 συμφορῶν

195 364 211 397 ὴ
233 362 345 398 ἐσχάτη,
362 362 439 388 παιδί
456 371 486 396 γε
504 363 560 389 δντι
575 361 623 388 τοῦ
637 363 870 398 κρεουργηοέντος
891 363 936 389 καὶ
953 362 984 388 ἑκ

195 417 268 439 τινος
281 409 409 444 προνοίας
425 409 615 443 περισωθέντι,
630 409 716 436 καὶτὸ
726 410 781 440 τοῖς
795 409 900 443 ὁμοίοις
915 409 985 443 ἀμύ-

196 455 290 480 νεσθαι
319 455 408 489 πάσης
425 454 551 488 ἀσχολίας
571 455 722 490 ὑπέρτερον
741 455 889 489 ἐλογίζετο.
913 456 984 482 Ἱκαη

196 502 257 532 νοῦς
274 502 302 527 δὲ
315 501 358 527 διὰ
373 500 460 528 ταῦτα
473 501 711 536 προσεταιρίζεται
728 501 781 528 τῶν
797 501 922 537 Περσῶν,
939 503 984 528 καὶ

197 547 296 581 τρόπον
311 547 454 582 ληΐστορος
470 546 608 582 περιθέει,
636 547 761 582 ἐμφανὴς
776 547 814 573 ὢν
829 547 844 582 ἢ
863 548 984 582 ἀμυνού-

197 602 277 627 μενος
291 593 307 628 ἢ
321 593 500 628 πεσούμενος.
519 593 562 624 Ὠς
573 593 602 620 δὲ
620 593 800 629 κατατρέχων
813 594 922 628 ἠρήμου
935 594 984 626 τὰς

194 639 286 674 χώρας
302 639 349 665 καὶ
366 639 415 673 τὴν
431 638 613 672 ἀνταγώνισιν
633 639 757 670 ἔσπευδε,
775 639 804 664 τὸ
823 639 868 665 τοῦ
888 640 984 674 Μελὴκ

195 685 269 719 λῆμα
285 685 314 710 τὸ
329 685 463 719 μόρσιμον
480 685 609 719 ὲρεθίζει,
627 684 674 711 καὶ
696 684 789 711 τοῦτον
804 685 899 719 ἐκείνῳ
913 686 985 712 συνί-

197 740 276 765 στησι
304 731 374 758 κατὰ
395 732 526 766 πόλεμον.
554 728 591 758 οὗ
613 732 644 766 δὴ
663 731 847 767 συρραγέντος
872 731 984 765 σφάλλει

195 777 240 803 τὸν
258 777 352 812 Μελὴκ
367 777 382 812 ἡ
399 777 478 812 τύχη,
495 778 542 804 καὶ
555 779 568 804 ὸ
586 777 668 808 ἵππος
682 777 735 812 ὅλῳ
750 777 849 812 ῥυτῆρι
864 778 984 813 φερόμε-

197 832 241 854 νος
259 823 434 857 συγκάμπτει
450 824 489 848 τὼ
504 823 577 855 πόδε,
597 823 644 849 καὶ
658 823 703 849 τὸν
716 823 849 858 ἐπιϐάτην
867 823 928 858 μεθ’
943 824 983 850 ὅτι

196 869 326 903 πλείστης
342 870 390 904 τῆς
400 869 492 904 ῥύμης
501 869 546 894 ἐπὶ
559 869 622 902 γόνυ
637 870 829 904 συγκατασπᾷ,
842 870 888 895 καὶ
903 869 984 904 ἔργον

198 916 297 942 αὐτίκα
315 916 422 949 σπάθης
439 917 452 942 ὁ
465 915 556 941 πεσὼν
570 915 684 949 γίνεται.
709 915 801 941 Ταῦτα
833 915 880 942 τὸν
902 915 984 950 ’Λλῆν

195 964 297 998 ἐπῆρεν
322 965 361 995 εἰς
390 965 472 997 ὗγκον
489 962 651 998 Ἀμούριον,
680 962 828 989 κάντεῦθεν
859 962 984 995 συνάγων

197 1009 341 1040 πλείστους
359 1009 450 1040 κακῶς
467 1008 531 1043 ἕδρα
545 1008 578 1034 τὰ
601 1007 753 1042 Ῥωμαίων.
766 1006 849 1034 Οὔπω
867 1007 895 1033 δὲ
912 1007 984 1042 μάλα

194 1054 226 1088 δὴ
241 1055 288 1079 καὶ
301 1054 328 1084 ἐς
343 1053 429 1084 τέλος,
450 1053 502 1084 ἕως
515 1049 545 1080 οὗ
564 1052 703 1086 δαιμόνιόν
721 1061 745 1078 τι
760 1053 867 1087 μήνιμα
884 1052 984 1087 (τίγὰρ

195 1100 228 1126 ἂν
241 1099 305 1126 ἄλλο
319 1099 365 1125 καὶ
381 1099 453 1125 εἴποι
468 1106 510 1130 τις
523 1099 543 1132 ;)
559 1097 629 1124 κατὰ
651 1097 795 1131 Ῥωμαίων
811 1097 960 1131 ὲφύσησεν,
971 1097 985 1123 ὃ

196 1145 229 1179 δὴ
246 1145 292 1171 καὶ
308 1143 425 1175 λέξεται.
446 1142 491 1174 Ὧς
518 1143 571 1178 γὰρ
587 1142 677 1177 πέραν
691 1143 860 1177 Σαγγάρεως
883 1142 987 1177 διατρί-

197 1192 254 1217 ϐων
270 1192 325 1220 τοῖς
346 1190 398 1216 ἀνὰ
412 1189 507 1217 τοῦτον
523 1188 663 1224 φρουρίοις
683 1189 804 1224 ίσχυρῶς
822 1187 986 1223 ἀντεκροὺε-

198 1245 238 1266 το,
254 1235 271 1262 ἂ
288 1235 394 1268 φθάσας
408 1236 421 1261 ὁ
438 1234 565 1270 βασιλεὺς
576 1234 708 1268 συνῴκισε
721 1233 831 1269 Μιχαὴλ
844 1234 891 1261 καὶ
903 1243 985 1260 σταυι

199 1283 256 1316 ροῖς
275 1280 419 1315 μηκίστοις
436 1281 466 1306 ἐκ
481 1279 598 1315 δένδρων
614 1279 868 1314 ἀξινοκοπηθέντων
885 1279 986 1313 μεταξὺ

198 1326 393 1361 κατιυχὺρωσε,
422 1326 503 1360 μέχρι
529 1325 576 1352 καὶ
602 1325 630 1356 ὲς
651 1324 749 1352 ἑκατὸν
766 1325 850 1356 πόδας
865 1325 895 1351 τὸ
912 1325 988 1356 ἐντὸς

199 1418 406 1446 dissimulanter
424 1421 449 1443 et
467 1417 570 1448 leviter,
592 1417 678 1444 donec
705 1424 768 1443 eum
795 1417 887 1444 divina
912 1424 988 1452 quae-

201 1465 263 1491 dam
282 1463 349 1490 ultio
361 1463 426 1497 (quo
436 1462 508 1489 cuitu
520 1462 575 1489 alio
587 1461 650 1496 quis
663 1462 774 1489 nomine
799 1470 891 1490 casum
923 1466 989 1490 tunc

1036 234 1094 259 γοις
1106 226 1247 260 ἐλέγομεν,
1267 227 1314 253 καὶ
1327 225 1360 262 ἦν
1371 227 1410 262 τῷ
1423 228 1515 264 Πέρσῃ
1528 230 1642 265 στερρὸν
1659 230 1785 256 ἐντεῦθεν
1799 231 1829 257 τὸ

1035 272 1083 307 τῆς
1100 273 1275 308 καταδρομῆς
1289 273 1413 308 κώλυμα,
1434 275 1548 309 Κρονίου
1568 276 1652 310 μηνὸς
1669 277 1701 302 ἐκ
1714 276 1760 302 τοῦ
1773 286 1827 302 πα-

1038 318 1169 352 ραχρῆμα
1184 319 1198 343 ό
1223 319 1346 353 ποταμὸς
1374 320 1581 355 μετοχετεύεται
1608 323 1654 347 καὶ
1680 321 1757 356 ζητεῖ
1780 323 1828 357 τὴν

1037 362 1157 389 παλαιὰν
1169 363 1274 398 κοίτην,
1287 364 1348 391 καθ’
1364 364 1397 398 ἣν
1413 366 1485 400 καὶὴ
1501 366 1717 399 Ὶουστινιάνειος
1734 376 1829 394 ποντο-

1036 406 1153 441 γέφυρα.
1169 408 1302 444 ’Ὕστερον
1317 410 1345 435 δὲ
1363 412 1604 445 μετοχετευθέντος
1627 413 1674 438 τοῦ
1689 414 1827 448 ποταμοῦ,

1036 452 1080 478 τὸν
1096 453 1123 485 ἐξ
1140 454 1243 480 ἐκείνου
1258 455 1368 482 Μέλανα
1384 457 1542 491 ὑπεδέχετο,
1561 457 1603 493 [Ρ.
1619 459 1684 494 228]
1702 460 1731 485 οὐ
1748 461 1828 486 τόσον

1036 497 1110 529 ὅντα,
1129 499 1186 525 ἀλλ’
1200 501 1293 527 ἱκανὸν
1308 501 1377 533 τέως
1392 503 1439 529 καὶ
1456 503 1549 529 τοῦτον
1567 504 1597 529 ἐκ
1615 504 1716 538 βάθους
1728 505 1825 539 αὐτὰρ·

1036 553 1099 574 κους
1111 544 1159 579 τὴν
1173 546 1227 572 τῶν
1236 547 1342 581 ἐχθρῶν
1355 547 1528 575 ἀποκωλύειν
1543 549 1647 583 ἔφοδον.
1659 551 1725 576 Τότε
1737 551 1828 577 τοίνυν

1036 588 1065 622 ἐξ
1075 590 1188 624 ὄμϐρων
1202 593 1216 617 ὁ
1231 592 1383 627 Σαγγάριος
1395 593 1603 630 πλημμυρήσας
1615 596 1665 630 τῆς
1680 597 1746 628 ίδίας
1761 606 1828 630 μετ-

1037 637 1108 672 αίρει
1125 638 1172 663 καὶ
1186 638 1265 670 αὖθις
1282 639 1385 674 κοίτης,
1397 638 1430 676 ἦς
1446 642 1477 666 ἐκ
1504 641 1619 667 παλαιοῦ
1635 643 1694 668 ποτ’
1711 643 1831 668 ὲκκοιτι-

1037 681 1110 713 σθεὶς
1122 683 1281 715 ἐπελάϐετο,
1300 685 1347 711 καὶ
1364 686 1433 720 πρὸς
1456 686 1505 720 τὴν
1529 689 1666 722 προτέραν
1681 689 1825 722 ἀνέτρεχε,

1036 729 1083 754 καὶ
1108 724 1139 754 οὗ
1156 728 1206 763 μὲν
1234 730 1353 765 ἀπέστη,
1381 731 1562 766 περαιοῦσθαι
1580 734 1627 759 καὶ
1651 734 1690 768 τῷ
1720 734 1830 768 τυχόντι

1037 775 1169 809 παρεῖχεν
1179 796 1187 808 ,
1202 772 1233 801 οὗ
1248 775 1269 801 δ’
1293 776 1443 803 ἐπελάϐετο
1460 778 1645 813 πλημμυρῶν,
1673 779 1710 813 μὴ
1723 779 1737 805 ὃ
1753 779 1779 813 γ’
1795 780 1828 805 ἐκ

1035 822 1085 855 τῆς
1097 820 1266 856 πλημμύρας
1282 821 1361 856 βάθος
1386 821 1472 848 ἐδίδου
1488 825 1525 857 τῷ
1544 824 1670 858 ῥεύματι,
1685 824 1753 851 ἀλλὰ
1776 825 1826 851 καὶ

1036 867 1100 902 χοῦν
1122 868 1153 893 ὲκ
1177 867 1370 903 μιλτοπαρῄων
1387 868 1473 902 ὁρέων
1488 869 1618 902 κατάγων
1640 870 1688 896 καὶ
1712 871 1827 905 χέραδος

1037 913 1129 940 ἰκανὸν
1147 913 1288 948 προσέχων
1303 914 1352 941 καὶ
1363 914 1446 949 πόρον
1459 915 1543 941 ἐτίθει
1557 915 1595 949 τῷ
1611 917 1698 951 περᾷηι
1711 916 1826 944 θέλοντι.

1036 958 1081 991 Τῷ
1092 966 1134 984 τοι
1147 959 1195 985 καὶ
1213 960 1237 984 οἱ
1250 959 1279 985 ὲν
1292 959 1348 990 τοῖς
1364 959 1453 994 πέραν
1470 960 1610 995 φρουρίοις
1628 961 1827 1001 σύνῳκηκότες⁹

1036 1004 1087 1039 τὴν
1110 1004 1189 1038 ξένην
1216 1004 1315 1035 ἰδόντες
1341 1006 1508 1040 μετάστασιν
1525 1007 1572 1032 καὶ
1587 1007 1697 1041 γνόντες
1723 1008 1751 1034 ἐν
1768 1008 1828 1042 χρῷ

1036 1050 1162 1076 κινδύνου
1178 1050 1330 1085 γενόμενοι.
1355 1051 1549 1079 ἀπανίσταντο.
1578 1053 1616 1078 Οὺ
1642 1053 1694 1088 μὴν
1712 1053 1734 1079 δ’
1748 1053 1828 1085 αὖθις

1037 1093 1082 1119 ἐπὶ
1095 1094 1162 1120 πολὺ
1178 1094 1208 1120 τὸ
1222 1095 1315 1129 σχῆμα
1325 1095 1402 1121 τοῦτο
1415 1096 1452 1130 τῷ
1465 1097 1579 1132 ποταμῷ
1589 1094 1634 1132 ἦν,
1645 1098 1701 1123 ἀλλ’
1710 1098 1739 1129 ἐς
1753 1099 1827 1132 μῆνα

1037 1139 1200 1173 προσχώσεις
1219 1140 1299 1174 μόνον
1315 1141 1481 1177 ὑπέστρεφε.
1507 1144 1561 1169 Καὶ
1576 1142 1609 1178 ἦν
1625 1145 1641 1179 ἡ
1658 1145 1689 1170 ἐκ
1709 1145 1755 1171 τοῦ
1776 1155 1828 1171 πα-

1037 1182 1113 1209 λα.ιοῦ
1129 1183 1304 1219 ἀποχώρησις
1321 1186 1367 1212 καὶ
1381 1187 1436 1212 τῶν
1454 1188 1482 1213 ἐν
1499 1189 1555 1219 τοῖς
1580 1189 1719 1224 φρουρίοις
1737 1190 1828 1223 φυγῆς

1038 1229 1085 1255 καὶ
1099 1229 1148 1263 τῆς
1163 1229 1217 1255 τῶν
1229 1230 1335 1265 ἐχθρῶν
1346 1231 1571 1267 διαπεραιώσεως
1582 1235 1725 1270 προφανὴς
1740 1236 1826 1268 αἰτία,

1037 1275 1076 1309 τῷ
1091 1275 1177 1309 περᾷν
1187 1275 1284 1311 ἀνέδην
1294 1277 1356 1308 τοὺς
1371 1277 1566 1312 βουλομένους·
1586 1281 1601 1315 ἡ
1617 1280 1639 1306 δ’
1655 1281 1684 1313 ἐξ
1708 1281 1829 1315 ὑπογύου

1038 1321 1148 1354 ἐσαῦθις
1171 1323 1365 1360 ἀνυποστροφὴ
1390 1326 1446 1357 τοῖς
1470 1326 1521 1352 κάν
1537 1326 1623 1361 τούτῳ
1640 1327 1761 1363 περῶσιν
1786 1329 1830 1354 εὐ-

1039 1413 1200 1448 depressum
1221 1414 1370 1442 substravit
1389 1414 1517 1447 fundum,
1551 1425 1604 1454 qua
1623 1419 1724 1446 volenti
1751 1420 1831 1447 cuili-

1039 1458 1086 1486 bet
1099 1459 1218 1486 transire
1232 1460 1347 1494 pedibus
1363 1461 1473 1488 licebat.
1489 1461 1545 1489 llac
1558 1463 1745 1491 animadversa
1762 1467 1829 1492 u-ira

202 1511 319 1538 maxime
333 1509 446 1537 nmium
476 1509 619 1544 inopinato
642 1508 840 1535 incurrrentem
874 1515 990 1535 vocave-
1004 1515 1025 1544 ο
1045 1504 1199 1533 mlllnlione
1215 1505 1263 1540 qui
1279 1507 1426 1534 ulteriores
1442 1516 1521 1536 arces
1542 1510 1670 1543 praesidio
1689 1512 1827 1544 tenebant,

200 1558 265 1591 rit'!)
290 1555 431 1584 tumefecit
457 1555 590 1582 adversus
608 1554 766 1587 Romanos;
794 1561 874 1588 quem
893 1561 987 1581 casum

201 1605 246 1631 ltie
263 1603 390 1630 referam.
407 1601 475 1628 Cum
495 1600 566 1627 enim
584 1599 669 1627 llales
688 1600 803 1626 antehac
830 1598 902 1625 ultra
921 1600 989 1626 Satt-

199 1651 284 1682 garitn
300 1655 476 1676 commorans
487 1646 583 1682 positis
598 1645 652 1672 illic
667 1646 778 1672 arcibus
798 1645 886 1672 valide
902 1645 990 1678 reptil-

199 1696 313 1725 lt-retut',
328 1701 395 1728 quas
412 1700 491 1719 arces
511 1692 659 1726 imperator
683 1691 843 1718 condiderat
862 1691 986 1724 Michael,

199 1747 226 1767 l‘l
249 1745 326 1774 septo
343 1739 464 1766 exterius
480 1741 612 1772 prmtento
625 1737 790 1764 dccussatiut
818 1737 987 1771 objectorum

200 1786 352 1820 ingentium
369 1784 503 1818 stipitum,
519 1790 551 1810 ex
577 1782 723 1809 arboribus
737 1783 827 1810 securi
842 1782 987 1814 dedolatis,

204 1833 292 1866 petite
305 1830 469 1862 muniverat,
489 1829 605 1863 spatium
621 1828 691 1855 ultra
708 1829 876 1856 munitiones
888 1831 988 1863 pedum

201 1882 310 1904 erutum
325 1876 371 1902 illo
381 1874 542 1902 antemurali
558 1875 638 1910 plane
651 1874 755 1902 invium
772 1881 799 1902 et
816 1875 986 1902 inaccessum

202 1923 325 1950 ltOSliiHIS
343 1922 458 1953 faciens,
475 1920 744 1956 quemadmodumiu
760 1919 897 1955 prioribus
909 1921 987 1948 libris

201 1970 331 1999 diximus,
347 1972 373 1994 et
385 1971 444 1994 erat
462 1967 513 1993 hoc
532 1965 622 1993 Persa:
635 1973 668 1992 ex
683 1973 714 1993 ea
737 1971 814 2000 parte
845 1967 988 2001 insupera-

203 2016 255 2042 bzle
272 2014 461 2042 incursionum
479 2011 663 2044 obstaculutn,
691 2010 790 2039 Martio
803 2019 868 2039 ecce
893 2019 988 2039 mense

199 2065 312 2095 repente
327 2059 427 2086 fluvius
444 2058 553 2084 alveum
566 2057 682 2084 mutavit
707 2057 875 2092 repetiitque
897 2057 988 2084 cubile

199 2107 355 2139 antiquum,
375 2104 408 2131 ad
421 2103 494 2138 quod
513 2103 577 2130 olim
595 2103 683 2130 fuerat
713 2102 903 2130 Justinianeus
918 2110 987 2138 pons

200 2155 384 2179 constructus.
414 2149 512 2176 Postea
528 2148 654 2176 traducto
671 2148 734 2176 inde
760 2149 838 2184 331
872 2149 986 2184 Sangari

1042 1552 1141 1584 territi,
1157 1553 1229 1586 quod
1245 1561 1274 1581 se
1291 1555 1365 1581 fossa
1382 1555 1529 1582 destitutos
1543 1556 1708 1584 invndahilis
1723 1566 1829 1590 amnis,

1040 1598 1164 1632 obiectos
1182 1598 1312 1634 deinceps
1328 1600 1530 1629 ittcnrsi0ttil=us
1548 1602 1666 1630 ltostium
1683 1604 1756 1631 haud
1770 1607 1828 1639 pari

1040 1643 1072 1669 ad
1089 1643 1272 1671 resistendum
1285 1652 1408 1677 numero,
1423 1647 1577 1674 certissimo
1585 1648 1684 1682 capitis
1695 1649 1828 1682 periculo,

1040 1687 1177 1721 viderent,
1195 1689 1361 1717 stationibus
1382 1691 1487 1719 relictis
1505 1692 1642 1720 abierunt.
1667 1694 1725 1721 Non
1737 1699 1827 1721 tamen

1039 1735 1085 1767 diu
1104 1735 1130 1761 in
1142 1743 1175 1762 eo
1191 1740 1263 1763 statu
1278 1735 1407 1771 Sangaris
1421 1738 1529 1769 mansit,
1543 1740 1589 1766 sed
1607 1747 1669 1766 cutn
1687 1748 1734 1774 per
1751 1749 1828 1768 men-

1039 1787 1096 1807 sem
1114 1780 1275 1809 inundasset
1295 1789 1391 1816 magna
1410 1787 1490 1810 teme
1504 1791 1535 1810 ac
1551 1783 1598 1810 luti
1615 1785 1639 1811 vi
1658 1785 1750 1812 alveos
1777 1786 1827 1812 ob-

1041 1825 1151 1859 limaus,
1169 1828 1314 1862 recepitse
1344 1829 1449 1856 incum
1476 1829 1548 1858 unde
1581 1838 1668 1865 nuper
1698 1832 1829 1866 migrarat

1040 1872 1160 1904 alveum,
1174 1874 1252 1907 quasi
1270 1873 1305 1900 ad
1321 1873 1374 1901 hoc
1388 1878 1493 1901 tanttnu
1508 1883 1538 1903 se
1554 1877 1694 1909 movisset,
1716 1881 1744 1904 ut
1760 1886 1830 1912 pra:-

1040 1918 1160 1946 sidiariis
1178 1923 1320 1952 terrorem,
1334 1928 1389 1954 quo
1405 1922 1438 1947 ad
1453 1920 1543 1956 fugam
1563 1929 1732 1958 raperentur.
1748 1924 1828 1950 iltt'lh

1039 1968 1118 1996 teret,
1139 1965 1267 1992 hostibus
1296 1971 1390 1993 contra
1407 1971 1433 1993 et
1457 1967 1585 1994 fiduciam
1615 1972 1642 1995 et
1670 1969 1824 1996 facultatem

1039 2011 1109 2038 intra
1121 2015 1245 2038 nostrum
1263 2011 1430 2047 irrumpeudi
1447 2013 1557 2040 limitem
1583 2014 1669 2040 daret.
1696 2014 1763 2042 Nam
1779 2016 1827 2041 tta-

1038 2064 1098 2089 rum
1111 2058 1225 2084 duarum
1259 2065 1351 2084 rerum
1379 2051 1431 2084 una
1452 2058 1496 2085 illa
1520 2066 1603 2086 causa
1628 2059 1680 2086 init
1705 2060 1826 2086 lluminis

1039 2102 1135 2135 motio,
1152 2104 1374 2131 commoditatem
1393 2105 1480 2132 cuivis
1495 2105 1604 2133 obviam
1620 2106 1744 2140 praebens
1757 2109 1827 2134 vado

1039 2149 1211 2177 transeundi.
1226 2149 1278 2177 Sed
1301 2159 1349 2178 nec
1373 2152 1433 2185 ejus
1457 2151 1484 2178 in
1505 2152 1624 2186 priorem
1651 2153 1757 2179 alveum
1785 2161 1829 2179 re-

199 2199 282 2226 Melas
296 2198 365 2224 alter
382 2195 481 2223 ﬂuvius
496 2200 680 2226 successerat,
712 2202 767 2222 non
811 2195 856 2221 ille
873 2194 983 2228 quidem
998 2192 1025 2222 D
1037 2203 1148 2231 gressus
1166 2197 1238 2224 malo
1262 2197 1423 2224 medicinam
1449 2197 1523 2225 ferit.
1555 2198 1723 2226 Oblimatnm
1753 2200 1826 2225 enim

201 2245 272 2270 mule
287 2250 420 2277 aquarum
442 2249 490 2276 par
502 2241 599 2275 priori,
622 2246 752 2269 cancrum
782 2241 851 2267 satis
881 2240 986 2267 habens

200 2287 357 2316 altitudinis
382 2287 415 2314 ad
449 2286 640 2322 impediendas
684 2287 814 2313 incursus
847 2285 987 2312 hostium.

199 2335 277 2362 Tunc
295 2333 374 2368 igitur
386 2340 418 2360 ex
432 2332 518 2361 multo
532 2332 619 2360 imbre
634 2332 789 2359 redundans
803 2331 931 2366 Sangaris
941 2338 989 2357 ett-

199 2381 254 2408 bile
271 2381 368 2407 iterum
387 2379 513 2411 mutavit,
529 2386 563 2406 ex
581 2386 614 2406 eo
636 2378 707 2410 quod
724 2377 768 2405 diu
796 2385 877 2404 manu
903 2377 988 2404 dedu-

200 2433 263 2455 ctus
284 2431 478 2462 occupaverat,
493 2426 519 2453 in
535 2425 610 2460 prius
629 2432 774 2452 recurrens
787 2432 793 2456 ;
806 2428 832 2450 et
843 2431 905 2450 eutn
926 2424 988 2458 qui-

199 2472 259 2500 dem
272 2473 344 2500 unde
361 2474 487 2507 migravit
504 2473 708 2505 alveum,aqute
723 2477 869 2504 pauperem
880 2474 906 2497 et
917 2469 987 2497 vado

200 2519 289 2546 cuivis
306 2519 449 2546 meabilem
462 2518 582 2552 reliquit,
594 2524 656 2544 eum
669 2524 748 2550 quem
762 2515 898 2543 inundans
910 2523 988 2551 repe-

200 2566 241 2593 tiit
258 2566 468 2599 haudquaquam
483 2564 551 2591 adeo
564 2562 730 2598 complevit,
741 2568 769 2588 ut
788 2570 820 2589 ea
840 2563 985 2589 transitum

199 2611 366 2639 excluderet.
380 2610 512 2638 Etsienim
523 2609 585 2636 illuc
598 2609 784 2643 traxitagmen
798 2608 894 2642 ingens
903 2616 988 2643 aqua-

198 2667 271 2690 rutn,
281 2666 334 2686 nou
349 2658 381 2684 iis
397 2661 486 2683 tamen
497 2655 572 2683 dedit
587 2654 763 2683 sumcientem
774 2654 985 2689 profunditatem

199 2704 328 2737 trajet'tui
346 2703 465 2738 peditum
477 2706 504 2729 et
521 2701 643 2737 equitum
658 2701 788 2728 arcendo.
819 2700 906 2728 Causa
926 2701 986 2733 ejus

199 2751 236 2777 rei
253 2751 313 2782 fuit,
335 2749 407 2783 quod
425 2748 508 2775 sintut
525 2747 581 2774 limi
596 2747 743 2782 plurimum
760 2752 786 2773 ct
805 2751 884 2773 terra)
898 2747 986 2773 rubrae

198 2805 228 2821 ex
248 2796 386 2829 at-aillusis
402 2794 507 2821 derasa:
526 2793 665 2820 montibus
680 2793 792 2819 invexit.
817 2793 882 2825 Qua:
899 2799 985 2820 mate-

196 2842 236 2868 ria
253 2840 397 2868 subsidens
411 2840 552 2874 aquislate
569 2839 842 2874 superstagnantiluts
861 2846 914 2866 non
931 2839 985 2866 alte

1040 2245 1185 2277 utrumque
1198 2250 1230 2270 ac
1252 2244 1368 2278 pedibus
1400 2244 1543 2271 meabilem
1575 2245 1683 2278 reliquit
1713 2244 1825 2271 fluvium

1040 2288 1232 2323 magnitudine
1244 2290 1352 2324 aggeris
1371 2297 1402 2317 ac
1419 2291 1540 2316 malerim
1552 2298 1599 2325 per
1612 2290 1728 2317 eluvictn
1748 2291 1826 2316 iuve-

1039 2339 1100 2362 ctae.
1118 2334 1165 2362 llis
1181 2335 1401 2369 inopinatissitne
1418 2336 1457 2363 sic
1468 2338 1552 2371 gestis
1571 2341 1684 2370 repente
1711 2336 1829 2370 impera-

1038 2381 1089 2408 tori
1104 2381 1185 2416 332
1201 2382 1342 2408 nuntiatur
1352 2382 1431 2416 plena
1462 2390 1523 2410 esse
1553 2382 1753 2410 mediterranea
1777 2382 1827 2408 ho-

1038 2427 1134 2454 stium.
1163 2427 1231 2454 Nam
1250 2433 1390 2463 utcunque
1406 2428 1485 2456 liales
1514 2429 1644 2456 Amurius
1664 2430 1690 2455 in
1713 2429 1826 2455 simula-

1038 2473 1112 2501 tione
1124 2474 1241 2509 quadam
1258 2475 1334 2509 pacis
1350 2483 1379 2502 se
1396 2476 1529 2504 hactenus
1541 2475 1685 2502 continens
1701 2474 1825 2507 quiesce—

1037 2520 1094 2551 bat,
1113 2524 1201 2547 tamen
1216 2520 1306 2548 eti'erri
1335 2521 1409 2548 brevi
1433 2521 1516 2556 cmpit
1543 2520 1720 2548 temulatione
1742 2519 1825 2553 paulo

1039 2570 1099 2600 post
1130 2572 1286 2594 seculorum
1316 2575 1495 2595 successuum
1530 2568 1664 2599 Attnanis,
1697 2566 1823 2593 viciniam

1037 2612 1134 2639 Nlraaze
1151 2620 1281 2647 prospere
1311 2613 1489 2646 incursantis,
1514 2621 1566 2640 non
1583 2620 1698 2648 parvum
1727 2620 1756 2639 se
1772 2612 1825 2638 im-

1036 2659 1155 2693 peratori
1173 2658 1336 2686 beneﬁcium
1368 2659 1518 2687 contulisse
1533 2664 1674 2693 reputans,
1713 2659 1735 2686 si
1753 2665 1782 2685 se
1798 2657 1824 2684 in

1038 2704 1112 2737 pacis
1139 2705 1315 2732 observantia
1345 2708 1450 2732 teneret
1472 2705 1594 2740 quandiu
1611 2706 1656 2732 alii
1683 2706 1709 2731 in
1737 2710 1826 2731 terras

1038 2750 1143 2785 imperii
1160 2758 1213 2778 non
1241 2751 1436 2786 irrumperent.
1467 2752 1535 2779 Illud
1561 2760 1627 2779 vero
1659 2752 1731 2784 exigi
1758 2759 1773 2778 a
1798 2758 1827 2778 se

1038 2796 1232 2831 ltanda‘quum
1251 2805 1322 2829 esse,
1353 2802 1380 2824 ttt
1413 2798 1510 2832 pta-dae
1542 2798 1689 2824 multorum
1717 2797 1827 2830 impune

1038 2841 1154 2868 aliorum
1175 2842 1277 2876 rapinis
1295 2843 1396 2869 abactze
1412 2847 1516 2876 partem
1540 2843 1595 2876 ipse
1613 2842 1664 2869 sibi
1683 2848 1735 2868 ι.ου
1761 2841 1828 2867 arri-
