1953 3065
163 185 214 216 371

763 196 890 226 GEORG
898 197 925 226 [ί
946 198 1098 230 I‘AiIIIYM
1105 201 1189 230 ΕΙὶὲΕ

1735 204 1787 237 372

161 250 211 268 ουκ
227 243 306 295 αὐτὸς
323 244 394 278 ἰδὼν,
412 246 479 273 ἀλλὰ
492 249 558 283 παρ’
573 249 671 281 ἰδόντος
689 251 818 283 ἀκούσας,
834 253 870 283 ὡς
895 253 950 279 ἕλε·
964 256 986 284 Α
1000 256 1030 282 τὺ
1046 257 1096 291 μὲν
1109 258 1153 283 τὸν
1169 258 1283 292 Ἐφέσου
1305 260 1531 294 ἀποκαταστῆναι
1548 260 1595 286 καὶ
1618 261 1787 295 προσαπεδέ-

161 297 219 321 γεν.
238 290 325 325 ’Δπῆν
339 292 373 330 ,δὲ
389 295 443 320 τῶν
462 295 571 326 ζώντων
588 297 602 323 ὁ
622 299 722 332 φήσας,
737 300 879 334 ἀνάγωγος
899 302 946 329 καὶ

160 335 247 367 ἄλλως
262 336 300 364 ὢν
315 340 417 371 ἐκεῖνος
436 342 482 367 καὶ
495 343 541 368 ἐπὶ
554 343 691 376 διαϐολαῖς
706 346 852 381 γνώριμος.
865 347 946 374 Ἀλλὰ

160 382 209 409 καὶ
223 383 252 409 τὸ
265 383 391 420 ἔγκλημα
404 387 505 422 ἀπᾷδον
516 389 583 421 ὅλως
597 392 643 417 καὶ
658 391 850 426 ψευδολόγημα
870 395 946 420 ἄντι-

160 436 240 463 κρυς.
254 431 349 463 Ὅμως
361 433 374 458 ὁ
389 433 541 468 Σηλυϐρίας
557 436 587 462 οὐ
609 437 679 464 πάνυ
691 447 717 464 τι
742 440 788 466 καὶ
810 441 890 471 αὐτὸς
902 449 947 467 πι-

161 475 272 508 στεύων,
287 477 324 508 ὡς
339 478 421 513 ὲῴκει
435 480 531 514 λέγων,
547 482 576 509 τὸ
596 484 642 510 τοῦ
658 485 822 519 πράγματος
847 487 946 514 ἄτοπον

159 522 189 546 ὲν
205 522 371 558 ἀπορρήτοις
392 527 569 560 παραλαϐὼν,
587 529 694 563 βασιλεῖ
713 532 835 558 πιστεύει
850 533 894 559 τὸν
905 534 948 560 λό-

160 575 218 600 γον.
232 569 276 603 Τῷ
290 569 318 595 δὲ
346 571 417 605 μέγα
439 573 491 605 μὲν
507 574 653 601 ἀκούσαντι
675 575 758 609 ἔδοξε,
779 578 826 604 καὶ
842 578 946 613 βαρέως

160 614 258 649 ἤνεγκε
278 616 307 642 τὸ
321 617 414 652 λεχθέν
427 627 433 633 ·
466 620 540 654 ὅμως
557 621 584 647 δὲ
608 622 699 656 μέντοι
719 624 765 650 καὶ
784 625 821 660 μὴ
837 626 948 652 πιστεύε

160 666 236 685 σαντι
250 661 328 696 ἐπῄει
344 664 501 698 φροντίζειν
512 667 560 692 τοῦ
576 668 779 703 ὲνάπορῤήτοις
793 670 949 697 διακεῖσθαι

158 705 205 730 τὴν
219 705 307 739 λόγον,
325 707 363 739 ὡς
382 709 470 741 ἄλλως
485 712 531 738 καὶ
543 713 656 748 ἀπρεπῆ
679 714 743 741 ὄντα
765 715 795 741 οὐ
813 716 915 750 μᾶλλον
931 717 946 751 ἥ

160 751 256 787 ψευδῆ.
288 754 519 788 Διαφυλάττεσθαι
545 760 600 794 γὰρ
627 761 674 786 καὶ
699 761 749 792 τὰς
771 762 825 788 τῶν
843 763 948 789 πολλῶν

162 797 288 830 ὑπονοίας
302 800 376 833 ἄξιον
390 804 539 838 ὲκεκρίκει.
550 805 622 840 Πλὴν
639 807 686 832 καὶ
704 807 750 833 τοῦ
763 810 948 844 προσανενέγ-

161 853 259 876 χαντος
288 849 476 881 κατεγνώκει,
501 850 538 881 ὡς
557 852 585 876 τὺ
608 851 684 883 τέλος
712 852 824 885 ἔδειξεν.
845 854 885 881 ὅτι
903 855 949 881 καὶ

159 890 227 922 ὅλως
239 892 286 918 ἐπὶ
298 894 411 928 τοιούτῳ
428 896 474 922 καὶ
492 897 568 932 παρὰ
581 897 703 924 τοιούτου
730 899 886 926 πιστεύσειε
903 901 948 927 λέ-

160 945 264 969 γοντοξ.
281 937 334 965 Ἦν
358 941 442 967 ταῦτα
454 962 460 973 ,
483 943 529 969 καὶ
549 944 572 969 οἱ
590 944 640 978 μὲν
655 945 794 980 ἀρχιερεῖς
809 947 856 972 καὶ
870 946 948 979 αὖθις

159 983 205 1009 διὰ
221 984 250 1010 τὸ
265 985 311 1011 τοῦ
329 986 499 1022 πατριάρχου
516 989 584 1023 πρὸς
600 990 698 1022 αὐτοὺς
724 991 766 1027 [Ρ.
783 992 848 1027 255]
861 994 949 1027 ἀμφί-

160 1038 269 1064 γνωμον
281 1033 343 1066 περὶ
361 1035 413 1060 τῶν
434 1035 502 1062 κατὰ
521 1035 566 1061 τὸν
584 1037 697 1071 Ἑφέσου
710 1035 880 1073 πραγμάτων
895 1049 948 1066 πα-

160 1079 278 1114 τριάρχῃ
297 1080 418 1115 ἐπεῖχον,
439 1083 486 1108 καὶ
502 1083 532 1108 οὐ
547 1083 676 1117 καθαρῶς
692 1085 844 1119 είρήνευον.
860 1084 950 1113 Ἦσαν

160 1123 181 1149 δ’
191 1124 290 1156 οἵτινες
309 1127 412 1152 τούτων
439 1128 486 1154 καὶ
499 1128 718 1163 ὼμογνωμόνουν
736 1130 774 1165 τῷ
793 1132 950 1168 πατριάρχῃ

160 1171 208 1195 καὶ
221 1171 289 1205 πρὸς
309 1173 372 1203 τοὺς
381 1173 492 1206 λοιποὺς
507 1175 673 1209 διεφέροντο.
690 1177 798 1204 Βασιλεῖ
811 1177 839 1204 δὲ
863 1178 951 1205 πάντα

159 1216 260 1250 τρόπον
275 1216 307 1243 τὰ
318 1218 367 1252 τῆς
381 1219 491 1253 είρὴνης
503 1221 643 1255 στέργοντι
652 1222 701 1248 οὐκ
710 1219 875 1257 ἦνὴρεμείν,
884 1223 951 1250 ἀλλὰ

163 1305 245 1332 homo
261 1306 476 1334 contumeliosus
492 1298 518 1335 e't
538 1309 718 1338 calumniator
734 1317 825 1339 notus.
841 1313 952 1341 Crimen

164 1359 246 1384 porro
267 1358 325 1380 erat
357 1361 471 1387 prorsus
502 1355 655 1384 abhorrens
678 1365 692 1383 a
715 1358 953 1387 verisimilitudine

161 1398 249 1429 omni,
267 1405 428 1434 merumque
442 1401 628 1428 mendacium.
647 1403 707 1430 Prae
721 1411 750 1430 se
767 1404 871 1432 ferebat
886 1405 953 1439 quin

163 1444 245 1470 etiam
265 1443 448 1478 Sr-lybriensis
464 1446 532 1480 ipse.
547 1454 608 1474 cum
627 1448 652 1475 id
664 1448 778 1477 alterius
795 1450 954 1478 testimonio

162 1491 286 1523 referret,
306 1499 366 1518 sese
385 1492 455 1520 haud
486 1493 621 1521 credere:
640 1500 752 1530 putasse
775 1501 866 1524 tamen
894 1505 953 1524 rem

161 1537 348 1572 qualicunque
371 1537 423 1564 fide
441 1546 543 1567 arcano
554 1540 587 1567 ad
609 1548 639 1567 se
652 1541 769 1568 delatam
783 1542 953 1576 imperatori.

163 1586 245 1616 prout
262 1582 338 1613 fecit.
356 1584 478 1612 indicare
496 1593 525 1613 se
541 1585 652 1614 debere.
671 1586 820 1621 Imperator
837 1588 889 1614 hoc
903 1596 952 1614 au-

163 1631 220 1658 dito
244 1632 373 1659 momenti
397 1633 537 1667 permagni
565 1637 668 1661 temere
695 1634 798 1661 moveri
814 1634 951 1669 negotium

161 1676 314 1711 judicavit,
349 1679 521 1714 graviterque
550 1679 611 1706 tulit
628 1679 654 1706 id
671 1679 704 1706 ad
721 1687 751 1707 se
766 1680 899 1707 delatum.
914 1680 954 1707 Ac

164 1724 266 1751 nullam
285 1725 350 1752 licet
368 1726 447 1752 fidem
473 1725 603 1752 delationi
625 1725 769 1758 adhibens,
798 1726 850 1753 sibi
873 1726 954 1754 enixe

164 1770 317 1797 curandum
347 1771 516 1798 existimavit
547 1778 580 1799 ne
610 1771 643 1798 ad
664 1772 756 1806 plures
771 1771 837 1800 dicti
856 1773 954 1800 notitia

167 1821 302 1847 manaret,
317 1812 400 1853 338
415 1822 593 1853 praeterquam
608 1818 760 1846 indecentis
775 1825 801 1846 et
818 1820 955 1848 mentione

165 1865 224 1898 ipsa
239 1860 355 1897 infandi,
369 1865 462 1898 etiam,
477 1869 507 1892 ut
519 1873 549 1892 se
563 1865 665 1892 dabant.
680 1865 953 1897 indicia,mendacis.

164 1910 295 1938 l’rarverti
314 1912 386 1938 enim
406 1907 533 1947 oportere
549 1912 723 1947 suspiciones
748 1913 898 1940 multormn
916 1920 954 1939 aa-

166 1965 250 1992 quum
269 1958 385 1986 censuit.
402 1957 456 1986 Sed
474 1963 517 1991 et,
533 1963 613 1994 prout
627 1967 659 1986 ex
677 1958 835 1986 conmeculis
855 1959 887 1985 ad
905 1967 954 1985 ex-

165 2009 282 2031 tremum
309 2005 446 2040 apparuit,
469 2004 629 2032 succensuit
645 2004 769 2036 delatori,
785 2004 857 2039 quod
872 2012 887 2032 e
901 2009 954 2030 tam

167 2050 217 2076 levi
234 2055 345 2085 tamque
361 2051 491 2078 sublesm
519 2051 581 2078 ﬁdei
606 2055 719 2078 auclore
744 2050 880 2086 cognitam
897 2057 955 2077 rem

167 2102 269 2123 tantam
287 2105 341 2123 non
359 2097 438 2124 tnodo
458 2105 512 2124 non
531 2097 754 2132 contempsisset,
771 2102 799 2124 ut
813 2097 955 2129 debuerat,

166 2149 262 2168 verum
274 2142 367 2174 etiam,
382 2146 410 2168 ut
421 2141 569 2170 deferendo
586 2146 785 2170 monstraverat
798 2162 805 2174 ,
825 2141 957 2170 credidis-

166 2191 220 2213 set.
238 2187 304 2213 Dum
323 2187 380 2214 haec
403 2186 441 2213 ita
456 2194 486 2215 se
511 2187 653 2220 baberent,
683 2188 793 2215 interim
823 2187 955 2222 episcopi.

166 2234 238 2266 quod
256 2233 308 2261 sibi
325 2233 464 2260 adversari
487 2235 669 2268 patriarcham
687 2235 788 2262 scirent
803 2234 829 2260 in
846 2234 957 2269 negorio

999 311 1062 336 χετο
1079 304 1126 328 καὶ
1139 304 1269 339 συνήργει
1283 307 1337 336 τοῖς
1348 306 1532 340 βουλομένοις,
1548 306 1577 332 τὸ
1591 306 1614 332 δ’
1628 306 1706 337 αὖθις
1719 307 1789 332 ὲκεί-

998 356 1044 373 νου
1071 348 1151 383 χάριν
1182 350 1356 385 πατριάρχην
1385 352 1623 386 προσαναγκάζειν
1648 352 1678 378 οὗ
1697 352 1721 377 οἱ
1736 351 1789 377 τῶν

998 392 1113 419 δεόντων
1129 394 1228 421 ἐδόκει.
1247 395 1327 422 Ὀοεν
1339 397 1390 423 κᾶν
1407 397 1455 423 καὶ
1470 397 1532 428 τοὺς
1557 397 1627 432 ὑπὲρ
1648 397 1695 423 τοῦ
1712 397 1791 431 Ἐφέ-
1823 426 1826 428 _

1000 447 1047 464 σου
1073 439 1202 474 λέγοντας
1218 442 1378 477 ἀπεδέχετο,
1406 442 1474 469 ἀλλὰ
1491 444 1521 470 τό
1538 451 1570 478 γε
1592 444 1733 478 σχίζεσθαι
1747 444 1791 470 διὰ

998 487 1085 512 ταῦτα
1099 488 1168 521 σφᾶς
1184 489 1356 524 πατριάρχου
1370 489 1418 516 καὶ
1430 489 1489 515 λίαν
1506 490 1549 516 διὰ
1563 489 1663 524 βάρους
1678 487 1728 524 ἦγε
1744 491 1789 516 καὶ

999 534 1202 567 προσωνείδιζε,
1214 535 1263 569 καί
1276 543 1346 562 τισιν
1367 535 1527 570 ἐμϐριοένστξ
1534 543 1579 570 ρον
1593 536 1790 569 προσεφέρετο.

988 578 1099 605 ’Σκοπῶ
1113 579 1142 606 δὲ
1169 581 1206 615 μὴ
1235 581 1392 616 Πάτροκλος
1409 579 1443 616 ἦν
1458 582 1471 607 ὁ
1503 581 1616 614 Ἑφέσου
1632 581 1680 608 καὶ
1697 581 1727 606 τὸ
1744 581 1791 607 τεῦ

999 625 1107 652 Λίνεῖου
1125 626 1297 661 ἐσχεδιάζετο
1312 627 1431 658 εἴδωλον,
1447 628 1495 662 τῆς
1519 627 1664 662 βασιλικῆς
1675 627 1792 662 γνώμης

1000 671 1049 706 ἤδη
1082 671 1226 707 κλινοιὶσης
1255 673 1500 709 πρδςᾊϐανὰσιον
1528 674 1566 709 τῷ
1591 674 1636 700 τὸν
1664 675 1792 708 Ἰωάννην

999 717 1281 753 ἀποπροσποιεῖσθαι,
1297 719 1322 745 si
1340 719 1386 746 καὶ
1403 720 1432 745 ὲν
1449 720 1548 753 ἀφανεῖ
1561 720 1637 746 ταῦτ’
1652 718 1722 755 ἦσαν
1737 719 1789 746 ἔτι.

1007 763 1052 795 Ὠς
1068 764 1096 790 δέ
1113 774 1164 791 που
1178 766 1225 791 καὶ
1241 765 1271 792 τὸ
1283 766 1329 792 ὑπ’
1347 766 1441 792 ὀδόντα
1456 766 1564 792 κεῖσθαι
1577 766 1673 792 δοκοῦν
1686 767 1792 792 ἀνάπυ-

1002 818 1065 837 στον
1077 811 1128 846 ἤδη
1148 811 1250 847 ἤρξατο
1275 813 1407 846 γίνεσθαι,
1437 812 1483 839 καί
1496 821 1568 843 τινες
1586 812 1792 846 ἀφωσιωμὲνως

1001 865 1061 888 πως
1074 857 1122 889 καὶ
1147 858 1314 889 ἐπιπολαίως
1330 859 1363 885 τὰ
1387 859 1450 893 περὶ
1467 859 1571 885 ἐκείνου
1591 859 1744 894 ῂνίσσοντο,
1762 859 1793 885 τὺ

1001 903 1105 929 ἐκείνου
1124 903 1262 939 σχίζεσθαι
1275 905 1380 936 ἑαυτοῖς
1391 904 1633 941 εὐπροσωπότερον
1643 904 1793 931 καθιστάν-

1000 958 1056 981 τες,
1081 950 1140 976 τότε
1158 949 1286 985 βασιλεὺς
1311 950 1356 977 τὸν
1377 950 1492 984 πρώτως
1514 950 1711 984 ὑπομνήσει-ιτα
1729 951 1794 985 περὶ

1000 995 1096 1021 τούτου
1114 996 1276 1023 ὑπώπτευεν
1290 1017 1297 1029 ,
1322 996 1359 1028 ὡς
1380 996 1427 1023 καὶ
1449 996 1541 1027 ἄλλοις
1556 995 1628 1022 εἴποι
1643 995 1688 1021 τὸν
1703 994 1791 1028 λόγον,
1824 1015 1826 1017 .

1001 1042 1054 1069 κᾶν
1071 1042 1152 1068 αὐτὸν
1175 1042 1212 1078 μὴ
1240 1042 1444 1070 σκανδαλίσειεν
1460 1041 1596 1073 ὑπειπὼν.
1622 1041 1713 1072 ἄλλοις
1728 1041 1794 1071 ἴσως

1002 1088 1087 1114 εἰπὼν
1105 1088 1200 1122 μῶμον
1221 1088 1409 1123 προστρίψειε.
1442 1089 1491 1114 Διὰ
1516 1088 1605 1118 τοῦτο,
1623 1087 1671 1113 καὶ
1686 1088 1719 1122 τῇ
1745 1085 1792 1112 τοῦ

1002 1133 1173 1168 πατριάρχου
1190 1133 1300 1168 θαῤῥὼν
1324 1134 1484 1169 σεμνότητι,
1512 1133 1674 1168 ὲκφαυλίζει
1689 1133 1733 1158 τὸν
1751 1132 1794 1158 λό-

1002 1188 1060 1212 γον¹
1075 1180 1178 1207 καὶτὸν
1193 1180 1309 1214 πρώτως
1324 1181 1436 1207 εἰπόντα
1455 1180 1534 1216 δῆλον
1548 1180 1718 1214 καθίστησιν.
1728 1180 1758 1205 ’Λ

1005 1228 1086 1262 ρητον
1101 1227 1150 1262 μὲν
1165 1228 1219 1262 γὰρ
1232 1225 1301 1253 εἶναι
1317 1227 1364 1254 καὶ
1380 1227 1506 1259 ἄπιστον,
1520 1228 1566 1254 καὶ
1582 1227 1643 1253 λίαν
1662 1226 1792 1261 ὠρέγετο,

1004 1315 1104 1343 minari
1124 1317 1287 1350 episcopos,
1318 1315 1437 1350 graviter
1463 1315 1631 1349 increpabat,
1650 1314 1731 1341 etiam
1746 1321 1793 1341 ex-

1005 1362 1183 1396 probratione
1212 1369 1265 1388 non
1282 1361 1435 1388 abstinens.
1464 1359 1523 1388 Non
1542 1360 1724 1388 dissimulabo
1750 1359 1794 1387 hic

1006 1413 1096 1435 tamen
1115 1406 1330 1442 speculationem
1351 1407 1500 1441 quamdam
1528 1406 1627 1433 meinn.
1652 1405 1721 1438 Quis
1742 1405 1794 1432 scit

1007 1461 1040 1480 an
1058 1452 1212 1487 capessenti
1225 1452 1265 1480 sic
1290 1451 1448 1486 imperatori
1473 1458 1583 1478 causam
1609 1450 1732 1485 Ephesii,
1748 1449 1794 1477 cui

1006 1500 1091 1527 sciret
1111 1498 1252 1526 adversari
1274 1497 1455 1532 patuiarcham
1470 1517 1478 1529 ,
1502 1505 1556 1524 non
1574 1496 1647 1523 aliud
1659 1496 1794 1523 occultius

1006 1547 1035 1572 in
1050 1549 1142 1573 mente
1172 1543 1277 1572 fuerit?
1294 1543 1373 1577 Quis,
1399 1544 1521 1578 inquam,
1540 1546 1650 1578 prazstet
1665 1550 1718 1569 non
1742 1541 1795 1569 hoc

967 1596 987 1624 (ζ
1007 1592 1044 1619 illi
1066 1595 1226 1626 praetextum
1246 1589 1333 1617 fuisse
1361 1597 1466 1617 merum
1481 1608 1489 1622 ,
1508 1594 1534 1616 et
1547 1589 1620 1616 velut
1643 1588 1708 1615 illud
1723 1595 1738 1614 e
1755 1587 1795 1614 fa-

1005 1638 1077 1665 bulis
1111 1637 1145 1664 ad
1170 1644 1267 1664 vanam
1295 1635 1413 1670 speciem
1443 1633 1580 1669 objectum
1603 1634 1684 1660 inane
1702 1633 1795 1660 lEneze

1005 1683 1195 1714 simulacrum,
1211 1682 1244 1709 ad
1259 1689 1336 1709 usum
1351 1679 1509 1716 indulgendi
1520 1685 1657 1715 comeptm
1668 1679 1724 1714 jam
1739 1684 1794 1705 tum

1006 1737 1115 1757 arcanae
1140 1728 1273 1756 voluntati
1292 1726 1444 1763 reponendi
1463 1726 1642 1753 Athanasium
1667 1725 1694 1751 in
1719 1724 1795 1751 thr-oo

1006 1783 1070 1802 num
1086 1795 1093 1807 ,
1110 1782 1192 1810 quam
1221 1774 1255 1801 ad
1274 1781 1330 1800 rem
1356 1773 1407 1800 sibi
1424 1772 1531 1800 videbat
1548 1772 1604 1798 fore
1629 1771 1721 1798 utilem
1741 1769 1797 1796 fue-

1007 1822 1107 1848 tionem
1124 1821 1272 1848 multorum
1288 1819 1440 1847 antistitum
1461 1825 1475 1844 a
1493 1817 1597 1845 Joanne
1615 1825 1686 1844 nunc
1705 1815 1797 1851 penti-

1007 1868 1057 1894 fice
1071 1874 1231 1894 aversorum
1246 1866 1281 1893 ob
1298 1865 1408 1899 Ephesii
1432 1868 1558 1901 negatam
1579 1863 1613 1890 ab
1628 1871 1661 1890 eo
1684 1862 1797 1889 restitu-

1008 1914 1120 1940 tionem.
1139 1913 1191 1940 Sed
1212 1913 1270 1940 hac
1279 1913 1451 1944 omittamus,
1464 1919 1525 1946 quae
1539 1911 1561 1938 si
1576 1910 1632 1945 jam
1645 1909 1728 1945 339
1739 1913 1795 1936 tum

1006 1962 1087 1987 etant
1106 1978 1113 1990 ,
1129 1959 1155 1986 in
1176 1958 1285 1986 occulto
1309 1963 1385 1985 certe
1402 1958 1578 1985 tenebantur.
1602 1951 1680 1982 Tunc
1705 1959 1796 1981 autem

1007 2007 1098 2034 evenit
1122 2011 1163 2037 ut,
1185 2006 1264 2040 cujus
1282 2005 1468 2036 meminimus,
1496 2003 1610 2031 Joannis
1635 2002 1798 2037 patriarchae

1007 2052 1112 2080 crimen
1128 2051 1199 2079 clam
1214 2051 1277 2078 olim
1293 2051 1534 2078 immurmuratum
1555 2054 1713 2076 enotescere
1730 2048 1798 2074 inci-

1008 2102 1101 2133 peret,
1117 2103 1144 2125 et
1156 2106 1170 2124 a
1187 2098 1351 2134 quibusdam
1370 2096 1525 2124 verecunde
1538 2095 1647 2131 quidem
1663 2102 1695 2122 ac
1718 2093 1798 2129 quasi

1008 2143 1082 2170 aliud
1093 2143 1209 2178 agendo,
1230 2147 1320 2170 tamen
1333 2143 1374 2170 sic
1391 2142 1500 2177 oblique
1517 2142 1679 2169 innuerelur
1700 2146 1728 2167 ut
1751 2140 1799 2174 qui

1008 2198 1064 2217 rem
1079 2195 1271 2226 compererant
1286 2193 1484 2224 agnoscerent;
1503 2190 1575 2224 quod
1589 2188 1688 2215 infensi
1699 2187 1799 2214 Joanni

1010 2236 1132 2271 episcopi
1149 2242 1247 2270 magna
1263 2240 1322 2262 arte
1338 2234 1487 2267 faciebant,
1503 2235 1545 2262 sic
1561 2234 1612 2262 sibi
1627 2233 1799 2268 plausibilia-

167 2281 282 2308 Joannis
296 2281 416 2315 Ephesii,
440 2281 512 2308 haud
529 2281 674 2309 cessabant
690 2282 795 2308 instare
813 2281 887 2306 circa
905 2280 956 2307 hoc
968 2275 991 2304 D
1011 2292 1066 2310 rem
1081 2287 1269 2318 preparames
1284 2282 1425 2310 obtentum
1438 2281 1471 2308 ab
1490 2289 1523 2308 eo
1536 2288 1596 2308 sese
1614 2280 1797 2307 discindendi.

166 2329 217 2360 illi,
230 2335 279 2355 nec
290 2328 373 2355 corde
387 2327 495 2355 sincero
511 2335 572 2355 cum
585 2336 618 2355 eo
627 2327 880 2355 communieabant.
896 2327 954 2354 Non

169 2380 261 2401 tamen
275 2382 306 2401 ex
323 2382 417 2402 eorum
439 2382 554 2402 numero
566 2375 680 2402 deerant
695 2374 740 2408 qui
759 2379 851 2409 partes
869 2374 956 2408 patri-

169 2421 259 2448 archa.-
271 2426 452 2456 scquerentur
466 2427 492 2449 et
510 2422 544 2448 ab
556 2421 616 2448 aliis
626 2429 656 2447 ea
670 2428 753 2448 causa
765 2421 953 2448 dissentirent.

169 2468 235 2501 Quae
246 2475 364 2496 cernens
382 2468 542 2503 imperator,
557 2475 606 2502 pro
623 2474 673 2494 suo
689 2467 804 2501 antiquo
816 2466 956 2501 proposito

167 2515 244 2550 picis
261 2515 510 2542 ecclesiasticorum
528 2513 602 2540 omni
632 2513 736 2540 ratione
765 2513 955 2547 procurandae,

167 2561 241 2588 haud
258 2561 308 2588 sibi
323 2560 485 2588 cessandum
503 2560 529 2586 in
546 2559 598 2586 hac
611 2559 732 2593 pacanda
754 2559 890 2586 discordia
904 2567 957 2594 pu-

169 2609 255 2641 tavit;
277 2609 304 2635 in
332 2615 387 2642 quo
410 2606 576 2634 restitutioni
600 2606 709 2641 quidem
739 2605 858 2640 Ephesii,
874 2614 955 2641 quam

169 2655 249 2682 multi
266 2654 413 2690 urgebant,
425 2660 480 2680 non
493 2652 576 2679 modo
588 2652 714 2679 assentiri
729 2660 757 2680 se
773 2654 956 2685 monstrabat,

169 2702 218 2730 sed
235 2702 258 2729 ei
275 2702 346 2730 ultro
368 2699 560 2737 promOvenda:
580 2703 703 2734 paratam
726 2699 874 2727 exhibebat
894 2707 958 2733 ope-

169 2755 241 2775 ram.
255 2747 358 2775 Tamen
386 2746 458 2774 idem
481 2746 540 2781 ejus
558 2745 597 2773 rei
614 2747 700 2780 gratia
716 2746 769 2772 vim
798 2744 892 2773 inferri
911 2754 958 2780 pa-

169 2795 301 2822 triarcha:
311 2793 384 2820 haud
402 2793 499 2820 decere
517 2792 668 2827 judicabat.
688 2791 783 2825 Unde,
801 2799 957 2827 quanquam

171 2841 290 2868 libenter
302 2840 410 2867 audiret
430 2830 599 2876 quaecunque
610 2847 659 2874 pro
672 2838 787 2874 Ephesio
802 2839 958 2873 allegabat!-

172 2889 228 2916 tur,
251 2876 444 2914 molestissime
469 2886 575 2913 ferebat
589 2893 698 2912 omnem
716 2885 882 2912 mentionem
901 2885 957 2911 dis-

209 2933 330 2960 ~szonisa
347 2941 486 2961 sacrorum
502 2933 640 2966 principe;
657 2937 682 2960 et
695 2940 763 2960 ouos
779 2932 885 2960 audiret
900 2939 958 2960 cum

1008 2330 1090 2357 istam
1112 2328 1330 2365 propalationem
1350 2328 1389 2355 rei
1411 2335 1425 2354 a
1444 2335 1474 2354 se
1497 2331 1573 2354 tanto
1595 2327 1688 2354 studio
1704 2327 1799 2354 celata:

1009 2377 1160 2411 imperator
1189 2376 1324 2408 sentiens,
1353 2382 1415 2402 eum
1450 2374 1496 2409 qui
1527 2374 1579 2402 sibi
1598 2374 1703 2408 primus
1724 2373 1797 2400 illam

1008 2423 1171 2456 indicasset,
1194 2422 1397 2458 Selybriensem
1412 2422 1505 2450 violati
1523 2422 1618 2450 arcani
1640 2428 1797 2456 suspectum

1010 2469 1122 2503 habuit;
1138 2474 1165 2497 et
1181 2469 1208 2496 in
1226 2477 1285 2496 eam
1313 2469 1439 2497 incubuit
1459 2473 1563 2504 partem
1582 2474 1611 2496 ut
1625 2470 1749 2495 crederet
1768 2468 1800 2494 il—

1009 2515 1065 2542 lum
1094 2516 1280 2551 indulgentem
1299 2516 1436 2550 prurigini
1457 2515 1585 2549 maligna:
1610 2515 1671 2541 aliis
1689 2522 1798 2549 quoque

1009 2561 1216 2594 manifestasse,
1246 2562 1320 2596 quod
1338 2562 1440 2589 frustra
1454 2561 1477 2588 ei
1491 2561 1590 2588 fuisset
1603 2569 1617 2588 a
1632 2569 1662 2589 se
1674 2560 1800 2595 impense

1010 2607 1233 2635 commendatum
1273 2615 1307 2635 ne
1334 2608 1448 2635 omnino
1484 2608 1643 2634 mortalium
1671 2608 1798 2641 cuiquam

1011 2654 1140 2689 aperiret.
1157 2653 1189 2682 Et
1204 2654 1276 2681 hunc
1295 2654 1406 2689 quidem
1420 2653 1509 2689 ipsum
1524 2660 1616 2680 coram
1633 2653 1800 2688 redarguere

1010 2700 1131 2728 levitatis
1146 2700 1219 2728 illius
1241 2699 1314 2728 haud
1330 2700 1433 2733 voluit,
1456 2707 1491 2727 ne
1510 2700 1570 2727 sine
1598 2707 1688 2734 opem
1710 2699 1800 2734 pretio
1833 2719 1840 2722 .

1010 2755 1073 2775 cum
1096 2747 1218 2774 irritaret
1235 2755 1242 2773 :
1264 2746 1340 2773 illum
1357 2751 1447 2772 tamen
1464 2753 1497 2773 eo
1515 2745 1624 2773 nomine
1642 2745 1714 2780 apud
1731 2745 1800 2774 alios

1011 2793 1187 2829 vituperavit,
1203 2800 1235 2820 ac
1249 2793 1336 2820 fretus
1354 2793 1489 2828 gravitate
1500 2797 1622 2826 notaque
1633 2791 1800 2826 patriarchae

1013 2841 1168 2868 innocentia
1196 2847 1250 2867 non
1274 2839 1410 2877 dubitavit
1433 2838 1536 2865 crimen
1563 2837 1589 2864 id
1611 2841 1698 2864 totum
1724 2837 1800 2865 falsa!

1011 2887 1155 2914 calumniae
1166 2885 1336 2918 adscribere,
1346 2882 1538 2919 conquerendo
1548 2882 1581 2910 de
1592 2889 1625 2910 eo
1637 2883 1684 2918 qui
1694 2883 1800 2918 primus

1012 2935 1180 2967 vulvaveral.
1196 2934 1268 2969 quod
1292 2933 1351 2961 luce
1378 2931 1600 2966 indignissimtnn
1616 2931 1703 2964 premi
1725 2937 1800 2958 tene-
