  <div class='ocr_page' id='page_1' title='image "/cluster/home/n/w/nwhite01/storage/ocr_20150623/144/njp.32101010942892/204.png"; bbox 0 0 1953 3065; ppageno 0'>
   <div class='ocr_carea' id='block_1_1' title="bbox 140 137 192 168">
    <p class='ocr_par' dir='ltr' id='par_1_1' title="bbox 140 137 192 168">
     <span class='ocr_line' id='line_1_1' title="bbox 140 137 192 168; baseline 0 -1"><span class='ocrx_word' id='word_1_1' title='bbox 140 137 192 168; x_wconf 77' lang='grc'><strong>365</strong></span> 
     </span>
    </p>
   </div>
   <div class='ocr_carea' id='block_1_2' title="bbox 594 99 1280 160">
    <p class='ocr_par' dir='ltr' id='par_1_2' title="bbox 594 99 1280 160">
     <span class='ocr_line' id='line_1_2' title="bbox 594 99 1280 160; baseline -0.012 0"><span class='ocrx_word' id='word_1_2' title='bbox 594 130 642 160; x_wconf 83' lang='lat' dir='ltr'><strong>DE</strong></span> <span class='ocrx_word' id='word_1_3' title='bbox 661 127 884 159; x_wconf 79' lang='lat' dir='ltr'><strong>ANDRONICO</strong></span> <span class='ocrx_word' id='word_1_4' title='bbox 899 125 1128 158; x_wconf 59' lang='lat' dir='ltr'><strong>PALEOLOGO</strong></span> <span class='ocrx_word' id='word_1_5' title='bbox 1140 99 1223 154; x_wconf 20' lang='lat' dir='ltr'><strong>\LlB.</strong></span> <span class='ocrx_word' id='word_1_6' title='bbox 1234 124 1280 153; x_wconf 92' lang='lat' dir='ltr'><strong>IV.</strong></span> 
     </span>
    </p>
   </div>
   <div class='ocr_carea' id='block_1_3' title="bbox 1706 114 1759 148">
    <p class='ocr_par' dir='ltr' id='par_1_3' title="bbox 1706 114 1759 148">
     <span class='ocr_line' id='line_1_3' title="bbox 1706 114 1759 148; baseline -0.019 0"><span class='ocrx_word' id='word_1_7' title='bbox 1706 114 1759 148; x_wconf 79' lang='lat'><strong>365</strong></span> 
     </span>
    </p>
   </div>
   <div class='ocr_carea' id='block_1_4' title="bbox 138 174 1759 225">
    <p class='ocr_par' dir='ltr' id='par_1_4' title="bbox 138 174 1759 225">
     <span class='ocr_line' id='line_1_4' title="bbox 138 174 1759 225; baseline -0.012 -8"><span class='ocrx_word' id='word_1_8' title='bbox 138 192 249 225; x_wconf 74' lang='grc' dir='ltr'><strong>θὲτησε,</strong></span> <span class='ocrx_word' id='word_1_9' title='bbox 264 189 302 224; x_wconf 83' lang='grc' dir='ltr'>τῷ</span> <span class='ocrx_word' id='word_1_10' title='bbox 321 189 408 224; x_wconf 74' lang='grc' dir='ltr'>περᾷν</span> <span class='ocrx_word' id='word_1_11' title='bbox 427 188 471 214; x_wconf 81' lang='grc' dir='ltr'><strong>διὰ</strong></span> <span class='ocrx_word' id='word_1_12' title='bbox 490 187 538 221; x_wconf 83' lang='grc' dir='ltr'>τῆς</span> <span class='ocrx_word' id='word_1_13' title='bbox 559 186 751 221; x_wconf 75' lang='grc' dir='ltr'><strong>προσχώσεως.</strong></span> <span class='ocrx_word' id='word_1_14' title='bbox 768 184 859 210; x_wconf 77' lang='grc' dir='ltr'><strong>Ταῦτι</strong></span> <span class='ocrx_word' id='word_1_15' title='bbox 879 191 924 217; x_wconf 80' lang='grc' dir='ltr'><strong>γε-</strong></span> <span class='ocrx_word' id='word_1_16' title='bbox 942 190 963 216; x_wconf 74' lang='grc' dir='ltr'><strong>Α</strong></span> <span class='ocrx_word' id='word_1_17' title='bbox 977 181 1098 216; x_wconf 78' lang='grc' dir='ltr'>ἀσφαλὲς</span> <span class='ocrx_word' id='word_1_18' title='bbox 1114 179 1238 206; x_wconf 80' lang='grc' dir='ltr'><strong>ἐντεῦθεν</strong></span> <span class='ocrx_word' id='word_1_19' title='bbox 1255 179 1372 212; x_wconf 69' lang='grc' dir='ltr'>ἔχοντες,</span> <span class='ocrx_word' id='word_1_20' title='bbox 1400 175 1510 205; x_wconf 79' lang='grc' dir='ltr'>στάντες</span> <span class='ocrx_word' id='word_1_21' title='bbox 1528 174 1639 201; x_wconf 73' lang='grc' dir='ltr'>ἔϐαλλον</span> <span class='ocrx_word' id='word_1_22' title='bbox 1654 174 1759 215; x_wconf 14' lang='grc' dir='ltr'>ἢόϊστοῖς</span> 
     </span>
    </p>
   </div>
   <div class='ocr_carea' id='block_1_5' title="bbox 137 229 924 271">
    <p class='ocr_par' dir='ltr' id='par_1_5' title="bbox 137 229 924 271">
     <span class='ocr_line' id='line_1_5' title="bbox 137 229 924 271; baseline -0.011 -7"><span class='ocrx_word' id='word_1_23' title='bbox 137 238 214 271; x_wconf 83' lang='grc' dir='ltr'>γόνει</span> <span class='ocrx_word' id='word_1_24' title='bbox 229 237 260 262; x_wconf 80' lang='grc' dir='ltr'><strong>ὲκ</strong></span> <span class='ocrx_word' id='word_1_25' title='bbox 278 234 441 270; x_wconf 76' lang='grc' dir='ltr'>παραδόξου,</span> <span class='ocrx_word' id='word_1_26' title='bbox 461 234 509 260; x_wconf 64' lang='grc' dir='ltr'><strong>καὶ</strong></span> <span class='ocrx_word' id='word_1_27' title='bbox 525 232 628 268; x_wconf 81' lang='grc' dir='ltr'>βασιλεὶ</span> <span class='ocrx_word' id='word_1_28' title='bbox 645 231 792 266; x_wconf 70' lang='grc' dir='ltr'><strong>ἠγγέλλετο</strong></span> <span class='ocrx_word' id='word_1_29' title='bbox 805 231 845 256; x_wconf 84' lang='grc' dir='ltr'>ὅτι</span> <span class='ocrx_word' id='word_1_30' title='bbox 858 229 924 264; x_wconf 74' lang='grc' dir='ltr'>πλῆ-</span> 
     </span>
    </p>
   </div>
   <div class='ocr_carea' id='block_1_6' title="bbox 139 275 924 318">
    <p class='ocr_par' dir='ltr' id='par_1_6' title="bbox 139 275 924 318">
     <span class='ocr_line' id='line_1_6' title="bbox 139 275 924 318; baseline -0.01 -9"><span class='ocrx_word' id='word_1_31' title='bbox 139 291 187 318; x_wconf 78' lang='grc' dir='ltr'>ρες</span> <span class='ocrx_word' id='word_1_32' title='bbox 214 281 318 316; x_wconf 74' lang='grc' dir='ltr'>ἐχθρῶν</span> <span class='ocrx_word' id='word_1_33' title='bbox 334 280 364 307; x_wconf 78' lang='grc' dir='ltr'>τὸ</span> <span class='ocrx_word' id='word_1_34' title='bbox 388 280 544 315; x_wconf 77' lang='grc' dir='ltr'><strong>μεσόγαιον,</strong></span> <span class='ocrx_word' id='word_1_35' title='bbox 565 279 589 304; x_wconf 75' lang='grc' dir='ltr'>εἰ</span> <span class='ocrx_word' id='word_1_36' title='bbox 612 278 659 304; x_wconf 68' lang='grc' dir='ltr'><strong>καὶ</strong></span> <span class='ocrx_word' id='word_1_37' title='bbox 686 275 924 311; x_wconf 77' lang='grc' dir='ltr'>’ΔλῆςἊμούριος</span> 
     </span>
    </p>
   </div>
   <div class='ocr_carea' id='block_1_7' title="bbox 139 320 923 363">
    <p class='ocr_par' dir='ltr' id='par_1_7' title="bbox 139 320 923 363">
     <span class='ocr_line' id='line_1_7' title="bbox 139 320 923 363; baseline -0.011 -8"><span class='ocrx_word' id='word_1_38' title='bbox 139 328 252 363; x_wconf 77' lang='grc' dir='ltr'><strong>εἰρήνην</strong></span> <span class='ocrx_word' id='word_1_39' title='bbox 267 327 313 353; x_wconf 61' lang='grc' dir='ltr'>καὶ</span> <span class='ocrx_word' id='word_1_40' title='bbox 325 327 353 357; x_wconf 74' lang='grc' dir='ltr'>ἒς</span> <span class='ocrx_word' id='word_1_41' title='bbox 365 326 424 352; x_wconf 80' lang='grc' dir='ltr'>τόδε</span> <span class='ocrx_word' id='word_1_42' title='bbox 437 324 670 359; x_wconf 74' lang='grc' dir='ltr'><strong>σχηματιζόμενος</strong></span> <span class='ocrx_word' id='word_1_43' title='bbox 683 321 836 357; x_wconf 76' lang='grc' dir='ltr'><strong>ὲφησύχαζε</strong></span> <span class='ocrx_word' id='word_1_44' title='bbox 845 320 923 350; x_wconf 76' lang='grc' dir='ltr'>τέως.</span> 
     </span>
    </p>
   </div>
   <div class='ocr_carea' id='block_1_8' title="bbox 145 366 926 406">
    <p class='ocr_par' dir='ltr' id='par_1_8' title="bbox 145 366 926 406">
     <span class='ocr_line' id='line_1_8' title="bbox 145 366 926 406; baseline -0.012 -6"><span class='ocrx_word' id='word_1_45' title='bbox 145 373 228 400; x_wconf 76' lang='grc' dir='ltr'>Ἀλλὰ</span> <span class='ocrx_word' id='word_1_46' title='bbox 246 373 279 398; x_wconf 82' lang='grc' dir='ltr'><strong>τὰ</strong></span> <span class='ocrx_word' id='word_1_47' title='bbox 299 371 337 406; x_wconf 83' lang='grc' dir='ltr'><strong>τῷ</strong></span> <span class='ocrx_word' id='word_1_48' title='bbox 349 371 454 405; x_wconf 81' lang='grc' dir='ltr'>’Λτμὰν</span> <span class='ocrx_word' id='word_1_49' title='bbox 471 370 505 396; x_wconf 77' lang='grc' dir='ltr'><strong>τὰ</strong></span> <span class='ocrx_word' id='word_1_50' title='bbox 518 369 581 403; x_wconf 70' lang='grc' dir='ltr'>περὶ</span> <span class='ocrx_word' id='word_1_51' title='bbox 594 368 644 402; x_wconf 80' lang='grc' dir='ltr'>τὴν</span> <span class='ocrx_word' id='word_1_52' title='bbox 662 367 780 394; x_wconf 78' lang='grc' dir='ltr'>Νίκαιαν</span> <span class='ocrx_word' id='word_1_53' title='bbox 795 366 926 400; x_wconf 61' lang='grc' dir='ltr'><strong>ιιιιίιιοιιιρέ⁴</strong></span> 
     </span>
    </p>
   </div>
   <div class='ocr_carea' id='block_1_9' title="bbox 142 411 926 454">
    <p class='ocr_par' dir='ltr' id='par_1_9' title="bbox 142 411 926 454">
     <span class='ocr_line' id='line_1_9' title="bbox 142 411 926 454; baseline -0.011 -9"><span class='ocrx_word' id='word_1_54' title='bbox 142 428 217 454; x_wconf 76' lang='grc' dir='ltr'>χον-ει</span> <span class='ocrx_word' id='word_1_55' title='bbox 235 418 380 452; x_wconf 73' lang='grc' dir='ltr'><strong>ἐσύστερον</strong></span> <span class='ocrx_word' id='word_1_56' title='bbox 400 413 651 450; x_wconf 80' lang='grc' dir='ltr'>ἁριστουργηθέντα</span> <span class='ocrx_word' id='word_1_57' title='bbox 674 414 721 439; x_wconf 59' lang='grc' dir='ltr'><strong>καὶ⁸</strong></span> <span class='ocrx_word' id='word_1_58' title='bbox 739 411 834 439; x_wconf 76' lang='grc' dir='ltr'>τοῦτον</span> <span class='ocrx_word' id='word_1_59' title='bbox 859 412 926 446; x_wconf 81' lang='grc' dir='ltr'><strong>ἐπῆ-</strong></span> 
     </span>
    </p>
   </div>
   <div class='ocr_carea' id='block_1_10' title="bbox 145 455 927 500">
    <p class='ocr_par' dir='ltr' id='par_1_10' title="bbox 145 455 927 500">
     <span class='ocr_line' id='line_1_10' title="bbox 145 455 927 500; baseline -0.012 -9"><span class='ocrx_word' id='word_1_60' title='bbox 145 474 202 500; x_wconf 80' lang='grc' dir='ltr'>ρεν,</span> <span class='ocrx_word' id='word_1_61' title='bbox 218 463 313 498; x_wconf 73' lang='grc' dir='ltr'>ἱκανὴν</span> <span class='ocrx_word' id='word_1_62' title='bbox 329 461 529 497; x_wconf 77' lang='grc' dir='ltr'><strong>φιλοφροσύνην</strong></span> <span class='ocrx_word' id='word_1_63' title='bbox 541 459 654 492; x_wconf 76' lang='grc' dir='ltr'>δόξαντα.</span> <span class='ocrx_word' id='word_1_64' title='bbox 670 458 874 492; x_wconf 75' lang='grc' dir='ltr'><strong>καταπράττειν</strong></span> <span class='ocrx_word' id='word_1_65' title='bbox 889 455 927 490; x_wconf 85' lang='grc' dir='ltr'>τῷ</span> 
     </span>
    </p>
   </div>
   <div class='ocr_carea' id='block_1_11' title="bbox 144 501 925 545">
    <p class='ocr_par' dir='ltr' id='par_1_11' title="bbox 144 501 925 545">
     <span class='ocr_line' id='line_1_11' title="bbox 144 501 925 545; baseline -0.012 -9"><span class='ocrx_word' id='word_1_66' title='bbox 144 511 260 545; x_wconf 79' lang='grc' dir='ltr'>βασιλεῖ,</span> <span class='ocrx_word' id='word_1_67' title='bbox 281 509 360 543; x_wconf 78' lang='grc' dir='ltr'>εἰπερ</span> <span class='ocrx_word' id='word_1_68' title='bbox 390 506 525 542; x_wconf 76' lang='grc' dir='ltr'>εἰρηνεύοι</span> <span class='ocrx_word' id='word_1_69' title='bbox 552 505 589 540; x_wconf 83' lang='grc' dir='ltr'>μὴ</span> <span class='ocrx_word' id='word_1_70' title='bbox 607 503 804 530; x_wconf 78' lang='grc' dir='ltr'>εἰσϐαλλόντων</span> <span class='ocrx_word' id='word_1_71' title='bbox 819 501 925 528; x_wconf 85' lang='grc' dir='ltr'>ἄλλων·</span> 
     </span>
    </p>
   </div>
   <div class='ocr_carea' id='block_1_12' title="bbox 144 547 928 587">
    <p class='ocr_par' dir='ltr' id='par_1_12' title="bbox 144 547 928 587">
     <span class='ocr_line' id='line_1_12' title="bbox 144 547 928 587; baseline -0.013 -4"><span class='ocrx_word' id='word_1_72' title='bbox 144 559 167 583; x_wconf 78' lang='grc' dir='ltr'><strong>εὶ</strong></span> <span class='ocrx_word' id='word_1_73' title='bbox 183 556 205 582; x_wconf 80' lang='grc' dir='ltr'><strong>δ’</strong></span> <span class='ocrx_word' id='word_1_74' title='bbox 220 556 277 587; x_wconf 73' lang='grc' dir='ltr'>οὖν,</span> <span class='ocrx_word' id='word_1_75' title='bbox 293 554 362 582; x_wconf 79' lang='grc' dir='ltr'>ἀλλὰ</span> <span class='ocrx_word' id='word_1_76' title='bbox 381 553 427 580; x_wconf 74' lang='grc' dir='ltr'><strong>καὶ</strong></span> <span class='ocrx_word' id='word_1_77' title='bbox 450 552 530 582; x_wconf 79' lang='grc' dir='ltr'>αὐτὸς</span> <span class='ocrx_word' id='word_1_78' title='bbox 548 550 666 583; x_wconf 74' lang='grc' dir='ltr'>ἁρπάζοι</span> <span class='ocrx_word' id='word_1_79' title='bbox 688 549 722 576; x_wconf 84' lang='grc' dir='ltr'><strong>τὰ</strong></span> <span class='ocrx_word' id='word_1_80' title='bbox 745 549 802 579; x_wconf 72' lang='grc' dir='ltr'>τοῖς</span> <span class='ocrx_word' id='word_1_81' title='bbox 820 547 928 577; x_wconf 76' lang='grc' dir='ltr'><strong>πολλοῖς</strong></span> 
     </span>
    </p>
   </div>
   <div class='ocr_carea' id='block_1_13' title="bbox 144 594 929 635">
    <p class='ocr_par' dir='ltr' id='par_1_13' title="bbox 144 594 929 635">
     <span class='ocr_line' id='line_1_13' title="bbox 144 594 929 635; baseline -0.014 -6"><span class='ocrx_word' id='word_1_82' title='bbox 144 602 317 635; x_wconf 66' lang='grc' dir='ltr'>ἀπαγόμενοι.</span> <span class='ocrx_word' id='word_1_83' title='bbox 335 599 439 634; x_wconf 78' lang='grc' dir='ltr'>Ἀτμὰν</span> <span class='ocrx_word' id='word_1_84' title='bbox 466 598 556 625; x_wconf 77' lang='grc' dir='ltr'>τοίνυν</span> <span class='ocrx_word' id='word_1_85' title='bbox 576 596 629 623; x_wconf 86' lang='grc' dir='ltr'>τῶν</span> <span class='ocrx_word' id='word_1_86' title='bbox 646 596 718 630; x_wconf 73' lang='grc' dir='ltr'>ἀμφὶ</span> <span class='ocrx_word' id='word_1_87' title='bbox 744 594 793 629; x_wconf 79' lang='grc' dir='ltr'>τὴν</span> <span class='ocrx_word' id='word_1_88' title='bbox 812 594 929 619; x_wconf 74' lang='grc' dir='ltr'>Νίκαιαν</span> 
     </span>
    </p>
   </div>
   <div class='ocr_carea' id='block_1_14' title="bbox 145 638 930 682">
    <p class='ocr_par' dir='ltr' id='par_1_14' title="bbox 145 638 930 682">
     <span class='ocr_line' id='line_1_14' title="bbox 145 638 930 682; baseline -0.015 -7"><span class='ocrx_word' id='word_1_89' title='bbox 145 649 236 675; x_wconf 73' lang='grc' dir='ltr'>τόπων</span> <span class='ocrx_word' id='word_1_90' title='bbox 250 647 360 682; x_wconf 68' lang='grc' dir='ltr'>ἀπάρας</span> <span class='ocrx_word' id='word_1_91' title='bbox 376 646 415 680; x_wconf 79' lang='grc' dir='ltr'><strong>(τὸ</strong></span> <span class='ocrx_word' id='word_1_92' title='bbox 436 645 488 679; x_wconf 83' lang='grc' dir='ltr'>γὰρ</span> <span class='ocrx_word' id='word_1_93' title='bbox 504 643 610 678; x_wconf 75' lang='grc' dir='ltr'>συμϐὰν</span> <span class='ocrx_word' id='word_1_94' title='bbox 625 641 759 676; x_wconf 77' lang='grc' dir='ltr'>πρότερον</span> <span class='ocrx_word' id='word_1_95' title='bbox 770 639 808 674; x_wconf 83' lang='grc' dir='ltr'>τῷ</span> <span class='ocrx_word' id='word_1_96' title='bbox 821 638 930 669; x_wconf 78' lang='grc' dir='ltr'><strong>Μουζά-</strong></span> 
     </span>
    </p>
   </div>
   <div class='ocr_carea' id='block_1_15' title="bbox 146 684 931 727">
    <p class='ocr_par' dir='ltr' id='par_1_15' title="bbox 146 684 931 727">
     <span class='ocr_line' id='line_1_15' title="bbox 146 684 931 727; baseline -0.014 -7"><span class='ocrx_word' id='word_1_97' title='bbox 146 694 212 720; x_wconf 88' lang='grc' dir='ltr'>λωνι</span> <span class='ocrx_word' id='word_1_98' title='bbox 224 693 336 727; x_wconf 68' lang='grc' dir='ltr'>σφάλμα</span> <span class='ocrx_word' id='word_1_99' title='bbox 352 693 398 718; x_wconf 78' lang='grc' dir='ltr'><strong>καὶ</strong></span> <span class='ocrx_word' id='word_1_100' title='bbox 424 691 504 717; x_wconf 73' lang='grc' dir='ltr'>πλέον</span> <span class='ocrx_word' id='word_1_101' title='bbox 518 689 630 723; x_wconf 81' lang='grc' dir='ltr'>ὦγκωσε</span> <span class='ocrx_word' id='word_1_102' title='bbox 648 686 764 720; x_wconf 82' lang='grc' dir='ltr'>τοῦτον),</span> <span class='ocrx_word' id='word_1_103' title='bbox 780 685 842 716; x_wconf 80' lang='grc' dir='ltr'>τοὺς</span> <span class='ocrx_word' id='word_1_104' title='bbox 856 684 931 718; x_wconf 82' lang='grc' dir='ltr'>ὀρει-</span> 
     </span>
    </p>
   </div>
   <div class='ocr_carea' id='block_1_16' title="bbox 146 730 930 773">
    <p class='ocr_par' dir='ltr' id='par_1_16' title="bbox 146 730 930 773">
     <span class='ocr_line' id='line_1_16' title="bbox 146 730 930 773; baseline -0.013 -8"><span class='ocrx_word' id='word_1_105' title='bbox 146 740 209 772; x_wconf 67' lang='grc' dir='ltr'>νοὺς</span> <span class='ocrx_word' id='word_1_106' title='bbox 226 738 337 766; x_wconf 80' lang='grc' dir='ltr'>διελθὼν</span> <span class='ocrx_word' id='word_1_107' title='bbox 355 738 485 773; x_wconf 78' lang='grc' dir='ltr'>σῖφωνας,</span> <span class='ocrx_word' id='word_1_108' title='bbox 505 735 614 767; x_wconf 75' lang='grc' dir='ltr'>ἕτοιμος</span> <span class='ocrx_word' id='word_1_109' title='bbox 629 731 663 768; x_wconf 83' lang='grc' dir='ltr'>ἦν</span> <span class='ocrx_word' id='word_1_110' title='bbox 684 731 832 759; x_wconf 80' lang='grc' dir='ltr'>καταθέειν</span> <span class='ocrx_word' id='word_1_111' title='bbox 855 730 930 756; x_wconf 68' lang='grc' dir='ltr'>’Δλιη</span> 
     </span>
    </p>
   </div>
   <div class='ocr_carea' id='block_1_17' title="bbox 147 775 931 819">
    <p class='ocr_par' dir='ltr' id='par_1_17' title="bbox 147 775 931 819">
     <span class='ocr_line' id='line_1_17' title="bbox 147 775 931 819; baseline -0.017 -5"><span class='ocrx_word' id='word_1_112' title='bbox 147 787 252 819; x_wconf 78' lang='grc' dir='ltr'>ζώνων.</span> <span class='ocrx_word' id='word_1_113' title='bbox 275 785 355 812; x_wconf 72' lang='grc' dir='ltr'>Ἀλλὰ</span> <span class='ocrx_word' id='word_1_114' title='bbox 373 785 436 818; x_wconf 60' lang='grc' dir='ltr'>πρὶν</span> <span class='ocrx_word' id='word_1_115' title='bbox 453 782 533 809; x_wconf 75' lang='grc' dir='ltr'>αὑτὸν</span> <span class='ocrx_word' id='word_1_116' title='bbox 546 780 695 819; x_wconf 48' lang='grc' dir='ltr'><strong>ιεῐσόαλεῖνξ</strong></span> <span class='ocrx_word' id='word_1_117' title='bbox 709 777 811 812; x_wconf 77' lang='grc' dir='ltr'>πλῆθος</span> <span class='ocrx_word' id='word_1_118' title='bbox 826 775 931 811; x_wconf 69' lang='grc' dir='ltr'>ἐχθρῶν</span> 
     </span>
    </p>
   </div>
   <div class='ocr_carea' id='block_1_18' title="bbox 148 818 931 867">
    <p class='ocr_par' dir='ltr' id='par_1_18' title="bbox 148 818 931 867">
     <span class='ocr_line' id='line_1_18' title="bbox 148 818 931 867; baseline -0.017 -7"><span class='ocrx_word' id='word_1_119' title='bbox 148 818 291 867; x_wconf 62' lang='grc' dir='ltr'>συναχθὲν,</span> <span class='ocrx_word' id='word_1_120' title='bbox 308 832 347 863; x_wconf 72' lang='grc' dir='ltr'><strong>εἰς</strong></span> <span class='ocrx_word' id='word_1_121' title='bbox 363 829 460 857; x_wconf 75' lang='grc' dir='ltr'>ἑκατὸν</span> <span class='ocrx_word' id='word_1_122' title='bbox 473 827 595 854; x_wconf 76' lang='grc' dir='ltr'>ποσωθὲν</span> <span class='ocrx_word' id='word_1_123' title='bbox 610 826 657 853; x_wconf 75' lang='grc' dir='ltr'><strong>καὶ</strong></span> <span class='ocrx_word' id='word_1_124' title='bbox 675 818 784 860; x_wconf 66' lang='grc' dir='ltr'>μόνους.</span> <span class='ocrx_word' id='word_1_125' title='bbox 801 823 864 857; x_wconf 82' lang='grc' dir='ltr'>περί</span> <span class='ocrx_word' id='word_1_126' title='bbox 879 830 931 847; x_wconf 87' lang='grc' dir='ltr'><strong>που</strong></span> 
     </span>
    </p>
   </div>
   <div class='ocr_carea' id='block_1_19' title="bbox 979 212 1761 256">
    <p class='ocr_par' dir='ltr' id='par_1_19' title="bbox 979 219 1761 256">
     <span class='ocr_line' id='line_1_19' title="bbox 979 219 1761 256; baseline -0.01 -2"><span class='ocrx_word' id='word_1_127' title='bbox 979 228 1025 254; x_wconf 78' lang='grc' dir='ltr'><strong>καὶ</strong></span> <span class='ocrx_word' id='word_1_128' title='bbox 1052 226 1242 256; x_wconf 81' lang='grc' dir='ltr'>κυκλώσαντες</span> <span class='ocrx_word' id='word_1_129' title='bbox 1269 223 1438 255; x_wconf 74' lang='grc' dir='ltr'>ὲτοξάζοντο,</span> <span class='ocrx_word' id='word_1_130' title='bbox 1464 221 1508 248; x_wconf 58' lang='grc' dir='ltr'><strong>καλ</strong></span> <span class='ocrx_word' id='word_1_131' title='bbox 1526 220 1581 246; x_wconf 85' lang='grc' dir='ltr'><strong>τῶν</strong></span> <span class='ocrx_word' id='word_1_132' title='bbox 1609 219 1761 246; x_wconf 70' lang='grc' dir='ltr'><strong>διωκόντων</strong></span> 
     </span>
    </p>
   </div>
   <div class='ocr_carea' id='block_1_20' title="bbox 978 266 1763 304">
    <p class='ocr_par' dir='ltr' id='par_1_20' title="bbox 978 266 1763 304">
     <span class='ocr_line' id='line_1_20' title="bbox 978 266 1763 304; baseline -0.006 -7"><span class='ocrx_word' id='word_1_133' title='bbox 978 270 1102 297; x_wconf 80' lang='grc' dir='ltr'>τοσοῦτον</span> <span class='ocrx_word' id='word_1_134' title='bbox 1128 271 1349 304; x_wconf 80' lang='grc' dir='ltr'>περιγεγόνεισαν</span> <span class='ocrx_word' id='word_1_135' title='bbox 1375 267 1443 294; x_wconf 79' lang='grc' dir='ltr'>ὥστε</span> <span class='ocrx_word' id='word_1_136' title='bbox 1459 267 1505 294; x_wconf 76' lang='grc' dir='ltr'><strong>καὶ</strong></span> <span class='ocrx_word' id='word_1_137' title='bbox 1519 266 1600 293; x_wconf 75' lang='grc' dir='ltr'>αὐτὸν</span> <span class='ocrx_word' id='word_1_138' title='bbox 1616 267 1763 301; x_wconf 70' lang='grc' dir='ltr'>κατασχεῖν</span> 
     </span>
    </p>
   </div>
   <div class='ocr_carea' id='block_1_21' title="bbox 979 312 1763 350">
    <p class='ocr_par' dir='ltr' id='par_1_21' title="bbox 979 312 1763 350">
     <span class='ocr_line' id='line_1_21' title="bbox 979 312 1763 350; baseline -0.006 -7"><span class='ocrx_word' id='word_1_139' title='bbox 979 317 1024 344; x_wconf 81' lang='grc' dir='ltr'>τὸν</span> <span class='ocrx_word' id='word_1_140' title='bbox 1038 317 1113 350; x_wconf 69' lang='grc' dir='ltr'>σφῶν</span> <span class='ocrx_word' id='word_1_141' title='bbox 1131 315 1328 350; x_wconf 74' lang='grc' dir='ltr'>ἐξηγούμενον·</span> <span class='ocrx_word' id='word_1_142' title='bbox 1345 314 1396 340; x_wconf 75' lang='grc' dir='ltr'><strong>κᾶν</strong></span> <span class='ocrx_word' id='word_1_143' title='bbox 1414 313 1457 348; x_wconf 86' lang='grc' dir='ltr'><strong>[Ρ.</strong></span> <span class='ocrx_word' id='word_1_144' title='bbox 1476 312 1539 348; x_wconf 69' lang='grc'><strong>229]</strong></span> <span class='ocrx_word' id='word_1_145' title='bbox 1556 313 1711 347; x_wconf 77' lang='grc' dir='ltr'>ἀπήγαγον,</span> <span class='ocrx_word' id='word_1_146' title='bbox 1729 313 1763 346; x_wconf 81' lang='grc' dir='ltr'>ἦν</span> 
     </span>
    </p>
   </div>
   <div class='ocr_carea' id='block_1_22' title="bbox 982 359 1764 397">
    <p class='ocr_par' dir='ltr' id='par_1_22' title="bbox 982 359 1764 397">
     <span class='ocr_line' id='line_1_22' title="bbox 982 359 1764 397; baseline -0.004 -9"><span class='ocrx_word' id='word_1_147' title='bbox 982 363 1018 397; x_wconf 87' lang='grc' dir='ltr'>μή</span> <span class='ocrx_word' id='word_1_148' title='bbox 1034 370 1074 393; x_wconf 87' lang='grc' dir='ltr'><strong>τις</strong></span> <span class='ocrx_word' id='word_1_149' title='bbox 1089 362 1143 387; x_wconf 79' lang='grc' dir='ltr'>τῶν</span> <span class='ocrx_word' id='word_1_150' title='bbox 1163 362 1213 395; x_wconf 82' lang='grc' dir='ltr'>τῆς</span> <span class='ocrx_word' id='word_1_151' title='bbox 1231 359 1385 394; x_wconf 72' lang='grc' dir='ltr'>Ῥωμαϊκῆς</span> <span class='ocrx_word' id='word_1_152' title='bbox 1395 359 1534 393; x_wconf 69' lang='grc' dir='ltr'>φάλαγγος</span> <span class='ocrx_word' id='word_1_153' title='bbox 1549 359 1623 393; x_wconf 78' lang='grc' dir='ltr'>λῆμα</span> <span class='ocrx_word' id='word_1_154' title='bbox 1640 361 1764 392; x_wconf 72' lang='grc' dir='ltr'>γενναῖον</span> 
     </span>
    </p>
   </div>
   <div class='ocr_carea' id='block_1_23' title="bbox 980 405 1764 443">
    <p class='ocr_par' dir='ltr' id='par_1_23' title="bbox 980 405 1764 443">
     <span class='ocr_line' id='line_1_23' title="bbox 980 405 1764 443; baseline -0.005 -9"><span class='ocrx_word' id='word_1_155' title='bbox 980 408 1081 442; x_wconf 78' lang='grc' dir='ltr'>φέρων,</span> <span class='ocrx_word' id='word_1_156' title='bbox 1112 407 1232 443; x_wconf 72' lang='grc' dir='ltr'>στερρῶς</span> <span class='ocrx_word' id='word_1_157' title='bbox 1263 405 1391 440; x_wconf 78' lang='grc' dir='ltr'>ἐμπεσὼν</span> <span class='ocrx_word' id='word_1_158' title='bbox 1415 405 1462 431; x_wconf 77' lang='grc' dir='ltr'><strong>καὶ</strong></span> <span class='ocrx_word' id='word_1_159' title='bbox 1494 406 1679 439; x_wconf 78' lang='grc' dir='ltr'>περι-γεγονὼς</span> <span class='ocrx_word' id='word_1_160' title='bbox 1709 405 1764 431; x_wconf 79' lang='grc' dir='ltr'>τῶν</span> 
     </span>
    </p>
   </div>
   <div class='ocr_carea' id='block_1_24' title="bbox 980 449 1765 485">
    <p class='ocr_par' dir='ltr' id='par_1_24' title="bbox 980 449 1765 485">
     <span class='ocr_line' id='line_1_24' title="bbox 980 449 1765 485; baseline -0.005 -7"><span class='ocrx_word' id='word_1_161' title='bbox 980 452 1110 485; x_wconf 81' lang='grc' dir='ltr'>ἀγόντων.</span> <span class='ocrx_word' id='word_1_162' title='bbox 1126 452 1173 478; x_wconf 79' lang='grc' dir='ltr'><strong>τοῦ</strong></span> <span class='ocrx_word' id='word_1_163' title='bbox 1191 452 1274 478; x_wconf 78' lang='grc' dir='ltr'>ἵππου</span> <span class='ocrx_word' id='word_1_164' title='bbox 1292 450 1372 484; x_wconf 83' lang='grc' dir='ltr'><strong>μόνου</strong></span> <span class='ocrx_word' id='word_1_165' title='bbox 1384 450 1535 484; x_wconf 77' lang='grc' dir='ltr'><strong>τρωθέντος</strong></span> <span class='ocrx_word' id='word_1_166' title='bbox 1550 450 1652 475; x_wconf 77' lang='grc' dir='ltr'>ἐκεῖνον</span> <span class='ocrx_word' id='word_1_167' title='bbox 1665 449 1765 480; x_wconf 74' lang='grc' dir='ltr'><strong>ἐξείλε-</strong></span> 
     </span>
    </p>
   </div>
   <div class='ocr_carea' id='block_1_25' title="bbox 981 495 1765 531">
    <p class='ocr_par' dir='ltr' id='par_1_25' title="bbox 981 495 1765 531">
     <span class='ocr_line' id='line_1_25' title="bbox 981 495 1765 531; baseline -0.004 -7"><span class='ocrx_word' id='word_1_168' title='bbox 981 506 1021 525; x_wconf 84' lang='grc' dir='ltr'>το.</span> <span class='ocrx_word' id='word_1_169' title='bbox 1038 498 1122 524; x_wconf 77' lang='grc' dir='ltr'>Τοῦτο</span> <span class='ocrx_word' id='word_1_170' title='bbox 1137 497 1247 531; x_wconf 72' lang='grc' dir='ltr'>γεγονός</span> <span class='ocrx_word' id='word_1_171' title='bbox 1262 505 1290 523; x_wconf 85' lang='grc' dir='ltr'>τε</span> <span class='ocrx_word' id='word_1_172' title='bbox 1306 497 1352 522; x_wconf 73' lang='grc' dir='ltr'><strong>καὶ</strong></span> <span class='ocrx_word' id='word_1_173' title='bbox 1369 495 1502 522; x_wconf 80' lang='grc' dir='ltr'>ἀχουσθὲν</span> <span class='ocrx_word' id='word_1_174' title='bbox 1525 495 1572 522; x_wconf 71' lang='grc' dir='ltr'><strong>ἐπὶ</strong></span> <span class='ocrx_word' id='word_1_175' title='bbox 1585 495 1665 521; x_wconf 79' lang='grc' dir='ltr'>πλέον</span> <span class='ocrx_word' id='word_1_176' title='bbox 1690 504 1765 531; x_wconf 73' lang='grc' dir='ltr'>παρ-</span> 
     </span>
    </p>
   </div>
   <div class='ocr_carea' id='block_1_26' title="bbox 982 542 1763 579">
    <p class='ocr_par' dir='ltr' id='par_1_26' title="bbox 982 542 1763 579">
     <span class='ocr_line' id='line_1_26' title="bbox 982 542 1763 579; baseline -0.003 -10"><span class='ocrx_word' id='word_1_177' title='bbox 982 543 1085 579; x_wconf 81' lang='grc' dir='ltr'>ώτρυνε</span> <span class='ocrx_word' id='word_1_178' title='bbox 1112 544 1157 569; x_wconf 81' lang='grc' dir='ltr'>τὸν</span> <span class='ocrx_word' id='word_1_179' title='bbox 1173 543 1288 578; x_wconf 73' lang='grc' dir='ltr'>Ἀτμὰν,</span> <span class='ocrx_word' id='word_1_180' title='bbox 1317 545 1362 569; x_wconf 75' lang='grc' dir='ltr'><strong>καὶ</strong></span> <span class='ocrx_word' id='word_1_181' title='bbox 1384 542 1556 577; x_wconf 73' lang='grc' dir='ltr'>ὑπερηφάνει</span> <span class='ocrx_word' id='word_1_182' title='bbox 1581 543 1594 568; x_wconf 82' lang='grc' dir='ltr'>ὁ</span> <span class='ocrx_word' id='word_1_183' title='bbox 1609 542 1763 576; x_wconf 70' lang='grc' dir='ltr'>βάρϐαρος·</span> 
     </span>
    </p>
   </div>
   <div class='ocr_carea' id='block_1_27' title="bbox 983 588 1764 624">
    <p class='ocr_par' dir='ltr' id='par_1_27' title="bbox 983 588 1764 624">
     <span class='ocr_line' id='line_1_27' title="bbox 983 588 1764 624; baseline -0.001 -9"><span class='ocrx_word' id='word_1_184' title='bbox 983 591 1012 621; x_wconf 78' lang='grc' dir='ltr'>ἐς</span> <span class='ocrx_word' id='word_1_185' title='bbox 1024 590 1101 616; x_wconf 80' lang='grc' dir='ltr'>τόσον</span> <span class='ocrx_word' id='word_1_186' title='bbox 1115 590 1168 624; x_wconf 81' lang='grc' dir='ltr'><strong>γὰρ</strong></span> <span class='ocrx_word' id='word_1_187' title='bbox 1183 589 1212 616; x_wconf 79' lang='grc' dir='ltr'><strong>τὺ</strong></span> <span class='ocrx_word' id='word_1_188' title='bbox 1231 589 1295 624; x_wconf 74' lang='grc' dir='ltr'>περὶ</span> <span class='ocrx_word' id='word_1_189' title='bbox 1307 590 1388 616; x_wconf 70' lang='grc' dir='ltr'>αὐτὸν</span> <span class='ocrx_word' id='word_1_190' title='bbox 1406 589 1564 623; x_wconf 80' lang='grc' dir='ltr'>στράτευμα</span> <span class='ocrx_word' id='word_1_191' title='bbox 1587 588 1764 622; x_wconf 77' lang='grc' dir='ltr'>ἐπληθύνετο,</span> 
     </span>
    </p>
   </div>
   <div class='ocr_carea' id='block_1_28' title="bbox 984 635 1768 670">
    <p class='ocr_par' dir='ltr' id='par_1_28' title="bbox 984 635 1768 670">
     <span class='ocr_line' id='line_1_28' title="bbox 984 635 1768 670; baseline 0 -9"><span class='ocrx_word' id='word_1_192' title='bbox 984 636 1054 662; x_wconf 80' lang='grc' dir='ltr'>ὥστε</span> <span class='ocrx_word' id='word_1_193' title='bbox 1070 636 1116 662; x_wconf 79' lang='grc' dir='ltr'>καὶ</span> <span class='ocrx_word' id='word_1_194' title='bbox 1133 636 1237 670; x_wconf 80' lang='grc' dir='ltr'>Πέρσας</span> <span class='ocrx_word' id='word_1_195' title='bbox 1252 636 1348 667; x_wconf 82' lang='grc' dir='ltr'>ἄλλους</span> <span class='ocrx_word' id='word_1_196' title='bbox 1362 637 1394 661; x_wconf 85' lang='grc' dir='ltr'><strong>ὲκ</strong></span> <span class='ocrx_word' id='word_1_197' title='bbox 1404 636 1458 661; x_wconf 81' lang='grc' dir='ltr'>τῶν</span> <span class='ocrx_word' id='word_1_198' title='bbox 1472 636 1534 670; x_wconf 61' lang='grc' dir='ltr'><strong>περὶ¹</strong></span> <span class='ocrx_word' id='word_1_199' title='bbox 1546 635 1702 670; x_wconf 73' lang='grc' dir='ltr'>Μαίανδρον</span> <span class='ocrx_word' id='word_1_200' title='bbox 1719 644 1768 661; x_wconf 81' lang='grc' dir='ltr'>πα-</span> 
     </span>
    </p>
   </div>
   <div class='ocr_carea' id='block_1_29' title="bbox 986 681 1769 716">
    <p class='ocr_par' dir='ltr' id='par_1_29' title="bbox 986 681 1769 716">
     <span class='ocr_line' id='line_1_29' title="bbox 986 681 1769 716; baseline 0 -10"><span class='ocrx_word' id='word_1_201' title='bbox 986 681 1164 716; x_wconf 78' lang='grc' dir='ltr'>ραγεγονότας</span> <span class='ocrx_word' id='word_1_202' title='bbox 1193 682 1354 716; x_wconf 72' lang='grc' dir='ltr'>συμμάχους</span> <span class='ocrx_word' id='word_1_203' title='bbox 1380 681 1451 716; x_wconf 80' lang='grc' dir='ltr'>ἔχειν</span> <span class='ocrx_word' id='word_1_204' title='bbox 1468 682 1514 707; x_wconf 65' lang='grc' dir='ltr'><strong>καὶ</strong></span> <span class='ocrx_word' id='word_1_205' title='bbox 1533 681 1601 715; x_wconf 78' lang='grc' dir='ltr'>πρὸς</span> <span class='ocrx_word' id='word_1_206' title='bbox 1619 681 1666 715; x_wconf 75' lang='grc' dir='ltr'>τὴν</span> <span class='ocrx_word' id='word_1_207' title='bbox 1685 689 1769 710; x_wconf 75' lang='grc' dir='ltr'>κατα-</span> 
     </span>
    </p>
   </div>
   <div class='ocr_carea' id='block_1_30' title="bbox 985 726 1769 762">
    <p class='ocr_par' dir='ltr' id='par_1_30' title="bbox 985 726 1769 762">
     <span class='ocr_line' id='line_1_30' title="bbox 985 726 1769 762; baseline 0.001 -10"><span class='ocrx_word' id='word_1_208' title='bbox 985 727 1088 762; x_wconf 79' lang='grc' dir='ltr'>δρομὴν</span> <span class='ocrx_word' id='word_1_209' title='bbox 1106 727 1292 761; x_wconf 75' lang='grc' dir='ltr'>συλλήπτορας</span> <span class='ocrx_word' id='word_1_210' title='bbox 1308 728 1426 758; x_wconf 61' lang='grc' dir='ltr'>ἱκανούς.</span> <span class='ocrx_word' id='word_1_211' title='bbox 1445 727 1529 753; x_wconf 75' lang='grc' dir='ltr'>Τοῦτο</span> <span class='ocrx_word' id='word_1_212' title='bbox 1543 727 1565 753; x_wconf 79' lang='grc' dir='ltr'><strong>δ’</strong></span> <span class='ocrx_word' id='word_1_213' title='bbox 1577 726 1610 762; x_wconf 78' lang='grc' dir='ltr'>ἧν</span> <span class='ocrx_word' id='word_1_214' title='bbox 1622 726 1710 753; x_wconf 77' lang='grc' dir='ltr'>καὶτὸ</span> <span class='ocrx_word' id='word_1_215' title='bbox 1723 727 1769 753; x_wconf 76' lang='grc' dir='ltr'>τὸν</span> 
     </span>
    </p>
   </div>
   <div class='ocr_carea' id='block_1_31' title="bbox 992 771 1770 807">
    <p class='ocr_par' dir='ltr' id='par_1_31' title="bbox 992 771 1770 807">
     <span class='ocr_line' id='line_1_31' title="bbox 992 771 1770 807; baseline 0.001 -10"><span class='ocrx_word' id='word_1_216' title='bbox 992 771 1135 806; x_wconf 79' lang='grc' dir='ltr'>Ἀμοὺριον</span> <span class='ocrx_word' id='word_1_217' title='bbox 1161 773 1282 807; x_wconf 78' lang='grc' dir='ltr'>ὲπηρκὺς</span> <span class='ocrx_word' id='word_1_218' title='bbox 1305 773 1352 799; x_wconf 80' lang='grc' dir='ltr'><strong>καὶ</strong></span> <span class='ocrx_word' id='word_1_219' title='bbox 1373 775 1469 799; x_wconf 79' lang='grc' dir='ltr'>πεῖσαν</span> <span class='ocrx_word' id='word_1_220' title='bbox 1495 774 1707 807; x_wconf 72' lang='grc' dir='ltr'>παρασπονδεῖν,</span> <span class='ocrx_word' id='word_1_221' title='bbox 1722 773 1770 807; x_wconf 76' lang='grc' dir='ltr'><strong>ζη-</strong></span> 
     </span>
    </p>
   </div>
   <div class='ocr_carea' id='block_1_32' title="bbox 986 815 1773 854">
    <p class='ocr_par' dir='ltr' id='par_1_32' title="bbox 986 815 1773 854">
     <span class='ocr_line' id='line_1_32' title="bbox 986 815 1773 854; baseline 0.004 -11"><span class='ocrx_word' id='word_1_222' title='bbox 986 818 1155 845; x_wconf 64' lang='grc' dir='ltr'>λοτυποῦν-ιτα</span> <span class='ocrx_word' id='word_1_223' title='bbox 1174 818 1241 850; x_wconf 80' lang='grc' dir='ltr'>τέως</span> <span class='ocrx_word' id='word_1_224' title='bbox 1258 819 1282 844; x_wconf 79' lang='grc' dir='ltr'>ει</span> <span class='ocrx_word' id='word_1_225' title='bbox 1301 815 1338 845; x_wconf 80' lang='grc' dir='ltr'>ὧν</span> <span class='ocrx_word' id='word_1_226' title='bbox 1353 820 1433 850; x_wconf 72' lang='grc' dir='ltr'>αὐτὸς</span> <span class='ocrx_word' id='word_1_227' title='bbox 1450 821 1520 846; x_wconf 68' lang='grc' dir='ltr'>κατὰ</span> <span class='ocrx_word' id='word_1_228' title='bbox 1541 820 1590 854; x_wconf 81' lang='grc' dir='ltr'>τὴν</span> <span class='ocrx_word' id='word_1_229' title='bbox 1610 820 1679 854; x_wconf 62' lang='grc' dir='ltr'>πρὶς</span> <span class='ocrx_word' id='word_1_230' title='bbox 1695 820 1773 853; x_wconf 74' lang='grc' dir='ltr'>βασι·</span> 
     </span>
    </p>
   </div>
   <div class='ocr_carea' id='block_1_33' title="bbox 146 862 1772 915">
    <p class='ocr_par' dir='ltr' id='par_1_33' title="bbox 146 862 1772 915">
     <span class='ocr_line' id='line_1_33' title="bbox 146 862 1772 915; baseline -0.009 -9"><span class='ocrx_word' id='word_1_231' title='bbox 146 879 196 915; x_wconf 84' lang='grc' dir='ltr'>τὴν</span> <span class='ocrx_word' id='word_1_232' title='bbox 211 862 363 913; x_wconf 44' lang='grc' dir='ltr'>’ίῑελεμαιαν</span> <span class='ocrx_word' id='word_1_233' title='bbox 385 875 576 910; x_wconf 71' lang='grc' dir='ltr'>καταδαρθεῑσι</span> <span class='ocrx_word' id='word_1_234' title='bbox 592 874 648 903; x_wconf 83' lang='grc' dir='ltr'>τοῖς</span> <span class='ocrx_word' id='word_1_235' title='bbox 671 870 738 905; x_wconf 75' lang='grc' dir='ltr'>περὶ</span> <span class='ocrx_word' id='word_1_236' title='bbox 753 869 799 895; x_wconf 79' lang='grc' dir='ltr'>τὸν</span> <span class='ocrx_word' id='word_1_237' title='bbox 821 868 931 899; x_wconf 79' lang='grc' dir='ltr'>Μουςά-</span> <span class='ocrx_word' id='word_1_238' title='bbox 949 864 969 891; x_wconf 85' lang='grc' dir='ltr'><strong>Β</strong></span> <span class='ocrx_word' id='word_1_239' title='bbox 986 862 1062 915; x_wconf 36' lang='grc' dir='ltr'><strong>ῗξῖζέα</strong></span> <span class='ocrx_word' id='word_1_240' title='bbox 1079 864 1158 898; x_wconf 71' lang='grc' dir='ltr'>χάριν</span> <span class='ocrx_word' id='word_1_241' title='bbox 1171 865 1316 899; x_wconf 80' lang='grc' dir='ltr'>ἀπέσχετο,</span> <span class='ocrx_word' id='word_1_242' title='bbox 1338 865 1423 892; x_wconf 70' lang='grc' dir='ltr'>ταῦτα</span> <span class='ocrx_word' id='word_1_243' title='bbox 1442 867 1577 901; x_wconf 70' lang='grc' dir='ltr'>μακρόθεν</span> <span class='ocrx_word' id='word_1_244' title='bbox 1596 866 1772 897; x_wconf 77' lang='grc' dir='ltr'>ἐσϐάλλοντες</span> 
     </span>
    </p>
   </div>
   <div class='ocr_carea' id='block_1_34' title="bbox 147 914 933 956">
    <p class='ocr_par' dir='ltr' id='par_1_34' title="bbox 147 914 933 956">
     <span class='ocr_line' id='line_1_34' title="bbox 147 914 933 956; baseline -0.018 -3"><span class='ocrx_word' id='word_1_245' title='bbox 147 927 220 953; x_wconf 86' lang='grc' dir='ltr'>λωνα</span> <span class='ocrx_word' id='word_1_246' title='bbox 239 924 351 951; x_wconf 76' lang='grc' dir='ltr'>ἐπιστὰν</span> <span class='ocrx_word' id='word_1_247' title='bbox 363 924 391 955; x_wconf 76' lang='grc' dir='ltr'><strong>ἐξ</strong></span> <span class='ocrx_word' id='word_1_248' title='bbox 410 921 577 956; x_wconf 75' lang='grc' dir='ltr'>ἀπροόπτου,</span> <span class='ocrx_word' id='word_1_249' title='bbox 603 917 719 948; x_wconf 77' lang='grc' dir='ltr'>ἐκεινοις</span> <span class='ocrx_word' id='word_1_250' title='bbox 737 915 786 950; x_wconf 83' lang='grc' dir='ltr'>μὲν</span> <span class='ocrx_word' id='word_1_251' title='bbox 805 915 841 946; x_wconf 84' lang='grc' dir='ltr'><strong>ὡς</strong></span> <span class='ocrx_word' id='word_1_252' title='bbox 860 914 933 945; x_wconf 69' lang='grc' dir='ltr'>εἰκὸς</span> 
     </span>
    </p>
   </div>
   <div class='ocr_carea' id='block_1_35' title="bbox 148 959 934 1008">
    <p class='ocr_par' dir='ltr' id='par_1_35' title="bbox 148 959 934 1008">
     <span class='ocr_line' id='line_1_35' title="bbox 148 959 934 1008; baseline -0.018 -9"><span class='ocrx_word' id='word_1_253' title='bbox 148 971 272 1008; x_wconf 74' lang='grc' dir='ltr'>ταραχὴν</span> <span class='ocrx_word' id='word_1_254' title='bbox 289 969 454 1005; x_wconf 77' lang='grc' dir='ltr'>ἐμϐάλλουσι</span> <span class='ocrx_word' id='word_1_255' title='bbox 466 967 515 1002; x_wconf 87' lang='grc' dir='ltr'>τὴν</span> <span class='ocrx_word' id='word_1_256' title='bbox 536 965 679 1001; x_wconf 76' lang='grc' dir='ltr'>μεγίστην,</span> <span class='ocrx_word' id='word_1_257' title='bbox 697 961 822 989; x_wconf 77' lang='grc' dir='ltr'>πολλὰδὲ</span> <span class='ocrx_word' id='word_1_258' title='bbox 836 959 934 987; x_wconf 68' lang='grc' dir='ltr'>λαϐόν-</span> 
     </span>
    </p>
   </div>
   <div class='ocr_carea' id='block_1_36' title="bbox 147 1006 936 1049">
    <p class='ocr_par' dir='ltr' id='par_1_36' title="bbox 147 1006 936 1049">
     <span class='ocr_line' id='line_1_36' title="bbox 147 1006 936 1049; baseline -0.016 -5"><span class='ocrx_word' id='word_1_259' title='bbox 147 1006 206 1049; x_wconf 73' lang='grc' dir='ltr'>τες,</span> <span class='ocrx_word' id='word_1_260' title='bbox 222 1006 381 1046; x_wconf 55' lang='lat' dir='ltr'><strong>itala-31:02:;</strong></span> <span class='ocrx_word' id='word_1_261' title='bbox 407 1015 436 1040; x_wconf 82' lang='grc' dir='ltr'>ὲν</span> <span class='ocrx_word' id='word_1_262' title='bbox 460 1013 652 1048; x_wconf 78' lang='grc' dir='ltr'>σαυρωτῆρσιν</span> <span class='ocrx_word' id='word_1_263' title='bbox 671 1009 780 1041; x_wconf 70' lang='grc' dir='ltr'>ὑσσοὺς,</span> <span class='ocrx_word' id='word_1_264' title='bbox 805 1006 936 1041; x_wconf 78' lang='grc' dir='ltr'>ὑποστρέ-</span> 
     </span>
    </p>
   </div>
   <div class='ocr_carea' id='block_1_37' title="bbox 149 1053 935 1098">
    <p class='ocr_par' dir='ltr' id='par_1_37' title="bbox 149 1053 935 1098">
     <span class='ocr_line' id='line_1_37' title="bbox 149 1053 935 1098; baseline -0.017 -8"><span class='ocrx_word' id='word_1_265' title='bbox 149 1071 258 1098; x_wconf 74' lang='grc' dir='ltr'>φουσιν.</span> <span class='ocrx_word' id='word_1_266' title='bbox 282 1061 326 1093; x_wconf 80' lang='grc' dir='ltr'>Ὠς</span> <span class='ocrx_word' id='word_1_267' title='bbox 340 1060 369 1088; x_wconf 80' lang='grc' dir='ltr'><strong>δὲ</strong></span> <span class='ocrx_word' id='word_1_268' title='bbox 393 1059 538 1089; x_wconf 74' lang='grc' dir='ltr'>συστάντες</span> <span class='ocrx_word' id='word_1_269' title='bbox 565 1057 696 1092; x_wconf 81' lang='grc' dir='ltr'>Ῥωμαῖοι</span> <span class='ocrx_word' id='word_1_270' title='bbox 724 1056 787 1084; x_wconf 75' lang='grc' dir='ltr'>τοὺς</span> <span class='ocrx_word' id='word_1_271' title='bbox 806 1053 935 1083; x_wconf 73' lang='grc' dir='ltr'>ἐπιόντας</span> 
     </span>
    </p>
   </div>
   <div class='ocr_carea' id='block_1_38' title="bbox 149 1099 936 1140">
    <p class='ocr_par' dir='ltr' id='par_1_38' title="bbox 149 1099 936 1140">
     <span class='ocr_line' id='line_1_38' title="bbox 149 1099 936 1140; baseline -0.015 -5"><span class='ocrx_word' id='word_1_272' title='bbox 149 1110 273 1140; x_wconf 72' lang='grc' dir='ltr'>ἐδίωκον,</span> <span class='ocrx_word' id='word_1_273' title='bbox 290 1107 388 1133; x_wconf 80' lang='grc' dir='ltr'>ἐκεῖνοι</span> <span class='ocrx_word' id='word_1_274' title='bbox 403 1105 436 1132; x_wconf 69' lang='grc' dir='ltr'><strong>τὰ</strong></span> <span class='ocrx_word' id='word_1_275' title='bbox 458 1104 552 1138; x_wconf 71' lang='grc' dir='ltr'>ὀρεινὰ</span> <span class='ocrx_word' id='word_1_276' title='bbox 570 1100 826 1137; x_wconf 75' lang='grc' dir='ltr'>προκαταλαὸόντες</span> <span class='ocrx_word' id='word_1_277' title='bbox 843 1099 892 1124; x_wconf 76' lang='grc' dir='ltr'><strong>καὶ</strong></span> <span class='ocrx_word' id='word_1_278' title='bbox 905 1099 936 1124; x_wconf 72' lang='grc' dir='ltr'><strong>τὸ</strong></span> 
     </span>
    </p>
   </div>
   <div class='ocr_carea' id='block_1_39' title="bbox 151 1187 934 1234">
    <p class='ocr_par' dir='ltr' id='par_1_39' title="bbox 151 1187 934 1234">
     <span class='ocr_line' id='line_1_39' title="bbox 151 1187 934 1234; baseline -0.015 -9"><span class='ocrx_word' id='word_1_279' title='bbox 151 1202 227 1234; x_wconf 88' lang='lat' dir='ltr'><strong>peret</strong></span> <span class='ocrx_word' id='word_1_280' title='bbox 241 1197 372 1229; x_wconf 83' lang='lat' dir='ltr'><strong>aliquam.</strong></span> <span class='ocrx_word' id='word_1_281' title='bbox 388 1195 485 1221; x_wconf 80' lang='lat' dir='ltr'><strong>Atmau</strong></span> <span class='ocrx_word' id='word_1_282' title='bbox 501 1192 583 1227; x_wconf 79' lang='lat' dir='ltr'><strong>igitur</strong></span> <span class='ocrx_word' id='word_1_283' title='bbox 594 1198 610 1218; x_wconf 90' lang='lat' dir='ltr'><strong>e</strong></span> <span class='ocrx_word' id='word_1_284' title='bbox 629 1188 697 1217; x_wconf 87' lang='lat' dir='ltr'><strong>locis</strong></span> <span class='ocrx_word' id='word_1_285' title='bbox 723 1189 796 1216; x_wconf 87' lang='lat' dir='ltr'><strong>circa</strong></span> <span class='ocrx_word' id='word_1_286' title='bbox 814 1187 934 1214; x_wconf 72' lang='lat' dir='ltr'><strong>Nicaeam</strong></span> 
     </span>
    </p>
   </div>
   <div class='ocr_carea' id='block_1_40' title="bbox 151 1231 937 1276">
    <p class='ocr_par' dir='ltr' id='par_1_40' title="bbox 151 1231 937 1276">
     <span class='ocr_line' id='line_1_40' title="bbox 151 1231 937 1276; baseline -0.014 -7"><span class='ocrx_word' id='word_1_287' title='bbox 151 1231 264 1269; x_wconf 75' lang='lat' dir='ltr'><strong>iuovens</strong></span> <span class='ocrx_word' id='word_1_288' title='bbox 278 1242 351 1276; x_wconf 91' lang='lat' dir='ltr'><strong>(nam</strong></span> <span class='ocrx_word' id='word_1_289' title='bbox 365 1246 425 1273; x_wconf 73' lang='lat' dir='ltr'><strong>quae</strong></span> <span class='ocrx_word' id='word_1_290' title='bbox 442 1238 518 1274; x_wconf 82' lang='lat' dir='ltr'><strong>prius</strong></span> <span class='ocrx_word' id='word_1_291' title='bbox 533 1234 668 1263; x_wconf 82' lang='lat' dir='ltr'><strong>llluzaloni</strong></span> <span class='ocrx_word' id='word_1_292' title='bbox 686 1233 839 1268; x_wconf 72' lang='lat' dir='ltr'><strong>contigerat</strong></span> <span class='ocrx_word' id='word_1_293' title='bbox 850 1231 937 1259; x_wconf 70' lang='lat' dir='ltr'><strong>oden-</strong></span> 
     </span>
    </p>
   </div>
   <div class='ocr_carea' id='block_1_41' title="bbox 152 1281 938 1320">
    <p class='ocr_par' dir='ltr' id='par_1_41' title="bbox 152 1281 938 1320">
     <span class='ocr_line' id='line_1_41' title="bbox 152 1281 938 1320; baseline -0.014 -4"><span class='ocrx_word' id='word_1_294' title='bbox 152 1290 197 1316; x_wconf 88' lang='lat' dir='ltr'><strong>sio</strong></span> <span class='ocrx_word' id='word_1_295' title='bbox 225 1288 332 1314; x_wconf 86' lang='lat' dir='ltr'><strong>animos</strong></span> <span class='ocrx_word' id='word_1_296' title='bbox 351 1285 389 1313; x_wconf 90' lang='lat' dir='ltr'><strong>illi</strong></span> <span class='ocrx_word' id='word_1_297' title='bbox 415 1283 553 1320; x_wconf 76' lang='lat' dir='ltr'><strong>augebat),</strong></span> <span class='ocrx_word' id='word_1_298' title='bbox 580 1287 768 1316; x_wconf 78' lang='lat' dir='ltr'><strong>transgressus</strong></span> <span class='ocrx_word' id='word_1_299' title='bbox 792 1281 938 1306; x_wconf 88' lang='lat' dir='ltr'><strong>montanos</strong></span> 
     </span>
    </p>
   </div>
   <div class='ocr_carea' id='block_1_42' title="bbox 153 1324 937 1369">
    <p class='ocr_par' dir='ltr' id='par_1_42' title="bbox 153 1324 937 1369">
     <span class='ocr_line' id='line_1_42' title="bbox 153 1324 937 1369; baseline -0.017 -7"><span class='ocrx_word' id='word_1_300' title='bbox 153 1335 300 1369; x_wconf 85' lang='lat' dir='ltr'><strong>Siphones,</strong></span> <span class='ocrx_word' id='word_1_301' title='bbox 318 1336 430 1368; x_wconf 87' lang='lat' dir='ltr'><strong>paratus</strong></span> <span class='ocrx_word' id='word_1_302' title='bbox 441 1333 500 1358; x_wconf 88' lang='lat' dir='ltr'><strong>erat</strong></span> <span class='ocrx_word' id='word_1_303' title='bbox 518 1329 551 1356; x_wconf 85' lang='lat' dir='ltr'><strong>ad</strong></span> <span class='ocrx_word' id='word_1_304' title='bbox 579 1326 759 1355; x_wconf 83' lang='lat' dir='ltr'><strong>incursandos</strong></span> <span class='ocrx_word' id='word_1_305' title='bbox 781 1324 937 1352; x_wconf 81' lang='lat' dir='ltr'><strong>llalizones.</strong></span> 
     </span>
    </p>
   </div>
   <div class='ocr_carea' id='block_1_43' title="bbox 153 1372 938 1415">
    <p class='ocr_par' dir='ltr' id='par_1_43' title="bbox 153 1372 938 1415">
     <span class='ocr_line' id='line_1_43' title="bbox 153 1372 938 1415; baseline -0.017 -7"><span class='ocrx_word' id='word_1_306' title='bbox 153 1382 207 1408; x_wconf 77' lang='lat' dir='ltr'><strong>Sed</strong></span> <span class='ocrx_word' id='word_1_307' title='bbox 224 1381 383 1415; x_wconf 70' lang='lat' dir='ltr'><strong>priuSquam</strong></span> <span class='ocrx_word' id='word_1_308' title='bbox 399 1378 426 1405; x_wconf 90' lang='lat' dir='ltr'><strong>in</strong></span> <span class='ocrx_word' id='word_1_309' title='bbox 453 1377 515 1404; x_wconf 89' lang='lat' dir='ltr'><strong>illos</strong></span> <span class='ocrx_word' id='word_1_310' title='bbox 547 1375 673 1403; x_wconf 87' lang='lat' dir='ltr'><strong>irrueret,</strong></span> <span class='ocrx_word' id='word_1_311' title='bbox 705 1372 816 1398; x_wconf 88' lang='lat' dir='ltr'><strong>collecta</strong></span> <span class='ocrx_word' id='word_1_312' title='bbox 841 1376 938 1396; x_wconf 89' lang='lat' dir='ltr'><strong>manus</strong></span> 
     </span>
    </p>
   </div>
   <div class='ocr_carea' id='block_1_44' title="bbox 155 1415 938 1458">
    <p class='ocr_par' dir='ltr' id='par_1_44' title="bbox 155 1415 938 1458">
     <span class='ocr_line' id='line_1_44' title="bbox 155 1415 938 1458; baseline -0.017 -4"><span class='ocrx_word' id='word_1_313' title='bbox 155 1426 288 1458; x_wconf 86' lang='lat' dir='ltr'><strong>hostium,</strong></span> <span class='ocrx_word' id='word_1_314' title='bbox 317 1421 428 1452; x_wconf 84' lang='lat' dir='ltr'><strong>centum</strong></span> <span class='ocrx_word' id='word_1_315' title='bbox 445 1422 564 1449; x_wconf 84' lang='lat' dir='ltr'><strong>solorum</strong></span> <span class='ocrx_word' id='word_1_316' title='bbox 587 1419 707 1454; x_wconf 89' lang='lat' dir='ltr'><strong>capitum</strong></span> <span class='ocrx_word' id='word_1_317' title='bbox 724 1423 778 1443; x_wconf 91' lang='lat' dir='ltr'><strong>non</strong></span> <span class='ocrx_word' id='word_1_318' title='bbox 802 1415 938 1442; x_wconf 75' lang='lat' dir='ltr'><strong>excedens</strong></span> 
     </span>
    </p>
   </div>
   <div class='ocr_carea' id='block_1_45' title="bbox 156 1461 939 1502">
    <p class='ocr_par' dir='ltr' id='par_1_45' title="bbox 156 1461 939 1502">
     <span class='ocr_line' id='line_1_45' title="bbox 156 1461 939 1502; baseline -0.015 -4"><span class='ocrx_word' id='word_1_319' title='bbox 156 1479 313 1502; x_wconf 83' lang='lat' dir='ltr'><strong>numerum,</strong></span> <span class='ocrx_word' id='word_1_320' title='bbox 331 1469 403 1497; x_wconf 81' lang='lat' dir='ltr'><strong>circa</strong></span> <span class='ocrx_word' id='word_1_321' title='bbox 431 1468 590 1494; x_wconf 83' lang='lat' dir='ltr'><strong>Telemaeam</strong></span> <span class='ocrx_word' id='word_1_322' title='bbox 611 1463 708 1498; x_wconf 86' lang='lat' dir='ltr'><strong>sopitis</strong></span> <span class='ocrx_word' id='word_1_323' title='bbox 735 1470 769 1490; x_wconf 78' lang='lat' dir='ltr'><strong>ex</strong></span> <span class='ocrx_word' id='word_1_324' title='bbox 790 1461 939 1496; x_wconf 85' lang='lat' dir='ltr'><strong>improviso</strong></span> 
     </span>
    </p>
   </div>
   <div class='ocr_carea' id='block_1_46' title="bbox 155 1507 939 1552">
    <p class='ocr_par' dir='ltr' id='par_1_46' title="bbox 155 1507 939 1552">
     <span class='ocr_line' id='line_1_46' title="bbox 155 1507 939 1552; baseline -0.018 -6"><span class='ocrx_word' id='word_1_325' title='bbox 155 1517 352 1552; x_wconf 89' lang='lat' dir='ltr'><strong>superveniens</strong></span> <span class='ocrx_word' id='word_1_326' title='bbox 368 1513 500 1541; x_wconf 83' lang='lat' dir='ltr'><strong>Muzaloni</strong></span> <span class='ocrx_word' id='word_1_327' title='bbox 526 1520 586 1540; x_wconf 90' lang='lat' dir='ltr'><strong>cum</strong></span> <span class='ocrx_word' id='word_1_328' title='bbox 605 1511 672 1543; x_wconf 84' lang='lat' dir='ltr'><strong>suis,</strong></span> <span class='ocrx_word' id='word_1_329' title='bbox 703 1509 747 1537; x_wconf 89' lang='lat' dir='ltr'><strong>his</strong></span> <span class='ocrx_word' id='word_1_330' title='bbox 763 1507 885 1543; x_wconf 86' lang='lat' dir='ltr'><strong>quidem,</strong></span> <span class='ocrx_word' id='word_1_331' title='bbox 911 1511 939 1533; x_wconf 92' lang='lat' dir='ltr'><strong>ut</strong></span> 
     </span>
    </p>
   </div>
   <div class='ocr_carea' id='block_1_47' title="bbox 157 1553 941 1600">
    <p class='ocr_par' dir='ltr' id='par_1_47' title="bbox 157 1553 941 1600">
     <span class='ocr_line' id='line_1_47' title="bbox 157 1553 941 1600; baseline -0.015 -9"><span class='ocrx_word' id='word_1_332' title='bbox 157 1574 207 1600; x_wconf 84' lang='lat' dir='ltr'><strong>par</strong></span> <span class='ocrx_word' id='word_1_333' title='bbox 221 1564 272 1590; x_wconf 79' lang='lat' dir='ltr'><strong>fuit</strong></span> <span class='ocrx_word' id='word_1_334' title='bbox 290 1563 337 1589; x_wconf 78' lang='lat' dir='ltr'><strong>ta’li</strong></span> <span class='ocrx_word' id='word_1_335' title='bbox 354 1566 425 1589; x_wconf 80' lang='lat' dir='ltr'><strong>statu</strong></span> <span class='ocrx_word' id='word_1_336' title='bbox 442 1557 631 1599; x_wconf 80' lang='lat' dir='ltr'><strong>deprehensis,</strong></span> <span class='ocrx_word' id='word_1_337' title='bbox 650 1555 883 1593; x_wconf 80' lang='lat' dir='ltr'><strong>perturbationem</strong></span> <span class='ocrx_word' id='word_1_338' title='bbox 899 1553 941 1579; x_wconf 90' lang='lat' dir='ltr'><strong>in-</strong></span> 
     </span>
    </p>
   </div>
   <div class='ocr_carea' id='block_1_48' title="bbox 155 1598 942 1643">
    <p class='ocr_par' dir='ltr' id='par_1_48' title="bbox 155 1598 942 1643">
     <span class='ocr_line' id='line_1_48' title="bbox 155 1598 942 1643; baseline -0.017 -7"><span class='ocrx_word' id='word_1_339' title='bbox 155 1598 222 1643; x_wconf 67' lang='lat' dir='ltr'><strong>iecit</strong></span> <span class='ocrx_word' id='word_1_340' title='bbox 236 1607 392 1638; x_wconf 81' lang='lat' dir='ltr'><strong>maximam,</strong></span> <span class='ocrx_word' id='word_1_341' title='bbox 408 1603 460 1640; x_wconf 83' lang='lat' dir='ltr'><strong>qua</strong></span> <span class='ocrx_word' id='word_1_342' title='bbox 477 1602 585 1631; x_wconf 88' lang='lat' dir='ltr'><strong>barbari</strong></span> <span class='ocrx_word' id='word_1_343' title='bbox 601 1600 686 1636; x_wconf 88' lang='lat' dir='ltr'><strong>adjuti</strong></span> <span class='ocrx_word' id='word_1_344' title='bbox 705 1608 767 1627; x_wconf 86' lang='lat' dir='ltr'><strong>cum</strong></span> <span class='ocrx_word' id='word_1_345' title='bbox 788 1599 840 1625; x_wconf 83' lang='lat' dir='ltr'><strong>alia</strong></span> <span class='ocrx_word' id='word_1_346' title='bbox 856 1598 942 1624; x_wconf 87' lang='lat' dir='ltr'><strong>multa</strong></span> 
     </span>
    </p>
   </div>
   <div class='ocr_carea' id='block_1_49' title="bbox 158 1644 945 1686">
    <p class='ocr_par' dir='ltr' id='par_1_49' title="bbox 158 1644 945 1686">
     <span class='ocr_line' id='line_1_49' title="bbox 158 1644 945 1686; baseline -0.015 -5"><span class='ocrx_word' id='word_1_347' title='bbox 158 1659 215 1681; x_wconf 91' lang='lat' dir='ltr'><strong>tum</strong></span> <span class='ocrx_word' id='word_1_348' title='bbox 233 1655 326 1680; x_wconf 85' lang='lat' dir='ltr'><strong>hastas</strong></span> <span class='ocrx_word' id='word_1_349' title='bbox 341 1653 412 1686; x_wconf 87' lang='lat' dir='ltr'><strong>ipsas</strong></span> <span class='ocrx_word' id='word_1_350' title='bbox 427 1649 578 1678; x_wconf 82' lang='lat' dir='ltr'><strong>decussatis</strong></span> <span class='ocrx_word' id='word_1_351' title='bbox 592 1647 740 1682; x_wconf 85' lang='lat' dir='ltr'><strong>impositas</strong></span> <span class='ocrx_word' id='word_1_352' title='bbox 757 1646 782 1672; x_wconf 94' lang='lat' dir='ltr'><strong>in</strong></span> <span class='ocrx_word' id='word_1_353' title='bbox 800 1644 862 1671; x_wconf 80' lang='lat' dir='ltr'><strong>valli</strong></span> <span class='ocrx_word' id='word_1_354' title='bbox 878 1651 945 1671; x_wconf 89' lang='lat' dir='ltr'><strong>cra-</strong></span> 
     </span>
    </p>
   </div>
   <div class='ocr_carea' id='block_1_50' title="bbox 159 1690 946 1734">
    <p class='ocr_par' dir='ltr' id='par_1_50' title="bbox 159 1690 946 1734">
     <span class='ocr_line' id='line_1_50' title="bbox 159 1690 946 1734; baseline -0.013 -7"><span class='ocrx_word' id='word_1_355' title='bbox 159 1706 213 1727; x_wconf 89' lang='lat' dir='ltr'><strong>tem</strong></span> <span class='ocrx_word' id='word_1_356' title='bbox 231 1699 374 1734; x_wconf 76' lang='lat' dir='ltr'><strong>‘stipitibus</strong></span> <span class='ocrx_word' id='word_1_357' title='bbox 395 1697 532 1723; x_wconf 77' lang='lat' dir='ltr'><strong>auferunt.</strong></span> <span class='ocrx_word' id='word_1_358' title='bbox 560 1690 595 1722; x_wconf 84' lang='lat' dir='ltr'><strong>Ut</strong></span> <span class='ocrx_word' id='word_1_359' title='bbox 624 1698 715 1720; x_wconf 87' lang='lat' dir='ltr'><strong>autem</strong></span> <span class='ocrx_word' id='word_1_360' title='bbox 726 1691 844 1725; x_wconf 80' lang='lat' dir='ltr'><strong>receptis</strong></span> <span class='ocrx_word' id='word_1_361' title='bbox 869 1698 884 1718; x_wconf 86' lang='lat' dir='ltr'><strong>e</strong></span> <span class='ocrx_word' id='word_1_362' title='bbox 899 1699 946 1717; x_wconf 86' lang='lat' dir='ltr'><strong>su-</strong></span> 
     </span>
    </p>
   </div>
   <div class='ocr_carea' id='block_1_51' title="bbox 161 1735 946 1772">
    <p class='ocr_par' dir='ltr' id='par_1_51' title="bbox 161 1735 946 1772">
     <span class='ocr_line' id='line_1_51' title="bbox 161 1735 946 1772; baseline -0.014 0"><span class='ocrx_word' id='word_1_363' title='bbox 161 1745 217 1772; x_wconf 86' lang='lat' dir='ltr'><strong>bita</strong></span> <span class='ocrx_word' id='word_1_364' title='bbox 248 1742 471 1771; x_wconf 83' lang='lat' dir='ltr'><strong>consternatione</strong></span> <span class='ocrx_word' id='word_1_365' title='bbox 498 1740 598 1768; x_wconf 91' lang='lat' dir='ltr'><strong>animis</strong></span> <span class='ocrx_word' id='word_1_366' title='bbox 624 1737 740 1765; x_wconf 77' lang='lat' dir='ltr'><strong>Romani</strong></span> <span class='ocrx_word' id='word_1_367' title='bbox 768 1744 850 1763; x_wconf 88' lang='lat' dir='ltr'><strong>manu</strong></span> <span class='ocrx_word' id='word_1_368' title='bbox 873 1735 946 1762; x_wconf 82' lang='lat' dir='ltr'><strong>facta</strong></span> 
     </span>
    </p>
   </div>
   <div class='ocr_carea' id='block_1_52' title="bbox 160 1783 944 1824">
    <p class='ocr_par' dir='ltr' id='par_1_52' title="bbox 160 1783 944 1824">
     <span class='ocr_line' id='line_1_52' title="bbox 160 1783 944 1824; baseline -0.014 -6"><span class='ocrx_word' id='word_1_369' title='bbox 160 1790 278 1818; x_wconf 89' lang='lat' dir='ltr'><strong>insecuti</strong></span> <span class='ocrx_word' id='word_1_370' title='bbox 293 1789 427 1824; x_wconf 71' lang='lat' dir='ltr'><strong>fugientes</strong></span> <span class='ocrx_word' id='word_1_371' title='bbox 444 1792 519 1818; x_wconf 90' lang='lat' dir='ltr'><strong>sunt,</strong></span> <span class='ocrx_word' id='word_1_372' title='bbox 548 1785 586 1812; x_wconf 91' lang='lat' dir='ltr'><strong>illi</strong></span> <span class='ocrx_word' id='word_1_373' title='bbox 614 1789 676 1811; x_wconf 88' lang='lat' dir='ltr'><strong>nota</strong></span> <span class='ocrx_word' id='word_1_374' title='bbox 711 1783 777 1818; x_wconf 87' lang='lat' dir='ltr'><strong>ipsis</strong></span> <span class='ocrx_word' id='word_1_375' title='bbox 810 1783 944 1809; x_wconf 87' lang='lat' dir='ltr'><strong>montium</strong></span> 
     </span>
    </p>
   </div>
   <div class='ocr_carea' id='block_1_53' title="bbox 159 1827 947 1872">
    <p class='ocr_par' dir='ltr' id='par_1_53' title="bbox 159 1827 947 1872">
     <span class='ocr_line' id='line_1_53' title="bbox 159 1827 947 1872; baseline -0.013 -9"><span class='ocrx_word' id='word_1_376' title='bbox 159 1836 224 1872; x_wconf 77' lang='lat' dir='ltr'><strong>juga</strong></span> <span class='ocrx_word' id='word_1_377' title='bbox 238 1838 397 1865; x_wconf 88' lang='lat' dir='ltr'><strong>tenuerunt,</strong></span> <span class='ocrx_word' id='word_1_378' title='bbox 414 1833 531 1867; x_wconf 83' lang='lat' dir='ltr'><strong>indeque</strong></span> <span class='ocrx_word' id='word_1_379' title='bbox 548 1837 647 1858; x_wconf 83' lang='lat' dir='ltr'><strong>securo</strong></span> <span class='ocrx_word' id='word_1_380' title='bbox 659 1829 713 1864; x_wconf 85' lang='lat' dir='ltr'><strong>jam</strong></span> <span class='ocrx_word' id='word_1_381' title='bbox 728 1829 755 1856; x_wconf 93' lang='lat' dir='ltr'><strong>in</strong></span> <span class='ocrx_word' id='word_1_382' title='bbox 773 1828 832 1856; x_wconf 88' lang='lat' dir='ltr'><strong>loco</strong></span> <span class='ocrx_word' id='word_1_383' title='bbox 862 1827 947 1855; x_wconf 82' lang='lat' dir='ltr'><strong>stabi-</strong></span> 
     </span>
    </p>
   </div>
   <div class='ocr_carea' id='block_1_54' title="bbox 162 1875 947 1917">
    <p class='ocr_par' dir='ltr' id='par_1_54' title="bbox 162 1875 947 1917">
     <span class='ocr_line' id='line_1_54' title="bbox 162 1875 947 1917; baseline -0.013 -7"><span class='ocrx_word' id='word_1_384' title='bbox 162 1884 200 1910; x_wconf 84' lang='lat' dir='ltr'><strong>liti</strong></span> <span class='ocrx_word' id='word_1_385' title='bbox 216 1881 326 1917; x_wconf 81' lang='lat' dir='ltr'><strong>sagittis</strong></span> <span class='ocrx_word' id='word_1_386' title='bbox 337 1881 454 1908; x_wconf 82' lang='lat' dir='ltr'><strong>nostros</strong></span> <span class='ocrx_word' id='word_1_387' title='bbox 471 1878 652 1913; x_wconf 85' lang='lat' dir='ltr'><strong>impetebant.</strong></span> <span class='ocrx_word' id='word_1_388' title='bbox 681 1875 801 1910; x_wconf 87' lang='lat' dir='ltr'><strong>undique</strong></span> <span class='ocrx_word' id='word_1_389' title='bbox 821 1882 868 1908; x_wconf 90' lang='lat' dir='ltr'><strong>per</strong></span> <span class='ocrx_word' id='word_1_390' title='bbox 894 1875 947 1901; x_wconf 87' lang='lat' dir='ltr'><strong>cir-</strong></span> 
     </span>
    </p>
   </div>
   <div class='ocr_carea' id='block_1_55' title="bbox 160 1922 949 1961">
    <p class='ocr_par' dir='ltr' id='par_1_55' title="bbox 160 1922 949 1961">
     <span class='ocr_line' id='line_1_55' title="bbox 160 1922 949 1961; baseline -0.011 -5"><span class='ocrx_word' id='word_1_391' title='bbox 160 1932 265 1957; x_wconf 88' lang='lat' dir='ltr'><strong>cuitum</strong></span> <span class='ocrx_word' id='word_1_392' title='bbox 281 1925 576 1961; x_wconf 77' lang='lat' dir='ltr'><strong>superuejaculames;</strong></span> <span class='ocrx_word' id='word_1_393' title='bbox 598 1927 760 1956; x_wconf 88' lang='lat' dir='ltr'><strong>tantumque</strong></span> <span class='ocrx_word' id='word_1_394' title='bbox 776 1922 949 1949; x_wconf 61' lang='lat' dir='ltr'><strong>circumven.</strong></span> 
     </span>
    </p>
   </div>
   <div class='ocr_carea' id='block_1_56' title="bbox 162 1969 949 2012">
    <p class='ocr_par' dir='ltr' id='par_1_56' title="bbox 162 1969 949 2012">
     <span class='ocr_line' id='line_1_56' title="bbox 162 1969 949 2012; baseline -0.017 -7"><span class='ocrx_word' id='word_1_395' title='bbox 162 1979 197 2006; x_wconf 84' lang='lat' dir='ltr'><strong>tis</strong></span> <span class='ocrx_word' id='word_1_396' title='bbox 215 1978 247 2004; x_wconf 89' lang='lat' dir='ltr'><strong>iis</strong></span> <span class='ocrx_word' id='word_1_397' title='bbox 260 1976 307 2012; x_wconf 88' lang='lat' dir='ltr'><strong>qui</strong></span> <span class='ocrx_word' id='word_1_398' title='bbox 334 1974 364 2003; x_wconf 85' lang='lat' dir='ltr'><strong>se</strong></span> <span class='ocrx_word' id='word_1_399' title='bbox 389 1971 602 2008; x_wconf 82' lang='lat' dir='ltr'><strong>insequebantur</strong></span> <span class='ocrx_word' id='word_1_400' title='bbox 622 1969 833 2003; x_wconf 60' lang='lat' dir='ltr'><strong>pravaluerunt,</strong></span> <span class='ocrx_word' id='word_1_401' title='bbox 865 1971 893 1994; x_wconf 90' lang='lat' dir='ltr'><strong>ut</strong></span> <span class='ocrx_word' id='word_1_402' title='bbox 922 1973 949 2012; x_wconf 57' lang='lat' dir='ltr'><strong>ej,</strong></span> 
     </span>
    </p>
   </div>
   <div class='ocr_carea' id='block_1_57' title="bbox 162 2001 949 2058">
    <p class='ocr_par' dir='ltr' id='par_1_57' title="bbox 162 2001 949 2058">
     <span class='ocr_line' id='line_1_57' title="bbox 162 2001 949 2058; baseline -0.014 -8"><span class='ocrx_word' id='word_1_403' title='bbox 162 2025 249 2058; x_wconf 84' lang='lat' dir='ltr'><strong>ipsum</strong></span> <span class='ocrx_word' id='word_1_404' title='bbox 269 2001 378 2048; x_wconf 63' lang='lat' dir='ltr'><strong>‘horutu</strong></span> <span class='ocrx_word' id='word_1_405' title='bbox 416 2019 513 2046; x_wconf 76' lang='lat' dir='ltr'><strong>ducem</strong></span> <span class='ocrx_word' id='word_1_406' title='bbox 545 2015 808 2051; x_wconf 82' lang='lat' dir='ltr'><strong>comprehenderent</strong></span> <span class='ocrx_word' id='word_1_407' title='bbox 840 2001 949 2048; x_wconf 65' lang='grc' dir='ltr'>ιιι)θεὶδῖ</span> 
     </span>
    </p>
   </div>
   <div class='ocr_carea' id='block_1_58' title="bbox 162 2060 949 2103">
    <p class='ocr_par' dir='ltr' id='par_1_58' title="bbox 162 2060 949 2103">
     <span class='ocr_line' id='line_1_58' title="bbox 162 2060 949 2103; baseline -0.013 -7"><span class='ocrx_word' id='word_1_408' title='bbox 162 2073 287 2103; x_wconf 76' lang='lat' dir='ltr'><strong>sentquc,</strong></span> <span class='ocrx_word' id='word_1_409' title='bbox 304 2067 355 2094; x_wconf 71' lang='lat' dir='ltr'><strong>nisi</strong></span> <span class='ocrx_word' id='word_1_410' title='bbox 378 2065 513 2100; x_wconf 83' lang='lat' dir='ltr'><strong>quispiam</strong></span> <span class='ocrx_word' id='word_1_411' title='bbox 548 2070 563 2090; x_wconf 91' lang='lat' dir='ltr'><strong>e</strong></span> <span class='ocrx_word' id='word_1_412' title='bbox 584 2061 707 2089; x_wconf 76' lang='lat' dir='ltr'><strong>Romana</strong></span> <span class='ocrx_word' id='word_1_413' title='bbox 741 2060 876 2095; x_wconf 75' lang='lat' dir='ltr'><strong>phalange</strong></span> <span class='ocrx_word' id='word_1_414' title='bbox 902 2068 949 2094; x_wconf 80' lang='lat' dir='ltr'><strong>ge-</strong></span> 
     </span>
    </p>
   </div>
   <div class='ocr_carea' id='block_1_59' title="bbox 163 2106 950 2145">
    <p class='ocr_par' dir='ltr' id='par_1_59' title="bbox 163 2106 950 2145">
     <span class='ocr_line' id='line_1_59' title="bbox 163 2106 950 2145; baseline -0.015 -2"><span class='ocrx_word' id='word_1_415' title='bbox 163 2123 263 2143; x_wconf 88' lang='lat' dir='ltr'><strong>neroso</strong></span> <span class='ocrx_word' id='word_1_416' title='bbox 285 2118 395 2141; x_wconf 85' lang='lat' dir='ltr'><strong>evectus</strong></span> <span class='ocrx_word' id='word_1_417' title='bbox 415 2112 516 2145; x_wconf 89' lang='lat' dir='ltr'><strong>impetu</strong></span> <span class='ocrx_word' id='word_1_418' title='bbox 542 2108 731 2136; x_wconf 87' lang='lat' dir='ltr'><strong>vehementem</strong></span> <span class='ocrx_word' id='word_1_419' title='bbox 760 2106 871 2133; x_wconf 79' lang='lat' dir='ltr'><strong>feriSset</strong></span> <span class='ocrx_word' id='word_1_420' title='bbox 900 2106 950 2132; x_wconf 93' lang='lat' dir='ltr'><strong>im-</strong></span> 
     </span>
    </p>
   </div>
   <div class='ocr_carea' id='block_1_60' title="bbox 163 2153 948 2196">
    <p class='ocr_par' dir='ltr' id='par_1_60' title="bbox 163 2153 948 2196">
     <span class='ocr_line' id='line_1_60' title="bbox 163 2153 948 2196; baseline -0.014 -8"><span class='ocrx_word' id='word_1_421' title='bbox 163 2161 333 2196; x_wconf 81' lang='lat' dir='ltr'><strong>pressionem</strong></span> <span class='ocrx_word' id='word_1_422' title='bbox 351 2159 377 2185; x_wconf 90' lang='lat' dir='ltr'><strong>in</strong></span> <span class='ocrx_word' id='word_1_423' title='bbox 403 2157 546 2188; x_wconf 85' lang='lat' dir='ltr'><strong>barbaros,</strong></span> <span class='ocrx_word' id='word_1_424' title='bbox 564 2159 618 2196; x_wconf 77' lang='lat' dir='ltr'><strong>tam</strong></span> <span class='ocrx_word' id='word_1_425' title='bbox 640 2153 747 2181; x_wconf 74' lang='lat' dir='ltr'><strong>fortiter</strong></span> <span class='ocrx_word' id='word_1_426' title='bbox 773 2159 830 2179; x_wconf 93' lang='lat' dir='ltr'><strong>rem</strong></span> <span class='ocrx_word' id='word_1_427' title='bbox 850 2159 948 2186; x_wconf 76' lang='lat' dir='ltr'><strong>gerens</strong></span> 
     </span>
    </p>
   </div>
   <div class='ocr_carea' id='block_1_61' title="bbox 166 2192 950 2240">
    <p class='ocr_par' dir='ltr' id='par_1_61' title="bbox 166 2192 950 2240">
     <span class='ocr_line' id='line_1_61' title="bbox 166 2192 950 2240; baseline -0.013 -6"><span class='ocrx_word' id='word_1_428' title='bbox 166 2213 196 2235; x_wconf 89' lang='lat' dir='ltr'><strong>ut</strong></span> <span class='ocrx_word' id='word_1_429' title='bbox 212 2206 335 2240; x_wconf 43' lang='lat' dir='ltr'><strong>disjectis</strong></span> <span class='ocrx_word' id='word_1_430' title='bbox 359 2205 404 2235; x_wconf 88' lang='lat' dir='ltr'><strong>iis,</strong></span> <span class='ocrx_word' id='word_1_431' title='bbox 426 2211 476 2230; x_wconf 89' lang='lat' dir='ltr'><strong>suo</strong></span> <span class='ocrx_word' id='word_1_432' title='bbox 496 2192 601 2229; x_wconf 71' lang='lat' dir='ltr'><strong>tantum</strong></span> <span class='ocrx_word' id='word_1_433' title='bbox 633 2207 704 2234; x_wconf 87' lang='lat' dir='ltr'><strong>equo</strong></span> <span class='ocrx_word' id='word_1_434' title='bbox 730 2200 854 2225; x_wconf 82' lang='lat' dir='ltr'><strong>saucialo</strong></span> <span class='ocrx_word' id='word_1_435' title='bbox 867 2219 874 2230; x_wconf 88' lang='lat'><strong>,</strong></span> <span class='ocrx_word' id='word_1_436' title='bbox 892 2198 950 2232; x_wconf 86' lang='lat' dir='ltr'><strong>ipse</strong></span> 
     </span>
    </p>
   </div>
   <div class='ocr_carea' id='block_1_62' title="bbox 168 2243 950 2284">
    <p class='ocr_par' dir='ltr' id='par_1_62' title="bbox 168 2243 950 2284">
     <span class='ocr_line' id='line_1_62' title="bbox 168 2243 950 2284; baseline -0.015 -3"><span class='ocrx_word' id='word_1_437' title='bbox 168 2253 315 2282; x_wconf 84' lang='lat' dir='ltr'><strong>incolumis</strong></span> <span class='ocrx_word' id='word_1_438' title='bbox 330 2252 446 2278; x_wconf 84' lang='lat' dir='ltr'><strong>liberum</strong></span> <span class='ocrx_word' id='word_1_439' title='bbox 462 2249 598 2284; x_wconf 86' lang='lat' dir='ltr'><strong>captivum</strong></span> <span class='ocrx_word' id='word_1_440' title='bbox 622 2246 771 2273; x_wconf 83' lang='lat' dir='ltr'><strong>reduxerit.</strong></span> <span class='ocrx_word' id='word_1_441' title='bbox 787 2243 866 2279; x_wconf 81' lang='lat'><strong>333</strong></span> <span class='ocrx_word' id='word_1_442' title='bbox 895 2245 950 2270; x_wconf 89' lang='lat' dir='ltr'><strong>lloc</strong></span> 
     </span>
    </p>
   </div>
   <div class='ocr_carea' id='block_1_63' title="bbox 165 2291 952 2335">
    <p class='ocr_par' dir='ltr' id='par_1_63' title="bbox 165 2291 952 2335">
     <span class='ocr_line' id='line_1_63' title="bbox 165 2291 952 2335; baseline -0.018 -6"><span class='ocrx_word' id='word_1_443' title='bbox 165 2302 203 2329; x_wconf 88' lang='lat' dir='ltr'><strong>ita</strong></span> <span class='ocrx_word' id='word_1_444' title='bbox 229 2305 334 2335; x_wconf 75' lang='lat' dir='ltr'><strong>gestum</strong></span> <span class='ocrx_word' id='word_1_445' title='bbox 361 2302 387 2324; x_wconf 87' lang='lat' dir='ltr'><strong>et</strong></span> <span class='ocrx_word' id='word_1_446' title='bbox 412 2297 465 2323; x_wconf 83' lang='lat' dir='ltr'><strong>late</strong></span> <span class='ocrx_word' id='word_1_447' title='bbox 490 2294 654 2321; x_wconf 78' lang='lat' dir='ltr'><strong>celebratum</strong></span> <span class='ocrx_word' id='word_1_448' title='bbox 691 2292 777 2328; x_wconf 78' lang='lat' dir='ltr'><strong>magis</strong></span> <span class='ocrx_word' id='word_1_449' title='bbox 811 2291 952 2325; x_wconf 69' lang='lat' dir='ltr'><strong>magisque</strong></span> 
     </span>
    </p>
   </div>
   <div class='ocr_carea' id='block_1_64' title="bbox 170 2338 953 2375">
    <p class='ocr_par' dir='ltr' id='par_1_64' title="bbox 170 2338 953 2375">
     <span class='ocr_line' id='line_1_64' title="bbox 170 2338 953 2375; baseline -0.017 0"><span class='ocrx_word' id='word_1_450' title='bbox 170 2346 297 2375; x_wconf 76' lang='lat' dir='ltr'><strong>incitavit</strong></span> <span class='ocrx_word' id='word_1_451' title='bbox 317 2346 459 2370; x_wconf 83' lang='lat' dir='ltr'><strong>Atinanem</strong></span> <span class='ocrx_word' id='word_1_452' title='bbox 474 2361 481 2373; x_wconf 93' lang='lat'><strong>,</strong></span> <span class='ocrx_word' id='word_1_453' title='bbox 499 2340 703 2373; x_wconf 80' lang='lat' dir='ltr'><strong>Barbarumque</strong></span> <span class='ocrx_word' id='word_1_454' title='bbox 729 2338 755 2364; x_wconf 91' lang='lat' dir='ltr'><strong>iu</strong></span> <span class='ocrx_word' id='word_1_455' title='bbox 781 2338 879 2364; x_wconf 79' lang='lat' dir='ltr'><strong>fastum</strong></span> <span class='ocrx_word' id='word_1_456' title='bbox 906 2344 953 2363; x_wconf 60' lang='lat' dir='ltr'><strong>ex-</strong></span> 
     </span>
    </p>
   </div>
   <div class='ocr_carea' id='block_1_65' title="bbox 167 2385 952 2422">
    <p class='ocr_par' dir='ltr' id='par_1_65' title="bbox 167 2385 952 2422">
     <span class='ocr_line' id='line_1_65' title="bbox 167 2385 952 2422; baseline -0.019 -1"><span class='ocrx_word' id='word_1_457' title='bbox 167 2394 229 2422; x_wconf 86' lang='lat' dir='ltr'><strong>tulit</strong></span> <span class='ocrx_word' id='word_1_458' title='bbox 246 2401 253 2419; x_wconf 86' lang='lat'><strong>:</strong></span> <span class='ocrx_word' id='word_1_459' title='bbox 270 2392 338 2419; x_wconf 86' lang='lat' dir='ltr'><strong>adeo</strong></span> <span class='ocrx_word' id='word_1_460' title='bbox 360 2389 431 2417; x_wconf 88' lang='lat' dir='ltr'><strong>enim</strong></span> <span class='ocrx_word' id='word_1_461' title='bbox 455 2387 510 2421; x_wconf 84' lang='lat' dir='ltr'><strong>jam</strong></span> <span class='ocrx_word' id='word_1_462' title='bbox 534 2386 592 2420; x_wconf 89' lang='lat' dir='ltr'><strong>ejus</strong></span> <span class='ocrx_word' id='word_1_463' title='bbox 617 2385 700 2418; x_wconf 73' lang='lat' dir='ltr'><strong>copia:</strong></span> <span class='ocrx_word' id='word_1_464' title='bbox 724 2388 810 2410; x_wconf 63' lang='lat' dir='ltr'><strong>aucta:</strong></span> <span class='ocrx_word' id='word_1_465' title='bbox 837 2389 952 2409; x_wconf 87' lang='lat' dir='ltr'><strong>numero</strong></span> 
     </span>
    </p>
   </div>
   <div class='ocr_carea' id='block_1_66' title="bbox 167 2429 953 2471">
    <p class='ocr_par' dir='ltr' id='par_1_66' title="bbox 167 2429 953 2471">
     <span class='ocr_line' id='line_1_66' title="bbox 167 2429 953 2471; baseline -0.018 -3"><span class='ocrx_word' id='word_1_466' title='bbox 167 2445 245 2468; x_wconf 87' lang='lat' dir='ltr'><strong>erant</strong></span> <span class='ocrx_word' id='word_1_467' title='bbox 262 2459 270 2471; x_wconf 93' lang='lat'><strong>,</strong></span> <span class='ocrx_word' id='word_1_468' title='bbox 285 2441 314 2465; x_wconf 92' lang='lat' dir='ltr'><strong>ut</strong></span> <span class='ocrx_word' id='word_1_469' title='bbox 336 2440 362 2464; x_wconf 92' lang='lat' dir='ltr'><strong>ct</strong></span> <span class='ocrx_word' id='word_1_470' title='bbox 379 2436 477 2462; x_wconf 84' lang='lat' dir='ltr'><strong>Persas</strong></span> <span class='ocrx_word' id='word_1_471' title='bbox 493 2433 560 2460; x_wconf 87' lang='lat' dir='ltr'><strong>alios</strong></span> <span class='ocrx_word' id='word_1_472' title='bbox 584 2440 598 2459; x_wconf 90' lang='lat' dir='ltr'><strong>e</strong></span> <span class='ocrx_word' id='word_1_473' title='bbox 617 2430 773 2466; x_wconf 75' lang='lat' dir='ltr'><strong>regionibus</strong></span> <span class='ocrx_word' id='word_1_474' title='bbox 799 2429 898 2456; x_wconf 77' lang='lat' dir='ltr'><strong>vicinis</strong></span> <span class='ocrx_word' id='word_1_475' title='bbox 919 2429 953 2454; x_wconf 88' lang='lat' dir='ltr'><strong>ad</strong></span> 
     </span>
    </p>
   </div>
   <div class='ocr_carea' id='block_1_67' title="bbox 168 2475 953 2515">
    <p class='ocr_par' dir='ltr' id='par_1_67' title="bbox 168 2475 953 2515">
     <span class='ocr_line' id='line_1_67' title="bbox 168 2475 953 2515; baseline -0.019 0"><span class='ocrx_word' id='word_1_476' title='bbox 168 2495 197 2515; x_wconf 84' lang='lat' dir='ltr'><strong>se</strong></span> <span class='ocrx_word' id='word_1_477' title='bbox 213 2487 286 2513; x_wconf 87' lang='lat' dir='ltr'><strong>ultro</strong></span> <span class='ocrx_word' id='word_1_478' title='bbox 300 2486 429 2510; x_wconf 85' lang='lat' dir='ltr'><strong>coeuntes</strong></span> <span class='ocrx_word' id='word_1_479' title='bbox 444 2479 533 2506; x_wconf 89' lang='lat' dir='ltr'><strong>socios</strong></span> <span class='ocrx_word' id='word_1_480' title='bbox 547 2477 657 2504; x_wconf 83' lang='lat' dir='ltr'><strong>haberet</strong></span> <span class='ocrx_word' id='word_1_481' title='bbox 675 2480 701 2502; x_wconf 88' lang='lat' dir='ltr'><strong>et</strong></span> <span class='ocrx_word' id='word_1_482' title='bbox 719 2475 753 2502; x_wconf 88' lang='lat' dir='ltr'><strong>ad</strong></span> <span class='ocrx_word' id='word_1_483' title='bbox 766 2475 953 2502; x_wconf 80' lang='lat' dir='ltr'><strong>incursionem</strong></span> 
     </span>
    </p>
   </div>
   <div class='ocr_carea' id='block_1_68' title="bbox 169 2520 956 2568">
    <p class='ocr_par' dir='ltr' id='par_1_68' title="bbox 169 2520 956 2568">
     <span class='ocr_line' id='line_1_68' title="bbox 169 2520 956 2568; baseline -0.019 -8"><span class='ocrx_word' id='word_1_484' title='bbox 169 2532 291 2568; x_wconf 90' lang='lat' dir='ltr'><strong>quolibet</strong></span> <span class='ocrx_word' id='word_1_485' title='bbox 306 2526 517 2564; x_wconf 85' lang='lat' dir='ltr'><strong>promovendam</strong></span> <span class='ocrx_word' id='word_1_486' title='bbox 540 2523 678 2558; x_wconf 85' lang='lat' dir='ltr'><strong>adjutores</strong></span> <span class='ocrx_word' id='word_1_487' title='bbox 697 2521 821 2549; x_wconf 82' lang='lat' dir='ltr'><strong>idoneos.</strong></span> <span class='ocrx_word' id='word_1_488' title='bbox 849 2520 905 2546; x_wconf 90' lang='lat' dir='ltr'><strong>lloc</strong></span> <span class='ocrx_word' id='word_1_489' title='bbox 929 2524 956 2546; x_wconf 88' lang='lat' dir='ltr'><strong>et</strong></span> 
     </span>
    </p>
   </div>
   <div class='ocr_carea' id='block_1_69' title="bbox 169 2567 956 2610">
    <p class='ocr_par' dir='ltr' id='par_1_69' title="bbox 169 2567 956 2610">
     <span class='ocr_line' id='line_1_69' title="bbox 169 2567 956 2610; baseline -0.019 -3"><span class='ocrx_word' id='word_1_490' title='bbox 169 2567 282 2607; x_wconf 68' lang='lat' dir='ltr'><strong>Amurio</strong></span> <span class='ocrx_word' id='word_1_491' title='bbox 294 2574 449 2610; x_wconf 74' lang='lat' dir='ltr'><strong>superbiam</strong></span> <span class='ocrx_word' id='word_1_492' title='bbox 465 2571 573 2606; x_wconf 77' lang='lat' dir='ltr'><strong>adjecit.</strong></span> <span class='ocrx_word' id='word_1_493' title='bbox 591 2570 648 2597; x_wconf 85' lang='lat' dir='ltr'><strong>Hoc</strong></span> <span class='ocrx_word' id='word_1_494' title='bbox 663 2569 701 2596; x_wconf 91' lang='lat' dir='ltr'><strong>illi</strong></span> <span class='ocrx_word' id='word_1_495' title='bbox 716 2568 854 2603; x_wconf 83' lang='lat' dir='ltr'><strong>persuasit</strong></span> <span class='ocrx_word' id='word_1_496' title='bbox 869 2567 956 2594; x_wconf 70' lang='lat' dir='ltr'><strong>ftedns</strong></span> 
     </span>
    </p>
   </div>
   <div class='ocr_carea' id='block_1_70' title="bbox 171 2612 955 2658">
    <p class='ocr_par' dir='ltr' id='par_1_70' title="bbox 171 2612 955 2658">
     <span class='ocr_line' id='line_1_70' title="bbox 171 2612 955 2658; baseline -0.018 -6"><span class='ocrx_word' id='word_1_497' title='bbox 171 2625 307 2658; x_wconf 76' lang='lat' dir='ltr'><strong>frangere,</strong></span> <span class='ocrx_word' id='word_1_498' title='bbox 332 2619 506 2648; x_wconf 66' lang='lat' dir='ltr'><strong>aemulatione</strong></span> <span class='ocrx_word' id='word_1_499' title='bbox 528 2616 657 2644; x_wconf 87' lang='lat' dir='ltr'><strong>instittcto</strong></span> <span class='ocrx_word' id='word_1_500' title='bbox 677 2621 770 2645; x_wconf 86' lang='lat' dir='ltr'><strong>avara,</strong></span> <span class='ocrx_word' id='word_1_501' title='bbox 798 2621 851 2648; x_wconf 86' lang='lat' dir='ltr'><strong>qua</strong></span> <span class='ocrx_word' id='word_1_502' title='bbox 869 2613 893 2640; x_wconf 90' lang='lat' dir='ltr'><strong>ei</strong></span> <span class='ocrx_word' id='word_1_503' title='bbox 914 2612 955 2638; x_wconf 90' lang='lat' dir='ltr'><strong>vi-</strong></span> 
     </span>
    </p>
   </div>
   <div class='ocr_carea' id='block_1_71' title="bbox 171 2659 957 2698">
    <p class='ocr_par' dir='ltr' id='par_1_71' title="bbox 171 2659 957 2698">
     <span class='ocr_line' id='line_1_71' title="bbox 171 2659 957 2698; baseline -0.02 0"><span class='ocrx_word' id='word_1_504' title='bbox 171 2671 286 2698; x_wconf 86' lang='lat' dir='ltr'><strong>debatur</strong></span> <span class='ocrx_word' id='word_1_505' title='bbox 307 2665 478 2694; x_wconf 82' lang='lat' dir='ltr'><strong>intolerabile</strong></span> <span class='ocrx_word' id='word_1_506' title='bbox 497 2670 527 2691; x_wconf 87' lang='lat' dir='ltr'><strong>se</strong></span> <span class='ocrx_word' id='word_1_507' title='bbox 549 2661 657 2698; x_wconf 86' lang='lat' dir='ltr'><strong>quidem</strong></span> <span class='ocrx_word' id='word_1_508' title='bbox 678 2659 821 2695; x_wconf 75' lang='lat' dir='ltr'><strong>promissa:</strong></span> <span class='ocrx_word' id='word_1_509' title='bbox 841 2659 957 2692; x_wconf 79' lang='lat' dir='ltr'><strong>impera-</strong></span> 
     </span>
    </p>
   </div>
   <div class='ocr_carea' id='block_1_72' title="bbox 172 2705 958 2746">
    <p class='ocr_par' dir='ltr' id='par_1_72' title="bbox 172 2705 958 2746">
     <span class='ocr_line' id='line_1_72' title="bbox 172 2705 958 2746; baseline -0.018 -3"><span class='ocrx_word' id='word_1_510' title='bbox 172 2717 223 2744; x_wconf 87' lang='lat' dir='ltr'><strong>tori</strong></span> <span class='ocrx_word' id='word_1_511' title='bbox 252 2714 314 2741; x_wconf 83' lang='lat' dir='ltr'><strong>l‘idei</strong></span> <span class='ocrx_word' id='word_1_512' title='bbox 342 2711 472 2746; x_wconf 74' lang='lat' dir='ltr'><strong>religione</strong></span> <span class='ocrx_word' id='word_1_513' title='bbox 496 2709 616 2736; x_wconf 79' lang='lat' dir='ltr'><strong>vinctum</strong></span> <span class='ocrx_word' id='word_1_514' title='bbox 647 2705 786 2733; x_wconf 87' lang='lat' dir='ltr'><strong>abstinere</strong></span> <span class='ocrx_word' id='word_1_515' title='bbox 814 2711 913 2730; x_wconf 85' lang='lat' dir='ltr'><strong>manus</strong></span> <span class='ocrx_word' id='word_1_516' title='bbox 943 2710 958 2730; x_wconf 88' lang='lat' dir='ltr'><strong>a</strong></span> 
     </span>
    </p>
   </div>
   <div class='ocr_carea' id='block_1_73' title="bbox 172 2751 956 2796">
    <p class='ocr_par' dir='ltr' id='par_1_73' title="bbox 172 2751 956 2796">
     <span class='ocr_line' id='line_1_73' title="bbox 172 2751 956 2796; baseline -0.017 -7"><span class='ocrx_word' id='word_1_517' title='bbox 172 2761 261 2796; x_wconf 67' lang='lat' dir='ltr'><strong>pra‘da</strong></span> <span class='ocrx_word' id='word_1_518' title='bbox 274 2760 408 2790; x_wconf 74' lang='lat' dir='ltr'><strong>Romana,</strong></span> <span class='ocrx_word' id='word_1_519' title='bbox 420 2756 529 2784; x_wconf 85' lang='lat' dir='ltr'><strong>interim</strong></span> <span class='ocrx_word' id='word_1_520' title='bbox 541 2755 604 2782; x_wconf 90' lang='lat' dir='ltr'><strong>dum</strong></span> <span class='ocrx_word' id='word_1_521' title='bbox 617 2753 690 2780; x_wconf 85' lang='lat' dir='ltr'><strong>illam</strong></span> <span class='ocrx_word' id='word_1_522' title='bbox 711 2751 757 2778; x_wconf 88' lang='lat' dir='ltr'><strong>alii</strong></span> <span class='ocrx_word' id='word_1_523' title='bbox 771 2751 877 2785; x_wconf 77' lang='lat' dir='ltr'><strong>longius</strong></span> <span class='ocrx_word' id='word_1_524' title='bbox 893 2757 956 2784; x_wconf 89' lang='lat' dir='ltr'><strong>pro-</strong></span> 
     </span>
    </p>
   </div>
   <div class='ocr_carea' id='block_1_74' title="bbox 173 2797 957 2834">
    <p class='ocr_par' dir='ltr' id='par_1_74' title="bbox 173 2797 957 2834">
     <span class='ocr_line' id='line_1_74' title="bbox 173 2797 957 2834; baseline -0.015 0"><span class='ocrx_word' id='word_1_525' title='bbox 173 2808 235 2834; x_wconf 80' lang='lat' dir='ltr'><strong>fecti</strong></span> <span class='ocrx_word' id='word_1_526' title='bbox 247 2812 331 2834; x_wconf 86' lang='lat' dir='ltr'><strong>totam</strong></span> <span class='ocrx_word' id='word_1_527' title='bbox 348 2806 374 2832; x_wconf 90' lang='lat' dir='ltr'><strong>in</strong></span> <span class='ocrx_word' id='word_1_528' title='bbox 398 2811 448 2831; x_wconf 85' lang='lat' dir='ltr'><strong>sua</strong></span> <span class='ocrx_word' id='word_1_529' title='bbox 472 2803 545 2829; x_wconf 88' lang='lat' dir='ltr'><strong>lucra</strong></span> <span class='ocrx_word' id='word_1_530' title='bbox 574 2803 722 2828; x_wconf 83' lang='lat' dir='ltr'><strong>verterent.</strong></span> <span class='ocrx_word' id='word_1_531' title='bbox 752 2797 805 2825; x_wconf 88' lang='lat' dir='ltr'><strong>Sed</strong></span> <span class='ocrx_word' id='word_1_532' title='bbox 833 2797 957 2831; x_wconf 73' lang='lat' dir='ltr'><strong>quamvis</strong></span> 
     </span>
    </p>
   </div>
   <div class='ocr_carea' id='block_1_75' title="bbox 172 2842 959 2882">
    <p class='ocr_par' dir='ltr' id='par_1_75' title="bbox 172 2842 959 2882">
     <span class='ocr_line' id='line_1_75' title="bbox 172 2842 959 2882; baseline -0.02 0"><span class='ocrx_word' id='word_1_533' title='bbox 172 2853 244 2882; x_wconf 85' lang='lat' dir='ltr'><strong>haud</strong></span> <span class='ocrx_word' id='word_1_534' title='bbox 259 2858 327 2880; x_wconf 85' lang='lat' dir='ltr'><strong>sane</strong></span> <span class='ocrx_word' id='word_1_535' title='bbox 351 2850 403 2877; x_wconf 89' lang='lat' dir='ltr'><strong>sibi</strong></span> <span class='ocrx_word' id='word_1_536' title='bbox 419 2847 546 2875; x_wconf 77' lang='lat' dir='ltr'><strong>Amurius</strong></span> <span class='ocrx_word' id='word_1_537' title='bbox 566 2845 695 2880; x_wconf 82' lang='lat' dir='ltr'><strong>parcebat</strong></span> <span class='ocrx_word' id='word_1_538' title='bbox 710 2842 775 2878; x_wconf 89' lang='lat' dir='ltr'><strong>quin</strong></span> <span class='ocrx_word' id='word_1_539' title='bbox 792 2849 874 2877; x_wconf 85' lang='lat' dir='ltr'><strong>quam</strong></span> <span class='ocrx_word' id='word_1_540' title='bbox 899 2848 959 2867; x_wconf 86' lang='lat' dir='ltr'><strong>ma-</strong></span> 
     </span>
    </p>
   </div>
   <div class='ocr_carea' id='block_1_76' title="bbox 987 909 1772 946">
    <p class='ocr_par' dir='ltr' id='par_1_76' title="bbox 987 909 1772 946">
     <span class='ocr_line' id='line_1_76' title="bbox 987 909 1772 946; baseline 0.004 -11"><span class='ocrx_word' id='word_1_541' title='bbox 987 909 1062 935; x_wconf 82' lang='grc' dir='ltr'>ἄλλοι</span> <span class='ocrx_word' id='word_1_542' title='bbox 1075 910 1415 944; x_wconf 72' lang='grc' dir='ltr'>παρακερδαίνοιεν.Ἀλλᾶι</span> <span class='ocrx_word' id='word_1_543' title='bbox 1428 912 1461 938; x_wconf 76' lang='grc' dir='ltr'>τὰ</span> <span class='ocrx_word' id='word_1_544' title='bbox 1479 913 1527 946; x_wconf 74' lang='grc' dir='ltr'>μὲν</span> <span class='ocrx_word' id='word_1_545' title='bbox 1540 912 1627 945; x_wconf 76' lang='grc' dir='ltr'>τούτῳ</span> <span class='ocrx_word' id='word_1_546' title='bbox 1643 919 1772 946; x_wconf 74' lang='grc' dir='ltr'>πεπραγ-</span> 
     </span>
    </p>
   </div>
   <div class='ocr_carea' id='block_1_77' title="bbox 989 955 1773 992">
    <p class='ocr_par' dir='ltr' id='par_1_77' title="bbox 989 955 1773 992">
     <span class='ocr_line' id='line_1_77' title="bbox 989 955 1773 992; baseline 0.003 -11"><span class='ocrx_word' id='word_1_547' title='bbox 989 957 1058 989; x_wconf 79' lang='grc' dir='ltr'>μένα</span> <span class='ocrx_word' id='word_1_548' title='bbox 1093 957 1189 991; x_wconf 70' lang='grc' dir='ltr'>μικρὸν</span> <span class='ocrx_word' id='word_1_549' title='bbox 1206 955 1285 992; x_wconf 73' lang='grc' dir='ltr'>ἦσαν,</span> <span class='ocrx_word' id='word_1_550' title='bbox 1302 957 1353 983; x_wconf 73' lang='grc' dir='ltr'><strong>κᾶν</strong></span> <span class='ocrx_word' id='word_1_551' title='bbox 1371 957 1451 988; x_wconf 77' lang='grc' dir='ltr'>αὐτὸς</span> <span class='ocrx_word' id='word_1_552' title='bbox 1469 957 1518 984; x_wconf 74' lang='grc' dir='ltr'><strong>οὐκ</strong></span> <span class='ocrx_word' id='word_1_553' title='bbox 1533 958 1667 991; x_wconf 55' lang='grc' dir='ltr'>ἀρίστα.το</span> <span class='ocrx_word' id='word_1_554' title='bbox 1683 958 1773 992; x_wconf 77' lang='grc' dir='ltr'>πράτ-</span> 
     </span>
    </p>
   </div>
   <div class='ocr_carea' id='block_1_78' title="bbox 988 1002 1774 1037">
    <p class='ocr_par' dir='ltr' id='par_1_78' title="bbox 988 1002 1774 1037">
     <span class='ocr_line' id='line_1_78' title="bbox 988 1002 1774 1037; baseline 0.003 -11"><span class='ocrx_word' id='word_1_555' title='bbox 988 1009 1059 1026; x_wconf 87' lang='grc' dir='ltr'>των·</span> <span class='ocrx_word' id='word_1_556' title='bbox 1076 1003 1136 1028; x_wconf 81' lang='grc' dir='ltr'>τότε</span> <span class='ocrx_word' id='word_1_557' title='bbox 1161 1003 1184 1028; x_wconf 82' lang='grc' dir='ltr'><strong>δ’</strong></span> <span class='ocrx_word' id='word_1_558' title='bbox 1208 1003 1310 1037; x_wconf 71' lang='grc' dir='ltr'>’Δτμὰν</span> <span class='ocrx_word' id='word_1_559' title='bbox 1338 1003 1462 1034; x_wconf 74' lang='grc' dir='ltr'>ἐπιστὰς,</span> <span class='ocrx_word' id='word_1_560' title='bbox 1489 1003 1536 1029; x_wconf 78' lang='grc' dir='ltr'><strong>καὶ</strong></span> <span class='ocrx_word' id='word_1_561' title='bbox 1558 1004 1631 1036; x_wconf 80' lang='grc' dir='ltr'>ἄγων</span> <span class='ocrx_word' id='word_1_562' title='bbox 1646 1002 1696 1036; x_wconf 83' lang='grc' dir='ltr'>μὲν</span> <span class='ocrx_word' id='word_1_563' title='bbox 1711 1003 1774 1034; x_wconf 76' lang='grc' dir='ltr'>τοὺς</span> 
     </span>
    </p>
   </div>
   <div class='ocr_carea' id='block_1_79' title="bbox 991 1047 1774 1083">
    <p class='ocr_par' dir='ltr' id='par_1_79' title="bbox 991 1047 1774 1083">
     <span class='ocr_line' id='line_1_79' title="bbox 991 1047 1774 1083; baseline 0.003 -11"><span class='ocrx_word' id='word_1_564' title='bbox 991 1047 1083 1079; x_wconf 75' lang='grc' dir='ltr'>ἰδίους,</span> <span class='ocrx_word' id='word_1_565' title='bbox 1105 1048 1178 1080; x_wconf 75' lang='grc' dir='ltr'>ἄγων</span> <span class='ocrx_word' id='word_1_566' title='bbox 1195 1049 1223 1074; x_wconf 80' lang='grc' dir='ltr'><strong>δὲ</strong></span> <span class='ocrx_word' id='word_1_567' title='bbox 1246 1049 1292 1075; x_wconf 70' lang='grc' dir='ltr'><strong>καὶ</strong></span> <span class='ocrx_word' id='word_1_568' title='bbox 1310 1049 1424 1079; x_wconf 76' lang='grc' dir='ltr'>πολλοὺς</span> <span class='ocrx_word' id='word_1_569' title='bbox 1448 1050 1520 1075; x_wconf 73' lang='grc' dir='ltr'>κατὰ</span> <span class='ocrx_word' id='word_1_570' title='bbox 1535 1049 1694 1083; x_wconf 80' lang='grc' dir='ltr'>συμμαχίαν</span> <span class='ocrx_word' id='word_1_571' title='bbox 1712 1049 1774 1074; x_wconf 79' lang='grc' dir='ltr'>ἑτέ-</span> 
     </span>
    </p>
   </div>
   <div class='ocr_carea' id='block_1_80' title="bbox 991 1093 1777 1127">
    <p class='ocr_par' dir='ltr' id='par_1_80' title="bbox 991 1093 1777 1127">
     <span class='ocr_line' id='line_1_80' title="bbox 991 1093 1777 1127; baseline 0.003 -10"><span class='ocrx_word' id='word_1_572' title='bbox 991 1101 1054 1126; x_wconf 69' lang='grc' dir='ltr'>ρους</span> <span class='ocrx_word' id='word_1_573' title='bbox 1073 1093 1282 1127; x_wconf 48' lang='grc' dir='ltr'>ὲξωρμηριένονς</span> <span class='ocrx_word' id='word_1_574' title='bbox 1310 1094 1381 1120; x_wconf 71' lang='grc' dir='ltr'>κατὰ</span> <span class='ocrx_word' id='word_1_575' title='bbox 1411 1094 1512 1119; x_wconf 75' lang='grc' dir='ltr'>λύσσαν</span> <span class='ocrx_word' id='word_1_576' title='bbox 1527 1094 1611 1120; x_wconf 76' lang='grc' dir='ltr'>πάλαι</span> <span class='ocrx_word' id='word_1_577' title='bbox 1625 1093 1679 1119; x_wconf 78' lang='grc' dir='ltr'>τῶν</span> <span class='ocrx_word' id='word_1_578' title='bbox 1706 1093 1777 1120; x_wconf 80' lang='grc' dir='ltr'><strong>κατὰ</strong></span> 
     </span>
    </p>
   </div>
   <div class='ocr_carea' id='block_1_81' title="bbox 992 1174 1777 1218">
    <p class='ocr_par' dir='ltr' id='par_1_81' title="bbox 992 1174 1777 1218">
     <span class='ocr_line' id='line_1_81' title="bbox 992 1174 1777 1218; baseline 0.003 -12"><span class='ocrx_word' id='word_1_579' title='bbox 992 1180 1062 1206; x_wconf 81' lang='lat' dir='ltr'><strong>xima</strong></span> <span class='ocrx_word' id='word_1_580' title='bbox 1081 1185 1173 1215; x_wconf 78' lang='lat' dir='ltr'><strong>posset</strong></span> <span class='ocrx_word' id='word_1_581' title='bbox 1199 1183 1348 1216; x_wconf 85' lang='lat' dir='ltr'><strong>rapacitate</strong></span> <span class='ocrx_word' id='word_1_582' title='bbox 1369 1174 1550 1218; x_wconf 80' lang='lat' dir='ltr'><strong>grassaretur,</strong></span> <span class='ocrx_word' id='word_1_583' title='bbox 1564 1186 1654 1208; x_wconf 83' lang='lat' dir='ltr'><strong>tanien</strong></span> <span class='ocrx_word' id='word_1_584' title='bbox 1678 1183 1777 1216; x_wconf 76' lang='lat' dir='ltr'><strong>exigua</strong></span> 
     </span>
    </p>
   </div>
   <div class='ocr_carea' id='block_1_82' title="bbox 992 1227 1778 1264">
    <p class='ocr_par' dir='ltr' id='par_1_82' title="bbox 992 1227 1778 1264">
     <span class='ocr_line' id='line_1_82' title="bbox 992 1227 1778 1264; baseline 0.001 -11"><span class='ocrx_word' id='word_1_585' title='bbox 992 1227 1076 1254; x_wconf 81' lang='lat' dir='ltr'><strong>videri</strong></span> <span class='ocrx_word' id='word_1_586' title='bbox 1090 1232 1214 1262; x_wconf 86' lang='lat' dir='ltr'><strong>poterant</strong></span> <span class='ocrx_word' id='word_1_587' title='bbox 1227 1228 1326 1255; x_wconf 89' lang='lat' dir='ltr'><strong>damna</strong></span> <span class='ocrx_word' id='word_1_588' title='bbox 1345 1236 1404 1264; x_wconf 65' lang='lat' dir='ltr'><strong>qua:</strong></span> <span class='ocrx_word' id='word_1_589' title='bbox 1424 1229 1461 1256; x_wconf 85' lang='lat' dir='ltr'><strong>rei</strong></span> <span class='ocrx_word' id='word_1_590' title='bbox 1477 1227 1608 1255; x_wconf 75' lang='lat' dir='ltr'><strong>Romana:</strong></span> <span class='ocrx_word' id='word_1_591' title='bbox 1632 1228 1778 1261; x_wconf 82' lang='lat' dir='ltr'><strong>inferebat,</strong></span> 
     </span>
    </p>
   </div>
   <div class='ocr_carea' id='block_1_83' title="bbox 992 1273 1779 1309">
    <p class='ocr_par' dir='ltr' id='par_1_83' title="bbox 992 1273 1779 1309">
     <span class='ocr_line' id='line_1_83' title="bbox 992 1273 1779 1309; baseline 0.004 -11"><span class='ocrx_word' id='word_1_592' title='bbox 992 1273 1015 1299; x_wconf 90' lang='lat' dir='ltr'><strong>si</strong></span> <span class='ocrx_word' id='word_1_593' title='bbox 1037 1278 1265 1307; x_wconf 83' lang='lat' dir='ltr'><strong>compararentur</strong></span> <span class='ocrx_word' id='word_1_594' title='bbox 1280 1282 1342 1301; x_wconf 91' lang='lat' dir='ltr'><strong>cum</strong></span> <span class='ocrx_word' id='word_1_595' title='bbox 1361 1275 1438 1309; x_wconf 80' lang='lat' dir='ltr'><strong>longe</strong></span> <span class='ocrx_word' id='word_1_596' title='bbox 1453 1274 1628 1309; x_wconf 80' lang='lat' dir='ltr'><strong>gravioribus</strong></span> <span class='ocrx_word' id='word_1_597' title='bbox 1644 1282 1658 1301; x_wconf 90' lang='lat' dir='ltr'><strong>a</strong></span> <span class='ocrx_word' id='word_1_598' title='bbox 1682 1280 1779 1309; x_wconf 88' lang='lat' dir='ltr'><strong>poten-</strong></span> 
     </span>
    </p>
   </div>
   <div class='ocr_carea' id='block_1_84' title="bbox 993 1318 1782 1364">
    <p class='ocr_par' dir='ltr' id='par_1_84' title="bbox 993 1318 1782 1364">
     <span class='ocr_line' id='line_1_84' title="bbox 993 1318 1782 1364; baseline 0.005 -21"><span class='ocrx_word' id='word_1_599' title='bbox 993 1318 1055 1344; x_wconf 86' lang='lat' dir='ltr'><strong>tiori</strong></span> <span class='ocrx_word' id='word_1_600' title='bbox 1068 1318 1183 1345; x_wconf 83' lang='lat' dir='ltr'><strong>Atiuane</strong></span> <span class='ocrx_word' id='word_1_601' title='bbox 1198 1319 1291 1346; x_wconf 86' lang='lat' dir='ltr'><strong>illatis.</strong></span> <span class='ocrx_word' id='word_1_602' title='bbox 1312 1319 1361 1347; x_wconf 83' lang='lat' dir='ltr'><strong>Hic</strong></span> <span class='ocrx_word' id='word_1_603' title='bbox 1381 1321 1454 1347; x_wconf 91' lang='lat' dir='ltr'><strong>cnim</strong></span> <span class='ocrx_word' id='word_1_604' title='bbox 1479 1320 1616 1355; x_wconf 85' lang='lat' dir='ltr'><strong>inceptum</strong></span> <span class='ocrx_word' id='word_1_605' title='bbox 1633 1328 1734 1364; x_wconf 43' lang='lat' dir='ltr'><strong>urge”</strong></span> <span class='ocrx_word' id='word_1_606' title='bbox 1754 1324 1782 1348; x_wconf 89' lang='lat' dir='ltr'><strong>et</strong></span> 
     </span>
    </p>
   </div>
   <div class='ocr_carea' id='block_1_85' title="bbox 994 1364 1781 1400">
    <p class='ocr_par' dir='ltr' id='par_1_85' title="bbox 994 1364 1781 1400">
     <span class='ocr_line' id='line_1_85' title="bbox 994 1364 1781 1400; baseline 0.008 -11"><span class='ocrx_word' id='word_1_607' title='bbox 994 1364 1134 1391; x_wconf 77' lang='lat' dir='ltr'><strong>accinctus</strong></span> <span class='ocrx_word' id='word_1_608' title='bbox 1160 1372 1281 1399; x_wconf 77' lang='lat' dir='ltr'><strong>praesens</strong></span> <span class='ocrx_word' id='word_1_609' title='bbox 1303 1366 1390 1400; x_wconf 89' lang='lat' dir='ltr'><strong>operi,</strong></span> <span class='ocrx_word' id='word_1_610' title='bbox 1417 1367 1576 1394; x_wconf 86' lang='lat' dir='ltr'><strong>succinctus</strong></span> <span class='ocrx_word' id='word_1_611' title='bbox 1597 1368 1679 1395; x_wconf 89' lang='lat' dir='ltr'><strong>etiam</strong></span> <span class='ocrx_word' id='word_1_612' title='bbox 1702 1369 1781 1395; x_wconf 90' lang='lat' dir='ltr'><strong>novis</strong></span> 
     </span>
    </p>
   </div>
   <div class='ocr_carea' id='block_1_86' title="bbox 995 1410 1780 1449">
    <p class='ocr_par' dir='ltr' id='par_1_86' title="bbox 995 1410 1780 1449">
     <span class='ocr_line' id='line_1_86' title="bbox 995 1410 1780 1449; baseline 0.006 -13"><span class='ocrx_word' id='word_1_613' title='bbox 995 1410 1103 1437; x_wconf 77' lang='lat' dir='ltr'><strong>auxiliis</strong></span> <span class='ocrx_word' id='word_1_614' title='bbox 1116 1411 1350 1439; x_wconf 83' lang='lat' dir='ltr'><strong>ferocissimorum</strong></span> <span class='ocrx_word' id='word_1_615' title='bbox 1365 1412 1512 1445; x_wconf 88' lang='lat' dir='ltr'><strong>latronum,</strong></span> <span class='ocrx_word' id='word_1_616' title='bbox 1531 1413 1576 1449; x_wconf 86' lang='lat' dir='ltr'><strong>qui</strong></span> <span class='ocrx_word' id='word_1_617' title='bbox 1593 1421 1663 1441; x_wconf 64' lang='lat' dir='ltr'><strong>saeva</strong></span> <span class='ocrx_word' id='word_1_618' title='bbox 1676 1414 1780 1441; x_wconf 87' lang='lat' dir='ltr'><strong>dudum</strong></span> 
     </span>
    </p>
   </div>
   <div class='ocr_carea' id='block_1_87' title="bbox 994 1457 1782 1495">
    <p class='ocr_par' dir='ltr' id='par_1_87' title="bbox 994 1457 1782 1495">
     <span class='ocr_line' id='line_1_87' title="bbox 994 1457 1782 1495; baseline 0.005 -11"><span class='ocrx_word' id='word_1_619' title='bbox 994 1457 1022 1485; x_wconf 91' lang='lat' dir='ltr'><strong>in</strong></span> <span class='ocrx_word' id='word_1_620' title='bbox 1037 1466 1086 1485; x_wconf 89' lang='lat' dir='ltr'><strong>nos</strong></span> <span class='ocrx_word' id='word_1_621' title='bbox 1100 1458 1220 1491; x_wconf 82' lang='lat' dir='ltr'><strong>instincti</strong></span> <span class='ocrx_word' id='word_1_622' title='bbox 1235 1459 1310 1487; x_wconf 89' lang='lat' dir='ltr'><strong>rabie</strong></span> <span class='ocrx_word' id='word_1_623' title='bbox 1324 1467 1338 1486; x_wconf 90' lang='lat' dir='ltr'><strong>e</strong></span> <span class='ocrx_word' id='word_1_624' title='bbox 1355 1460 1475 1494; x_wconf 90' lang='lat' dir='ltr'><strong>partibus</strong></span> <span class='ocrx_word' id='word_1_625' title='bbox 1485 1460 1674 1495; x_wconf 78' lang='lat' dir='ltr'><strong>Paphlagonia:</strong></span> <span class='ocrx_word' id='word_1_626' title='bbox 1687 1468 1782 1488; x_wconf 80' lang='lat' dir='ltr'><strong>recens</strong></span> 
     </span>
    </p>
   </div>
   <div class='ocr_carea' id='block_1_88' title="bbox 995 1503 1783 1540">
    <p class='ocr_par' dir='ltr' id='par_1_88' title="bbox 995 1503 1783 1540">
     <span class='ocr_line' id='line_1_88' title="bbox 995 1503 1783 1540; baseline 0.005 -11"><span class='ocrx_word' id='word_1_627' title='bbox 995 1504 1027 1529; x_wconf 90' lang='lat' dir='ltr'><strong>ad</strong></span> <span class='ocrx_word' id='word_1_628' title='bbox 1044 1503 1132 1537; x_wconf 88' lang='lat' dir='ltr'><strong>ipsum</strong></span> <span class='ocrx_word' id='word_1_629' title='bbox 1150 1511 1346 1536; x_wconf 86' lang='lat' dir='ltr'><strong>convenerant,</strong></span> <span class='ocrx_word' id='word_1_630' title='bbox 1365 1507 1451 1540; x_wconf 82' lang='lat' dir='ltr'><strong>parati</strong></span> <span class='ocrx_word' id='word_1_631' title='bbox 1469 1505 1567 1533; x_wconf 80' lang='lat' dir='ltr'><strong>animis</strong></span> <span class='ocrx_word' id='word_1_632' title='bbox 1589 1506 1680 1534; x_wconf 87' lang='lat' dir='ltr'><strong>delere</strong></span> <span class='ocrx_word' id='word_1_633' title='bbox 1702 1505 1783 1533; x_wconf 88' lang='lat' dir='ltr'><strong>deso-</strong></span> 
     </span>
    </p>
   </div>
   <div class='ocr_carea' id='block_1_89' title="bbox 956 1537 1784 1586">
    <p class='ocr_par' dir='ltr' id='par_1_89' title="bbox 956 1537 1784 1586">
     <span class='ocr_line' id='line_1_89' title="bbox 956 1537 1784 1586; baseline 0.007 -12"><span class='ocrx_word' id='word_1_634' title='bbox 956 1537 977 1566; x_wconf 68' lang='grc' dir='ltr'><strong>θ</strong></span> <span class='ocrx_word' id='word_1_635' title='bbox 995 1549 1106 1582; x_wconf 83' lang='lat' dir='ltr'><strong>lareque</strong></span> <span class='ocrx_word' id='word_1_636' title='bbox 1124 1549 1201 1576; x_wconf 85' lang='lat' dir='ltr'><strong>obVia</strong></span> <span class='ocrx_word' id='word_1_637' title='bbox 1221 1556 1329 1582; x_wconf 85' lang='lat' dir='ltr'><strong>cuncta,</strong></span> <span class='ocrx_word' id='word_1_638' title='bbox 1355 1551 1478 1586; x_wconf 78' lang='lat' dir='ltr'><strong>nihilque</strong></span> <span class='ocrx_word' id='word_1_639' title='bbox 1502 1552 1592 1578; x_wconf 66' lang='lat' dir='ltr'><strong>facere</strong></span> <span class='ocrx_word' id='word_1_640' title='bbox 1615 1552 1711 1586; x_wconf 66' lang='lat' dir='ltr'><strong>reliqui</strong></span> <span class='ocrx_word' id='word_1_641' title='bbox 1735 1561 1784 1579; x_wconf 77' lang='lat' dir='ltr'><strong>ex-</strong></span> 
     </span>
    </p>
   </div>
   <div class='ocr_carea' id='block_1_90' title="bbox 997 1595 1783 1632">
    <p class='ocr_par' dir='ltr' id='par_1_90' title="bbox 997 1595 1783 1632">
     <span class='ocr_line' id='line_1_90' title="bbox 997 1595 1783 1632; baseline 0.006 -12"><span class='ocrx_word' id='word_1_642' title='bbox 997 1598 1088 1621; x_wconf 71' lang='lat' dir='ltr'><strong>trema:</strong></span> <span class='ocrx_word' id='word_1_643' title='bbox 1114 1595 1267 1622; x_wconf 83' lang='lat' dir='ltr'><strong>crudelitati</strong></span> <span class='ocrx_word' id='word_1_644' title='bbox 1304 1596 1464 1631; x_wconf 67' lang='lat' dir='ltr'><strong>diripiendis</strong></span> <span class='ocrx_word' id='word_1_645' title='bbox 1496 1597 1720 1632; x_wconf 75' lang='lat' dir='ltr'><strong>abducrndisque</strong></span> <span class='ocrx_word' id='word_1_646' title='bbox 1756 1599 1783 1626; x_wconf 90' lang='lat' dir='ltr'><strong>in</strong></span> 
     </span>
    </p>
   </div>
   <div class='ocr_carea' id='block_1_91' title="bbox 997 1641 1784 1675">
    <p class='ocr_par' dir='ltr' id='par_1_91' title="bbox 997 1641 1784 1675">
     <span class='ocr_line' id='line_1_91' title="bbox 997 1641 1784 1675; baseline 0.004 -8"><span class='ocrx_word' id='word_1_647' title='bbox 997 1641 1192 1667; x_wconf 80' lang='lat' dir='ltr'><strong>servitudinem</strong></span> <span class='ocrx_word' id='word_1_648' title='bbox 1219 1641 1300 1675; x_wconf 85' lang='lat' dir='ltr'><strong>plane</strong></span> <span class='ocrx_word' id='word_1_649' title='bbox 1319 1643 1454 1669; x_wconf 74' lang='lat' dir='ltr'><strong>universis</strong></span> <span class='ocrx_word' id='word_1_650' title='bbox 1478 1643 1576 1670; x_wconf 88' lang='lat' dir='ltr'><strong>incolis</strong></span> <span class='ocrx_word' id='word_1_651' title='bbox 1597 1643 1704 1670; x_wconf 81' lang='lat' dir='ltr'><strong>illortru</strong></span> <span class='ocrx_word' id='word_1_652' title='bbox 1727 1649 1784 1670; x_wconf 84' lang='lat' dir='ltr'><strong>tra-</strong></span> 
     </span>
    </p>
   </div>
   <div class='ocr_carea' id='block_1_92' title="bbox 996 1687 1785 1725">
    <p class='ocr_par' dir='ltr' id='par_1_92' title="bbox 996 1687 1785 1725">
     <span class='ocr_line' id='line_1_92' title="bbox 996 1687 1785 1725; baseline 0.004 -11"><span class='ocrx_word' id='word_1_653' title='bbox 996 1691 1100 1714; x_wconf 88' lang='lat' dir='ltr'><strong>ctuum.</strong></span> <span class='ocrx_word' id='word_1_654' title='bbox 1134 1687 1190 1714; x_wconf 82' lang='lat' dir='ltr'><strong>Hns</strong></span> <span class='ocrx_word' id='word_1_655' title='bbox 1219 1687 1262 1714; x_wconf 81' lang='lat' dir='ltr'><strong>ille</strong></span> <span class='ocrx_word' id='word_1_656' title='bbox 1285 1697 1346 1716; x_wconf 88' lang='lat' dir='ltr'><strong>cum</strong></span> <span class='ocrx_word' id='word_1_657' title='bbox 1374 1690 1431 1716; x_wconf 88' lang='lat' dir='ltr'><strong>suis</strong></span> <span class='ocrx_word' id='word_1_658' title='bbox 1456 1690 1594 1717; x_wconf 77' lang='lat' dir='ltr'><strong>veteribus</strong></span> <span class='ocrx_word' id='word_1_659' title='bbox 1612 1696 1785 1725; x_wconf 58' lang='lat' dir='ltr'><strong>aggregass&#39;t</strong></span> 
     </span>
    </p>
   </div>
   <div class='ocr_carea' id='block_1_93' title="bbox 997 1732 1785 1766">
    <p class='ocr_par' dir='ltr' id='par_1_93' title="bbox 997 1732 1785 1766">
     <span class='ocr_line' id='line_1_93' title="bbox 997 1732 1785 1766; baseline 0.006 -8"><span class='ocrx_word' id='word_1_660' title='bbox 997 1732 1095 1766; x_wconf 78' lang='lat' dir='ltr'><strong>copiis,</strong></span> <span class='ocrx_word' id='word_1_661' title='bbox 1111 1732 1268 1760; x_wconf 89' lang='lat' dir='ltr'><strong>universutu</strong></span> <span class='ocrx_word' id='word_1_662' title='bbox 1296 1734 1350 1761; x_wconf 89' lang='lat' dir='ltr'><strong>illic</strong></span> <span class='ocrx_word' id='word_1_663' title='bbox 1377 1735 1527 1761; x_wconf 83' lang='lat' dir='ltr'><strong>exercitum</strong></span> <span class='ocrx_word' id='word_1_664' title='bbox 1548 1743 1601 1762; x_wconf 89' lang='lat' dir='ltr'><strong>una</strong></span> <span class='ocrx_word' id='word_1_665' title='bbox 1619 1744 1712 1763; x_wconf 81' lang='lat' dir='ltr'><strong>secum</strong></span> <span class='ocrx_word' id='word_1_666' title='bbox 1735 1737 1785 1763; x_wconf 80' lang='lat' dir='ltr'><strong>lla-</strong></span> 
     </span>
    </p>
   </div>
   <div class='ocr_carea' id='block_1_94' title="bbox 998 1777 1785 1812">
    <p class='ocr_par' dir='ltr' id='par_1_94' title="bbox 998 1777 1785 1812">
     <span class='ocr_line' id='line_1_94' title="bbox 998 1777 1785 1812; baseline 0.006 -9"><span class='ocrx_word' id='word_1_667' title='bbox 998 1777 1088 1804; x_wconf 87' lang='lat' dir='ltr'><strong>bebat.</strong></span> <span class='ocrx_word' id='word_1_668' title='bbox 1113 1777 1262 1812; x_wconf 88' lang='lat' dir='ltr'><strong>Oppositus</strong></span> <span class='ocrx_word' id='word_1_669' title='bbox 1282 1779 1319 1806; x_wconf 89' lang='lat' dir='ltr'><strong>illi</strong></span> <span class='ocrx_word' id='word_1_670' title='bbox 1343 1781 1430 1807; x_wconf 77' lang='lat' dir='ltr'><strong>stabat</strong></span> <span class='ocrx_word' id='word_1_671' title='bbox 1456 1788 1534 1808; x_wconf 85' lang='lat' dir='ltr'><strong>unica</strong></span> <span class='ocrx_word' id='word_1_672' title='bbox 1563 1782 1643 1808; x_wconf 84' lang='lat' dir='ltr'><strong>tutela</strong></span> <span class='ocrx_word' id='word_1_673' title='bbox 1669 1781 1785 1808; x_wconf 82' lang='lat' dir='ltr'><strong>Romani</strong></span> 
     </span>
    </p>
   </div>
   <div class='ocr_carea' id='block_1_95' title="bbox 1000 1823 1785 1861">
    <p class='ocr_par' dir='ltr' id='par_1_95' title="bbox 1000 1823 1785 1861">
     <span class='ocr_line' id='line_1_95' title="bbox 1000 1823 1785 1861; baseline 0.005 -11"><span class='ocrx_word' id='word_1_674' title='bbox 1000 1823 1095 1852; x_wconf 88' lang='lat' dir='ltr'><strong>limitis</strong></span> <span class='ocrx_word' id='word_1_675' title='bbox 1118 1824 1241 1858; x_wconf 84' lang='lat' dir='ltr'><strong>Muzalo;</strong></span> <span class='ocrx_word' id='word_1_676' title='bbox 1257 1826 1302 1859; x_wconf 89' lang='lat' dir='ltr'><strong>qui</strong></span> <span class='ocrx_word' id='word_1_677' title='bbox 1322 1827 1466 1853; x_wconf 85' lang='lat' dir='ltr'><strong>recensitis</strong></span> <span class='ocrx_word' id='word_1_678' title='bbox 1490 1827 1557 1858; x_wconf 83' lang='lat' dir='ltr'><strong>suis,</strong></span> <span class='ocrx_word' id='word_1_679' title='bbox 1585 1827 1738 1861; x_wconf 77' lang='lat' dir='ltr'><strong>collatoque</strong></span> <span class='ocrx_word' id='word_1_680' title='bbox 1758 1828 1785 1854; x_wconf 90' lang='lat' dir='ltr'><strong>in</strong></span> 
     </span>
    </p>
   </div>
   <div class='ocr_carea' id='block_1_96' title="bbox 1000 1873 1785 1907">
    <p class='ocr_par' dir='ltr' id='par_1_96' title="bbox 1000 1873 1785 1907">
     <span class='ocr_line' id='line_1_96' title="bbox 1000 1873 1785 1907; baseline 0.005 -12"><span class='ocrx_word' id='word_1_681' title='bbox 1000 1877 1083 1896; x_wconf 87' lang='lat' dir='ltr'><strong>unum</strong></span> <span class='ocrx_word' id='word_1_682' title='bbox 1110 1876 1241 1904; x_wconf 88' lang='lat' dir='ltr'><strong>quantum</strong></span> <span class='ocrx_word' id='word_1_683' title='bbox 1268 1877 1410 1905; x_wconf 86' lang='lat' dir='ltr'><strong>supererat</strong></span> <span class='ocrx_word' id='word_1_684' title='bbox 1430 1873 1612 1899; x_wconf 79' lang='lat' dir='ltr'><strong>Romanarum</strong></span> <span class='ocrx_word' id='word_1_685' title='bbox 1633 1874 1785 1907; x_wconf 85' lang='lat' dir='ltr'><strong>copiarum,</strong></span> 
     </span>
    </p>
   </div>
   <div class='ocr_carea' id='block_1_97' title="bbox 999 1917 1787 1954">
    <p class='ocr_par' dir='ltr' id='par_1_97' title="bbox 999 1917 1787 1954">
     <span class='ocr_line' id='line_1_97' title="bbox 999 1917 1787 1954; baseline 0.005 -13"><span class='ocrx_word' id='word_1_686' title='bbox 999 1920 1130 1950; x_wconf 87' lang='lat' dir='ltr'><strong>quantum</strong></span> <span class='ocrx_word' id='word_1_687' title='bbox 1152 1917 1336 1950; x_wconf 78' lang='lat' dir='ltr'><strong>Alanicarum,</strong></span> <span class='ocrx_word' id='word_1_688' title='bbox 1356 1919 1397 1944; x_wconf 82' lang='lat' dir='ltr'><strong>vix</strong></span> <span class='ocrx_word' id='word_1_689' title='bbox 1424 1919 1573 1945; x_wconf 81' lang='lat' dir='ltr'><strong>numeratis</strong></span> <span class='ocrx_word' id='word_1_690' title='bbox 1585 1920 1664 1945; x_wconf 87' lang='lat' dir='ltr'><strong>simul</strong></span> <span class='ocrx_word' id='word_1_691' title='bbox 1684 1919 1787 1954; x_wconf 70' lang='lat' dir='ltr'><strong>indige-</strong></span> 
     </span>
    </p>
   </div>
   <div class='ocr_carea' id='block_1_98' title="bbox 1002 1963 1789 1998">
    <p class='ocr_par' dir='ltr' id='par_1_98' title="bbox 1002 1963 1789 1998">
     <span class='ocr_line' id='line_1_98' title="bbox 1002 1963 1789 1998; baseline 0.003 -9"><span class='ocrx_word' id='word_1_692' title='bbox 1002 1963 1043 1989; x_wconf 90' lang='lat' dir='ltr'><strong>nis</strong></span> <span class='ocrx_word' id='word_1_693' title='bbox 1057 1963 1138 1990; x_wconf 89' lang='lat' dir='ltr'><strong>simul</strong></span> <span class='ocrx_word' id='word_1_694' title='bbox 1153 1964 1255 1990; x_wconf 83' lang='lat' dir='ltr'><strong>exteris</strong></span> <span class='ocrx_word' id='word_1_695' title='bbox 1276 1964 1329 1990; x_wconf 90' lang='lat' dir='ltr'><strong>duo</strong></span> <span class='ocrx_word' id='word_1_696' title='bbox 1350 1963 1433 1990; x_wconf 87' lang='lat' dir='ltr'><strong>millia</strong></span> <span class='ocrx_word' id='word_1_697' title='bbox 1455 1964 1570 1990; x_wconf 88' lang='lat' dir='ltr'><strong>militum</strong></span> <span class='ocrx_word' id='word_1_698' title='bbox 1585 1964 1722 1998; x_wconf 79' lang='lat' dir='ltr'><strong>explebat.</strong></span> <span class='ocrx_word' id='word_1_699' title='bbox 1738 1964 1789 1991; x_wconf 77' lang='lat' dir='ltr'><strong>Ex-</strong></span> 
     </span>
    </p>
   </div>
   <div class='ocr_carea' id='block_1_99' title="bbox 1002 2009 1788 2038">
    <p class='ocr_par' dir='ltr' id='par_1_99' title="bbox 1002 2009 1788 2038">
     <span class='ocr_line' id='line_1_99' title="bbox 1002 2009 1788 2038; baseline 0.003 -3"><span class='ocrx_word' id='word_1_700' title='bbox 1002 2013 1117 2036; x_wconf 87' lang='lat' dir='ltr'><strong>tremum</strong></span> <span class='ocrx_word' id='word_1_701' title='bbox 1144 2014 1234 2035; x_wconf 82' lang='lat' dir='ltr'><strong>tanien</strong></span> <span class='ocrx_word' id='word_1_702' title='bbox 1263 2009 1411 2036; x_wconf 79' lang='lat' dir='ltr'><strong>Muzaloiiis</strong></span> <span class='ocrx_word' id='word_1_703' title='bbox 1434 2009 1523 2036; x_wconf 89' lang='lat' dir='ltr'><strong>oculis</strong></span> <span class='ocrx_word' id='word_1_704' title='bbox 1538 2014 1564 2036; x_wconf 88' lang='lat' dir='ltr'><strong>et</strong></span> <span class='ocrx_word' id='word_1_705' title='bbox 1579 2010 1671 2036; x_wconf 85' lang='lat' dir='ltr'><strong>animo</strong></span> <span class='ocrx_word' id='word_1_706' title='bbox 1689 2011 1788 2038; x_wconf 86' lang='lat' dir='ltr'><strong>obver-</strong></span> 
     </span>
    </p>
   </div>
   <div class='ocr_carea' id='block_1_100' title="bbox 1001 2054 1790 2090">
    <p class='ocr_par' dir='ltr' id='par_1_100' title="bbox 1001 2054 1790 2090">
     <span class='ocr_line' id='line_1_100' title="bbox 1001 2054 1790 2090; baseline 0 -8"><span class='ocrx_word' id='word_1_707' title='bbox 1001 2062 1065 2082; x_wconf 87' lang='lat' dir='ltr'><strong>saus</strong></span> <span class='ocrx_word' id='word_1_708' title='bbox 1081 2055 1230 2089; x_wconf 83' lang='lat' dir='ltr'><strong>perieulum</strong></span> <span class='ocrx_word' id='word_1_709' title='bbox 1248 2055 1375 2081; x_wconf 65' lang='lat' dir='ltr'><strong>Romanae</strong></span> <span class='ocrx_word' id='word_1_710' title='bbox 1390 2055 1427 2081; x_wconf 87' lang='lat' dir='ltr'><strong>rei</strong></span> <span class='ocrx_word' id='word_1_711' title='bbox 1447 2054 1587 2081; x_wconf 78' lang='lat' dir='ltr'><strong>audaciam</strong></span> <span class='ocrx_word' id='word_1_712' title='bbox 1602 2057 1625 2082; x_wconf 90' lang='lat' dir='ltr'><strong>ei</strong></span> <span class='ocrx_word' id='word_1_713' title='bbox 1643 2061 1725 2090; x_wconf 84' lang='lat' dir='ltr'><strong>atque</strong></span> <span class='ocrx_word' id='word_1_714' title='bbox 1740 2057 1790 2082; x_wconf 90' lang='lat' dir='ltr'><strong>im-</strong></span> 
     </span>
    </p>
   </div>
   <div class='ocr_carea' id='block_1_101' title="bbox 1002 2100 1789 2136">
    <p class='ocr_par' dir='ltr' id='par_1_101' title="bbox 1002 2100 1789 2136">
     <span class='ocr_line' id='line_1_101' title="bbox 1002 2100 1789 2136; baseline 0.003 -9"><span class='ocrx_word' id='word_1_715' title='bbox 1002 2106 1094 2135; x_wconf 88' lang='lat' dir='ltr'><strong>petum</strong></span> <span class='ocrx_word' id='word_1_716' title='bbox 1122 2108 1171 2134; x_wconf 92' lang='lat' dir='ltr'><strong>pro</strong></span> <span class='ocrx_word' id='word_1_717' title='bbox 1193 2101 1248 2127; x_wconf 90' lang='lat' dir='ltr'><strong>aris</strong></span> <span class='ocrx_word' id='word_1_718' title='bbox 1270 2100 1393 2134; x_wconf 77' lang='lat' dir='ltr'><strong>focisque</strong></span> <span class='ocrx_word' id='word_1_719' title='bbox 1408 2100 1564 2127; x_wconf 75' lang='lat' dir='ltr'><strong>decertandi</strong></span> <span class='ocrx_word' id='word_1_720' title='bbox 1579 2106 1674 2128; x_wconf 88' lang='lat' dir='ltr'><strong>contra</strong></span> <span class='ocrx_word' id='word_1_721' title='bbox 1695 2102 1789 2136; x_wconf 83' lang='lat' dir='ltr'><strong>plures</strong></span> 
     </span>
    </p>
   </div>
   <div class='ocr_carea' id='block_1_102' title="bbox 1002 2146 1791 2182">
    <p class='ocr_par' dir='ltr' id='par_1_102' title="bbox 1002 2146 1791 2182">
     <span class='ocr_line' id='line_1_102' title="bbox 1002 2146 1791 2182; baseline 0.003 -9"><span class='ocrx_word' id='word_1_722' title='bbox 1002 2147 1094 2179; x_wconf 78' lang='lat' dir='ltr'><strong>dabat,</strong></span> <span class='ocrx_word' id='word_1_723' title='bbox 1109 2147 1179 2174; x_wconf 85' lang='lat' dir='ltr'><strong>haud</strong></span> <span class='ocrx_word' id='word_1_724' title='bbox 1201 2146 1412 2174; x_wconf 86' lang='lat' dir='ltr'><strong>abhorrentibus</strong></span> <span class='ocrx_word' id='word_1_725' title='bbox 1426 2154 1439 2173; x_wconf 88' lang='lat' dir='ltr'><strong>a</strong></span> <span class='ocrx_word' id='word_1_726' title='bbox 1453 2147 1530 2173; x_wconf 89' lang='lat' dir='ltr'><strong>ducis</strong></span> <span class='ocrx_word' id='word_1_727' title='bbox 1544 2149 1678 2175; x_wconf 85' lang='lat' dir='ltr'><strong>sententia</strong></span> <span class='ocrx_word' id='word_1_728' title='bbox 1695 2149 1791 2182; x_wconf 90' lang='lat' dir='ltr'><strong>pleris-</strong></span> 
     </span>
    </p>
   </div>
   <div class='ocr_carea' id='block_1_103' title="bbox 968 2193 1791 2230">
    <p class='ocr_par' dir='ltr' id='par_1_103' title="bbox 968 2193 1791 2230">
     <span class='ocr_line' id='line_1_103' title="bbox 968 2193 1791 2230; baseline 0.002 -11"><span class='ocrx_word' id='word_1_729' title='bbox 968 2204 988 2230; x_wconf 80' lang='grc' dir='ltr'><strong>ι)</strong></span> <span class='ocrx_word' id='word_1_730' title='bbox 1002 2201 1054 2228; x_wconf 89' lang='lat' dir='ltr'><strong>que</strong></span> <span class='ocrx_word' id='word_1_731' title='bbox 1079 2193 1204 2225; x_wconf 85' lang='lat' dir='ltr'><strong>militum,</strong></span> <span class='ocrx_word' id='word_1_732' title='bbox 1224 2193 1285 2220; x_wconf 89' lang='lat' dir='ltr'><strong>licet</strong></span> <span class='ocrx_word' id='word_1_733' title='bbox 1302 2199 1358 2220; x_wconf 74' lang='lat' dir='ltr'><strong>suae</strong></span> <span class='ocrx_word' id='word_1_734' title='bbox 1381 2194 1499 2220; x_wconf 87' lang='lat' dir='ltr'><strong>consciis</strong></span> <span class='ocrx_word' id='word_1_735' title='bbox 1513 2194 1669 2228; x_wconf 84' lang='lat' dir='ltr'><strong>paucitatis.</strong></span> <span class='ocrx_word' id='word_1_736' title='bbox 1694 2194 1727 2221; x_wconf 87' lang='lat' dir='ltr'><strong>Et</strong></span> <span class='ocrx_word' id='word_1_737' title='bbox 1744 2195 1791 2221; x_wconf 77' lang='lat' dir='ltr'><strong>lia-</strong></span> 
     </span>
    </p>
   </div>
   <div class='ocr_carea' id='block_1_104' title="bbox 1004 2238 1794 2274">
    <p class='ocr_par' dir='ltr' id='par_1_104' title="bbox 1004 2238 1794 2274">
     <span class='ocr_line' id='line_1_104' title="bbox 1004 2238 1794 2274; baseline 0.004 -9"><span class='ocrx_word' id='word_1_738' title='bbox 1004 2239 1107 2265; x_wconf 78' lang='lat' dir='ltr'><strong>lutissct</strong></span> <span class='ocrx_word' id='word_1_739' title='bbox 1132 2238 1182 2265; x_wconf 85' lang='lat' dir='ltr'><strong>ista</strong></span> <span class='ocrx_word' id='word_1_740' title='bbox 1212 2239 1311 2265; x_wconf 83' lang='lat' dir='ltr'><strong>tiducia</strong></span> <span class='ocrx_word' id='word_1_741' title='bbox 1338 2246 1508 2270; x_wconf 85' lang='lat' dir='ltr'><strong>successum.</strong></span> <span class='ocrx_word' id='word_1_742' title='bbox 1538 2239 1734 2274; x_wconf 56' lang='lat' dir='ltr'><strong>vicissentque.</strong></span> <span class='ocrx_word' id='word_1_743' title='bbox 1764 2246 1794 2268; x_wconf 89' lang='lat' dir='ltr'><strong>ut</strong></span> 
     </span>
    </p>
   </div>
   <div class='ocr_carea' id='block_1_105' title="bbox 1004 2284 1796 2320">
    <p class='ocr_par' dir='ltr' id='par_1_105' title="bbox 1004 2284 1796 2320">
     <span class='ocr_line' id='line_1_105' title="bbox 1004 2284 1796 2320; baseline 0.003 -9"><span class='ocrx_word' id='word_1_744' title='bbox 1004 2285 1113 2320; x_wconf 86' lang='lat' dir='ltr'><strong>plurimi</strong></span> <span class='ocrx_word' id='word_1_745' title='bbox 1138 2284 1288 2317; x_wconf 86' lang='lat' dir='ltr'><strong>al‘lirmant,</strong></span> <span class='ocrx_word' id='word_1_746' title='bbox 1306 2285 1327 2312; x_wconf 93' lang='lat' dir='ltr'><strong>si</strong></span> <span class='ocrx_word' id='word_1_747' title='bbox 1345 2288 1390 2311; x_wconf 89' lang='lat' dir='ltr'><strong>aut</strong></span> <span class='ocrx_word' id='word_1_748' title='bbox 1417 2285 1496 2319; x_wconf 84' lang='lat' dir='ltr'><strong>plane</strong></span> <span class='ocrx_word' id='word_1_749' title='bbox 1516 2292 1611 2312; x_wconf 88' lang='lat' dir='ltr'><strong>omnes</strong></span> <span class='ocrx_word' id='word_1_750' title='bbox 1636 2289 1796 2320; x_wconf 78' lang='lat' dir='ltr'><strong>conspiras-</strong></span> 
     </span>
    </p>
   </div>
   <div class='ocr_carea' id='block_1_106' title="bbox 1006 2330 1795 2366">
    <p class='ocr_par' dir='ltr' id='par_1_106' title="bbox 1006 2330 1795 2366">
     <span class='ocr_line' id='line_1_106' title="bbox 1006 2330 1795 2366; baseline 0.001 -8"><span class='ocrx_word' id='word_1_751' title='bbox 1006 2337 1066 2358; x_wconf 77' lang='lat' dir='ltr'><strong>srttt</strong></span> <span class='ocrx_word' id='word_1_752' title='bbox 1087 2332 1112 2357; x_wconf 92' lang='lat' dir='ltr'><strong>in</strong></span> <span class='ocrx_word' id='word_1_753' title='bbox 1128 2338 1292 2366; x_wconf 79' lang='lat' dir='ltr'><strong>generosum</strong></span> <span class='ocrx_word' id='word_1_754' title='bbox 1309 2331 1359 2358; x_wconf 87' lang='lat' dir='ltr'><strong>hoc</strong></span> <span class='ocrx_word' id='word_1_755' title='bbox 1383 2330 1565 2366; x_wconf 83' lang='lat' dir='ltr'><strong>propositum,</strong></span> <span class='ocrx_word' id='word_1_756' title='bbox 1580 2336 1627 2358; x_wconf 88' lang='lat' dir='ltr'><strong>aut</strong></span> <span class='ocrx_word' id='word_1_757' title='bbox 1645 2333 1671 2358; x_wconf 90' lang='lat' dir='ltr'><strong>in</strong></span> <span class='ocrx_word' id='word_1_758' title='bbox 1684 2339 1716 2359; x_wconf 84' lang='lat' dir='ltr'><strong>eo</strong></span> <span class='ocrx_word' id='word_1_759' title='bbox 1730 2340 1795 2359; x_wconf 87' lang='lat' dir='ltr'><strong>cou-</strong></span> 
     </span>
    </p>
   </div>
   <div class='ocr_carea' id='block_1_107' title="bbox 1004 2375 1794 2410">
    <p class='ocr_par' dir='ltr' id='par_1_107' title="bbox 1004 2375 1794 2410">
     <span class='ocr_line' id='line_1_107' title="bbox 1004 2375 1794 2410; baseline 0 -6"><span class='ocrx_word' id='word_1_760' title='bbox 1004 2377 1101 2404; x_wconf 75' lang='lat' dir='ltr'><strong>t&#39;ordes</strong></span> <span class='ocrx_word' id='word_1_761' title='bbox 1116 2379 1340 2410; x_wconf 81' lang='lat' dir='ltr'><strong>perseverassent</strong></span> <span class='ocrx_word' id='word_1_762' title='bbox 1357 2376 1535 2410; x_wconf 86' lang='lat' dir='ltr'><strong>unanimique</strong></span> <span class='ocrx_word' id='word_1_763' title='bbox 1554 2375 1714 2403; x_wconf 78' lang='lat' dir='ltr'><strong>fortitudine</strong></span> <span class='ocrx_word' id='word_1_764' title='bbox 1728 2377 1794 2404; x_wconf 81' lang='lat' dir='ltr'><strong>t0tis</strong></span> 
     </span>
    </p>
   </div>
   <div class='ocr_carea' id='block_1_108' title="bbox 1006 2421 1796 2457">
    <p class='ocr_par' dir='ltr' id='par_1_108' title="bbox 1006 2421 1796 2457">
     <span class='ocr_line' id='line_1_108' title="bbox 1006 2421 1796 2457; baseline 0 -7"><span class='ocrx_word' id='word_1_765' title='bbox 1006 2423 1110 2450; x_wconf 81' lang='lat' dir='ltr'><strong>viribus</strong></span> <span class='ocrx_word' id='word_1_766' title='bbox 1125 2427 1152 2449; x_wconf 90' lang='lat' dir='ltr'><strong>et</strong></span> <span class='ocrx_word' id='word_1_767' title='bbox 1171 2422 1271 2448; x_wconf 86' lang='lat' dir='ltr'><strong>animis</strong></span> <span class='ocrx_word' id='word_1_768' title='bbox 1289 2423 1316 2448; x_wconf 91' lang='lat' dir='ltr'><strong>in</strong></span> <span class='ocrx_word' id='word_1_769' title='bbox 1332 2421 1404 2449; x_wconf 89' lang='lat' dir='ltr'><strong>istud</strong></span> <span class='ocrx_word' id='word_1_770' title='bbox 1425 2422 1548 2456; x_wconf 69' lang='lat' dir='ltr'><strong>pra-lium</strong></span> <span class='ocrx_word' id='word_1_771' title='bbox 1568 2422 1698 2450; x_wconf 77' lang='lat' dir='ltr'><strong>ruisscul.</strong></span> <span class='ocrx_word' id='word_1_772' title='bbox 1714 2422 1796 2457; x_wconf 64' lang='lat' dir='ltr'><strong>33E.</strong></span> 
     </span>
    </p>
   </div>
   <div class='ocr_carea' id='block_1_109' title="bbox 1006 2468 1795 2503">
    <p class='ocr_par' dir='ltr' id='par_1_109' title="bbox 1006 2468 1795 2503">
     <span class='ocr_line' id='line_1_109' title="bbox 1006 2468 1795 2503; baseline -0.001 -8"><span class='ocrx_word' id='word_1_773' title='bbox 1006 2469 1084 2496; x_wconf 85' lang='lat' dir='ltr'><strong>Nunc</strong></span> <span class='ocrx_word' id='word_1_774' title='bbox 1098 2470 1175 2496; x_wconf 87' lang='lat' dir='ltr'><strong>multi</strong></span> <span class='ocrx_word' id='word_1_775' title='bbox 1197 2477 1229 2496; x_wconf 73' lang='lat' dir='ltr'><strong>ex</strong></span> <span class='ocrx_word' id='word_1_776' title='bbox 1249 2468 1328 2503; x_wconf 81' lang='lat' dir='ltr'><strong>ipsis,</strong></span> <span class='ocrx_word' id='word_1_777' title='bbox 1346 2469 1386 2495; x_wconf 88' lang='lat' dir='ltr'><strong>vel</strong></span> <span class='ocrx_word' id='word_1_778' title='bbox 1412 2468 1511 2496; x_wconf 66' lang='lat' dir='ltr'><strong>innatae</strong></span> <span class='ocrx_word' id='word_1_779' title='bbox 1531 2468 1702 2503; x_wconf 79' lang='lat' dir='ltr'><strong>indulgentes</strong></span> <span class='ocrx_word' id='word_1_780' title='bbox 1719 2472 1795 2503; x_wconf 74' lang='lat' dir='ltr'><strong>igna-</strong></span> 
     </span>
    </p>
   </div>
   <div class='ocr_carea' id='block_1_110' title="bbox 1006 2515 1797 2550">
    <p class='ocr_par' dir='ltr' id='par_1_110' title="bbox 1006 2515 1797 2550">
     <span class='ocr_line' id='line_1_110' title="bbox 1006 2515 1797 2550; baseline -0.003 -7"><span class='ocrx_word' id='word_1_781' title='bbox 1006 2517 1066 2547; x_wconf 82' lang='lat' dir='ltr'><strong>viae,</strong></span> <span class='ocrx_word' id='word_1_782' title='bbox 1080 2516 1121 2543; x_wconf 91' lang='lat' dir='ltr'><strong>vel</strong></span> <span class='ocrx_word' id='word_1_783' title='bbox 1142 2516 1310 2550; x_wconf 74' lang='lat' dir='ltr'><strong>refrigerato,</strong></span> <span class='ocrx_word' id='word_1_784' title='bbox 1336 2516 1358 2542; x_wconf 84' lang='lat' dir='ltr'><strong>si</strong></span> <span class='ocrx_word' id='word_1_785' title='bbox 1377 2522 1457 2549; x_wconf 88' lang='lat' dir='ltr'><strong>quem</strong></span> <span class='ocrx_word' id='word_1_786' title='bbox 1485 2515 1644 2550; x_wconf 85' lang='lat' dir='ltr'><strong>concepisse</strong></span> <span class='ocrx_word' id='word_1_787' title='bbox 1672 2515 1722 2541; x_wconf 90' lang='lat' dir='ltr'><strong>visi</strong></span> <span class='ocrx_word' id='word_1_788' title='bbox 1738 2515 1797 2541; x_wconf 72' lang='lat' dir='ltr'><strong>fur-</strong></span> 
     </span>
    </p>
   </div>
   <div class='ocr_carea' id='block_1_111' title="bbox 1008 2561 1798 2597">
    <p class='ocr_par' dir='ltr' id='par_1_111' title="bbox 1008 2561 1798 2597">
     <span class='ocr_line' id='line_1_111' title="bbox 1008 2561 1798 2597; baseline -0.003 -8"><span class='ocrx_word' id='word_1_789' title='bbox 1008 2567 1080 2594; x_wconf 80' lang='lat' dir='ltr'><strong>rant,</strong></span> <span class='ocrx_word' id='word_1_790' title='bbox 1099 2563 1196 2589; x_wconf 89' lang='lat' dir='ltr'><strong>ardore</strong></span> <span class='ocrx_word' id='word_1_791' title='bbox 1216 2567 1327 2589; x_wconf 86' lang='lat' dir='ltr'><strong>strenue</strong></span> <span class='ocrx_word' id='word_1_792' title='bbox 1353 2561 1511 2594; x_wconf 85' lang='lat' dir='ltr'><strong>dimicandi,</strong></span> <span class='ocrx_word' id='word_1_793' title='bbox 1537 2569 1635 2597; x_wconf 80' lang='lat' dir='ltr'><strong>segnes</strong></span> <span class='ocrx_word' id='word_1_794' title='bbox 1651 2561 1798 2595; x_wconf 86' lang='lat' dir='ltr'><strong>ancipites--</strong></span> 
     </span>
    </p>
   </div>
   <div class='ocr_carea' id='block_1_112' title="bbox 1007 2607 1798 2643">
    <p class='ocr_par' dir='ltr' id='par_1_112' title="bbox 1007 2607 1798 2643">
     <span class='ocr_line' id='line_1_112' title="bbox 1007 2607 1798 2643; baseline -0.003 -9"><span class='ocrx_word' id='word_1_795' title='bbox 1007 2616 1061 2643; x_wconf 87' lang='lat' dir='ltr'><strong>que</strong></span> <span class='ocrx_word' id='word_1_796' title='bbox 1076 2608 1229 2642; x_wconf 89' lang='lat' dir='ltr'><strong>torpebant.</strong></span> <span class='ocrx_word' id='word_1_797' title='bbox 1259 2607 1286 2634; x_wconf 91' lang='lat' dir='ltr'><strong>ln</strong></span> <span class='ocrx_word' id='word_1_798' title='bbox 1312 2607 1355 2634; x_wconf 88' lang='lat' dir='ltr'><strong>his</strong></span> <span class='ocrx_word' id='word_1_799' title='bbox 1380 2611 1459 2634; x_wconf 88' lang='lat' dir='ltr'><strong>erant</strong></span> <span class='ocrx_word' id='word_1_800' title='bbox 1486 2615 1556 2642; x_wconf 87' lang='lat' dir='ltr'><strong>quos</strong></span> <span class='ocrx_word' id='word_1_801' title='bbox 1581 2607 1671 2634; x_wconf 87' lang='lat' dir='ltr'><strong>adhuc</strong></span> <span class='ocrx_word' id='word_1_802' title='bbox 1702 2607 1798 2632; x_wconf 86' lang='lat' dir='ltr'><strong>urebat</strong></span> 
     </span>
    </p>
   </div>
   <div class='ocr_carea' id='block_1_113' title="bbox 1009 2653 1796 2687">
    <p class='ocr_par' dir='ltr' id='par_1_113' title="bbox 1009 2653 1796 2687">
     <span class='ocr_line' id='line_1_113' title="bbox 1009 2653 1796 2687; baseline -0.004 -7"><span class='ocrx_word' id='word_1_803' title='bbox 1009 2654 1087 2680; x_wconf 84' lang='lat' dir='ltr'><strong>dolor</strong></span> <span class='ocrx_word' id='word_1_804' title='bbox 1112 2653 1297 2685; x_wconf 63' lang='lat' dir='ltr'><strong>contumeliae,</strong></span> <span class='ocrx_word' id='word_1_805' title='bbox 1322 2657 1351 2679; x_wconf 93' lang='lat' dir='ltr'><strong>ut</strong></span> <span class='ocrx_word' id='word_1_806' title='bbox 1370 2654 1512 2687; x_wconf 86' lang='lat' dir='ltr'><strong>putabant,</strong></span> <span class='ocrx_word' id='word_1_807' title='bbox 1533 2653 1697 2687; x_wconf 65' lang='lat' dir='ltr'><strong>iniuriaeque</strong></span> <span class='ocrx_word' id='word_1_808' title='bbox 1714 2659 1796 2678; x_wconf 80' lang='lat' dir='ltr'><strong>acce—</strong></span> 
     </span>
    </p>
   </div>
   <div class='ocr_carea' id='block_1_114' title="bbox 1010 2697 1796 2735">
    <p class='ocr_par' dir='ltr' id='par_1_114' title="bbox 1010 2697 1796 2735">
     <span class='ocr_line' id='line_1_114' title="bbox 1010 2697 1796 2735; baseline -0.005 -9"><span class='ocrx_word' id='word_1_809' title='bbox 1010 2706 1070 2735; x_wconf 61' lang='lat' dir='ltr'><strong>ptae.</strong></span> <span class='ocrx_word' id='word_1_810' title='bbox 1084 2707 1146 2727; x_wconf 86' lang='lat' dir='ltr'><strong>cum</strong></span> <span class='ocrx_word' id='word_1_811' title='bbox 1164 2700 1225 2733; x_wconf 90' lang='lat' dir='ltr'><strong>equi</strong></span> <span class='ocrx_word' id='word_1_812' title='bbox 1244 2700 1402 2734; x_wconf 88' lang='lat' dir='ltr'><strong>nummique</strong></span> <span class='ocrx_word' id='word_1_813' title='bbox 1423 2700 1489 2734; x_wconf 86' lang='lat' dir='ltr'><strong>ipsis</strong></span> <span class='ocrx_word' id='word_1_814' title='bbox 1499 2700 1584 2733; x_wconf 86' lang='lat' dir='ltr'><strong>erepti</strong></span> <span class='ocrx_word' id='word_1_815' title='bbox 1603 2699 1696 2725; x_wconf 80' lang='lat' dir='ltr'><strong>Alanis</strong></span> <span class='ocrx_word' id='word_1_816' title='bbox 1716 2697 1796 2723; x_wconf 85' lang='lat' dir='ltr'><strong>attri-</strong></span> 
     </span>
    </p>
   </div>
   <div class='ocr_carea' id='block_1_115' title="bbox 1010 2742 1798 2780">
    <p class='ocr_par' dir='ltr' id='par_1_115' title="bbox 1010 2742 1798 2780">
     <span class='ocr_line' id='line_1_115' title="bbox 1010 2742 1798 2780; baseline -0.006 -7"><span class='ocrx_word' id='word_1_817' title='bbox 1010 2747 1067 2774; x_wconf 92' lang='lat' dir='ltr'><strong>buti</strong></span> <span class='ocrx_word' id='word_1_818' title='bbox 1091 2746 1209 2776; x_wconf 75' lang='lat' dir='ltr'><strong>fuerant.</strong></span> <span class='ocrx_word' id='word_1_819' title='bbox 1226 2754 1280 2780; x_wconf 91' lang='lat' dir='ltr'><strong>quo</strong></span> <span class='ocrx_word' id='word_1_820' title='bbox 1299 2746 1449 2772; x_wconf 77' lang='lat' dir='ltr'><strong>Romanam</strong></span> <span class='ocrx_word' id='word_1_821' title='bbox 1465 2745 1590 2772; x_wconf 86' lang='lat' dir='ltr'><strong>militiam</strong></span> <span class='ocrx_word' id='word_1_822' title='bbox 1605 2744 1720 2778; x_wconf 80' lang='lat' dir='ltr'><strong>periisse</strong></span> <span class='ocrx_word' id='word_1_823' title='bbox 1737 2742 1798 2769; x_wconf 72' lang='lat' dir='ltr'><strong>fun-</strong></span> 
     </span>
    </p>
   </div>
   <div class='ocr_carea' id='block_1_116' title="bbox 1011 2787 1795 2827">
    <p class='ocr_par' dir='ltr' id='par_1_116' title="bbox 1011 2787 1795 2827">
     <span class='ocr_line' id='line_1_116' title="bbox 1011 2787 1795 2827; baseline -0.008 -8"><span class='ocrx_word' id='word_1_824' title='bbox 1011 2793 1085 2819; x_wconf 85' lang='lat' dir='ltr'><strong>ditus</strong></span> <span class='ocrx_word' id='word_1_825' title='bbox 1099 2793 1294 2827; x_wconf 82' lang='lat' dir='ltr'><strong>querebantur,</strong></span> <span class='ocrx_word' id='word_1_826' title='bbox 1322 2791 1449 2825; x_wconf 64' lang='lat' dir='ltr'><strong>tmdiique</strong></span> <span class='ocrx_word' id='word_1_827' title='bbox 1474 2791 1536 2817; x_wconf 80' lang='lat' dir='ltr'><strong>inde</strong></span> <span class='ocrx_word' id='word_1_828' title='bbox 1559 2797 1590 2816; x_wconf 88' lang='lat' dir='ltr'><strong>ac</strong></span> <span class='ocrx_word' id='word_1_829' title='bbox 1610 2789 1704 2816; x_wconf 88' lang='lat' dir='ltr'><strong>livoris</strong></span> <span class='ocrx_word' id='word_1_830' title='bbox 1724 2787 1795 2822; x_wconf 73' lang='lat' dir='ltr'><strong>pleni</strong></span> 
     </span>
    </p>
   </div>
   <div class='ocr_carea' id='block_1_117' title="bbox 1012 2834 1795 2870">
    <p class='ocr_par' dir='ltr' id='par_1_117' title="bbox 1012 2834 1795 2870">
     <span class='ocr_line' id='line_1_117' title="bbox 1012 2834 1795 2870; baseline -0.011 -3"><span class='ocrx_word' id='word_1_831' title='bbox 1012 2847 1063 2867; x_wconf 83' lang='lat' dir='ltr'><strong>nec</strong></span> <span class='ocrx_word' id='word_1_832' title='bbox 1081 2839 1287 2867; x_wconf 71' lang='lat' dir='ltr'><strong>consentiebant</strong></span> <span class='ocrx_word' id='word_1_833' title='bbox 1304 2838 1422 2868; x_wconf 66' lang='lat' dir='ltr'><strong>caneris,</strong></span> <span class='ocrx_word' id='word_1_834' title='bbox 1444 2845 1493 2864; x_wconf 86' lang='lat' dir='ltr'><strong>nec</strong></span> <span class='ocrx_word' id='word_1_835' title='bbox 1514 2837 1645 2870; x_wconf 80' lang='lat' dir='ltr'><strong>impetum</strong></span> <span class='ocrx_word' id='word_1_836' title='bbox 1667 2834 1795 2867; x_wconf 70' lang='lat' dir='ltr'><strong>expedie-</strong></span> 
     </span>
    </p>
   </div>
  </div>
