1953 3065
166 183 216 215 371

163 295 221 320 γεν.
240 289 327 324 Ἀπῆν
348 291 375 317 δὲ
392 293 444 319 τῶν
464 294 573 326 ζώντων
591 297 604 321 ό
624 297 724 331 φήσας,
740 299 882 333 ἀνάγωγος
901 301 949 327 καὶ

163 334 249 366 ἄλλως
264 335 302 362 ὢν
317 338 419 370 ἐκεῖνος
438 341 485 366 καὶ
497 342 543 367 ἐπὶ
556 342 693 375 διαϐολαῖς
708 345 854 380 γνώριμος.
867 346 949 373 Ἀλλὰ

162 381 211 407 καὶ
224 382 254 407 τὺ
267 382 393 419 ἔγκλημα
406 386 507 421 ἀπᾷδον
518 388 586 419 ὅλως
599 390 646 415 καὶ
661 390 852 425 ψευδολόγημα
872 393 948 419 ἄντι-

162 435 242 462 κρυς.
257 429 351 462 Ὅμως
364 432 376 457 ὁ
391 432 543 467 Σηλυὸρὶας
559 435 589 461 οὐ
611 435 681 463 πάνυ
694 445 719 463 τι
744 439 790 464 καὶ
812 439 893 470 αὐτὸς
904 448 949 466 πι-

164 474 274 508 στεύων,
289 476 326 507 ὡς
342 477 423 512 ἐῴκει
437 479 533 513 λέγων,
549 481 579 507 τὸ
598 482 644 508 τοῦ
660 484 824 518 πράγματος
849 486 948 513 ἄτοπον

162 521 191 546 ἐν
207 521 373 557 ἀπορρήτοις
394 526 571 559 παραλαϐὼν,
589 528 696 562 βασιλεῖ
715 531 837 557 πιστεύει
852 532 896 558 τὸν
908 533 950 559 λό-

162 574 220 599 γον.
233 567 278 602 Τῷ
292 568 320 594 δὲ
348 570 419 604 μέγα
441 571 493 604 μὲν
509 573 656 600 ἀκούσαντι
678 574 760 608 ἔδοξε,
781 577 828 603 καὶ
845 577 948 612 βαρέως

162 613 260 648 ἤνεγκε
280 615 309 641 τὸ
323 615 416 651 λεχθέν
428 625 434 632 ·
469 619 542 652 ὅμως
559 619 587 645 δὲ
610 621 701 655 μέντοι
721 623 767 649 καὶ
786 624 824 659 μὴ
839 625 950 650 πιστεύ-

163 665 238 685 σαντι
252 660 330 695 ἐπῄει
346 663 503 696 φροντίζειν
514 665 562 691 τοῦ
578 666 781 702 ὲνὰποῤῥήτοις
795 669 951 696 διακεῖσθαι

160 704 206 729 τὸν
221 704 309 738 λόγον,
327 707 365 738 ὡς
384 708 472 740 ἄλλως
487 711 533 737 καὶ
545 711 658 746 ἀπρεπῆ
681 713 746 740 ὂντα
767 714 797 740 οὐ
816 715 917 749 μᾶλλον
933 715 948 750 ἧ

163 750 258 786 ψευδῆ.
290 753 521 787 Διαφυλάττεσθαι
547 759 602 793 γὰρ
629 759 676 785 καὶ
701 760 751 791 τὰς
773 761 828 786 τῶν
845 761 950 788 πολλῶν

164 796 291 829 ὑπονοίας
304 799 378 832 ἄξιον
392 803 542 837 ἐκεκρίκει.
553 804 624 839 Πλὴν
641 806 688 831 καὶ
706 806 753 832 τοῦ
765 809 951 842 προσανενεγ-

163 851 261 875 καντος
290 847 478 880 κατεγνώκει,
503 849 539 880 ὡς
559 851 588 875 τὲ
610 850 687 882 τέλος
714 851 826 884 ἔδειξεν.
847 853 887 880 ὃτι
906 855 951 880 καὶ

161 888 229 921 ὅλως
241 891 289 917 ἐπὶ
300 893 413 927 τοιούτῳ
430 894 476 920 καὶ
494 896 570 930 παρὰ
583 895 706 923 τοιουτου
733 898 888 925 πιστεύσειε
905 899 950 926 λὲ-

162 943 266 968 γοντοζ.
283 935 337 964 Ἶιν
360 939 444 966 ταῦτα
456 961 462 972 ,
484 941 531 967 καὶ
551 943 574 968 οῖ
592 942 642 977 μὲν
657 943 796 978 ἀρχιερεῖς
811 946 859 971 καὶ
872 945 949 978 αὖθις

161 982 207 1008 διὰ
223 983 252 1008 τὺ
267 983 313 1010 τοῦ
331 985 501 1021 πατριάρχου
518 988 586 1022 πρὸς
601 989 700 1021 αὐτοὺς
726 989 768 1026 [Ρ.
785 991 850 1026 255]
863 993 951 1026 ἀμφί-

162 1037 271 1063 γνωμον
283 1032 345 1065 περὶ
363 1033 415 1058 τῶν
435 1035 504 1061 κατὰ
523 1034 568 1060 τδν
586 1035 700 1070 Ἐφέσου
712 1038 883 1072 πραγμάτων
897 1048 950 1064 πα-

162 1077 280 1113 τριάρχῃ
299 1078 421 1114 ἐπεῖχον,
441 1081 489 1107 καὶ
505 1082 534 1107 οὐ
550 1081 678 1116 καθαρῶς
695 1083 846 1118 εὶρήνευον.
862 1083 952 1112 Ἦσαν

162 1123 183 1148 δ’
193 1123 292 1154 οἵτινες
311 1125 415 1151 τούτων
441 1127 488 1153 καὶ
502 1126 720 1162 ὠμογνωμόνουν
738 1129 776 1164 τῷ
795 1130 953 1167 πατριάρχῃ

162 1169 210 1194 καὶ
223 1170 291 1204 προς
311 1172 374 1202 τοὺς
383 1172 494 1204 λοιποὺς
509 1173 676 1208 διεφέροντο.
693 1176 800 1202 Βασιλεῖ
813 1177 841 1203 δὲ
865 1177 954 1204 πάντα

161 1215 262 1248 τρόπον
277 1215 309 1242 τὰ
320 1216 369 1250 τῆς
383 1217 493 1252 εἰρήνης
505 1219 704 1254 στέργον-τιούκ
712 1219 954 1256 ἦνὴρεμιίν,ὰλλὰ

165 1304 248 1330 homo
263 1305 478 1333 contumeliosus
494 1296 520 1333 έι
540 1307 720 1336 calumniator
737 1316 828 1338 notus.
843 1312 954 1340 Crimen

165 1358 248 1382 porro
269 1357 328 1379 erat
359 1360 474 1386 prorsus
504 1354 657 1383 abhorrens
680 1364 694 1382 a
717 1357 956 1386 verisimilitudine

163 1397 251 1428 omni,
269 1404 430 1432 merumque
445 1400 630 1428 mendacium.
649 1401 709 1429 Prae
723 1410 753 1430 se
769 1403 873 1431 ferebat
889 1404 955 1438 quin

165 1442 247 1469 etiam
266 1442 450 1477 Se-lybriensis
467 1445 534 1479 ipse.
549 1453 611 1472 cum
629 1447 654 1474 id
667 1447 780 1475 alterius
797 1449 956 1476 testimonio

164 1489 288 1522 referret,
308 1498 367 1517 sese
387 1491 458 1518 haud
488 1492 624 1520 credere:
642 1499 754 1529 putasse
777 1499 868 1523 tamen
897 1504 955 1524 rem

164 1535 350 1570 qualicunque
373 1536 425 1563 fide
443 1545 545 1566 arcano
557 1539 589 1566 ad
611 1546 641 1566 se
655 1540 771 1567 delatam
785 1541 955 1575 imperatori,

165 1585 247 1615 prout
264 1581 340 1612 fecit.
358 1583 480 1610 indicare
498 1592 527 1611 se
544 1584 654 1613 debere.
673 1585 823 1620 Imperator
840 1587 891 1613 hoc
905 1594 954 1614 au-

164 1629 222 1656 dito
246 1631 375 1658 momenti
399 1632 539 1666 permagni
567 1635 670 1659 temere
697 1633 800 1660 moveri
816 1633 953 1668 negotium

163 1675 298 1709 judicavit
309 1696 317 1708 ,
351 1679 524 1713 graviterque
551 1678 613 1704 tulit
630 1678 656 1705 id
673 1678 707 1705 ad
723 1686 753 1706 se
769 1678 901 1706 delatum.
916 1679 956 1706 Ac

166 1723 269 1750 nullam
287 1723 352 1751 licet
370 1725 449 1751 ﬁdem
475 1724 605 1751 delationi
627 1724 771 1756 adhibens,
800 1725 852 1752 sibi
875 1725 956 1753 enixe

166 1769 320 1796 curandum
349 1770 519 1797 existimavit
550 1777 583 1798 ne
612 1770 645 1797 ad
666 1770 758 1805 plures
773 1770 839 1798 dicti
859 1772 956 1798 notitia

169 1819 304 1846 manaret,
319 1810 402 1852 338
417 1821 596 1852 praeterquam
611 1816 763 1845 indecentis
777 1823 804 1844 et
820 1818 957 1846 mentione

167 1863 226 1897 ipsa
241 1859 357 1896 infandi,
371 1865 464 1896 etiam,
480 1868 509 1890 ut
522 1871 551 1891 se
565 1864 667 1890 dabant
683 1863 795 1895 indicia,
805 1865 955 1891 mendacis.

167 1909 297 1937 Prmverti
316 1911 388 1937 enim
408 1916 536 1945 oportere
551 1911 726 1948 suspiciones
751 1911 900 1938 multorum
918 1919 956 1938 ae-

167 1964 252 1990 quum
271 1957 387 1985 censuit.
404 1956 458 1984 Sed
476 1961 520 1989 et,
535 1961 615 1992 prout
629 1965 660 1984 ex
679 1957 837 1984 consecutis
857 1957 889 1984 ad
907 1965 956 1984 cx-

167 2007 284 2029 tremum
310 2003 448 2039 apparuit,
471 2003 631 2031 succensuit
647 2003 771 2034 delatori.
787 2002 859 2038 quod
874 2011 888 2031 e
903 2008 956 2029 tam

169 2048 219 2075 levi
237 2053 348 2084 tamque
363 2049 493 2076 sublesta:
521 2048 583 2076 ﬁdei
608 2053 721 2076 auctore
746 2049 882 2084 cognitam
899 2057 957 2076 rem

168 2100 271 2122 tantam
289 2103 343 2122 non
360 2096 440 2122 modo
461 2103 513 2123 non
532 2096 756 2130 contempsisset,
773 2100 801 2122 ut
815 2096 957 2128 debuerat,

167 2148 264 2167 verum
276 2141 369 2173 etiam,
384 2144 412 2166 ut
423 2140 572 2168 deferendo
588 2144 787 2168 monstraverat
801 2161 807 2173 ,
827 2140 959 2168 credidis-

167 2189 221 2212 set.
239 2185 306 2211 Dum
325 2185 381 2212 hazc
405 2185 442 2212 ita
457 2193 487 2213 se
513 2186 655 2219 haberent,
685 2186 795 2214 interim
826 2186 957 2221 episcopi,

168 2232 240 2264 quod
258 2232 310 2260 sibi
327 2232 466 2259 adversari
488 2233 671 2266 patriarcham
689 2233 790 2260 scirent
805 2232 831 2258 in
848 2232 958 2267 negorio

765 195 927 225 GEORGII
949 197 954 226 l

1012 199 1045 227 Ill
1052 199 1100 228 YM
1107 199 1191 229 ER.‘E
1737 203 1790 235 37".)

163 240 213 266 οὐκ
229 242 308 273 αὐτὸς
326 243 396 276 ἰδὼν,
414 245 481 272 ἀλλὰ
494 248 560 282 παρ’
575 247 673 280 ἰδόντος
691 250 820 281 ἀκούσας,
837 252 872 282 ὡς
897 252 952 278 ἔλε-
966 255 989 282 Α

1002 255 1032 280 τὸ
1048 256 1098 289 μὲν
1111 257 1156 282 τὸν
1172 257 1286 291 Ἐφέσου
1307 258 1532 293 ἀποκαταστῆναι
1550 259 1597 285 καὶ
1621 261 1788 294 προσαπεδέ-

1001 310 1065 335 χετο
1081 303 1128 327 καὶ
1141 303 1272 338 συνήργει
1285 305 1340 335 τοῖς
1350 305 1535 339 βουλομένοις,
1549 305 1579 331 τὸ
1593 305 1616 332 δ’
1630 305 1708 336 αὖθις
1721 306 1791 331 ἐκεί-

1001 354 1046 372 νου
1073 347 1154 382 χάριν
1184 349 1359 384 πατριάρχην
1387 351 1625 385 προσαναγκάζειν
1650 350 1680 377 οὗ
1698 351 1723 376 οἱ
1738 351 1791 376 τῶν

1000 391 1115 418 δεόντων
1131 393 1231 420 ἐδόκει.
1249 394 1329 421 Ὅθεν
1341 396 1392 422 κᾶν
1410 396 1457 422 καὶ
1472 396 1534 427 τοὺς
1559 396 1630 431 ὑπὲρ
1650 395 1697 422 τοῦ
1714 396 1792 430 Ἐφέ-

1002 446 1049 463 σου
1075 438 1205 473 λέγοντας
1221 441 1380 476 ἀπεδέχετο,
1408 441 1476 468 ἀλλὰ
1493 443 1524 470 τό
1540 450 1572 477 γε
1595 443 1735 476 σχίζεσθαι
1749 443 1792 469 διὰ

1000 486 1087 511 ταῦτα
1101 487 1171 520 σφᾶς
1187 487 1358 523 πατριάρχου
1372 488 1420 515 καὶ
1432 488 1491 515 λίαν
1508 489 1551 515 διὰ
1565 488 1665 523 βάρους
1679 486 1730 524 ἦγε
1745 489 1791 515 καὶ

1001 532 1204 566 προσωνείδιζε,
1219 535 1265 561 και
1278 543 1348 561 τισιν
1370 535 1581 569 ἐμερίοέστερον
1595 535 1792 568 προσεφέρετο.

991 578 1101 604 ’Σκοπῶ
1116 579 1144 605 δὲ
1171 580 1209 614 μὴ
1238 580 1394 615 Πάτροκλος
1411 579 1445 615 ἦν
1460 581 1473 606 ὁ
1505 580 1617 614 Ἐφέσου
1634 580 1681 607 καὶ
1699 580 1729 605 τὸ
1746 579 1793 606 τἐὖ

1001 624 1110 651 Λξνεῖου
1128 625 1299 661 ἐσχεδιάζετο
1314 626 1433 662 εἴδωλον,
1450 627 1497 662 τῆς
1521 626 1666 661 βασιλικῆς
1677 625 1793 660 γνώμης

1003 670 1052 705 ἤδη
1084 671 1229 706 κλινοιίσης
1258 672 1502 707 πρδςᾺθανασιον
1530 673 1568 708 τῷ
1593 673 1638 699 τὸν
1666 673 1793 707 Ἰωάννην

1002 716 1283 752 ἀποπροσποιεῖσθαι,
1299 718 1324 744 εῑ
1341 717 1388 745 καὶ
1405 719 1434 744 ὲν
1451 719 1550 752 ἀφανεῖ
1562 718 1638 745 ταῦτ’
1653 717 1724 754 ἦσαν
1739 719 1790 746 ἐτι.

1010 763 1054 794 Ὠς
1070 764 1099 790 δέ
1116 773 1167 790 που
1181 765 1227 790 καὶ
1243 765 1273 791 rb
1285 765 1331 790 ὑπ’
1349 764 1443 791 ὀδόντα
1458 765 1566 791 κεῖσθαι
1578 765 1675 791 δοκοῦν
1688 765 1794 791 ἀνάπυ-

1005 817 1068 836 στον
1080 809 1131 844 ήδη
1151 810 1252 846 ἤρξατο
1277 811 1409 845 γίνεσθαι,
1439 811 1485 838 καί
1498 820 1570 842 τινες
1588 811 1794 846 ἀφωσιωμένως

1004 864 1063 888 πως
1077 857 1124 887 καὶ
1149 857 1316 888 ἐπιπολαίως
1332 857 1365 884 τὰ
1389 857 1452 892 περὶ
1468 857 1574 883 ἐκείνου
1592 857 1746 893 ᾐνίσσοντο,
1764 858 1795 884 τὸ

1004 902 1108 928 ἐκείνου
1126 902 1264 938 σχίζεσθαι
1277 904 1382 934 ἑαυτοῖς
1393 903 1636 938 εὐπροσωπότερον
1645 903 1795 930 καθιστάν-

1002 956 1059 980 τες,
1083 949 1142 975 τότε
1160 948 1289 985 βασιλεὺς
1313 949 1358 976 τὸν
1379 949 1494 982 πρώτως
1516 949 1713 984 ὑπομνήσει-ιτα
1732 950 1795 984 περὶ

1003 994 1099 1020 τούτου
1117 995 1278 1022 ὑπώπτευεν
1292 1016 1299 1028 ,
1324 995 1362 1027 ὡς
1383 996 1429 1022 καὶ
1451 995 1543 1026 ἄλλοις
1557 994 1629 1021 εἴποι
1645 994 1690 1020 τὸν
1704 994 1793 1027 λόγον,
1827 1014 1832 1018 .

1004 1041 1056 1068 κᾶν
1073 1041 1154 1068 αὐτὸν
1177 1041 1214 1076 μὴ
1242 1041 1446 1070 σκανδαλίσειεν
1462 1040 1598 1072 ὑπειπὼν,
1624 1041 1715 1071 ἄλλοις
1730 1040 1796 1070 ἴσως

1004 1087 1089 1113 εἰπὼν
1107 1087 1202 1121 μῶμον
1223 1087 1411 1122 προατρίψειε.
1444 1088 1493 1114 Διὰ
1519 1087 1607 1117 τοῦτο,
1625 1086 1673 1112 καὶ
1688 1087 1721 1121 τῇ
1747 1084 1794 1111 τοῦ

1005 1132 1175 1167 Ιπατριάρχου
1191 1132 1302 1167 θαρρῶν
1327 1133 1486 1168 σεμνότητι,
1514 1132 1675 1166 ἔκφαυλίζει
1690 1131 1735 1158 τὸν
1753 1131 1796 1157 λό-

1005 1187 1063 1212 γον,
1077 1179 1123 1205 καὶ
1135 1179 1180 1205 τὸν
1195 1179 1311 1213 πρώτως
1326 1180 1438 1206 εἰπόντα
1456 1179 1536 1214 δῆλον
1550 1179 1720 1213 καθίστησιν.
1730 1179 1760 1204 ¹¹Λ

1007 1227 1088 1260 ρητον
1103 1226 1152 1261 μὶν
1167 1227 1221 1261 γὰρ
1234 1224 1304 1252 εἶναι
1320 1226 1367 1252 καὶ
1382 1225 1507 1258 ἄπιστον,
1521 1226 1567 1252 καὶ
1583 1226 1645 1252 λίαν
1664 1225 1794 1260 ὠρέγετο,

1007 1314 1106 1342 minari
1127 1315 1290 1350 episcopos,
1319 1314 1439 1349 graviter
1466 1313 1633 1348 increpabat,
1651 1313 1733 1340 etiam
1748 1320 1795 1340 el-

1007 1361 1185 1394 probratione
1214 1367 1267 1387 non
1285 1360 1437 1387 abstinens.
1466 1358 1525 1386 Non
1544 1359 1725 1386 dissimulabo
1751 1358 1795 1385 hic

1008 1413 1098 1434 tamen
1117 1405 1332 1441 speculationem
1353 1405 1502 1440 quamdam
1530 1405 1629 1432 meam.
1654 1404 1723 1437 Quis
1744 1404 1796 1430 scit

1009 1460 1042 1479 an
1060 1450 1214 1486 capessenti
1227 1451 1267 1478 sic
1292 1450 1450 1484 imperatori
1474 1457 1584 1477 causam
1611 1448 1734 1484 Ephesii,
1750 1447 1796 1476 cui

1009 1499 1092 1526 sciret
1112 1497 1254 1525 adversari
1275 1496 1456 1530 patiiarcliam
1473 1516 1479 1528 ,
1504 1503 1558 1523 non
1575 1495 1648 1522 aliud
1661 1495 1796 1522 occultius

1009 1545 1036 1572 in
1052 1549 1144 1572 mente
1173 1542 1279 1570 fuerit?
1296 1542 1375 1575 Quis,
1401 1543 1522 1577 inquam,
1542 1545 1651 1577 prmstet
1667 1549 1720 1568 non
1744 1541 1796 1567 hoc

969 1594 990 1623 c
1008 1591 1046 1618 illi
1068 1594 1227 1625 praetextum
1248 1589 1335 1616 fuisse
1363 1595 1468 1615 merum
1483 1607 1491 1621 ,
1509 1593 1536 1615 et
1549 1588 1621 1615 velut
1645 1587 1709 1614 illud
1725 1594 1740 1613 e
1756 1585 1797 1612 fa-

1008 1636 1079 1664 bulis
1113 1636 1147 1663 ad
1172 1643 1270 1663 vanam
1297 1634 1415 1669 speciem
1445 1633 1582 1668 objectum
1605 1633 1686 1660 inane
1703 1631 1797 1659 [Encas

1007 1681 1197 1713 simulacrum,
1213 1681 1246 1708 ad
1260 1688 1338 1708 usum
1354 1678 1510 1714 indulgendi
1521 1683 1659 1714 concepta:
1670 1678 1726 1713 jam
1741 1683 1796 1705 tum

1008 1735 1118 1755 arcana:
1142 1727 1275 1754 voluntati
1294 1725 1446 1761 reponendi
1465 1725 1644 1752 Athanasium
1669 1724 1696 1750 in
1720 1723 1796 1750 thro-

1008 1782 1072 1800 num
1088 1794 1095 1806 ,
1112 1781 1194 1809 quam
1223 1773 1256 1800 ad
1276 1780 1331 1799 rem
1357 1771 1409 1799 sibi
1425 1771 1533 1799 videbat
1550 1771 1606 1797 fore
1631 1770 1723 1797 utilem
1742 1769 1798 1795 fac-

1009 1821 1110 1847 tionem
1126 1819 1274 1846 multorum
1290 1817 1442 1846 antistitum
1463 1823 1477 1843 a
1495 1816 1599 1843 Joanne
1616 1824 1688 1843 nunc
1707 1815 1798 1850 ponti-

1010 1866 1059 1893 ﬁce
1073 1873 1233 1893 aversorum
1248 1865 1283 1892 ob
1299 1864 1409 1898 Ephesii
1435 1866 1560 1900 negatam
1581 1862 1615 1888 ab
1630 1869 1663 1888 eo
1686 1861 1798 1888 restitu-

1010 1913 1122 1939 tionem.
1141 1911 1193 1939 Sed
1214 1911 1271 1939 haec
1281 1912 1453 1942 omittamus,
1466 1918 1527 1945 qua:
1541 1909 1562 1937 si
1578 1909 1634 1944 jam
1648 1908 1729 1946 339
1741 1913 1796 1935 tum

1009 1960 1089 1986 etant
1108 1977 1115 1990 ,
1131 1958 1157 1984 in
1178 1957 1287 1984 occulto
1311 1962 1386 1984 certe
1403 1956 1580 1983 teucbantur.
1604 1953 1682 1981 Tunc
1707 1958 1797 1980 autem

1009 2005 1100 2032 evenit
1125 2009 1165 2036 ut,
1186 2004 1265 2039 cujus
1283 2004 1470 2035 meminimus,
1498 2001 1612 2030 Joannis
1637 2001 1799 2036 patriarchae

1009 2051 1114 2078 crimen
1130 2050 1201 2077 clam
1215 2050 1279 2077 olim
1294 2050 1535 2076 immurmuratum
1557 2053 1715 2075 enotesrere
1732 2046 1800 2073 inci-

1009 2101 1103 2131 peret,
1119 2101 1146 2124 et
1158 2104 1172 2123 a
1189 2096 1352 2132 quibusdam
1372 2095 1527 2123 verecunde
1540 2094 1649 2130 quidem
1666 2101 1698 2121 ac
1721 2092 1799 2128 quasi

1010 2142 1083 2169 aliud
1094 2141 1211 2176 agendo,
1232 2145 1322 2168 tamen
1335 2142 1375 2169 sic
1392 2141 1503 2176 oblique
1519 2140 1681 2168 innueretur
1702 2145 1731 2166 ut
1753 2139 1800 2174 qui

1010 2196 1066 2216 rem
1081 2193 1273 2224 compererant
1288 2192 1485 2222 agnoscerent;
1505 2189 1577 2222 quod
1591 2187 1690 2214 infensi
1702 2186 1800 2213 Joanui

1011 2234 1134 2269 episcopi
1151 2241 1249 2268 magna
1265 2239 1324 2261 arte
1340 2233 1489 2265 faciebant,
1505 2233 1547 2261 sic
1563 2233 1614 2260 sibi
1629 2232 1801 2268 plausibilia-

169 2280 284 2307 .loannis
299 2280 418 2313 Ephesii,
442 2279 513 2307 haud
531 2279 676 2307 cessabant
691 2280 797 2307 instare
815 2279 889 2305 circa
907 2279 958 2305 hoc
970 2273 993 2302 D
1013 2290 1068 2308 rem
1083 2286 1271 2316 praeparantes
1285 2280 1427 2308 obtentum
1439 2280 1473 2307 ab
1491 2287 1525 2307 eo
1538 2287 1598 2307 sese
1616 2279 1798 2306 discindemli.

169 2327 220 2359 illi,
232 2334 281 2353 nec
292 2327 375 2353 corde
389 2326 497 2354 sincero
513 2334 573 2354 cum
587 2334 620 2354 eo
629 2326 882 2354 Communicabant.
898 2326 956 2353 Non

170 2379 263 2400 tamen
277 2381 308 2400 ex
325 2381 419 2400 eorum
441 2380 556 2400 numero
567 2375 682 2400 deerant
696 2373 741 2407 qui
760 2378 852 2408 partes
871 2373 957 2407 patri-

171 2419 261 2447 archa:
272 2425 454 2454 sequerentur
467 2426 494 2448 et
511 2420 545 2447 ab
557 2420 617 2447 aliis
628 2427 658 2446 ea
672 2427 754 2447 causa
767 2419 956 2446 dissentirent.

171 2467 237 2500 Quae
247 2474 365 2494 cernens
384 2466 544 2502 imperator,
559 2474 607 2501 pro
624 2473 675 2492 suo
691 2466 805 2500 antiquo
818 2465 958 2500 proposito

169 2514 246 2548 picis
262 2513 511 2540 ecelesiaslicorum
529 2512 604 2540 omni
634 2512 738 2539 ratione
767 2512 957 2546 procurandae,

169 2559 243 2586 haud
260 2559 310 2587 sibi
325 2559 487 2586 cessandum
504 2559 531 2585 in
547 2558 600 2586 hac
613 2558 734 2593 pacanda
756 2557 892 2585 discordia
907 2566 959 2592 pu-

171 2607 257 2640 tavit;
279 2607 305 2634 in
333 2613 388 2641 quo
412 2605 577 2632 reslitutioui
602 2605 710 2640 quidem
740 2604 860 2639 Ephesii,
876 2612 957 2639 quam

170 2653 250 2680 multi
268 2653 414 2688 urgebant,
427 2659 482 2679 non
495 2651 577 2678 modo
589 2651 716 2678 assentiri
730 2659 759 2679 se
775 2652 958 2683 monstrabat,

171 2700 220 2728 sed
237 2701 260 2727 ei
277 2700 348 2729 ultro
370 2698 562 2735 promm-enda:
582 2702 705 2732 paratam
728 2698 876 2726 eshibebat
895 2706 960 2732 ope-

171 2754 243 2773 ram.
257 2745 360 2773 Tamen
388 2745 459 2772 idem
482 2745 542 2779 ejus
560 2744 599 2772 rei
615 2745 702 2779 gratia
717 2744 771 2771 vim
800 2743 894 2772 inferri
913 2752 960 2779 pa-

171 2792 386 2820 triarchaahaud
404 2792 501 2818 decere
519 2791 670 2827 judicabat.
690 2790 784 2823 Unde,
803 2798 958 2826 quanquam

173 2840 292 2867 libenter
304 2839 412 2866 audiret
432 2829 601 2874 quat-cunque
612 2845 660 2872 pro
673 2837 788 2873 Ephesio
804 2837 960 2873 allegaban-

174 2888 230 2915 tur.
253 2874 446 2912 molestissime
471 2884 577 2912 ferebat
591 2892 700 2911 omnem
718 2885 884 2911 mentionem
902 2884 959 2910 dis-

175 2932 332 2959 crssmnisa
349 2941 488 2960 sacrorum
504 2931 642 2964 principe;
659 2937 683 2959 et
697 2939 765 2960 unos
781 2931 887 2960 audiret
901 2938 960 2959 cum

1010 2328 1092 2355 lstam
1113 2327 1332 2364 propalationem
1352 2327 1391 2353 rei
1413 2334 1426 2352 a
1446 2333 1475 2353 se
1498 2330 1575 2353 tanto
1597 2325 1690 2353 studio
1706 2326 1800 2352 celatzu

1011 2375 1162 2410 imperator
1191 2374 1326 2406 sentiens,
1355 2381 1417 2400 eum
1451 2373 1498 2408 qui
1529 2373 1580 2401 sibi
1600 2373 1705 2408 primus
1726 2373 1799 2399 illam

1010 2422 1172 2455 indicasset,
1196 2421 1399 2457 Selyhriensem
1414 2421 1507 2449 violati
1524 2421 1620 2448 arcani
1642 2427 1798 2456 suspectum

1012 2468 1123 2502 habuit;
1140 2472 1167 2496 et
1183 2468 1210 2495 in
1228 2476 1286 2495 eam
1314 2468 1440 2496 incubuit
1460 2472 1566 2503 partem
1584 2473 1612 2495 ut
1627 2469 1751 2495 crederet
1770 2467 1801 2494 il-

1011 2514 1067 2541 lum
1095 2514 1282 2550 indulgentem
1301 2515 1438 2549 prurigini
1459 2514 1587 2548 malignae
1612 2513 1673 2541 aliis
1691 2521 1800 2548 quoque

1011 2560 1218 2593 manifestasse,
1248 2561 1322 2595 quod
1340 2561 1442 2588 flustra
1455 2561 1478 2587 ei
1494 2559 1592 2587 fuissst
1604 2568 1619 2586 a
1634 2568 1664 2588 se
1676 2559 1801 2594 impense

1012 2605 1235 2633 commendatum
1275 2613 1309 2633 ne
1336 2607 1449 2634 omnino
1486 2607 1645 2633 mortalium
1673 2607 1800 2640 cuiquam

1013 2653 1141 2687 aperiret.
1159 2652 1191 2680 Et
1206 2653 1278 2680 hunc
1297 2652 1407 2687 quidem
1422 2652 1511 2688 ipsum
1526 2659 1618 2679 coram
1635 2652 1802 2687 redarguere

1012 2699 1133 2726 levitatis
1147 2699 1221 2726 illius
1243 2698 1316 2726 haud
1332 2699 1435 2731 voluit,
1458 2706 1493 2726 ne
1512 2699 1573 2726 sine
1600 2706 1690 2733 opera
1713 2698 1801 2733 pretio
1835 2718 1841 2721 .

1012 2753 1075 2773 cum
1098 2745 1219 2772 irritaret
1236 2753 1244 2772 :
1266 2745 1342 2772 illum
1359 2749 1449 2771 tamen
1466 2752 1499 2772 eo
1517 2743 1626 2771 nomine
1644 2744 1716 2779 apud
1732 2744 1802 2773 alios

1013 2791 1188 2827 vituperavit,
1205 2798 1237 2818 ac
1251 2791 1338 2818 frctus
1356 2791 1490 2826 gravitate
1502 2796 1623 2825 uotaque
1635 2790 1802 2825 patriarcha:

1014 2839 1170 2866 innocentia
1198 2845 1252 2865 non
1275 2837 1412 2865 dubitavit
1435 2837 1538 2864 crimen
1565 2836 1590 2862 id
1613 2840 1701 2863 totum
1726 2836 1802 2864 falsze

1013 2884 1157 2912 calumniae
1167 2883 1338 2917 adscribere,
1348 2881 1540 2918 conquerendo
1549 2880 1583 2908 de
1594 2888 1627 2908 eo
1638 2882 1686 2916 qui
1696 2881 1801 2916 primus

1014 2933 1182 2965 \‘ulvaverat.
1198 2932 1270 2967 quod
1294 2932 1353 2960 luce
1380 2930 1602 2964 indignissimum
1617 2930 1705 2962 premi
1727 2935 1802 2957 tene-
