1953 3065
148 137 213 167 3'73

610 141 659 171 DE
679 142 901 190 ANQBONICO
918 142 1149 174 PALIEOLOGO
1171 147 1244 177 LIB.
1266 149 1313 179 ιν.
1741 154 1774 184 37

1782 154 1789 164 ν

1741 168 1793 185 ait

146 193 193 225 LL;
214 194 298 229 ἐῴκει
309 202 316 208 ·
333 195 552 230 ὑπολαλουμένου
572 198 662 224 δὲ’καὶ
678 200 744 234 παρ’
761 199 859 232 ἄλλων,
874 199 954 230 αὐτὸς
967 197 993 227 Δ
1007 201 1122 234 πρώτως
1135 203 1239 229 εἰπόντι
1254 203 1346 238 κακῷς
1361 202 1429 239 εἶχε,
1447 205 1494 232 καὶ
1518 207 1625 233 συνόδου
1639 208 1731 242 ἐζήτει
1750 210 1794 235 ὲκ-

147 240 346 273 ἀναγκασθεὶς
366 243 485 276 φανερὰν
498 242 645 278 καθίστησι
656 244 705 280 τὴν
717 247 895 282 κατηγορίαν,
904 248 952 274 καὶ

149 287 194 318 ὠς
212 287 348 322 ὑϐριστὴν
363 289 413 315 οὐκ
429 289 519 322 αἰτίας
542 290 612 317 ἀνίει
633 292 678 318 τὸν
694 293 826 327 φάμενον.
844 293 952 320 ’Δκοὺει

150 333 249 360 ταῦτα.
265 335 311 360 καὶ
329 335 514 371 πατριάρχης,
532 337 578 363 καὶ
590 337 628 369 ὡς
653 339 727 368 εἰκδς
742 339 951 375 δεινοπαθήσας,

152 379 222 405 ἐπεὶ
235 380 266 405 οὐ
282 381 380 414 περιῆν
393 382 407 407 ὁ
416 382 531 416 πρώτως
547 383 679 416 ἐπειπὼν,
695 384 733 415 ὡς
748 384 867 418 ἐλέγετο,
878 384 952 419 αὐτῷ

152 426 189 459 δὴ
206 426 363 461 Σηλυϐρίας
374 428 425 461 τὴν
439 428 622 462 συκοφαντίαν
637 430 776 466 ὲπέτριὸε,
790 431 836 458 καὶ
852 431 952 466 συνόδῳ

155 472 313 505 ὲπεγκαλεῖ
326 473 417 507 ζητῶν
437 474 486 508 τὴν
501 475 641 507 ἐκδίκησιν
666 476 766 511 ἐαυτῷ,
783 478 834 504 κᾶν
849 478 953 509 ἐκεῖνος

155 520 196 549 ὡς
222 518 294 552 εἶχεν
325 519 460 547 ἐπειλύων
478 521 523 547 τὸν
552 521 631 557 λόγον
654 522 742 554 ἄλλως
764 523 857 557 ἔλεγεν
879 524 951 556 eget-

155 573 233 591 πειν.

157 614 214 642 κη’.
236 610 463 650 ’ὶἛριοπάθησις
475 613 658 650 πατριάρχςιυ
668 613 716 640 διὰ
728 615 786 648 τὴν
796 622 951 650 συκοφαν-

385 648 451 673 τίαν
467 648 517 674 καὶ
534 648 726 682 ἀναχώρησις

197 701 265 734 Παῤ*
280 702 313 736 ἢν
340 703 430 730 αἰτίαν
447 705 494 731 καὶ
515 704 558 740 [Ρ.
579 706 644 741 231]
666 707 793 741 βασιλεὺς
811 708 882 744 (οὐδὲ
897 709 951 744 γὰρ

158 748 194 782 ἦν
219 748 335 782 ψεύδους
361 750 516 785 γράφεσθαι
543 751 657 787 βασιλέα
675 761 706 788 γε
732 754 806 789 ὄντα)
823 756 870 782 ἐπὶ
895 757 951 787 τοῖς

158 794 295 826 τοιούτοις
312 797 533 830 συκοφαντοῦντα
548 798 696 834 διελέγχειν
716 801 949 837 ἀναγκαζόμενος,

158 840 172 866 ὖ
190 842 260 872 τέως
276 842 427 877 ἀνέκφορον
443 844 573 877 ἠϐούλετο
590 846 691 880 μένειν,
710 848 756 874 ἐπὶ
776 849 883 876 πολλῶν
897 849 953 882 ἐξέ-

160 895 258 921 φερεν,
274 889 348 919 ὅπως
363 890 407 914 καὶ
419 890 463 916 ὅτε
480 891 525 917 καὶ
542 892 568 918 τί
591 893 748 927 προσελθὼν
769 895 870 922 εῐπειεν
888 897 901 922 ὀ
917 897 954 922 εἰ-

160 934 233 960 πιῖιν.
258 935 335 965 Τέως
352 935 380 961 δὲ
396 937 479 967 πολὺς
492 939 688 974 προσετρίϐετο
711 940 834 967 ἐντεῦθεν
849 942 955 976 μῶμος,

160 979 363 1014 ἀμφοτέρωθεν
375 981 657 1017 ἀντιδιατεινομένων.
671 986 726 1012 Καὶ
741 986 785 1013 διὰ
802 987 888 1014 ταῦτα
905 997 958 1014 ποι-

159 1027 297 1061 τριάρχης
316 1027 412 1059 δεινῶς
435 1028 609 1063 ὑϐριοτταθῶν
626 1029 670 1066 ἦν,
695 1033 740 1058 καὶ
765 1033 826 1059 οὔτε
845 1033 956 1069 βασιλέα

160 1072 384 1108 προσαπεδέχετο
402 1075 530 1101 κινοῦντα
559 1076 604 1103 τὸν
629 1077 720 1112 λόγον,
751 1080 819 1106 ἀλλὰ
841 1080 888 1106 καὶ
918 1080 956 1114 τῷ

161 1164 222 1191 bris
241 1171 351 1199 semper
370 1167 550 1200 oportuisset.
576 1167 622 1195 Sic
640 1169 788 1203 imperator
815 1171 840 1199 id
865 1173 953 1206 ipsum

162 1209 240 1243 quod
256 1217 373 1243 summe,
391 1217 418 1237 ut
439 1212 524 1240 videri
544 1213 640 1245 voluit.
658 1215 799 1249 cupiverat
822 1217 954 1245 indictum

165 1256 447 1290 inunemoratumque
469 1263 600 1293 perpetuo
628 1261 712 1293 sileri,
731 1270 792 1289 cum
816 1261 955 1291 susurrari

165 1302 202 1327 ah
219 1303 279 1329 aliis
304 1303 496 1335 intellexisset.
517 1305 659 1339 publicare
680 1308 738 1342 ipse
768 1315 880 1339 coactus
896 1317 956 1343 est,

164 1348 257 1381 palum
275 1348 409 1376 incusans
427 1349 629 1385 Selyhriensem
642 1372 649 1384 ,
667 1353 714 1386 qui
729 1354 886 1388 prodiderat
901 1357 956 1390 pri-

167 1401 242 1425 mus,
259 1399 287 1420 ιιι
299 1396 530 1423 contumeliosum
542 1401 568 1423 et
583 1399 882 1433 sycophantam/indit
898 1402 956 1429 haac

165 1441 334 1473 patriarcha,
347 1446 373 1468 et
390 1446 470 1476 prout
487 1451 535 1477 par
551 1444 613 1473 fuit.
628 1445 794 1480 indignatus,
811 1453 954 1483 postquam

164 1486 192 1512 in
209 1486 280 1514 vivis
297 1494 350 1514 non
377 1493 522 1522 supererat
542 1490 587 1524 qui
620 1491 676 1517 falsi
705 1493 829 1520 rrirninis
859 1500 955 1522 auctor

1005 247 1124 283 δίκησιν,
1138 250 1162 276 εἰ
1179 251 1318 278 πιστεύειν
1335 252 1435 279 θέλοιεν
1452 253 1489 285 ὡς
1505 254 1553 281 καὶ
1567 255 1644 281 αὐτοὶ
1658 264 1794 290 συκοφαν-

1005 293 1066 321 τίαν
1080 295 1227 330 τὸνλόγον,
1243 297 1280 329 ὡς
1295 297 1414 331 λέγουσι,
1428 299 1560 333 κρίνουσι.
1575 300 1619 334 Τῷ
1635 309 1675 327 τοι
1689 302 1735 328 καὶ
1755 302 1794 336 τῷ

1008 338 1057 373 μὲν
1068 339 1158 373 ζητεῖν
1170 342 1342 377 πατριάρχην
1351 342 1442 370 δίκαια
1455 343 1610 377 ξύμπαντες
1620 345 1791 380 ὡμολόγουν,

1008 384 1076 419 πρὸς
1090 385 1119 411 δὲ
1141 386 1172 412 τὸ
1186 388 1379 420 καταδικάζειν
1395 388 1441 415 τὸν
1457 389 1566 421 λέξοντα
1587 391 1793 427 διαμφιγνωμο-

1005 429 1114 462 νοῦντες
1133 428 1220 466 ἦσαν·
1245 433 1312 468 μηδὲ
1333 434 1386 469 γὰρ
1401 435 1526 461 κάκεῖνον
1547 436 1660 463 αὐτόθεν
1676 437 1792 472 ἐκφῆναι

1004 475 1050 501 τὸν
1063 476 1153 510 λόγον,
1174 479 1236 512 μηδ’
1249 479 1286 510 ὡς
1302 480 1470 516 κατηγορίαν
1497 481 1643 515 συνθεῖναι,
1659 482 1727 509 ἀλλὰ
1745 483 1793 518 βχ-

1004 521 1074 547 σιλεῖ
1087 523 1242 555 πιστεῦσαι,
1260 523 1330 550 ὥστε
1346 526 1438 559 μεῖναι
1460 526 1506 551 καὶ
1521 526 1549 551 ὲν
1572 526 1738 561 ὰπορρἠοις
1755 527 1794 553 οἷς

1003 567 1092 593 εσθαι,
1115 568 1159 600 Ὠς
1173 569 1200 595 δὲ
1215 569 1346 601 πολλάκις
1363 571 1377 595 ὸ
1405 570 1454 605 μὲν
1473 572 1647 606 πατριάρχης
1665 574 1791 608 συνιστᾷν

1004 611 1164 648 βουλόμενος
1180 615 1290 642 σύνοδον
1303 616 1349 641 ἐπὶ
1364 617 1469 648 τούτοις
1483 617 1546 648 τοὺς
1560 618 1700 653 ἀρχιερεῖς
1714 627 1792 652 μετε-

1003 660 1138 694 πέμπετο,
1166 662 1265 688 ἐκεῖνοι
1289 662 1317 688 δὲ
1332 664 1355 688 οἱ
1382 663 1431 697 μὲν
1448 665 1594 698 συνήγοντο
1618 664 1664 690 καὶ
1689 665 1794 699 ἕτοιμοι

1001 703 1072 740 ἦσαν
1090 708 1181 740 κρῖναι
1207 708 1254 733 καὶ
1279 707 1472 739 καταδικάζειν
1494 708 1539 734 τὸν
1555 709 1677 743 φάμενον
1697 709 1732 740 ὡς
1746 711 1795 735 οὐκ

1002 750 1141 786 εῠσχημον
1153 752 1184 778 ὃν
1202 753 1256 779 οὐδ’
1273 753 1360 784 ἄλλως
1384 753 1524 789 εὐπρεπὲς
1544 755 1612 789 πρὸς
1628 754 1740 789 βασιλέα
1754 755 1796 780 λέ-

1002 804 1061 830 γειν
1075 797 1197 829 τοιαῦτα,
1213 798 1237 824 οἱ
1251 798 1279 824 δὲ
1304 798 1394 830 αἰτίας
1412 799 1460 833 τῆς
1478 799 1622 834 ἁποφυγῆς
1640 799 1796 834 πλαττόμε-

1004 851 1044 868 νοι
1057 839 1215 877 τῆν’ἄφιξιν
1234 844 1425 878 ὑπερετίθεντο
1441 844 1487 871 καὶ
1503 845 1542 879 τῷ
1559 845 1713 880 Σηλυῦρίας
1728 846 1796 879 ἁγα-

1007 889 1056 919 θὰς
1084 889 1256 923 ὑπερέτεινον
1287 890 1338 926 τὰς
1365 891 1491 924 ἐλπίδας,
1523 891 1608 917 ταῦτα
1634 892 1658 917 δ’
1685 891 1795 917 ἐποίουν

1007 934 1139 964 πολλάκις
1153 934 1258 960 ἔννοιαν
1272 935 1389 966 διδόντες
1403 935 1440 964 ὡς
1457 936 1600 969 ἐπαλγοῖεν
1612 937 1656 962 καὶ
1671 933 1744 963 οὗτοι
1759 937 1795 970 μὴ

1007 980 1054 1005 καὶ
1068 981 1238 1014 πατριάρχου
1253 980 1343 1013 σφίσιν
1354 981 1609 1015 ὁμογνωμονοῦντος
1623 982 1668 1007 ἐπὶ
1680 983 1734 1013 τοῖς
1745 982 1792 1007 τοῦ

1013 1026 1125 1059 Ἑφέσου
1139 1028 1308 1061 πράγμασιν,
1319 1027 1443 1054 ὥστεκαὶ
1464 1027 1630 1054 κινδυνεύειν
1646 1028 1795 1062 σχίζεσθλι,

1006 1072 1067 1097 τότε
1084 1073 1254 1107 πατριάρχης
1268 1073 1400 1106 ἀπαλγῷν
1420 1074 1474 1104 τοῖς
1490 1073 1672 1107 τελουμένοις,
1689 1073 1748 1100 ἐπεί
1762 1083 1794 1107 γε

1007 1163 1197 1198 proferendum
1228 1163 1300 1198 quod
1316 1168 1414 1190 tenere
1438 1164 1575 1191 occultum
1594 1163 1730 1191 debuisset
1743 1184 1751 1194 ,
1770 1169 1796 1190 et

1007 1210 1034 1236 in
1052 1217 1114 1236 cum
1140 1209 1257 1236 maxime
1285 1210 1329 1244 qui
1356 1209 1450 1236 falsam
1466 1209 1489 1236 ei
1507 1209 1671 1236 calumniam
1693 1209 1796 1243 primus

1007 1255 1154 1283 iudicasset
1169 1255 1278 1283 infenso
1292 1261 1349 1282 erat
1372 1256 1463 1282 animo
1474 1276 1480 1286 .
1499 1255 1686 1289 vindicarique
1709 1255 1796 1281 scclm

1008 1302 1090 1335 hujus
1105 1310 1201 1329 severo
1215 1302 1310 1337 synodi
1329 1301 1435 1336 judicio
1449 1301 1599 1336 poscebat;
1616 1301 1798 1334 utebaturque

1007 1351 1040 1378 ad
1067 1355 1142 1377 tanto
1168 1350 1305 1378 cliicacius
1333 1351 1358 1377 id
1377 1350 1507 1384 judicium
1527 1350 1677 1384 urgendum
1694 1347 1798 1383 profes-

1008 1397 1085 1423 sione
1101 1396 1152 1423 sibi
1178 1396 1249 1423 facta
1276 1396 1423 1422 multorum
1453 1404 1467 1423 e
1492 1394 1629 1427 Patribus,
1657 1394 1795 1429 sigillatint

1007 1442 1201 1469 afﬁrmantium
1219 1449 1271 1469 non
1285 1442 1411 1468 dubitare
1422 1449 1451 1468 se,
1467 1441 1531 1475 quin
1546 1441 1642 1468 falsum
1653 1445 1679 1468 et
1692 1441 1798 1467 calum-

1012 1490 1088 1516 niose
1107 1489 1225 1515 aﬂictum
1252 1492 1340 1515 totum
1373 1488 1399 1515 id
1415 1488 1519 1514 crimen
1549 1492 1642 1519 esset;
1671 1487 1742 1522 quod
1759 1495 1794 1520 qu

165 1532 349 1566 allegabatur,
376 1533 429 1569 ipsi
446 1534 615 1570 Selyhrieusi
632 1537 776 1576 calumnia:
792 1540 881 1568 dicam
904 1542 954 1568 ini-
968 1544 988 1572 c
1007 1537 1140 1568 dicerent,
1159 1543 1207 1562 eos
1223 1535 1376 1569 patriarcha
1392 1534 1573 1561 contendebat
1598 1541 1695 1562 sensus
1718 1534 1796 1560 istius

165 1579 258 1612 pugil,
289 1584 460 1615 questusque
486 1582 517 1608 de
536 1582 582 1609 illo
611 1585 681 1618 apud
711 1586 845 1620 synodum
879 1589 955 1622 petiit

164 1626 298 1653 rmmuice
314 1634 369 1652 rem
386 1629 515 1661 cognosci
532 1629 721 1665 vindicarique
733 1636 838 1660 tantum
851 1635 954 1664 scelus,

164 1675 318 1698 excusante
339 1672 386 1699 illo
413 1678 545 1707 quantum
576 1680 699 1709 poterat,
733 1677 804 1705 haud
834 1686 862 1706 se
884 1681 955 1707 man

163 1718 257 1743 animo
273 1718 435 1746 enuntiasse
461 1720 513 1746 sub
532 1726 634 1748 arcano
650 1722 721 1756 quod
737 1730 767 1751 ex
788 1723 841 1751 alio
858 1726 955 1752 reseis-

163 1768 215 1790 St‘l.

162 1810 208 1837 28.
237 1810 391 1847 Indignatio
409 1813 585 1851 "patriai-clth
597 1820 702 1849 propter
727 1817 901 1851 calumniam,
931 1824 955 1846 et

429 1856 544 1875 secessus
560 1850 688 1883 ejusdem.

200 1902 264 1930 llrnc
297 1903 356 1937 ipsa
388 1906 573 1939 expostulatio
600 1908 764 1940 patriarchae
789 1911 955 1945 tpterelaqne

165 1949 237 1981 apud
254 1949 388 1984 synodum
410 1958 472 1977 cum
498 1959 592 1979 curam
620 1953 778 1988 imperatori
799 1955 954 1990 adiecisset,

166 2004 200 2022 ιιι·
215 1997 336 2028 cuipiam
355 1997 445 2024 minus
467 1999 546 2032 plene
562 1999 595 2026 dc
613 2007 641 2027 re
655 2004 710 2027 tota
724 2001 821 2028 edocto
833 2003 955 2036 suspicio

167 2042 238 2068 forte
255 2042 281 2068 in
299 2043 388 2076 ipsum
404 2043 570 2075 oborirelnr,
587 2049 716 2078 tanquam
731 2048 803 2080 quod
816 2049 956 2077 audivisse

165 2096 196 2115 ex
216 2088 269 2114 alio
288 2089 377 2115 aiebat
392 2088 473 2124 34,0
485 2097 532 2124 per
550 2099 578 2118 se
595 2091 654 2125 ipse
668 2093 857 2127 ('unfiuxisst‘t,
872 2103 955 2123 causa

165 2135 215 2161 fuit
231 2134 391 2167 diligentius
410 2137 587 2164 asscverandi
608 2138 772 2167 delationem
792 2141 825 2168 ad
842 2150 872 2170 se
898 2143 954 2170 fac«

165 2186 231 2211 tum,
250 2189 338 2215 eoque
355 2182 440 2216 magis
466 2190 497 2209 ac
514 2184 600 2214 magis
615 2185 773 2218 divulgandi
790 2189 861 2222 quod
877 2189 955 2216 enixe

1007 1583 1049 1610 sui
1078 1583 1219 1610 veritatem
1247 1579 1344 1608 debere
1363 1582 1470 1608 sancire
1487 1581 1642 1615 puniendo.
1662 1584 1688 1606 ut
1707 1586 1795 1606 ntere-

1006 1629 1099 1662 batur,
1114 1628 1160 1656 illo
1172 1629 1218 1663 qui
1231 1633 1334 1655 temere
1347 1636 1452 1663 primus
1463 1627 1604 1655 eﬂutiisset
1618 1626 1644 1653 id
1659 1626 1730 1660 quod
1744 1626 1794 1660 ipsi

1006 1674 1074 1701 nihil
1091 1673 1164 1701 aliud
1176 1681 1257 1708 quam
1281 1678 1359 1700 atrox
1375 1673 1607 1707 falsissimumque
1619 1671 1794 1699 maledictum

1006 1728 1066 1748 esse
1092 1720 1257 1755 iudicarent.
1288 1721 1326 1747 Ac
1350 1720 1423 1754 juste
1438 1719 1550 1754 quidem
1567 1718 1733 1746 commereri
1750 1726 1797 1752 p.1—

1007 1767 1156 1794 triarcham
1187 1770 1214 1794 ct
1241 1774 1297 1794 sua:
1333 1766 1432 1793 famam
1461 1766 1624 1793 innocentiae
1659 1765 1797 1800 sum-agiis

1007 1813 1104 1849 synodi
1121 1813 1237 1841 stabiliri
1253 1813 1322 1840 velle
1338 1821 1392 1840 non
1410 1812 1545 1840 immerito
1564 1812 1718 1840 fatebantur
1733 1820 1796 1847 pas-

1007 1861 1057 1887 sim
1084 1868 1203 1888 omnes:
1220 1859 1367 1892 damnari,
1399 1865 1480 1894 prout
1506 1860 1625 1893 petebat,
1653 1860 1796 1892 potumque

1007 1905 1105 1940 subjici
1118 1905 1236 1940 primum
1247 1905 1466 1932 dcuunliatorem
1482 1904 1543 1932 falsi
1559 1904 1622 1931 licet
1632 1904 1690 1938 ejus
1705 1903 1797 1931 crimi-

1007 1952 1060 1984 nis,
1076 1951 1287 1986 haudquaquam
1304 1958 1400 1978 omnes
1418 1949 1476 1985 pari
1496 1957 1630 1977 consensu
1649 1950 1796 1976 ceusrbaut

1006 2005 1125 2033 a'quum.
1140 1997 1224 2025 Erant
1240 1997 1314 2024 cnim
1331 1997 1377 2031 qui
1390 2004 1464 2023 reum
1478 1997 1557 2022 vcnia
1573 1995 1793 2030 prosequendum

1007 2043 1215 2075 cantenderent,
1233 2043 1361 2077 quoniam
1380 2049 1435 2069 non
1457 2041 1514 2076 ipse
1527 2049 1541 2068 a
1555 2047 1723 2075 setanquam
1742 2041 1795 2068 sibi

1007 2094 1176 2125 compertum
1209 2089 1372 2124 patriarcha:
1404 2087 1534 2116 delictum
1571 2088 1676 2122 primus
1701 2092 1796 2115 auctor

1006 2138 1168 2169 detulisset,
1199 2144 1288 2172 neque
1303 2136 1364 2171 ejus
1390 2136 1593 2163 accusationem
1611 2135 1794 2167 instituisset,

1007 2185 1054 2212 sed
1067 2191 1124 2212 rem
1147 2191 1248 2211 arcano
1262 2183 1315 2211 sibi
1331 2183 1467 2218 cognitam
1485 2182 1641 2217 imperatori
1660 2182 1796 2209 credidis-

165 2227 192 2253 in
209 2235 312 2254 arcano
331 2236 441 2256 manere
468 2232 622 2263 studuerat,
637 2232 701 2258 dum
728 2233 831 2261 scilicet
860 2236 954 2262 multis
973 2222 992 2248 θ
1005 2237 1056 2263 set,
1078 2231 1128 2259 sub
1145 2230 1189 2258 fidi
1205 2230 1306 2258 silentii
1325 2229 1448 2257 custodia
1468 2229 1624 2262 tenendam,
1640 2234 1668 2255 ut
1685 2230 1793 2263 quidem

164 2273 283 2300 sollicite
307 2273 436 2306 inculcat,
454 2276 527 2310 quis,
546 2277 667 2310 quando,
685 2285 738 2312 qua
755 2279 860 2305 ratione
877 2280 909 2307 ad
926 2289 956 2308 se

165 2319 303 2347 accedens
337 2321 403 2347 illud
434 2322 599 2356 patriarcha:
625 2324 728 2351 crimen
757 2325 904 2359 dctub‘t'it;
924 2335 955 2354 ac

165 2366 271 2394 scilicet
288 2366 487 2402 Selybriensem
509 2369 656 2396 delatorem
674 2371 794 2405 graviter
809 2373 953 2407 im-usaus,

165 2414 210 2447 qui
229 2413 349 2440 vicissim
368 2414 431 2441 dum
455 2423 484 2442 se
501 2415 572 2450 apud
588 2418 732 2452 plerosque
749 2426 866 2454 purgare
881 2425 956 2448 sata-

167 2460 215 2494 git.
238 2464 381 2494 postquam
405 2464 465 2487 erat
491 2465 663 2490 contestatns
683 2464 755 2491 bono
776 2472 804 2491 se
822 2466 914 2492 animo
929 2472 956 2494 et

166 2507 224 2531 sine
249 2506 303 2532 ulla
320 2507 506 2534 calumniandi
522 2508 662 2535 voluntate
681 2510 805 2544 Augusto
829 2513 880 2538 sub
904 2512 956 2540 fide

167 2551 259 2578 arcani
275 2551 429 2579 declarasse
457 2553 530 2587 quod
550 2553 637 2589 ipsum
665 2561 719 2581 non
742 2555 828 2583 latere
849 2558 957 2591 publice

166 2599 299 2625 interesse
315 2602 469 2633 putaverat,
486 2602 647 2635 erumpebat
663 2602 688 2628 in
707 2608 828 2630 mutuam
850 2604 956 2639 vitupe-

167 2645 303 2672 rationem
335 2644 433 2680 ipsius,
465 2647 511 2681 qui
538 2647 666 2675 videlicet
697 2650 794 2677 secreti
825 2651 956 2686 religione

168 2691 268 2718 violata
293 2699 350 2718 rem
368 2691 438 2719 clam
463 2693 584 2720 auditam
604 2695 692 2727 palam
710 2696 891 2725 eutmtiassct.
905 2698 957 2726 Per

167 2738 216 2764 bas
231 2738 424 2765 contentiones
442 2738 525 2767 latius
541 2747 666 2774 sparsum
684 2749 811 2769 sermone
833 2743 957 2770 celebra-

168 2785 248 2811 batur
266 2785 427 2818 patriarchae
444 2787 560 2819 crimen,
580 2795 633 2814 non
658 2787 717 2814 sine
734 2789 810 2824 gravi
835 2789 895 2823 ejus
914 2789 956 2817 in-

167 2829 270 2862 famia;
289 2838 342 2866 qua
359 2831 404 2859 ille
427 2832 528 2860 acriter
543 2838 698 2861 commotus
719 2841 769 2860 nec
783 2834 956 2869 imperatoris

167 2878 373 2906 excusationem
403 2879 582 2913 admittebat,
599 2884 724 2908 coactum
750 2889 778 2908 sc
798 2878 895 2909 ait-ritis
919 2883 950 2909 ad

1006 2277 1193 2306 existimabat.
1219 2276 1285 2304 Cum
1305 2280 1394 2303 autem
1422 2275 1508 2303 nihilo
1533 2275 1624 2303 secius
1641 2275 1794 2310 patriarcha

1008 2325 1178 2352 iuctunberet
1208 2324 1234 2351 in
1264 2323 1436 2358 propositum
1468 2323 1606 2358 synodalis
1636 2323 1731 2357 iudicii
1749 2322 1796 2348 ad-

1007 2379 1101 2400 versus
1117 2370 1319 2406 Selyhriensem
1330 2369 1454 2405 urgendi,
1465 2374 1683 2403 eonvoearetqus
1696 2368 1796 2401 saepius

1006 2426 1036 2445 ea
1048 2418 1081 2445 de
1095 2425 1177 2445 causa
1189 2416 1323 2452 synodum
1335 2419 1362 2442 et
1377 2414 1537 2442 nominatim
1550 2414 1691 2448 episcopos
1703 2421 1796 2441 accer‘

1006 2469 1089 2496 seret,
1105 2463 1203 2490 horum
1224 2461 1308 2497 aliqui
1327 2460 1537 2494 conveniebant,
1555 2464 1749 2494 promptosque
1765 2468 1795 2488 sc

1007 2509 1163 2545 prmbehant
1177 2509 1208 2535 ad
1223 2506 1401 2542 judicandum
1413 2505 1707 2540 condemnandumque
1720 2505 1796 2533 llila-

1007 2557 1122 2586 rionem,
1133 2554 1205 2588 quod
1217 2558 1278 2579 t'Olll
1285 2560 1311 2579 ra
1321 2560 1401 2587 quam
1414 2552 1581 2580 conveniens
1588 2559 1619 2577 ac
1627 2552 1727 2579 decens
1738 2550 1795 2577 fuc-

1006 2606 1058 2633 rat,
1087 2592 1166 2636 351
1192 2600 1254 2626 talia
1280 2599 1438 2633 imperatori
1464 2597 1581 2624 dixisset
1609 2605 1616 2625 :
1646 2597 1692 2623 alii
1719 2597 1794 2622 ﬁctis

1007 2648 1185 2684 prmtextihus
1203 2653 1343 2674 accessum
1366 2646 1398 2671 ad
1415 2644 1549 2680 synodum
1567 2643 1748 2674 excusabant,
1761 2650 1793 2669 eo

1007 2695 1066 2730 ipso
1087 2692 1255 2728 Selybricnsi
1282 2691 1415 2718 addentes
1433 2691 1553 2717 animum
1571 2696 1702 2724 spemque
1719 2688 1794 2722 judi-

1007 2740 1042 2768 cii
1060 2739 1214 2767 declinandl
1231 2738 1371 2765 facientes.
1385 2736 1462 2769 Quod
1479 2736 1523 2763 isti
1538 2743 1599 2762 cum
1614 2734 1714 2769 saepius
1732 2742 1794 2769 age-

1007 2789 1079 2819 rent,
1112 2785 1190 2813 facile
1217 2784 1423 2819 intelligendum
1447 2790 1500 2809 non
1534 2781 1668 2816 imperitis
1700 2789 1793 2809 rerum

1007 2833 1110 2861 dabant
1135 2831 1227 2859 ulcisci
1253 2837 1302 2857 eos
1333 2829 1360 2856 in
1382 2829 1433 2855 hoc
1451 2827 1590 2863 proprium
1616 2826 1795 2859 dolorem,et

1008 2880 1176 2909 occasionem
1199 2877 1321 2911 arripere
1355 2875 1475 2902 vicissim
1503 2881 1574 2908 a'gre
1595 2873 1715 2901 faciendi
1745 2880 1794 2909 pa-
