1953 3065
260 121 312 152 387

260 181 441 215 ϐαλλομένων,
467 176 506 210 οἷς

259 227 327 262 πρὸς
343 227 404 257 τοὺς
427 226 486 252 κατ’
502 226 604 251 ἐκείνου
628 224 826 256 σπουδάζοντας
838 232 846 240 ”
864 225 938 258 ὅμως
955 224 983 250 δὲ
997 224 1042 250 καὶ

259 273 336 304 αὖθις
354 272 460 304 ξύναξιν
476 271 604 302 καθιστὰς
619 272 652 305 τῇ
669 271 770 304 συνόδῳ
785 271 818 296 τὰ
832 270 879 304 τῆς
898 270 1043 303 ἀπολογίας

259 318 408 349 κοινοῦται,
430 319 475 344 καὶ
496 317 535 343 ὃτι
555 317 716 351 μεταμέλειν
742 316 815 342 δοκεῖ
830 315 868 350 τῷ
894 323 1043 350 παραιτου-

262 365 335 399 μένῳ
366 363 415 397 τῆς
439 363 640 397 παραιτήσεως,
665 360 928 387 συνδιασκέπτεσοαι
962 360 1040 393 ἀξιοῖ.

260 410 327 436 Τότε
343 410 432 436 τοίνυν
444 409 545 444 στερρά
559 417 600 440 τις
612 407 758 441 φιλονεικία
771 408 818 433 καὶ
835 407 974 441 ἑκατέροις
987 407 1043 437 τοῖς

262 456 357 490 μέρεσι
372 455 486 489 γίνεται,
503 454 556 480 τῶν
572 454 620 488 μὲν
639 453 708 486 ὑπὲρ
727 453 830 479 ἐκείνου
847 453 980 487 λεγόντων
996 453 1042 480 κιὶ

263 501 363 534 μᾶλλον
383 499 604 535 ἰσχυριζομένων,
622 499 659 530 ὡς
684 498 912 534 παραλυπήσεως,
928 499 957 524 οὐ
975 508 1041 533 προ-

260 545 391 580 αιρέσεως
410 545 426 580 ὴ
443 545 614 578 παραίτησις,
643 544 689 570 καὶ
713 544 752 570 ὅτι
770 544 794 569 ει
820 544 866 570 καὶ
885 544 930 570 ἐπὶ
953 545 1041 579 τρισὶν

260 589 417 622 ἀρχιερεῦσι
444 589 488 614 καὶ
516 588 605 622 μόνοις
631 587 755 613 ἵστασθαι
786 588 929 622 βούλεται,
956 590 1041 614 τόπων

260 633 462 667 προσκειμένων
474 633 568 667 ἐκείνῳ
584 633 672 667 πολλῷ
684 641 714 666 γε
726 633 893 668 δικαιότερον
905 633 1040 666 ἵστασθαι,

258 678 313 704 τῶν
326 678 354 704 δὲ
368 678 468 709 τούτοις,
483 678 686 712 ἀνθισταμένων
702 679 782 713 ὅρκον
794 677 862 706 εἶναι
876 680 1042 714 διατεινομέ-

259 731 312 750 νων
328 724 372 749 τὸν
390 723 476 758 λόγον,
493 724 537 750 καὶ
554 724 633 759 ὅρκον
646 724 748 758 φρίκης
765 724 872 759 μεστὸν,
889 725 935 751 καὶ
948 726 1039 752 ἱκανὸν

258 771 372 798 κωλύειν
399 772 547 807 ἱερωσύνης
572 772 814 807 παραϐαινόμενον.
840 771 887 804 Οἷς
910 773 942 809 δὴ
965 775 1012 801 καὶ
1027 775 1040 801 ὁ

258 816 383 850 βασιλεὺς
399 818 528 848 ἐπιεικῶς
542 819 739 853 ὁμογνωμονῶν
752 817 794 854 ἦν,
807 818 846 853 τῷ
865 820 913 854 μὲν
927 820 1039 853 πλείονι,

257 862 295 893 ὡς
313 862 404 897 ἐῴκει,
422 863 456 888 δι’
482 863 570 897 ἄκραν
586 863 728 890 εὐλάϐειαν
750 864 798 899 τὴν
815 865 861 891 ἐπὶ
883 865 929 892 τὸν
947 866 1039 901 ὅρκον,

258 907 297 940 τῷ
314 908 335 933 δ’
353 907 450 942 ἀδήλῳ,
476 905 561 941 οἶμαι,
579 908 626 934 καὶ
654 908 753 935 σκοπὸν
768 909 837 944 ἔχων
860 911 923 941 τοὺς
944 911 1039 945 ’Λρσε-

258 953 361 984 νεάτας,
377 954 402 979 εὶ
415 955 562 987 εἰρηνεύειν
574 954 682 980 δύναιτο
692 955 761 990 (οὐδὲ
773 956 827 990 γὰρ
844 957 940 991 μικρὸν
952 957 1040 983 ὠδύνα

257 998 302 1024 'th
318 999 428 1032 βασιλέα
445 999 472 1025 τὸ
488 1000 598 1026 ἐκείνων
611 1001 722 1034 σχίσμα,
738 1002 776 1033 ὼς
797 1002 903 1037 ἔδειξε),
919 1003 1040 1036 προσλα-

257 1044 362 1071 6ἐσοαι.
378 1045 411 1071 Ἢ
429 1045 482 1080 μὴν
495 1046 580 1077 ἄλλως
601 1048 648 1073 καὶ
661 1047 694 1073 δι’
717 1047 885 1081 Ἀθανάτων,
901 1048 997 1083 ἄδηλον
1011 1049 1040 1076 ὃν

257 1087 287 1118 ἐς
303 1088 494 1117 τότεμΤούτων
510 1091 554 1116 ἐπὶ
579 1091 644 1118 πολὺ
662 1092 830 1126 τριϐομένων
851 1094 897 1119 καὶ
920 1094 973 1120 τῶν
992 1095 1040 1130 ἀρε

257 1133 369 1168 χιερὲων
387 1135 423 1169 μὴ
439 1135 641 1169 συμόαινὸντων
662 1137 789 1171 ἀλλήλοις
808 1139 932 1174 μετέωρα
946 1140 979 1166 τὰ
991 1140 1040 1175 τῆς

257 1179 420 1213 ἀποφάσεως
447 1179 525 1215 ἦσαν,
547 1182 594 1208 καὶ
619 1182 694 1209 οὐδὲν
717 1183 812 1218 ἡνυτον
836 1185 1040 1220 συνερχόμενοι.

259 1224 308 1250 Διὰ
322 1225 399 1251 τοῦτο
415 1226 461 1251 καὶ
473 1226 512 1252 ἔτι
523 1225 722 1262 ἐμνημονεύετο
737 1229 787 1263 μὲν
806 1230 941 1266 Ἰωάννης,
956 1232 979 1257 οι
994 1232 1042 1258 αὐ-

258 1270 305 1296 τοῦ
321 1271 348 1296 δὲ
363 1272 392 1297 τὸ
417 1274 610 1308 πατριαρχείον
633 1273 745 1309 διῴκουν
767 1277 937 1310 κατέχοντες,
953 1278 1042 1304 καίτοι

258 1358 320 1393 ejus
334 1359 483 1387 cessionem
501 1369 554 1388 non
584 1363 789 1390 admittentibus
816 1366 889 1391 stare
905 1371 935 1392 se
954 1364 1040 1398 ,vclle,

260 1412 323 1432 cum
345 1410 383 1433 tot
400 1414 458 1433 eam
479 1407 786 1443 rejiciantrctincreque
801 1410 888 1444 ipsum
900 1410 1041 1438 mordicus

261 1451 289 1478 in
304 1453 485 1486 patriarchatn
507 1454 600 1486 velint,
622 1459 726 1489 quanto
741 1460 783 1482 est
797 1456 902 1490 :equius
929 1457 1040 1484 credere

259 1505 322 1524 cum
342 1498 383 1524 his
400 1498 474 1524 illum
493 1500 586 1526 stare?
606 1500 708 1526 Contra
727 1500 915 1528 obtendebant
943 1501 1041 1528 adver-

258 1544 324 1570 sarii
355 1545 437 1571 verba
467 1553 528 1579 quae
552 1546 702 1580 protulisse
728 1545 860 1574 Joannem
887 1547 1039 1580 constabat,

257 1590 326 1617 nihil
346 1591 435 1618 ntintts
450 1599 531 1625 quant
546 1593 718 1619 verissimum
743 1593 825 1627 idque
844 1593 968 1620 horroris
985 1593 1042 1627 ple-

258 1644 322 1662 num
341 1644 401 1663 esse
419 1637 613 1671 juramcutum,
647 1638 755 1664 abunde
784 1638 930 1670 idoneum,
958 1639 1000 1666 vel
1018 1639 1040 1666 si

261 1682 334 1708 aliud
355 1682 474 1714 deesset,
487 1683 605 1709 arcendo
624 1691 639 1709 a
655 1685 810 1710 sacerdotio
825 1685 870 1719 qui
892 1690 1042 1717 transgres~

258 1735 307 1754 sus
321 1728 344 1753 id
364 1728 410 1754 sit.
425 1728 454 1754 In
474 1729 570 1755 borum
595 1730 755 1756 sententiam
781 1730 949 1765 aliquantum
978 1739 1042 1765 pro-

259 1773 378 1807 pendere
394 1774 542 1808 imperator
556 1775 718 1806 videbatur;
734 1775 813 1809 cujus
828 1777 866 1803 rei
883 1785 965 1804 causa
982 1785 1042 1811 quae.

259 1818 377 1845 maxime
390 1825 418 1845 se
434 1820 599 1851 ostentabat,
629 1823 688 1846 erat
717 1822 839 1855 quaedam
867 1823 989 1848 exactior
1014 1827 1042 1849 et

257 1863 406 1890 tutioribus
434 1864 564 1891 inhaerere
589 1872 696 1898 semper
723 1867 803 1893 solita
833 1866 913 1902 353
944 1867 1041 1902 religio

256 1909 354 1941 animi,
382 1909 505 1944 jurisque
532 1909 638 1943 jurandi
666 1913 828 1938 reverentia.
848 1912 927 1939 Forte
950 1918 1040 1941 tamen

256 1954 369 1981 suberat
385 1955 520 1982 occultior
537 1955 614 1987 ratio,
633 1963 695 1989 spes
710 1956 833 1990 qtja'dam
849 1957 900 1990 ipsi
921 1958 1038 1985 subnata

256 2000 297 2026 rei
319 2001 418 2027 dudum
435 2006 578 2035 exoptata).
593 2001 737 2028 revocandi
759 2003 918 2029 Arseuiatas
933 2004 965 2030 ad
995 2012 1042 2038 pa-

257 2053 316 2071 cem
332 2046 475 2072 occasione
492 2046 647 2073 mutationis
663 2046 833 2080 patriarchae,
850 2048 928 2081 cujus
944 2056 1039 2075 ansatn

260 2089 351 2115 oﬂ‘crri
368 2098 415 2123 per
431 2091 482 2116 hoc
508 2091 679 2117 commodam
695 2099 743 2117 nec
767 2092 818 2118 sibi
848 2093 1039 2127 negligendam

259 2135 455 2162 arbitrabatur.
475 2135 550 2162 [laud
563 2144 656 2168 parum
675 2137 774 2171 quippe
793 2138 955 2172 jampridem
978 2146 1040 2165 cru-

255 2181 346 2207 ciabat
364 2181 553 2214 imperatorem
572 2181 678 2207 illorum
711 2182 840 2209 st-hisma.
861 2183 1039 2218 Ostenditque

257 2227 328 2253 adeo
347 2226 427 2260 paulo
445 2231 598 2261 postquam
615 2228 679 2254 nihil
697 2235 823 2255 recusare
842 2234 954 2263 paratus
967 2235 1040 2257 esset

257 2279 313 2306 quo
329 2279 375 2298 eos
393 2271 424 2298 ad
443 2273 616 2299 concordiam
635 2272 787 2300 reduceret.
809 2273 864 2300 [ἵἰεί
881 2278 908 2301 et
921 2275 995 2301 aliud
1012 2275 1038 2302 in

258 2317 286 2343 id
302 2318 388 2351 ipsum
406 2324 516 2344 movens
526 2318 658 2352 suspicari
675 2318 747 2350 licet,
761 2319 824 2345 item
842 2327 942 2346 arcano
956 2321 1039 2347 tuenti

261 2365 376 2398 Augusti
402 2364 583 2395 observatum,
617 2366 648 2392 de
665 2365 813 2392 Athanasio
836 2366 1038 2399 expatriarcha.

257 2411 340 2445 cujus
358 2411 556 2437 restitutionem
573 2411 599 2436 in
614 2411 740 2437 thronum
762 2418 794 2437 an
810 2411 865 2445 jam
884 2416 939 2437 tum
964 2412 1040 2445 cogi-

259 2456 370 2486 taverit,
386 2456 410 2482 in
425 2456 528 2483 incerto
542 2456 651 2490 quidem
673 2461 725 2488 est,
750 2464 801 2482 non
818 2456 1040 2490 tamenjfortasse

260 2502 369 2534 penitus
390 2510 403 2527 a
422 2501 584 2536 conjectura:
600 2501 836 2528 verisimilitudine
862 2502 991 2529 abhorret
1005 2509 1037 2529 eo

256 2547 312 2582 jam
331 2547 392 2574 hinc
411 2554 473 2574 eum
487 2547 691 2574 dissimulanter
719 2547 883 2574 cullimassc.
899 2547 963 2574 Utut
992 2548 1037 2580 sit,

259 2594 484 2621 altercationibus
500 2594 552 2621 isto
582 2594 662 2620 modo
677 2594 703 2620 in
732 2594 843 2627 longum
876 2594 983 2626 tractis,
1013 2598 1040 2621 et

256 2641 395 2674 episcopis
409 2640 520 2666 minime
537 2640 609 2666 inter
625 2647 685 2666 sese
710 2639 946 2671 convenientibus,
977 2647 1041 2674 pen-

258 2686 343 2713 debat
358 2687 383 2712 in
401 2686 513 2720 ancipiti
531 2686 669 2720 negotium
685 2685 862 2712 abdicationis
888 2686 1042 2720 depositio-

259 2731 337 2757 nisre
349 2729 472 2761 Joannis,
500 2737 550 2757 nec
567 2730 752 2764 multiplicatis
770 2730 970 2764 quantumlibet
984 2738 1040 2758 cte-

260 2776 333 2803 tibus
348 2776 497 2810 quidquam
510 2775 734 2803 concludebatur.
755 2775 845 2808 Quare
866 2776 953 2803 adhuc
966 2784 1041 2803 com-

262 2822 424 2850 memoratio
439 2820 554 2849 Joanuis
571 2822 650 2849 tiehat
667 2822 737 2849 inter
748 2829 836 2850 sacra.
853 2821 923 2855 Quin
938 2827 964 2849 et
980 2823 1040 2857 ejus

858 120 1019 150 GEORGII
1044 120 1224 151 PACIIYME
1231 121 1290 150 RBE

532 177 566 214 ἦν
587 179 768 214 ἀμφισϐητεῖν
784 178 956 214 ἀρχιερεῦσιν
981 175 1037 204 οὖσι
1056 179 1075 206 Α
1091 185 1121 210 γε
1137 178 1183 203 καὶ
1198 177 1250 212 πρὸ
1266 177 1312 203 τοῦ
1332 176 1416 202 ταῦτα
1442 177 1575 203 κινεῖσθαι
1592 177 1743 212 πέμποντος
1768 178 1818 212 μὲν
1845 181 1891 210 εις

1834 123 1893 152 3ἕ8

1096 221 1180 254 μονὰς
1202 221 1248 247 τοῦ
1273 222 1313 247 ἔτι
1339 222 1582 256 πατριαρχοῦντος,
1609 222 1763 256 πέμποντος
1789 224 1817 250 δὲ
1838 227 1889 250 xxi.

1094 268 1135 298 εις
1155 266 1204 302 τὴν
1221 267 1306 302 αὐτὴν
1327 268 1500 301 Ἐκκλησίαν,
1529 269 1576 294 καὶ
1605 267 1704 294 παύειν
1731 269 1761 295 τὸ
1783 269 1888 296 ἑαυτοῦ

1096 313 1266 348 μνημόσυνον
1281 314 1474 348 ἐπιτρέποντος
1491 314 1528 345 ὡς
1540 313 1619 348 δῆθεν
1638 315 1889 349 παραιτησαμένου

1094 360 1141 384 καὶ
1157 358 1374 393 ἁποΰεὸληκότος
1396 360 1441 386 τὸν
1460 360 1535 394 ἱερέα
1552 361 1735 388 παντάπασιν.
1757 360 1798 396 [Ρ.
1814 361 1886 397 243]

1099 404 1168 430 Ἀλλ’
1180 405 1279 431 ἐκεῖνοι
1291 405 1340 440 τὴν
1357 406 1410 432 ἀπό
1427 415 1456 433 τε
1473 407 1581 433 συνόδου
1605 407 1651 433 καὶ
1667 406 1797 440 βασιλέως
1816 408 1890 433 ἀπο-

1093 449 1259 476 κατάστασιν
1281 450 1453 485 ἐκδεχόμενοι
1479 451 1631 487 κατασιγᾷν
1648 451 1702 479 οὐδ’
1726 452 1793 484 ὅλως
1808 452 1891 479 ἐπεί-

1093 494 1169 521 οοντο
1185 495 1215 521 τὸ
1232 495 1354 522 Ἰωάννου
1371 497 1466 532 ὄνομα.

1135 540 1187 574 λγ’.
1204 542 1273 575 Περὶ
1288 541 1344 576 τῆς
1357 542 1539 577 δοκιμασίας
1555 543 1616 569 τῶν
1635 543 1845 578 Ἀρσενιατῶν.

1127 586 1171 620 Τῷ
1188 586 1279 621 μέντοι
1293 596 1324 621 γε
1338 588 1442 622 βασιλεί
1455 589 1531 615 ἔνθεν
1549 589 1599 622 μὲν
1622 589 1719 624 ὁρῶντι
1751 590 1800 624 τὴν
1832 591 1884 615 ἐπὶ

1092 632 1130 666 τῷ
1147 633 1335 669 παραιτεῖσθαι
1360 633 1488 665 πολλάκις
1516 634 1639 661 εὐκολίαν
1666 635 1713 661 τοῦ
1746 635 1883 666 Ἰωάννου,

1092 678 1168 706 ἐνθεν
1184 679 1206 705 δ’
1220 677 1298 709 αὖθις
1314 680 1504 716 ὑπονοουμένῳ
1517 682 1565 716 τὴν
1580 682 1634 708 τῶν
1655 681 1837 716 Ἀρσενιατῶν
1852 683 1883 713 ἐς

1092 724 1206 759 ἔσχατον
1219 725 1333 761 ἀντοχὴν
1344 747 1351 758 ,
1369 727 1405 757 ὡς
1421 727 1476 752 οὐδ’
1488 727 1520 752 ἂν
1541 727 1752 761 εῑρηνευσόντων
1779 727 1882 757 ἄλλως,

1092 771 1116 796 ει
1134 771 1170 805 μή
1184 779 1214 804 γε
1230 771 1291 797 καθ’
1306 772 1404 803 αὐτοὺς
1422 771 1457 798 τὰ
1467 772 1519 806 τῆς
1541 771 1703 807 Ἐκκλησίας
1727 774 1881 806 πράγματα

1091 816 1211 849 γένοιντο
1225 817 1281 850 (καὶ
1295 817 1348 851 γὰρ
1364 818 1411 844 καὶ
1433 817 1479 843 τοῦ
1501 817 1644 844 ’Υακινοου
1665 817 1694 849 ἐξ
1726 817 1880 852 ἀνθρώπιον

1093 863 1233 896 γεγονότος
1250 864 1347 890 ἐκεῖνοι
1364 865 1397 898 τῇ
1411 863 1459 889 τοῦ
1485 863 1598 891 Μωσελὲ
1625 865 1692 898 μονῇ
1719 863 1879 898 προσκαθή-

1092 916 1166 942 μενοι
1185 908 1297 939 πολλούς
1315 907 1385 943 εῐχον
1401 909 1526 942 ἐξωτέρω
1540 909 1602 939 τοὺς
1622 908 1809 939 σπουδαστὰς,
1826 909 1877 935 καὶ

1089 954 1152 984 τοὺς
1164 953 1252 980 αὐτῶν
1267 955 1379 989 νεκροὺς
1395 954 1439 980 lo;
1455 955 1501 980 ml.
1512 954 1680 990 ὀμολογητὰς
1694 954 1806 989 ἐτίμων,
1824 955 1879 981 καῖ

1091 998 1203 1029 πολλοὺς
1218 999 1340 1025 ἐντεῦθεν
1355 999 1508 1034 ἐπήγοντο),
1523 998 1611 1026 ἔννοιά
1637 1008 1679 1030 τις
1703 999 1791 1034 ἐπῄει,
1822 999 1876 1034 ἤδη

1090 1045 1136 1070 καὶ
1153 1046 1208 1075 τοῖς
1222 1044 1360 1079 λογισμοῖς
1373 1045 1454 1072 αὐτοῦ
1470 1045 1671 1080 προκαθίσασα,
1698 1045 1796 1079 μήπως
1815 1044 1877 1078 Θεῷ

1090 1088 1183 1115 δοκοῦν
1192 1089 1227 1115 τὰ
1238 1089 1351 1122 τούτων,
1365 1091 1378 1115 ό
1387 1090 1415 1116 δὲ
1431 1089 1464 1116 τὰ
1482 1090 1576 1125 πόρρω
1583 1089 1686 1121 διώκοι,
1701 1089 1748 1115 καὶ
1758 1086 1795 1115 ὧν
1810 1088 1877 1119 τσως

1090 1135 1268 1162 τελέσθεντων
1284 1135 1360 1162 οὐδὲν
1375 1136 1498 1170 ὀνήῖστον
1514 1137 1628 1169 γένοιτο,
1660 1135 1707 1161 καὶ
1729 1135 1772 1160 διὰ
1796 1133 1877 1160 ταῦθ’

1090 1181 1203 1214 ὀδηγοῦν
1220 1181 1251 1208 τὸ
1263 1181 1340 1207 Θείον
1356 1181 1406 1216 τὴν
1416 1181 1464 1207 τοῦ
1485 1181 1609 1208 Ἰωάννου
1625 1181 1691 1216 πρὸς
1719 1181 1748 1206 τὸ
1775 1188 1876 1214 πατρι-

1091 1227 1216 1262 αρχεύειν
1235 1227 1343 1261 ἐμποιεῖ
1366 1228 1482 1262 νάρκην,
1505 1225 1626 1261 εὐχερῶς
1657 1224 1876 1259 παραιτουμένου

1091 1273 1146 1298 κάκ
1160 1272 1210 1307 τῆς
1222 1273 1354 1308 τυχούσης
1366 1272 1541 1307 προφάσεως.
1555 1270 1599 1306 Τῷ
1611 1279 1651 1296 τοι
1667 1270 1713 1296 καὶ
1734 1277 1875 1304 γνωσιμα-

1089 1359 1240 1389 familiares
1252 1360 1280 1388 in
1307 1361 1536 1395 patriarchalibus
1559 1361 1690 1396 degentes
1708 1359 1811 1387 aedibus
1827 1367 1877 1387 res

1092 1415 1140 1442 pro
1157 1415 1189 1434 eo
1201 1408 1273 1434 velut
1291 1408 1444 1443 patriarcha
1466 1408 1705 1441 administrabant,
1736 1413 1877 1441 utcunque

1094 1460 1170 1487 pnus
1183 1460 1265 1487 quam
1283 1454 1341 1480 hzec
1356 1460 1543 1487 moverentur,
1556 1454 1647 1481 missis
1676 1454 1734 1488 ipse
1755 1454 1877 1482 Joannes

1094 1505 1141 1532 per
1155 1499 1318 1525 monasteria
1341 1504 1367 1525 et
1383 1499 1409 1525 in
1436 1500 1524 1533 ipsam
1542 1499 1691 1526 Ecelesiant
1714 1499 1799 1527 certis
1829 1500 1878 1527 ho-

1095 1543 1224 1574 minibus,
1250 1543 1420 1577 permisisset
1440 1551 1454 1570 a
1477 1544 1518 1570 sui
1543 1546 1803 1571 commemoratione
1817 1552 1878 1572 ces-

1094 1588 1160 1620 sari,
1190 1588 1262 1615 velut
1286 1588 1332 1622 qui
1359 1588 1413 1623 jatn
1441 1589 1492 1616 rite
1508 1589 1662 1616 abdicasset
1694 1591 1879 1625 cessissetque

1093 1635 1205 1661 omnino
1223 1635 1387 1662 sacerdmio.
1421 1634 1519 1662 Verum
1539 1635 1588 1668 illi,
1603 1635 1667 1671 quid
1698 1637 1821 1672 synodus
1848 1641 1877 1664 et

1095 1676 1244 1713 imperator
1271 1680 1343 1706 circa
1384 1680 1435 1706 hoc
1475 1685 1626 1708 statuerent
1661 1685 1875 1715 exspectantes,

1095 1725 1305 1760 haudquaquam
1333 1729 1399 1752 sunt
1426 1726 1550 1759 persuasi
1575 1733 1673 1758 nomen
1700 1725 1814 1754 Joannis
1835 1734 1877 1754 re-

1093 1771 1185 1797 ticere.

1216 1817 1259 1843 53.
1277 1818 1313 1843 De
1336 1817 1516 1851 exploratione
1538 1818 1752 1845 Arseniatarum.

1126 1861 1316 1889 33.6mterum
1337 1863 1496 1896 imperatori
1522 1863 1588 1890 hino
1618 1865 1725 1898 quidem
1752 1866 1875 1892 cernenti

1091 1907 1249 1935 facilitatem
1265 1908 1378 1935 Joannis
1390 1909 1416 1935 in
1430 1909 1543 1936 crebras
1555 1910 1671 1937 subinde
1686 1911 1874 1940 abdicationes

1092 1958 1328 1988 prorumpentem,
1351 1954 1413 1981 inde
1429 1958 1520 1981 autem
1537 1955 1647 1981 habenti
1663 1961 1817 1990 suspectam
1828 1958 1873 1984 ‘in-

1092 1998 1236 2026 ﬂexibilem
1251 1999 1283 2025 ad
1297 2004 1448 2026 extremum
1460 1999 1666 2026 Arseniatarum
1684 2002 1873 2034 pertinaciam.

1091 2050 1159 2077 quos
1183 2047 1324 2077 appareret
1352 2051 1494 2078 nunquam
1521 2043 1555 2070 ad
1575 2051 1668 2078 pacem
1699 2045 1874 2073 adtlucendos

1091 2090 1171 2115 aliter
1186 2097 1268 2123 quam
1287 2088 1413 2116 Ecclesia:
1432 2090 1564 2124 regimine
1582 2097 1666 2124 penes
1684 2090 1758 2124 ipsos
1771 2092 1871 2125 posito,

1091 2135 1223 2168 siquidem
1249 2135 1399 2169 Hyacinthe
1419 2135 1473 2168 iam
1493 2141 1599 2162 mortuo
1617 2135 1654 2162 illi
1678 2137 1870 2163 monasterium

1093 2180 1190 2207 Moselc
1206 2186 1332 2207 vocatum
1347 2180 1428 2216 354,
1448 2181 1601 2208 insidentes
1619 2182 1720 2208 multos
1734 2182 1873 2209 habebant

1091 2226 1210 2252 exterius
1226 2225 1358 2257 fautores,
1374 2230 1439 2252 adeo
1456 2227 1582 2253 lactiouis
1598 2227 1718 2260 ipsorum
1736 2227 1874 2254 studiosos

1092 2277 1121 2298 ut
1137 2272 1218 2298 etiam
1235 2276 1358 2299 mortuos
1375 2279 1468 2298 eurutn
1486 2273 1557 2299 velut
1571 2273 1743 2300 confessores
1759 2281 1878 2300 veneraa

1092 2321 1186 2343 rentur
1203 2319 1355 2352 multusque
1368 2326 1399 2345 ca
1421 2319 1552 2353 religione
1568 2320 1602 2345 ad
1618 2319 1684 2346 istas
1702 2324 1794 2353 partes
1821 2320 1873 2346 im-

1093 2362 1233 2396 plicarcnt.
1246 2364 1368 2396 quaedam
1383 2366 1495 2391 suborta
1509 2365 1639 2399 cogitatio
1659 2371 1711 2394 est.
1727 2367 1874 2400 autpotius

1092 2408 1195 2435 intimis
1218 2409 1276 2442 ejus
1300 2410 1425 2437 sensibus
1454 2411 1536 2438 tacite
1559 2411 1662 2437 dudum
1683 2411 1805 2438 insidens
1827 2419 1875 2445 per

1092 2454 1163 2480 hanc
1177 2455 1349 2482 occasionem
1365 2456 1493 2488 excitata,
1507 2464 1540 2483 an
1555 2464 1608 2483 non
1623 2456 1693 2483 forte
1709 2457 1762 2483 Deo
1776 2458 1876 2490 proha-

1092 2504 1186 2526 rentur
1202 2500 1316 2527 istorutn
1329 2509 1382 2533 res,
1395 2507 1420 2528 et
1432 2503 1490 2537 ipse
1503 2504 1648 2537 longinqua
1663 2509 1876 2537 persequeretur

1093 2546 1189 2579 quibus
1211 2545 1326 2572 forsitan
1348 2548 1479 2581 perfectis
1499 2548 1566 2574 uihd
1590 2548 1623 2574 ad
1652 2555 1788 2575 summam
1809 2549 1875 2575 utile

1092 2591 1270 2625 contingeret.
1292 2592 1324 2618 Et
1336 2594 1397 2626 quis
1416 2594 1501 2620 sciret
1519 2594 1616 2627 ecquid
1635 2601 1688 2620 non
1704 2594 1820 2620 fortasse
1835 2593 1873 2620 di.

1091 2637 1193 2664 vinitus
1202 2637 1246 2663 illa
1258 2639 1369 2666 satietas
1381 2639 1580 2673 patriarchatus
1592 2644 1619 2667 ct
1633 2640 1756 2675 quaedam
1774 2641 1876 2667 summi

1093 2683 1205 2710 honoris
1231 2691 1331 2711 nausea
1353 2692 1424 2718 saepe
1440 2685 1528 2718 ipsum
1549 2684 1597 2712 levi
1616 2684 1655 2710 dc'
1665 2691 1748 2710 causa
1768 2683 1802 2709 ad
1814 2687 1876 2709 ten-

1092 2729 1200 2755 tandam
1210 2732 1362 2756 cessionem
1374 2730 1518 2757 concitans
1527 2730 1624 2758 Joanni
1638 2729 1877 2764 injiceretur?An-

1091 2781 1157 2808 ceps
1173 2775 1256 2809 igitur
1271 2775 1355 2802 animi
1374 2783 1455 2810 super
1472 2776 1514 2803 his
1540 2781 1716 2810 wstuansque
1739 2775 1878 2802 alternan-

1093 2821 1166 2848 tibus
1190 2822 1346 2854 sculentiis,
1374 2829 1436 2849 cum
1463 2823 1647 2850 necessarium
1672 2825 1746 2850 esset
1764 2821 1876 2849 tertium
