1953 3065
196 155 248 185 399

743 162 749 169 '
786 153 948 186 GEORGII
969 153 1210 182 I‘AClIYMERE

1764 149 1817 179 400

196 211 263 241 ζειν.
282 210 352 245 Πλὴν
366 211 393 236 τὺ
407 211 454 245 μὲν
470 211 543 246 κήδε⁴
556 212 676 246 ἐφῆφῦαι
703 211 858 246 Ῥωμιίοις,
876 211 978 243 ἔλεγον,
995 211 1017 238 Α
1033 208 1244 242 θαυμαστὸς⁷μὲν
1254 207 1355 238 ἐκεῖνος
1366 206 1464 239 δέξειεν
1475 205 1516 237 ἃν,
1529 205 1692 240 μακαριστοὶ
1703 204 1743 240 [Ρ.
1753 204 1817 239 2501

196 257 243 284 καὶ
257 256 341 293 ταῦτα
357 257 390 283 τὰ
403 258 518 292 μέγιστοι
536 255 573 285 ὧν
585 259 652 293 ἁκοῇ
675 258 894 294 παρειλήφαμεν,
922 255 982 281 οὔτε

198 303 320 338 μάντεως
332 303 393 330 οὔτε
409 305 461 338 μὴν
474 306 611 339 προφήτου
626 305 713 331 εἰπεῖν
733 304 868 339 χρῄζοιεν.
903 302 938 328 Τὸ
953 301 982 327 δὲ

195 349 242 376 καὶ
258 349 349 376 θεόθεν
365 350 552 385 ὀργιζομένου,
571 351 615 376 καὶ
630 350 661 380 ἃς
679 350 742 384 εἴπῃ
756 358 796 380 τις
823 349 854 375 ἂν
882 348 980 378 αἰτίας,

196 395 300 421 πολλῶν
316 404 346 430 γε
366 395 462 427 οὐσῶν,
479 396 621 431 ἐξαίρομεν
649 396 740 430 μέντοι
770 395 816 420 καὶ
844 394 981 428 ἁμαρτίας

195 441 244 472 τὰς
269 441 316 467 τοῦ
342 442 403 468 καθ“
430 442 552 475 ἕκαστον,
579 442 756 477 Χριστιανούς
775 449 806 475 γε
829 440 906 471 ὄντας
936 439 982 465 καὶ

196 487 395 522 πρεσῦεύοντας
408 488 534 522 πρόνοιαν
549 488 622 519 εἰκὸς
638 488 749 518 ἐννοεῖν,
772 487 817 512 καὶ
839 486 864 512 εἴ
885 486 910 519 γ’
936 485 982 510 ἐπὶ

196 534 329 568 τούτοιςή
351 534 396 560 ἐπὶ
411 534 456 559 τοῦ
478 533 601 568 λιπαρῶς
618 532 685 559 Θεοῦ
713 532 819 559 δέεσοαι
845 531 981 566 συμϐουλὴ

194 580 231 611 ὡς
248 579 415 614 εὐμενίξοιτό
429 588 458 605 τε
485 580 531 605 καὶ
556 579 641 614 ὲλεῴη
674 579 791 610 ἵσταται,
826 577 981 611 θαυμαστὸν

193 625 278 650 οὐδέν.
296 624 455 650 Τοὺναντίον
470 624 518 658 μὲν
536 623 582 650 οὖν
599 623 631 650 ἂν
651 622 805 658 θαυμαστὸν
817 622 841 648 εἰ
856 622 983 656 εὺῦηνοῠ-

194 678 236 696 σιν
246 671 273 700 ἐς
289 669 361 696 ἅπαν
378 670 424 695 καὶ
437 670 511 696 οὐδὲν
529 669 617 704 ἔχουσι
633 668 753 703 λυπηρξιν
778 667 906 703 προέλεγέ
940 675 982 698 τις

193 716 228 742 τὰ
241 715 353 750 φοΰερὰ,
372 715 403 741 ἂν
419 715 485 744 τέως
503 715 659 746 ἀπέϐαινον,
675 714 741 740 ὅπου
762 722 793 748 γε
823 712 870 740 καὶ
890 713 980 744 Ἰωνᾶς

194 761 369 788 ὑπωπτεύετο
382 761 533 791 Νινευῖτοιις
547 760 670 794 τρυφῶσι
695 759 775 794 μέχρι
811 758 858 785 καὶ
885 758 980 792 ἀκοῆς,

193 807 251 833 ἀλλ’
265 807 294 833 οὐ
312 808 419 842 πείρας,
434 806 585 833 σταθέντων
597 805 648 832 τῶν
664 805 804 839 λυπηρῶν.
821 805 853 830 Εἰ
879 804 907 830 δὲ
933 804 980 830 καὶ

195 853 360 889 προφητεῖας
378 852 474 888 ἁξιῷτὸ
494 861 535 883 τις
560 852 604 878 ἐπὶ
627 851 665 886 τῷ
684 851 775 877 πλέονι
798 851 851 877 τῶν
877 849 979 882 κακῶν,

195 945 381 972 admonebant
403 944 458 976 alii,
482 949 701 978 magnopereque
716 949 795 970 secus
815 940 981 976 suspicando

195 990 391 1018 incumbebant
415 990 448 1016 ad
475 990 672 1024 reprobandam
697 992 779 1016 totam
802 996 877 1021 rem;
899 995 979 1022 quam

195 1043 245 1063 nec
272 1035 434 1063 dubitabant
456 1035 592 1070 appellare
616 1035 805 1070 operationem
831 1033 980 1061 adversarii

194 1081 317 1116 spiritus,
338 1081 384 1108 Dei
404 1081 521 1116 gloriam
540 1080 667 1113 iurantis,
688 1088 717 1108 ea
738 1088 798 1115 quae
812 1080 866 1108 Deo
881 1087 981 1108 conve-

153 1145 158 1149 -
197 1129 276 1154 niunt
299 1127 495 1162 przeripiendo,
509 1131 538 1153 ιιι
554 1134 669 1162 magnus
684 1127 758 1162 loqui
777 1127 882 1154 solebat
894 1127 982 1154 Anto-

195 1174 267 1201 nius.
303 1172 362 1200 Non
395 1173 508 1200 deerant
533 1173 578 1208 qui
607 1173 734 1200 humanis
764 1172 916 1208 disciplinis
948 1180 982 1200 ex

195 1219 390 1247 observatione
405 1218 571 1245 naturalium
592 1219 730 1254 signorum
751 1219 885 1253 eiusmodi
901 1227 984 1246 even-

193 1270 240 1292 tus
257 1264 378 1299 praeseiri
403 1271 435 1291 ac
459 1265 568 1299 praedici
585 1265 756 1299 disputarent
772 1272 862 1299 posse.
881 1264 983 1294 Omnes

194 1317 287 1339 tamen
315 1311 510 1346 requirebant,
536 1311 608 1338 velut
641 1311 849 1338 fundamentum
877 1317 981 1340 certum

195 1358 367 1385 stabilienda:
384 1358 417 1385 de
433 1358 485 1391 hoc
501 1358 610 1393 negotio
624 1365 696 1384 verat
716 1358 872 1389 sententiae,
889 1358 984 1392 cogni-

194 1406 296 1432 tionem
309 1413 432 1440 personm
443 1412 473 1432 ac
491 1405 609 1431 nominis
618 1404 679 1439 ejus
690 1412 744 1439 qtto
757 1404 790 1431 de
801 1410 982 1439 quaereretur,

195 1452 247 1478 rati
270 1452 394 1486 quandin
419 1452 443 1478 is
471 1451 503 1478 de
535 1451 603 1478 facie
627 1451 697 1478 foret
723 1459 755 1478 ac
781 1452 836 1478 vita
862 1451 982 1486 ignotus,

193 1502 308 1524 cunctas
318 1498 344 1524 in
357 1505 417 1524 eum
430 1497 579 1532 quamlibet
590 1496 719 1523 sinistras
728 1501 802 1523 recte
812 1497 983 1531 suspiciones

194 1544 301 1571 cadere.
317 1544 462 1576 (Steterunt,
480 1543 604 1570 nonnulli
619 1543 740 1575 aiebant,
757 1544 808 1570 hac
824 1547 984 1577 tempestate

194 1590 227 1616 ad
240 1589 442 1623 intelligendum
453 1588 654 1623 dicendumque
666 1589 826 1623 ingruerein
839 1588 983 1624 3341a).

196 1642 292 1662 manes
307 1634 468 1666 infortunia,
483 1639 510 1661 et
524 1642 554 1661 ea
568 1635 680 1669 quidem
694 1634 815 1661 omnium
829 1642 890 1668 qua:
902 1634 983 1661 fando

194 1681 350 1707 audivimus
375 1680 504 1712 maxima,
528 1687 579 1706 nec
606 1684 666 1706 vate
690 1687 739 1707 ttec
760 1680 890 1713 propheta
915 1687 984 1714 opus

195 1726 346 1755 habemus,
373 1725 540 1759 experientia
561 1724 670 1758 publica
699 1725 725 1751 id
753 1725 851 1758 cuique
874 1724 984 1751 abunde

196 1775 377 1798 monstrante.
400 1770 427 1797 In
450 1778 483 1797 eo
508 1770 597 1797 solum
624 1777 690 1798 usus
713 1774 788 1797 esset
808 1773 835 1796 et
853 1770 938 1797 tnirus
957 1773 984 1797 et

196 1818 326 1852 optabilis
342 1817 484 1844 monitoris
498 1817 630 1844 divinitus
646 1816 738 1848 afﬂati,
753 1817 774 1843 si
786 1817 848 1851 quis
859 1816 983 1851 indigna-

197 1864 280 1896 tionis
306 1863 351 1891 Dei
381 1863 532 1890 manifestm
545 1863 600 1898 jam
617 1863 643 1890 in
661 1871 710 1890 nos
726 1870 843 1890 arcanas
860 1866 887 1889 et
904 1863 984 1890 nobis

196 1911 277 1937 noxie
299 1911 437 1944 ignoratus
455 1917 469 1936 c
488 1909 557 1936 et‘elo
577 1909 692 1937 edoctus
718 1909 852 1936 indicaret
872 1917 983 1937 causas.

195 1955 297 1991 Nempe
312 1956 338 1982 in
356 1963 454 1990 genere
472 1947 582 1991 quidem
604 1958 720 1987 scimus,
737 1961 872 1990 quotquot
888 1955 984 1983 imbuti

195 2003 362 2030 Christianis
379 2002 535 2037 disciplinis
552 2003 741 2029 adtninistrari
760 2002 890 2029 mundum
906 2009 985 2036 aequa

195 2055 222 2077 et
242 2050 358 2084 sapienti
379 2049 550 2084 providentia
570 2048 814 2083 persnasissimum
840 2048 984 2079 habemus,

195 2097 315 2131 peccatis
330 2096 435 2130 utique,
451 2096 543 2130 qualia
560 2095 684 2130 quotidie
699 2095 815 2129 plurinta
832 2098 985 2128 patrantur,

195 2144 263 2170 iram
286 2141 330 2168 Dei
344 2145 439 2168 contra
458 2141 582 2168 homines
600 2140 721 2167 armari:
738 2140 877 2174 quodnam
893 2143 984 2166 tamen

195 2188 368 2223 potissimum
386 2190 510 2213 nostrum
529 2186 632 2213 crimen
648 2186 704 2212 hare
721 2185 773 2213 sub
789 2185 891 2220 quibus
906 2184 986 2212 hodie

1032 253 1060 279 δὲ
1077 253 1121 279 καὶ
1136 254 1215 287 ἡμεῖς
1228 251 1399 286 λογιζώμεθα
1417 251 1453 282 ὡς
1468 251 1517 277 οὐκ
1532 251 1647 283 ἐκείνου,
1665 251 1722 277 ἀλλ’
1741 251 1818 286 ἡμῶν

1033 306 1064 331 γε
1079 298 1158 332 χάριν
1183 298 1231 331 τῆς
1247 297 1426 333 προῤῥήσεως
1460 297 1610 330 γεγονυίας.
1642 296 1818 331 Κρύπτεσῦαι

1034 344 1082 378 μὲν
1097 342 1141 370 οὖν
1158 344 1258 369 ἐκεῖνον
1271 344 1316 369 καὶ
1328 342 1365 377 μὴ
1378 342 1580 377 φανερούμενον
1601 341 1768 376 ἐκφαιιεροῦν
1785 342 1818 368 τὰ

1033 389 1093 415 θεῖα.
1106 389 1253 423 μυστήρια,
1269 388 1336 422 πρὸς
1352 388 1391 422 τῷ
1410 387 1446 423 μὴ
1460 387 1563 419 ἔνδοξον
1577 385 1645 413 εἶναι
1673 387 1742 413 κατὰ
1769 386 1819 421 τὴν

1032 435 1156 470 Γραφὴν,
1173 434 1218 460 καὶ
1236 433 1393 464 κινδυνῶδες
1410 433 1583 459 καθίσταται.
1597 432 1651 458 Καὶ
1670 433 1731 458 ὅσον
1746 432 1819 466 ἡμᾶς

1033 480 1106 506 δίκαι
1123 478 1344 514 περιελεύοονται
1370 478 1631 513 κατωλιγωρηκότας
1654 477 1768 508 δίκαιαι,
1794 478 1817 502 ει

1032 525 1080 557 τὰς
1096 525 1185 556 αἰτίας
1200 525 1302 555 ἐκεῖνος
1319 523 1391 557 λέγει
1420 523 1632 556 τοῦ-δαιμονίου
1655 523 1817 557 μηνίματος,

1032 571 1117 602 οὓτως
1134 571 1230 605 ἐκεινῳ
1246 571 1388 605 σιγήσαντι
1404 570 1433 596 τὸ
1448 569 1492 596 διὰ
1514 569 1676 604 κηδεμονίαν
1700 577 1820 604 προορα-

1033 618 1077 644 ῡὲν
1089 617 1208 649 κίνδυνος
1220 617 1425 652 περιστήσεται.
1441 616 1477 642 Τὸ
1493 616 1515 642 δ’
1538 616 1583 642 ἐπὶ
1611 616 1714 647 τούτοις
1744 616 1820 650 lata-iv

1032 663 1062 689 τὸ
1091 663 1182 698 θαῦμα
1214 663 1251 698 μὴ
1272 663 1320 693 τὰς
1345 662 1434 693 αἰτίας
1452 661 1574 695 λέγοντα,
1601 662 1648 688 καὶ
1671 660 1771 691 ταύτας
1787 660 1818 686 οὐ

1033 708 1126 739 κοινὰς
1142 707 1189 734 καὶ
1205 707 1332 742 συνήθεις
1343 707 1381 741 τῷ
1393 707 1499 741 κόσμῳ,
1514 707 1571 733 ἀλλ’
1589 707 1653 737 ἴσως
1675 706 1744 737 ιδίας
1772 706 1819 731 καὶ

1033 755 1206 788 καινοφανεῖς
1241 754 1380 788 ἄντικρυς,
1414 753 1451 787 μὴ
1476 753 1524 779 καὶ
1548 753 1637 787 ἑαυτῷ
1665 761 1707 784 τις
1733 752 1820 785 λέγων

1032 800 1144 827 τοιαῦτα
1159 800 1313 835 περι-ποιοίη
1335 800 1380 826 τὸν
1404 799 1567 834 θαυμασμὸν
1581 798 1761 833 συναρπάζων
1773 799 1820 833 μό-

1032 855 1076 873 νον
1093 845 1231 878 καὶδόξαν
1249 845 1415 881 Θηρώμενος.
1428 845 1520 872 Ταῦτα
1534 845 1658 879 λέγοντες
1681 844 1755 880 δῆλοι
1769 844 1820 878 μὲν

1033 938 1108 966 tibus
1133 937 1353 965 denuntiatorem
1380 935 1467 964 cladis
1488 942 1626 969 extremae,
1651 943 1712 970 qua:
1738 942 1818 963 aures

1033 987 1121 1014 solum
1140 986 1200 1014 sine
1216 985 1271 1013 ullo
1285 985 1462 1020 experientia:
1483 992 1565 1013 sensu
1583 985 1739 1019 perculerit,
1759 992 1820 1012 sese

1033 1036 1146 1068 repente
1176 1032 1311 1066 objecisse
1346 1027 1485 1058 Nini'vitis.
1522 1031 1669 1058 Enimvero
1701 1031 1724 1059 si
1757 1031 1819 1066 quis

1032 1079 1115 1107 nobis
1143 1086 1208 1106 vero
1234 1077 1386 1113 prophetia:
1409 1078 1507 1113 spiritu
1530 1085 1559 1105 se
1586 1077 1671 1105 afﬂari
1696 1077 1818 1105 evidenti

1032 1125 1218 1160 experimento
1235 1125 1313 1151 fidem
1330 1124 1442 1156 faceret,
1457 1132 1513 1151 rem
1528 1124 1625 1159 utique
1640 1124 1820 1152 manifestans

1034 1172 1154 1198 humano
1176 1170 1286 1205 ingenio
1301 1170 1506 1198 inscrutabilem
1525 1179 1532 1196 :
1557 1177 1668 1197 causam
1691 1169 1820 1196 videlicet

1033 1218 1132 1244 divina:
1153 1218 1181 1244 in
1207 1224 1258 1244 nos
1283 1217 1346 1247 irai.
1368 1224 1429 1251 qua:
1451 1223 1586 1244 stimmum
1613 1215 1746 1243 malorum
1770 1223 1820 1242 nos

1034 1263 1188 1299 urgentium
1207 1270 1300 1291 revera
1325 1264 1427 1290 malum
1443 1267 1494 1294 est,
1512 1263 1586 1290 hunc
1607 1262 1682 1296 justa
1709 1262 1819 1297 quidem

1034 1310 1216 1337 admiratione
1247 1317 1479 1344 prosequeremur
1503 1317 1510 1336 :
1535 1310 1581 1336 Sed
1605 1314 1631 1336 et
1658 1309 1741 1336 simul
1772 1315 1821 1336 nos

1035 1356 1129 1383 beatos
1159 1359 1364 1390 reputaremus,
1391 1363 1507 1390 quorum
1534 1355 1640 1383 scilicet
1658 1356 1683 1382 in
1702 1355 1819 1390 gratiam

1034 1410 1066 1430 ac
1094 1402 1213 1430 fructum
1239 1392 1498 1436 peeuliaremfnon
1524 1407 1614 1429 autent
1637 1402 1664 1429 in
1680 1402 1820 1437 propriam

1034 1450 1076 1477 sui
1099 1449 1273 1484 jactantiam.
1294 1449 1431 1484 ejusmodi
1457 1455 1530 1476 esset
1549 1457 1582 1476 ex
1607 1450 1662 1477 alto
1687 1450 1821 1484 inspirata

1035 1495 1212 1530 praedictione
1229 1495 1400 1530 perfunctus.
1415 1491 1553 1522 Abscoftdi
1567 1503 1631 1522 vero
1647 1496 1734 1530 ipsum
1747 1500 1774 1523 ct
1787 1504 1820 1522 ex

1035 1541 1145 1568 occulto
1155 1549 1249 1568 vocem
1261 1542 1379 1573 mittere,
1392 1545 1573 1576 praeterquam
1586 1542 1725 1574 indecens,
1737 1542 1820 1569 etiam

1033 1587 1111 1621 juxta
1145 1586 1330 1614 testimonium
1357 1587 1506 1622 Scripturaa
1529 1587 1609 1622 365
1636 1588 1820 1622 periculosum

1035 1638 1087 1660 est.
1104 1634 1143 1660 Ac
1158 1639 1260 1668 quanto
1276 1641 1326 1661 nos
1339 1633 1419 1668 plecti
1434 1634 1538 1669 justius
1551 1635 1681 1662 immissis
1693 1635 1822 1662 divinitus

1035 1679 1162 1706 cladibus
1180 1679 1358 1706 tnanifestum
1375 1679 1460 1711 ﬂeret,
1477 1680 1522 1707 ubi
1537 1680 1675 1706 declarata
1693 1688 1741 1714 per
1759 1689 1821 1708 eum

1035 1726 1116 1752 nobis
1143 1726 1222 1759 culpa
1249 1730 1345 1753 nostra
1365 1726 1506 1760 quapiam,
1523 1733 1584 1761 quze
1597 1726 1716 1753 tlirinatn
1730 1726 1756 1753 in
1772 1734 1822 1754 nos

1035 1771 1253 1805 indignationem
1278 1772 1450 1803 concitaret,
1473 1780 1522 1799 nos
1547 1772 1574 1798 in
1603 1779 1634 1799 ea
1661 1772 1822 1808 corrigenda

1036 1827 1133 1853 segnes
1160 1827 1296 1851 essemus,
1322 1824 1397 1846 tanto
1417 1819 1464 1846 'illi
1491 1827 1548 1846 rem
1569 1824 1674 1847 tantam
1697 1825 1723 1847 et
1750 1821 1822 1848 scitu

1036 1865 1155 1892 maxime
1172 1865 1265 1892 utilem
1282 1865 1392 1896 ct-lanti,
1411 1865 1545 1900 siquidem
1563 1867 1614 1892 scit
1631 1865 1714 1900 (seire
1728 1871 1818 1893 autem

1037 1912 1125 1946 ipsum
1142 1915 1262 1945 oportet.
1280 1911 1301 1938 si
1317 1912 1448 1946 propheta
1471 1911 1507 1939 sit
1528 1920 1535 1938 :
1562 1919 1624 1939 nam
1651 1912 1701 1939 hoc
1722 1920 1822 1940 nomen

1037 1958 1133 1985 mereri
1157 1958 1214 1985 sola
1242 1957 1451 1985 denuntiatione
1472 1965 1561 1984 rerutn
1587 1966 1647 1992 qu:e
1672 1966 1686 1985 a
1712 1959 1823 1986 nemine

1037 2004 1199 2039 ignorantur
1225 2003 1434 2038 haudquaquam
1460 2003 1571 2038 potest),
1590 2009 1677 2036 tanto,
1697 2003 1821 2038 inquam,

1037 2050 1082 2078 isti
1099 2050 1222 2078 relicenti
1235 2050 1307 2084 quod
1321 2050 1492 2084 potissimum
1511 2051 1666 2084 publicasse
1677 2051 1822 2084 debuerat,

1037 2098 1148 2131 gravius
1170 2097 1293 2123 imminet
1309 2097 1457 2130 perieulum
1474 2097 1585 2124 rationis
1608 2105 1639 2124 ex
1661 2098 1719 2131 ipso
1735 2105 1748 2124 a
1768 2097 1823 2124 Deo

1037 2143 1191 2177 repetenda:
1217 2143 1288 2169 male
1310 2143 1380 2178 gesti
1410 2143 1568 2170 ministerii.
1594 2143 1710 2171 Tantum
1740 2144 1824 2179 igitur

1038 2189 1169 2216 absumus
1193 2195 1208 2215 a
1227 2189 1388 2223 jndicando.
1410 2189 1491 2216 istum
1519 2189 1677 2223 quicunque
1702 2194 1753 2222 est,
1775 2191 1823 2224 qui

196 2234 330 2268 gemimus
339 2234 444 2268 ﬂagella
456 2233 632 2264 ulciseautur,
651 2237 680 2259 ul
692 2233 891 2266 incompertum
906 2231 985 2258 nobis
1004 2239 1024 2266 ι)
1040 2234 1095 2267 peti
1112 2242 1162 2261 nos
1175 2234 1334 2262 cwlestibus
1350 2234 1476 2269 ﬂagellis,
1494 2235 1565 2269 quod
1580 2236 1667 2263 cuivis
1682 2241 1722 2263 est
1737 2237 1824 2264 ltOliS-

196 2283 250 2307 est.
278 2278 314 2304 ita
342 2282 414 2305 esset
439 2277 615 2304 utilissimum
642 2277 747 2304 doceri.
771 2276 817 2303 Sic
842 2276 926 2307 enim,
952 2283 985 2301 eo

195 2323 379 2355 emendando,
400 2323 461 2351 fons
479 2323 615 2349 malorum
639 2327 732 2357 pOSset
751 2321 867 2349 obstrui.
888 2321 986 2348 Consi—

195 2370 262 2396 lium
290 2376 357 2395 sane
381 2368 434 2395 [lco
456 2368 641 2403 supplicandi,
659 2373 688 2394 ttt
704 2367 846 2402 propitiari
867 2374 896 2393 se
913 2367 986 2393 sinat

195 2421 222 2443 et
247 2416 333 2442 nostri
360 2415 536 2446 misereatur,
563 2414 597 2441 iis
624 2417 781 2447 suggestum
798 2413 844 2447 qui
859 2412 986 2439 vindictae

195 2462 295 2488 divinae
304 2461 393 2496 plagis
406 2469 478 2488 ttune
493 2460 610 2486 maxime
622 2459 842 2494 ﬂagrantissimis
855 2462 984 2490 uruntur,

197 2508 264 2534 nihil
283 2508 365 2534 habet
382 2506 507 2534 mirabile
521 2513 553 2532 ac
568 2504 721 2541 prudentia:
738 2504 858 2539 vulgaris
875 2504 985 2531 modum

195 2553 346 2580 mcedcns.
375 2551 495 2587 Aguosei
519 2552 630 2586 quidem
663 2551 732 2576 forte
763 2554 856 2584 posset
885 2550 985 2584 suspici

195 2600 306 2635 dignum
322 2599 424 2632 aliquid
439 2602 466 2625 et
480 2602 560 2632 captu
571 2597 698 2632 superius
715 2596 834 2623 humano
849 2596 875 2623 in
893 2604 924 2621 eo
938 2595 984 2630 qui

195 2645 303 2673 consilii
317 2645 380 2672 talis
395 2644 552 2678 inopinatus
569 2648 664 2669 auctor
680 2645 841 2677 exsurgeret
854 2641 880 2668 itt
899 2643 986 2668 medio

195 2692 286 2726 pnpuli
307 2691 394 2718 felicis
411 2696 437 2717 ct
458 2689 565 2717 eunetis
585 2693 688 2715 natura:
712 2696 743 2716 ac
761 2688 877 2715 fortuna:
894 2688 984 2720 holds,

195 2739 255 2764 sine
272 2737 325 2763 ulla
350 2736 433 2763 sortis
456 2735 575 2761 adversae
600 2734 758 2766 formidine,
775 2733 960 2761 ﬂorentissimi
976 2742 983 2766 ;

194 2785 302 2818 qualem
326 2782 484 2816 accepimus
500 2779 597 2807 Jonam
619 2780 789 2814 prophetam,
807 2787 820 2806 e
835 2779 984 2814 luttginqtto

194 2830 227 2855 ad
254 2830 278 2856 id
309 2828 479 2863 profectum,
509 2827 577 2853 nihil
601 2826 693 2852 minus
724 2824 930 2859 suspicantibus
957 2829 984 2852 et

196 2877 271 2902 beata
288 2876 365 2910 copia
384 2883 472 2902 rerum
489 2874 611 2901 omnium
629 2881 736 2901 summa
758 2873 784 2900 in
806 2881 872 2908 pace
890 2871 983 2899 fructi-

1038 2280 1151 2313 sitnutn,
1166 2280 1322 2312 denuntiat,
1342 2280 1409 2307 illud
1430 2286 1519 2308 autem
1536 2286 1615 2311 tacet.
1631 2281 1768 2316 quodnam
1788 2282 1825 2309 ob

1038 2331 1164 2353 nostrum
1186 2326 1276 2354 scelus
1291 2326 1372 2359 vulgo
1388 2326 1589 2361 incompertum
1609 2335 1658 2354 nec
1671 2335 1724 2354 non
1740 2327 1824 2354 forsi-

1040 2377 1084 2399 tan
1111 2372 1330 2407 insuspicabile,
1355 2379 1386 2400 ac
1416 2373 1462 2400 ubi
1491 2373 1695 2400 manifestatum
1722 2374 1822 2406 fuerit,

1038 2425 1139 2444 novum
1166 2417 1368 2452 appariturum,
1392 2417 1438 2445 illa
1461 2417 1621 2451 desteviant,
1642 2418 1824 2446 admiratione

1038 2462 1150 2495 dignum
1169 2469 1241 2494 esse,
1265 2465 1294 2488 ut
1320 2467 1414 2489 contra
1430 2464 1522 2496 potius
1540 2463 1730 2490 existimemus
1746 2463 1824 2490 illum

1038 2507 1163 2534 affectata
1179 2507 1232 2535 ista
1248 2508 1437 2536 occultatione
1450 2509 1492 2536 sui
1505 2509 1609 2544 justam
1625 2510 1702 2537 nobis
1717 2517 1825 2537 movere

1038 2553 1225 2587 suspicionem
1256 2554 1361 2581 callidae
1388 2559 1607 2590 quaestuoszeque
1639 2555 1824 2590 arrogantiae,

1037 2605 1152 2625 exatnen
1177 2599 1285 2633 quidem
1308 2606 1340 2625 ac
1362 2599 1563 2627 convictionem
1582 2600 1741 2632 metuentis,
1758 2601 1825 2628 sise

1035 2643 1090 2678 jam
1106 2645 1179 2670 trime
1195 2643 1364 2676 ostenderet,
1379 2644 1506 2678 plausum
1524 2653 1588 2672 vero
1602 2645 1825 2672 admirationenh

1037 2697 1089 2724 quc
1103 2691 1263 2724 popularem
1281 2698 1343 2723 suo,
1361 2691 1407 2717 ubi
1424 2695 1560 2718 maturum
1575 2690 1669 2724 fuerit,
1684 2691 1711 2718 in
1727 2692 1824 2727 vulgus

1037 2735 1144 2762 edendo
1160 2736 1265 2763 nomini
1281 2736 1331 2764 sub
1346 2737 1504 2764 artificiosis
1519 2737 1579 2764 isllS
1592 2738 1700 2764 interim
1714 2738 1825 2765 latebris

1037 2780 1172 2813 parantis.
1199 2779 1259 2808 llasc
1278 2780 1316 2807 illi
1334 2781 1375 2808 sic
1395 2781 1564 2808 dissrrentcs
1581 2783 1652 2809 haud
1670 2783 1776 2814 molles,
1798 2789 1826 2810 ut

1036 2825 1125 2859 palam
1145 2832 1212 2857 erat,
1229 2835 1257 2853 se
1275 2827 1408 2861 putabant
1425 2827 1570 2855 admovere
1597 2829 1756 2864 imperaturi
1778 2830 1826 2856 sti-

1037 2873 1124 2900 mulos
1149 2874 1181 2900 ad
1201 2874 1392 2909 proici-undam
1411 2875 1576 2902 nominatim
1595 2876 1730 2904 hactenus
1745 2877 1826 2904 diui-
