  <div class='ocr_page' id='page_1' title='image "/cluster/home/n/w/nwhite01/storage/ocr_20150623/144/njp.32101010942892/222.png"; bbox 0 0 1953 3065; ppageno 0'>
   <div class='ocr_carea' id='block_1_1' title="bbox 115 116 172 148">
    <p class='ocr_par' dir='ltr' id='par_1_1' title="bbox 115 116 172 148">
     <span class='ocr_line' id='line_1_1' title="bbox 115 116 172 148; baseline -0.018 0"><span class='ocrx_word' id='word_1_1' title='bbox 115 116 172 148; x_wconf 64' lang='lat' dir='ltr'><strong>Di</strong></span> 
     </span>
    </p>
   </div>
   <div class='ocr_carea' id='block_1_2' title="bbox 597 115 1304 148">
    <p class='ocr_par' dir='ltr' id='par_1_2' title="bbox 597 115 1304 148">
     <span class='ocr_line' id='line_1_2' title="bbox 597 115 1304 148; baseline -0.001 0"><span class='ocrx_word' id='word_1_2' title='bbox 597 118 646 148; x_wconf 83' lang='lat' dir='ltr'>DE</span> <span class='ocrx_word' id='word_1_3' title='bbox 664 117 887 148; x_wconf 66' lang='lat' dir='ltr'><strong>ANDRONICO</strong></span> <span class='ocrx_word' id='word_1_4' title='bbox 901 115 1134 146; x_wconf 53' lang='lat' dir='ltr'><strong>P;\L.’EOLOG0</strong></span> <span class='ocrx_word' id='word_1_5' title='bbox 1160 116 1233 146; x_wconf 89' lang='lat' dir='ltr'><strong>LlB.</strong></span> <span class='ocrx_word' id='word_1_6' title='bbox 1254 117 1304 147; x_wconf 71' lang='grc' dir='ltr'>ιν.</span> 
     </span>
    </p>
   </div>
   <div class='ocr_carea' id='block_1_3' title="bbox 1699 114 1755 146">
    <p class='ocr_par' dir='ltr' id='par_1_3' title="bbox 1699 114 1755 146">
     <span class='ocr_line' id='line_1_3' title="bbox 1699 114 1755 146; baseline -0.054 0"><span class='ocrx_word' id='word_1_7' title='bbox 1699 114 1755 146; x_wconf 67' lang='grc'><strong>401</strong></span> 
     </span>
    </p>
   </div>
   <div class='ocr_carea' id='block_1_4' title="bbox 115 169 1753 210">
    <p class='ocr_par' dir='ltr' id='par_1_4' title="bbox 115 169 1753 210">
     <span class='ocr_line' id='line_1_4' title="bbox 115 169 1753 210; baseline 0.001 -13"><span class='ocrx_word' id='word_1_8' title='bbox 115 169 192 206; x_wconf 70' lang='grc' dir='ltr'>ἦσαν</span> <span class='ocrx_word' id='word_1_9' title='bbox 212 172 422 207; x_wconf 60' lang='grc' dir='ltr'>παρακινίλῦιτες</span> <span class='ocrx_word' id='word_1_10' title='bbox 438 173 483 199; x_wconf 66' lang='grc' dir='ltr'><strong>καὶ</strong></span> <span class='ocrx_word' id='word_1_11' title='bbox 501 173 612 208; x_wconf 76' lang='grc' dir='ltr'>βασιλέα</span> <span class='ocrx_word' id='word_1_12' title='bbox 628 176 656 200; x_wconf 79' lang='grc' dir='ltr'><strong>τὸ</strong></span> <span class='ocrx_word' id='word_1_13' title='bbox 670 175 813 210; x_wconf 76' lang='grc' dir='ltr'>πρόσωπον</span> <span class='ocrx_word' id='word_1_14' title='bbox 831 176 914 209; x_wconf 67' lang='grc' dir='ltr'>ὲμιρα-</span> <span class='ocrx_word' id='word_1_15' title='bbox 929 176 951 205; x_wconf 68' lang='grc' dir='ltr'>Α</span> <span class='ocrx_word' id='word_1_16' title='bbox 964 170 1060 199; x_wconf 70' lang='grc' dir='ltr'>τούτου</span> <span class='ocrx_word' id='word_1_17' title='bbox 1080 173 1257 206; x_wconf 75' lang='grc' dir='ltr'>δημηγορεῖν.</span> <span class='ocrx_word' id='word_1_18' title='bbox 1279 172 1324 202; x_wconf 76' lang='grc' dir='ltr'>Ὠς</span> <span class='ocrx_word' id='word_1_19' title='bbox 1344 172 1431 198; x_wconf 86' lang='grc' dir='ltr'>τοίνυν</span> <span class='ocrx_word' id='word_1_20' title='bbox 1449 172 1477 198; x_wconf 69' lang='grc' dir='ltr'>τὸ</span> <span class='ocrx_word' id='word_1_21' title='bbox 1490 172 1589 206; x_wconf 80' lang='grc' dir='ltr'>πλῆθος</span> <span class='ocrx_word' id='word_1_22' title='bbox 1614 172 1627 198; x_wconf 82' lang='grc' dir='ltr'><strong>ὁ</strong></span> <span class='ocrx_word' id='word_1_23' title='bbox 1655 180 1753 206; x_wconf 61' lang='grc' dir='ltr'>χρυση-</span> 
     </span>
    </p>
   </div>
   <div class='ocr_carea' id='block_1_5' title="bbox 117 217 914 256">
    <p class='ocr_par' dir='ltr' id='par_1_5' title="bbox 117 217 914 256">
     <span class='ocr_line' id='line_1_5' title="bbox 117 217 914 256; baseline 0.005 -14"><span class='ocrx_word' id='word_1_24' title='bbox 117 217 219 249; x_wconf 72' lang='grc' dir='ltr'>νίζειν,</span> <span class='ocrx_word' id='word_1_25' title='bbox 236 218 364 252; x_wconf 60' lang='grc' dir='ltr'>ἐμφανεῖς</span> <span class='ocrx_word' id='word_1_26' title='bbox 382 219 409 244; x_wconf 71' lang='grc' dir='ltr'><strong>δὲ</strong></span> <span class='ocrx_word' id='word_1_27' title='bbox 423 219 467 245; x_wconf 67' lang='grc' dir='ltr'>καὶ</span> <span class='ocrx_word' id='word_1_28' title='bbox 478 220 617 254; x_wconf 79' lang='grc' dir='ltr'>χαίροντες</span> <span class='ocrx_word' id='word_1_29' title='bbox 631 221 654 247; x_wconf 78' lang='grc' dir='ltr'>εἰ</span> <span class='ocrx_word' id='word_1_30' title='bbox 672 221 777 256; x_wconf 78' lang='grc' dir='ltr'><strong>κριθείη</strong></span> <span class='ocrx_word' id='word_1_31' title='bbox 792 221 844 246; x_wconf 85' lang='grc' dir='ltr'>τῶν</span> <span class='ocrx_word' id='word_1_32' title='bbox 857 229 914 246; x_wconf 77' lang='grc' dir='ltr'>τοι·</span> 
     </span>
    </p>
   </div>
   <div class='ocr_carea' id='block_1_6' title="bbox 116 263 914 301">
    <p class='ocr_par' dir='ltr' id='par_1_6' title="bbox 116 263 914 301">
     <span class='ocr_line' id='line_1_6' title="bbox 116 263 914 301; baseline 0.004 -12"><span class='ocrx_word' id='word_1_33' title='bbox 116 263 214 289; x_wconf 81' lang='grc' dir='ltr'>οὑτων</span> <span class='ocrx_word' id='word_1_34' title='bbox 234 264 335 294; x_wconf 70' lang='grc' dir='ltr'>ἐκεῖνος</span> <span class='ocrx_word' id='word_1_35' title='bbox 358 264 441 296; x_wconf 80' lang='grc' dir='ltr'>ἄξιος,</span> <span class='ocrx_word' id='word_1_36' title='bbox 470 265 536 291; x_wconf 76' lang='grc' dir='ltr'>Θεοῦ</span> <span class='ocrx_word' id='word_1_37' title='bbox 563 266 768 301; x_wconf 74' lang='grc' dir='ltr'><strong>φιλανθρωπίας</strong></span> <span class='ocrx_word' id='word_1_38' title='bbox 789 266 914 292; x_wconf 73' lang='grc' dir='ltr'>ἐντεῦθεν</span> 
     </span>
    </p>
   </div>
   <div class='ocr_carea' id='block_1_7' title="bbox 116 308 914 345">
    <p class='ocr_par' dir='ltr' id='par_1_7' title="bbox 116 308 914 345">
     <span class='ocr_line' id='line_1_7' title="bbox 116 308 914 345; baseline 0.004 -11"><span class='ocrx_word' id='word_1_39' title='bbox 116 308 263 343; x_wconf 64' lang='grc' dir='ltr'>δεχόμενοι</span> <span class='ocrx_word' id='word_1_40' title='bbox 282 309 413 344; x_wconf 65' lang='grc' dir='ltr'>σᾶμδολα.</span> <span class='ocrx_word' id='word_1_41' title='bbox 433 310 502 337; x_wconf 76' lang='grc' dir='ltr'>Ἀλλ’</span> <span class='ocrx_word' id='word_1_42' title='bbox 522 311 537 336; x_wconf 84' lang='grc' dir='ltr'>ὁ</span> <span class='ocrx_word' id='word_1_43' title='bbox 553 311 678 345; x_wconf 72' lang='grc' dir='ltr'>βασιλεὺς</span> <span class='ocrx_word' id='word_1_44' title='bbox 695 312 776 343; x_wconf 79' lang='grc' dir='ltr'>πολὺς</span> <span class='ocrx_word' id='word_1_45' title='bbox 790 312 914 345; x_wconf 73' lang='grc' dir='ltr'>ἐφαίνετο</span> 
     </span>
    </p>
   </div>
   <div class='ocr_carea' id='block_1_8' title="bbox 117 346 915 391">
    <p class='ocr_par' dir='ltr' id='par_1_8' title="bbox 117 355 915 391">
     <span class='ocr_line' id='line_1_8' title="bbox 117 355 915 391; baseline 0.003 -11"><span class='ocrx_word' id='word_1_46' title='bbox 117 356 172 389; x_wconf 79' lang='grc' dir='ltr'>τὴν</span> <span class='ocrx_word' id='word_1_47' title='bbox 191 355 348 389; x_wconf 74' lang='grc' dir='ltr'>ἐχεμυθίαν,</span> <span class='ocrx_word' id='word_1_48' title='bbox 362 355 410 390; x_wconf 78' lang='grc' dir='ltr'>τὴν</span> <span class='ocrx_word' id='word_1_49' title='bbox 426 355 480 382; x_wconf 83' lang='grc' dir='ltr'>τῶν</span> <span class='ocrx_word' id='word_1_50' title='bbox 497 356 601 383; x_wconf 81' lang='grc' dir='ltr'>πολλῶν</span> <span class='ocrx_word' id='word_1_51' title='bbox 632 357 757 383; x_wconf 78' lang='grc' dir='ltr'><strong>ὑπόνοιαν</strong></span> <span class='ocrx_word' id='word_1_52' title='bbox 784 357 915 391; x_wconf 69' lang='grc' dir='ltr'>φυλαττό-</span> 
     </span>
    </p>
   </div>
   <div class='ocr_carea' id='block_1_9' title="bbox 121 400 914 437">
    <p class='ocr_par' dir='ltr' id='par_1_9' title="bbox 121 400 914 437">
     <span class='ocr_line' id='line_1_9' title="bbox 121 400 914 437; baseline 0.005 -12"><span class='ocrx_word' id='word_1_53' title='bbox 121 408 216 432; x_wconf 84' lang='grc' dir='ltr'>μενος.</span> <span class='ocrx_word' id='word_1_54' title='bbox 230 400 327 426; x_wconf 75' lang='grc' dir='ltr'>Ἤθελε</span> <span class='ocrx_word' id='word_1_55' title='bbox 344 400 368 426; x_wconf 85' lang='grc' dir='ltr'><strong>δ’</strong></span> <span class='ocrx_word' id='word_1_56' title='bbox 379 401 552 436; x_wconf 75' lang='grc' dir='ltr'><strong>ἐνεχυράζειν</strong></span> <span class='ocrx_word' id='word_1_57' title='bbox 572 402 619 432; x_wconf 76' lang='grc' dir='ltr'><strong>τὰς</strong></span> <span class='ocrx_word' id='word_1_58' title='bbox 631 402 741 437; x_wconf 80' lang='grc' dir='ltr'><strong>γνώμας</strong></span> <span class='ocrx_word' id='word_1_59' title='bbox 761 403 814 429; x_wconf 80' lang='grc' dir='ltr'>τῶν</span> <span class='ocrx_word' id='word_1_60' title='bbox 833 403 914 429; x_wconf 83' lang='grc' dir='ltr'>ἀκου-</span> 
     </span>
    </p>
   </div>
   <div class='ocr_carea' id='block_1_10' title="bbox 121 446 914 482">
    <p class='ocr_par' dir='ltr' id='par_1_10' title="bbox 121 446 914 482">
     <span class='ocr_line' id='line_1_10' title="bbox 121 446 914 482; baseline 0.003 -10"><span class='ocrx_word' id='word_1_61' title='bbox 121 448 210 473; x_wconf 77' lang='grc' dir='ltr'>όντων</span> <span class='ocrx_word' id='word_1_62' title='bbox 226 447 272 472; x_wconf 72' lang='grc' dir='ltr'><strong>καὶ</strong></span> <span class='ocrx_word' id='word_1_63' title='bbox 288 446 326 472; x_wconf 79' lang='grc' dir='ltr'>ἔτι</span> <span class='ocrx_word' id='word_1_64' title='bbox 344 447 468 482; x_wconf 72' lang='grc' dir='ltr'>καθαρὰς</span> <span class='ocrx_word' id='word_1_65' title='bbox 490 447 639 482; x_wconf 79' lang='grc' dir='ltr'><strong>γενομένας</strong></span> <span class='ocrx_word' id='word_1_66' title='bbox 666 448 778 480; x_wconf 80' lang='grc' dir='ltr'><strong>πάθους,</strong></span> <span class='ocrx_word' id='word_1_67' title='bbox 794 449 826 474; x_wconf 80' lang='grc' dir='ltr'><strong>ἵν’</strong></span> <span class='ocrx_word' id='word_1_68' title='bbox 844 448 914 474; x_wconf 76' lang='grc' dir='ltr'>οὕτω</span> 
     </span>
    </p>
   </div>
   <div class='ocr_carea' id='block_1_11' title="bbox 121 491 913 528">
    <p class='ocr_par' dir='ltr' id='par_1_11' title="bbox 121 491 913 528">
     <span class='ocr_line' id='line_1_11' title="bbox 121 491 913 528; baseline 0.004 -11"><span class='ocrx_word' id='word_1_69' title='bbox 121 491 153 517; x_wconf 82' lang='grc' dir='ltr'><strong>τὸ</strong></span> <span class='ocrx_word' id='word_1_70' title='bbox 171 493 287 526; x_wconf 82' lang='grc' dir='ltr'>πρᾶγμα</span> <span class='ocrx_word' id='word_1_71' title='bbox 301 492 500 526; x_wconf 75' lang='grc' dir='ltr'>θαυμάσαντες,</span> <span class='ocrx_word' id='word_1_72' title='bbox 513 493 550 523; x_wconf 83' lang='grc' dir='ltr'>ὡς</span> <span class='ocrx_word' id='word_1_73' title='bbox 565 493 648 525; x_wconf 68' lang='grc' dir='ltr'>είκος,</span> <span class='ocrx_word' id='word_1_74' title='bbox 663 494 859 528; x_wconf 78' lang='grc' dir='ltr'>παραλλάττειν</span> <span class='ocrx_word' id='word_1_75' title='bbox 876 493 913 528; x_wconf 83' lang='grc' dir='ltr'>μὴ</span> 
     </span>
    </p>
   </div>
   <div class='ocr_carea' id='block_1_12' title="bbox 120 536 914 574">
    <p class='ocr_par' dir='ltr' id='par_1_12' title="bbox 120 536 914 574">
     <span class='ocr_line' id='line_1_12' title="bbox 120 536 914 574; baseline 0.004 -12"><span class='ocrx_word' id='word_1_76' title='bbox 120 536 213 571; x_wconf 73' lang='grc' dir='ltr'>ἔχοιεν</span> <span class='ocrx_word' id='word_1_77' title='bbox 230 538 278 568; x_wconf 76' lang='grc' dir='ltr'>τὰς</span> <span class='ocrx_word' id='word_1_78' title='bbox 291 537 437 571; x_wconf 76' lang='grc' dir='ltr'>ὁμολογίας</span> <span class='ocrx_word' id='word_1_79' title='bbox 452 537 613 572; x_wconf 74' lang='grc' dir='ltr'>αἰδούμενοι,</span> <span class='ocrx_word' id='word_1_80' title='bbox 634 539 667 574; x_wconf 79' lang='grc' dir='ltr'><strong>ῆν</strong></span> <span class='ocrx_word' id='word_1_81' title='bbox 689 547 730 570; x_wconf 80' lang='grc' dir='ltr'><strong>τις</strong></span> <span class='ocrx_word' id='word_1_82' title='bbox 757 539 785 565; x_wconf 83' lang='grc' dir='ltr'>ἐν</span> <span class='ocrx_word' id='word_1_83' title='bbox 811 539 914 572; x_wconf 83' lang='grc' dir='ltr'>ὑστέρῳ</span> 
     </span>
    </p>
   </div>
   <div class='ocr_carea' id='block_1_13' title="bbox 121 583 915 619">
    <p class='ocr_par' dir='ltr' id='par_1_13' title="bbox 121 583 915 619">
     <span class='ocr_line' id='line_1_13' title="bbox 121 583 915 619; baseline 0.003 -11"><span class='ocrx_word' id='word_1_84' title='bbox 121 584 308 617; x_wconf 59' lang='grc' dir='ltr'>γνωσιμαιεῖν</span> <span class='ocrx_word' id='word_1_85' title='bbox 321 583 422 618; x_wconf 62' lang='lat' dir='ltr'><strong>sip/iro</strong></span> <span class='ocrx_word' id='word_1_86' title='bbox 438 583 531 617; x_wconf 74' lang='grc' dir='ltr'>μαθὼν</span> <span class='ocrx_word' id='word_1_87' title='bbox 543 584 572 610; x_wconf 78' lang='grc' dir='ltr'><strong>τὸ</strong></span> <span class='ocrx_word' id='word_1_88' title='bbox 594 585 748 619; x_wconf 70' lang='grc' dir='ltr'>πρόσωπον.</span> <span class='ocrx_word' id='word_1_89' title='bbox 778 585 836 610; x_wconf 86' lang='grc' dir='ltr'><strong>Κάν</strong></span> <span class='ocrx_word' id='word_1_90' title='bbox 855 585 915 610; x_wconf 76' lang='grc' dir='ltr'>τού-</span> 
     </span>
    </p>
   </div>
   <div class='ocr_carea' id='block_1_14' title="bbox 119 623 914 664">
    <p class='ocr_par' dir='ltr' id='par_1_14' title="bbox 119 623 914 664">
     <span class='ocr_line' id='line_1_14' title="bbox 119 623 914 664; baseline 0.001 -10"><span class='ocrx_word' id='word_1_91' title='bbox 119 637 179 659; x_wconf 82' lang='grc' dir='ltr'>τοις</span> <span class='ocrx_word' id='word_1_92' title='bbox 199 628 287 663; x_wconf 75' lang='grc' dir='ltr'>ἡμέρα</span> <span class='ocrx_word' id='word_1_93' title='bbox 299 623 353 662; x_wconf 58' lang='grc' dir='ltr'>’μὲν</span> <span class='ocrx_word' id='word_1_94' title='bbox 368 629 419 660; x_wconf 74' lang='grc' dir='ltr'>ἕως</span> <span class='ocrx_word' id='word_1_95' title='bbox 432 629 480 662; x_wconf 59' lang='grc' dir='ltr'><strong>ὀέιὲ</strong></span> <span class='ocrx_word' id='word_1_96' title='bbox 493 629 623 664; x_wconf 83' lang='grc' dir='ltr'>διηνύετο,</span> <span class='ocrx_word' id='word_1_97' title='bbox 650 629 697 661; x_wconf 80' lang='grc' dir='ltr'><strong>νὺξ</strong></span> <span class='ocrx_word' id='word_1_98' title='bbox 727 629 748 656; x_wconf 82' lang='grc' dir='ltr'><strong>δ’</strong></span> <span class='ocrx_word' id='word_1_99' title='bbox 765 629 914 656; x_wconf 71' lang='grc' dir='ltr'><strong>ἐπελθοῦσα</strong></span> 
     </span>
    </p>
   </div>
   <div class='ocr_carea' id='block_1_15' title="bbox 120 674 913 711">
    <p class='ocr_par' dir='ltr' id='par_1_15' title="bbox 120 674 913 711">
     <span class='ocr_line' id='line_1_15' title="bbox 120 674 913 711; baseline 0.003 -11"><span class='ocrx_word' id='word_1_100' title='bbox 120 674 205 700; x_wconf 67' lang='grc' dir='ltr'>καλὸν</span> <span class='ocrx_word' id='word_1_101' title='bbox 221 674 346 708; x_wconf 73' lang='grc' dir='ltr'>ἡγεῖσθαι</span> <span class='ocrx_word' id='word_1_102' title='bbox 361 676 406 700; x_wconf 67' lang='grc' dir='ltr'><strong>καὶ</strong></span> <span class='ocrx_word' id='word_1_103' title='bbox 421 675 451 701; x_wconf 84' lang='grc' dir='ltr'><strong>τὸ</strong></span> <span class='ocrx_word' id='word_1_104' title='bbox 465 676 542 702; x_wconf 73' lang='grc' dir='ltr'>νυκτὶ</span> <span class='ocrx_word' id='word_1_105' title='bbox 569 675 709 702; x_wconf 75' lang='grc' dir='ltr'>πείθεσθαι</span> <span class='ocrx_word' id='word_1_106' title='bbox 729 676 774 702; x_wconf 77' lang='grc' dir='ltr'><strong>καὶ</strong></span> <span class='ocrx_word' id='word_1_107' title='bbox 803 676 913 711; x_wconf 78' lang='grc' dir='ltr'>βασιλέα</span> 
     </span>
    </p>
   </div>
   <div class='ocr_carea' id='block_1_16' title="bbox 120 720 914 757">
    <p class='ocr_par' dir='ltr' id='par_1_16' title="bbox 120 720 914 757">
     <span class='ocr_line' id='line_1_16' title="bbox 120 720 914 757; baseline 0.004 -12"><span class='ocrx_word' id='word_1_108' title='bbox 120 720 169 746; x_wconf 62' lang='grc' dir='ltr'>καὶ</span> <span class='ocrx_word' id='word_1_109' title='bbox 206 721 269 751; x_wconf 57' lang='lat' dir='ltr'><strong>sit;</strong></span> <span class='ocrx_word' id='word_1_110' title='bbox 297 721 366 755; x_wconf 47' lang='lat' dir='ltr'><strong>diu!</strong></span> <span class='ocrx_word' id='word_1_111' title='bbox 393 722 495 748; x_wconf 71' lang='grc' dir='ltr'>ἐκεῖνον</span> <span class='ocrx_word' id='word_1_112' title='bbox 523 721 633 747; x_wconf 77' lang='grc' dir='ltr'>ἔπειθε·</span> <span class='ocrx_word' id='word_1_113' title='bbox 655 721 738 748; x_wconf 65' lang='grc' dir='ltr'>λυσαν</span> <span class='ocrx_word' id='word_1_114' title='bbox 750 722 772 747; x_wconf 80' lang='grc' dir='ltr'>δ’</span> <span class='ocrx_word' id='word_1_115' title='bbox 795 722 914 757; x_wconf 71' lang='grc' dir='ltr'>αἰψηρὴν</span> 
     </span>
    </p>
   </div>
   <div class='ocr_carea' id='block_1_17' title="bbox 119 765 823 802">
    <p class='ocr_par' dir='ltr' id='par_1_17' title="bbox 119 765 823 802">
     <span class='ocr_line' id='line_1_17' title="bbox 119 765 823 802; baseline 0.003 -11"><span class='ocrx_word' id='word_1_116' title='bbox 119 765 238 800; x_wconf 78' lang='grc' dir='ltr'>ἀγορὴν,</span> <span class='ocrx_word' id='word_1_117' title='bbox 253 766 335 800; x_wconf 69' lang='grc' dir='ltr'>μηδὲν</span> <span class='ocrx_word' id='word_1_118' title='bbox 351 767 430 792; x_wconf 77' lang='grc' dir='ltr'>πλέον</span> <span class='ocrx_word' id='word_1_119' title='bbox 442 766 496 793; x_wconf 84' lang='grc' dir='ltr'>τῶν</span> <span class='ocrx_word' id='word_1_120' title='bbox 509 767 694 793; x_wconf 71' lang='grc' dir='ltr'>ἀκουσθέντων</span> <span class='ocrx_word' id='word_1_121' title='bbox 707 767 823 802; x_wconf 75' lang='grc' dir='ltr'>ἔχοντες.</span> 
     </span>
    </p>
   </div>
   <div class='ocr_carea' id='block_1_18' title="bbox 118 822 912 860">
    <p class='ocr_par' dir='ltr' id='par_1_18' title="bbox 118 822 912 860">
     <span class='ocr_line' id='line_1_18' title="bbox 118 822 912 860; baseline 0.005 -12"><span class='ocrx_word' id='word_1_122' title='bbox 118 822 175 854; x_wconf 79' lang='grc' dir='ltr'>λς’.</span> <span class='ocrx_word' id='word_1_123' title='bbox 192 822 262 856; x_wconf 63' lang='grc' dir='ltr'><strong>Πειὶ</strong></span> <span class='ocrx_word' id='word_1_124' title='bbox 281 824 335 860; x_wconf 78' lang='grc' dir='ltr'>τῆς</span> <span class='ocrx_word' id='word_1_125' title='bbox 352 822 540 860; x_wconf 65' lang='grc' dir='ltr'>δημηγορίας</span> <span class='ocrx_word' id='word_1_126' title='bbox 556 824 608 850; x_wconf 86' lang='grc' dir='ltr'>τοῦ</span> <span class='ocrx_word' id='word_1_127' title='bbox 621 824 774 857; x_wconf 70' lang='grc' dir='ltr'>βασιλέως</span> <span class='ocrx_word' id='word_1_128' title='bbox 787 825 836 851; x_wconf 82' lang='grc' dir='ltr'>καὶ</span> <span class='ocrx_word' id='word_1_129' title='bbox 856 825 912 860; x_wconf 80' lang='grc' dir='ltr'>τῆς</span> 
     </span>
    </p>
   </div>
   <div class='ocr_carea' id='block_1_19' title="bbox 273 859 772 893">
    <p class='ocr_par' dir='ltr' id='par_1_19' title="bbox 273 859 772 893">
     <span class='ocr_line' id='line_1_19' title="bbox 273 859 772 893; baseline 0.006 -10"><span class='ocrx_word' id='word_1_130' title='bbox 273 859 349 891; x_wconf 77' lang='grc' dir='ltr'>πρὸς</span> <span class='ocrx_word' id='word_1_131' title='bbox 366 860 418 884; x_wconf 64' lang='grc' dir='ltr'><strong>τόν</strong></span> <span class='ocrx_word' id='word_1_132' title='bbox 435 859 613 886; x_wconf 76' lang='grc' dir='ltr'>Ἀθανιίσιον</span> <span class='ocrx_word' id='word_1_133' title='bbox 632 860 772 893; x_wconf 58' lang='grc' dir='ltr'>ἀφίξεως.</span> 
     </span>
    </p>
   </div>
   <div class='ocr_carea' id='block_1_20' title="bbox 158 903 914 941">
    <p class='ocr_par' dir='ltr' id='par_1_20' title="bbox 158 903 914 941">
     <span class='ocr_line' id='line_1_20' title="bbox 158 903 914 941; baseline 0.003 -11"><span class='ocrx_word' id='word_1_134' title='bbox 158 903 203 939; x_wconf 79' lang='grc' dir='ltr'><strong>[Ρ.</strong></span> <span class='ocrx_word' id='word_1_135' title='bbox 217 904 282 939; x_wconf 74' lang='grc'><strong>251]</strong></span> <span class='ocrx_word' id='word_1_136' title='bbox 301 904 375 939; x_wconf 71' lang='grc' dir='ltr'><strong>Ἅμα</strong></span> <span class='ocrx_word' id='word_1_137' title='bbox 391 905 412 931; x_wconf 82' lang='grc' dir='ltr'><strong>δ’</strong></span> <span class='ocrx_word' id='word_1_138' title='bbox 424 905 459 940; x_wconf 81' lang='grc' dir='ltr'><strong>ἕῳ</strong></span> <span class='ocrx_word' id='word_1_139' title='bbox 474 906 644 938; x_wconf 76' lang='grc' dir='ltr'>συγκαλέσας</span> <span class='ocrx_word' id='word_1_140' title='bbox 658 907 702 932; x_wconf 69' lang='grc' dir='ltr'><strong>καὶ</strong></span> <span class='ocrx_word' id='word_1_141' title='bbox 719 904 796 938; x_wconf 71' lang='grc' dir='ltr'>αὖθις</span> <span class='ocrx_word' id='word_1_142' title='bbox 812 907 825 931; x_wconf 75' lang='grc' dir='ltr'><strong>ὁ</strong></span> <span class='ocrx_word' id='word_1_143' title='bbox 839 906 914 941; x_wconf 84' lang='grc' dir='ltr'>βασι-</span> 
     </span>
    </p>
   </div>
   <div class='ocr_carea' id='block_1_21' title="bbox 119 949 913 988">
    <p class='ocr_par' dir='ltr' id='par_1_21' title="bbox 119 949 913 988">
     <span class='ocr_line' id='line_1_21' title="bbox 119 949 913 988; baseline 0.003 -12"><span class='ocrx_word' id='word_1_144' title='bbox 119 949 184 981; x_wconf 73' lang='grc' dir='ltr'>λεὺς</span> <span class='ocrx_word' id='word_1_145' title='bbox 197 951 228 976; x_wconf 77' lang='grc' dir='ltr'>οὺ</span> <span class='ocrx_word' id='word_1_146' title='bbox 246 950 358 981; x_wconf 73' lang='grc' dir='ltr'>τούτους</span> <span class='ocrx_word' id='word_1_147' title='bbox 380 951 469 984; x_wconf 88' lang='grc' dir='ltr'>μόνον,</span> <span class='ocrx_word' id='word_1_148' title='bbox 489 951 546 977; x_wconf 79' lang='grc' dir='ltr'>ἀλλ’</span> <span class='ocrx_word' id='word_1_149' title='bbox 566 951 617 986; x_wconf 74' lang='grc' dir='ltr'><strong>ἤδη</strong></span> <span class='ocrx_word' id='word_1_150' title='bbox 647 952 692 978; x_wconf 72' lang='lat' dir='ltr'><strong>ml.</strong></span> <span class='ocrx_word' id='word_1_151' title='bbox 718 952 778 978; x_wconf 83' lang='grc' dir='ltr'>ὅσον</span> <span class='ocrx_word' id='word_1_152' title='bbox 808 950 842 988; x_wconf 85' lang='grc' dir='ltr'>ἦν</span> <span class='ocrx_word' id='word_1_153' title='bbox 865 954 913 987; x_wconf 85' lang='grc' dir='ltr'><strong>τῆς</strong></span> 
     </span>
    </p>
   </div>
   <div class='ocr_carea' id='block_1_22' title="bbox 120 996 914 1034">
    <p class='ocr_par' dir='ltr' id='par_1_22' title="bbox 120 996 914 1034">
     <span class='ocr_line' id='line_1_22' title="bbox 120 996 914 1034; baseline 0.003 -12"><span class='ocrx_word' id='word_1_154' title='bbox 120 996 263 1028; x_wconf 79' lang='grc' dir='ltr'>πολιτείας</span> <span class='ocrx_word' id='word_1_155' title='bbox 277 996 395 1032; x_wconf 72' lang='grc' dir='ltr'>καθαρόν</span> <span class='ocrx_word' id='word_1_156' title='bbox 419 1005 449 1023; x_wconf 83' lang='grc' dir='ltr'><strong>τε</strong></span> <span class='ocrx_word' id='word_1_157' title='bbox 480 999 526 1023; x_wconf 77' lang='grc' dir='ltr'>καὶ</span> <span class='ocrx_word' id='word_1_158' title='bbox 549 997 683 1033; x_wconf 77' lang='grc' dir='ltr'>ἔκκριτον,</span> <span class='ocrx_word' id='word_1_159' title='bbox 714 998 760 1024; x_wconf 75' lang='grc' dir='ltr'>καὶ</span> <span class='ocrx_word' id='word_1_160' title='bbox 782 999 914 1034; x_wconf 73' lang='grc' dir='ltr'>μοναχοὺς</span> 
     </span>
    </p>
   </div>
   <div class='ocr_carea' id='block_1_23' title="bbox 121 1043 913 1080">
    <p class='ocr_par' dir='ltr' id='par_1_23' title="bbox 121 1043 913 1080">
     <span class='ocr_line' id='line_1_23' title="bbox 121 1043 913 1080; baseline 0.003 -11"><span class='ocrx_word' id='word_1_161' title='bbox 121 1043 215 1078; x_wconf 62' lang='grc' dir='ltr'>σχεδον</span> <span class='ocrx_word' id='word_1_162' title='bbox 239 1044 354 1075; x_wconf 76' lang='grc' dir='ltr'>πάντας,</span> <span class='ocrx_word' id='word_1_163' title='bbox 381 1043 451 1078; x_wconf 71' lang='grc' dir='ltr'>ἔγνω</span> <span class='ocrx_word' id='word_1_164' title='bbox 476 1045 523 1070; x_wconf 80' lang='grc' dir='ltr'><strong>καὶ</strong></span> <span class='ocrx_word' id='word_1_165' title='bbox 551 1045 628 1072; x_wconf 77' lang='grc' dir='ltr'>πάλιν</span> <span class='ocrx_word' id='word_1_166' title='bbox 652 1045 679 1070; x_wconf 81' lang='grc' dir='ltr'>ὲν</span> <span class='ocrx_word' id='word_1_167' title='bbox 702 1045 782 1080; x_wconf 88' lang='grc' dir='ltr'><strong>κοινῷ</strong></span> <span class='ocrx_word' id='word_1_168' title='bbox 803 1045 837 1071; x_wconf 72' lang='grc' dir='ltr'>τὰ</span> <span class='ocrx_word' id='word_1_169' title='bbox 849 1046 913 1080; x_wconf 70' lang='grc' dir='ltr'>περὶ</span> 
     </span>
    </p>
   </div>
   <div class='ocr_carea' id='block_1_24' title="bbox 123 1101 912 1137">
    <p class='ocr_par' dir='ltr' id='par_1_24' title="bbox 123 1101 912 1137">
     <span class='ocr_line' id='line_1_24' title="bbox 123 1101 912 1137; baseline 0.003 -10"><span class='ocrx_word' id='word_1_170' title='bbox 123 1102 257 1128; x_wconf 88' lang='lat' dir='ltr'><strong>mutatam</strong></span> <span class='ocrx_word' id='word_1_171' title='bbox 285 1109 429 1136; x_wconf 81' lang='lat' dir='ltr'><strong>personam</strong></span> <span class='ocrx_word' id='word_1_172' title='bbox 452 1102 516 1128; x_wconf 86' lang='lat' dir='ltr'><strong>novi</strong></span> <span class='ocrx_word' id='word_1_173' title='bbox 536 1101 606 1128; x_wconf 84' lang='lat' dir='ltr'><strong>vatis</strong></span> <span class='ocrx_word' id='word_1_174' title='bbox 630 1102 765 1134; x_wconf 79' lang='lat' dir='ltr'><strong>monachi,</strong></span> <span class='ocrx_word' id='word_1_175' title='bbox 779 1102 912 1137; x_wconf 77' lang='lat' dir='ltr'><strong>gavisuri,</strong></span> 
     </span>
    </p>
   </div>
   <div class='ocr_carea' id='block_1_25' title="bbox 122 1148 914 1182">
    <p class='ocr_par' dir='ltr' id='par_1_25' title="bbox 122 1148 914 1182">
     <span class='ocr_line' id='line_1_25' title="bbox 122 1148 914 1182; baseline 0.003 -8"><span class='ocrx_word' id='word_1_176' title='bbox 122 1148 144 1174; x_wconf 85' lang='lat' dir='ltr'><strong>si</strong></span> <span class='ocrx_word' id='word_1_177' title='bbox 161 1151 311 1182; x_wconf 82' lang='lat' dir='ltr'><strong>postquam</strong></span> <span class='ocrx_word' id='word_1_178' title='bbox 334 1148 409 1174; x_wconf 78' lang='lat' dir='ltr'><strong>vultu</strong></span> <span class='ocrx_word' id='word_1_179' title='bbox 432 1152 458 1175; x_wconf 90' lang='lat' dir='ltr'><strong>et</strong></span> <span class='ocrx_word' id='word_1_180' title='bbox 473 1148 526 1174; x_wconf 88' lang='lat' dir='ltr'><strong>vita</strong></span> <span class='ocrx_word' id='word_1_181' title='bbox 541 1148 720 1180; x_wconf 89' lang='lat' dir='ltr'><strong>innotuisset,</strong></span> <span class='ocrx_word' id='word_1_182' title='bbox 740 1149 862 1175; x_wconf 88' lang='lat' dir='ltr'><strong>moribus</strong></span> <span class='ocrx_word' id='word_1_183' title='bbox 882 1156 914 1176; x_wconf 90' lang='lat' dir='ltr'><strong>ac</strong></span> 
     </span>
    </p>
   </div>
   <div class='ocr_carea' id='block_1_26' title="bbox 123 1193 915 1229">
    <p class='ocr_par' dir='ltr' id='par_1_26' title="bbox 123 1193 915 1229">
     <span class='ocr_line' id='line_1_26' title="bbox 123 1193 915 1229; baseline 0.004 -9"><span class='ocrx_word' id='word_1_184' title='bbox 123 1193 309 1220; x_wconf 78' lang='lat' dir='ltr'><strong>sanctimonia</strong></span> <span class='ocrx_word' id='word_1_185' title='bbox 336 1193 437 1228; x_wconf 83' lang='lat' dir='ltr'><strong>dignus</strong></span> <span class='ocrx_word' id='word_1_186' title='bbox 454 1194 622 1228; x_wconf 73' lang='lat' dir='ltr'><strong>reperiretur</strong></span> <span class='ocrx_word' id='word_1_187' title='bbox 637 1201 717 1229; x_wconf 87' lang='lat' dir='ltr'><strong>quem</strong></span> <span class='ocrx_word' id='word_1_188' title='bbox 744 1194 815 1222; x_wconf 92' lang='lat' dir='ltr'><strong>haud</strong></span> <span class='ocrx_word' id='word_1_189' title='bbox 841 1200 915 1223; x_wconf 89' lang='lat' dir='ltr'><strong>esset</strong></span> 
     </span>
    </p>
   </div>
   <div class='ocr_carea' id='block_1_27' title="bbox 123 1239 914 1275">
    <p class='ocr_par' dir='ltr' id='par_1_27' title="bbox 123 1239 914 1275">
     <span class='ocr_line' id='line_1_27' title="bbox 123 1239 914 1275; baseline 0.004 -9"><span class='ocrx_word' id='word_1_190' title='bbox 123 1239 287 1267; x_wconf 80' lang='lat' dir='ltr'><strong>incredibile</strong></span> <span class='ocrx_word' id='word_1_191' title='bbox 296 1240 415 1267; x_wconf 79' lang='lat' dir='ltr'><strong>afﬂatum</strong></span> <span class='ocrx_word' id='word_1_192' title='bbox 427 1239 514 1267; x_wconf 85' lang='lat' dir='ltr'><strong>fuisse</strong></span> <span class='ocrx_word' id='word_1_193' title='bbox 525 1239 666 1273; x_wconf 89' lang='lat' dir='ltr'><strong>divinitus;</strong></span> <span class='ocrx_word' id='word_1_194' title='bbox 677 1241 914 1275; x_wconf 86' lang='lat' dir='ltr'><strong>undeincipientis</strong></span> 
     </span>
    </p>
   </div>
   <div class='ocr_carea' id='block_1_28' title="bbox 124 1286 914 1321">
    <p class='ocr_par' dir='ltr' id='par_1_28' title="bbox 124 1286 914 1321">
     <span class='ocr_line' id='line_1_28' title="bbox 124 1286 914 1321; baseline 0.003 -9"><span class='ocrx_word' id='word_1_195' title='bbox 124 1286 228 1321; x_wconf 84' lang='lat' dir='ltr'><strong>placari</strong></span> <span class='ocrx_word' id='word_1_196' title='bbox 244 1294 277 1313; x_wconf 90' lang='lat' dir='ltr'><strong>ac</strong></span> <span class='ocrx_word' id='word_1_197' title='bbox 292 1286 348 1320; x_wconf 83' lang='lat' dir='ltr'><strong>jam</strong></span> <span class='ocrx_word' id='word_1_198' title='bbox 373 1287 491 1321; x_wconf 77' lang='lat' dir='ltr'><strong>benigne</strong></span> <span class='ocrx_word' id='word_1_199' title='bbox 513 1286 631 1314; x_wconf 87' lang='lat' dir='ltr'><strong>faventis</strong></span> <span class='ocrx_word' id='word_1_200' title='bbox 649 1287 730 1315; x_wconf 70' lang='lat' dir='ltr'><strong>rebus</strong></span> <span class='ocrx_word' id='word_1_201' title='bbox 746 1288 847 1315; x_wconf 76' lang='lat' dir='ltr'><strong>nostris</strong></span> <span class='ocrx_word' id='word_1_202' title='bbox 868 1287 914 1315; x_wconf 84' lang='lat' dir='ltr'><strong>Dei</strong></span> 
     </span>
    </p>
   </div>
   <div class='ocr_carea' id='block_1_29' title="bbox 125 1331 915 1366">
    <p class='ocr_par' dir='ltr' id='par_1_29' title="bbox 125 1331 915 1366">
     <span class='ocr_line' id='line_1_29' title="bbox 125 1331 915 1366; baseline 0.004 -9"><span class='ocrx_word' id='word_1_203' title='bbox 125 1331 185 1358; x_wconf 70' lang='lat' dir='ltr'><strong>laeta</strong></span> <span class='ocrx_word' id='word_1_204' title='bbox 208 1335 321 1365; x_wconf 79' lang='lat' dir='ltr'><strong>possent</strong></span> <span class='ocrx_word' id='word_1_205' title='bbox 337 1331 451 1366; x_wconf 78' lang='lat' dir='ltr'><strong>auguria</strong></span> <span class='ocrx_word' id='word_1_206' title='bbox 477 1335 597 1366; x_wconf 85' lang='lat' dir='ltr'><strong>captare.</strong></span> <span class='ocrx_word' id='word_1_207' title='bbox 624 1331 722 1359; x_wconf 87' lang='lat' dir='ltr'><strong>Verum</strong></span> <span class='ocrx_word' id='word_1_208' title='bbox 740 1333 915 1360; x_wconf 73' lang='lat' dir='ltr'><strong>Andronicus</strong></span> 
     </span>
    </p>
   </div>
   <div class='ocr_carea' id='block_1_30' title="bbox 125 1377 915 1414">
    <p class='ocr_par' dir='ltr' id='par_1_30' title="bbox 125 1377 915 1414">
     <span class='ocr_line' id='line_1_30' title="bbox 125 1377 915 1414; baseline 0.004 -11"><span class='ocrx_word' id='word_1_209' title='bbox 125 1377 214 1412; x_wconf 75' lang='lat' dir='ltr'><strong>magis</strong></span> <span class='ocrx_word' id='word_1_210' title='bbox 231 1377 374 1412; x_wconf 78' lang='lat' dir='ltr'><strong>magisque</strong></span> <span class='ocrx_word' id='word_1_211' title='bbox 391 1377 555 1404; x_wconf 82' lang='lat' dir='ltr'><strong>obfirmabat</strong></span> <span class='ocrx_word' id='word_1_212' title='bbox 571 1378 693 1405; x_wconf 83' lang='lat' dir='ltr'><strong>animum</strong></span> <span class='ocrx_word' id='word_1_213' title='bbox 714 1379 742 1406; x_wconf 92' lang='lat' dir='ltr'><strong>in</strong></span> <span class='ocrx_word' id='word_1_214' title='bbox 756 1379 839 1406; x_wconf 90' lang='lat' dir='ltr'><strong>astuti</strong></span> <span class='ocrx_word' id='word_1_215' title='bbox 855 1387 915 1414; x_wconf 87' lang='lat' dir='ltr'><strong>per-</strong></span> 
     </span>
    </p>
   </div>
   <div class='ocr_carea' id='block_1_31' title="bbox 127 1423 914 1459">
    <p class='ocr_par' dir='ltr' id='par_1_31' title="bbox 127 1423 914 1459">
     <span class='ocr_line' id='line_1_31' title="bbox 127 1423 914 1459; baseline 0.003 -9"><span class='ocrx_word' id='word_1_216' title='bbox 127 1424 283 1451; x_wconf 68' lang='lat' dir='ltr'><strong>severantia</strong></span> <span class='ocrx_word' id='word_1_217' title='bbox 297 1423 413 1456; x_wconf 82' lang='lat' dir='ltr'><strong>silentii,</strong></span> <span class='ocrx_word' id='word_1_218' title='bbox 433 1431 487 1451; x_wconf 92' lang='lat' dir='ltr'><strong>non</strong></span> <span class='ocrx_word' id='word_1_219' title='bbox 503 1424 633 1458; x_wconf 81' lang='lat' dir='ltr'><strong>ignorans</strong></span> <span class='ocrx_word' id='word_1_220' title='bbox 650 1432 732 1459; x_wconf 82' lang='lat' dir='ltr'><strong>quam</strong></span> <span class='ocrx_word' id='word_1_221' title='bbox 749 1425 914 1453; x_wconf 90' lang='lat' dir='ltr'><strong>invidiosum</strong></span> 
     </span>
    </p>
   </div>
   <div class='ocr_carea' id='block_1_32' title="bbox 125 1469 911 1505">
    <p class='ocr_par' dir='ltr' id='par_1_32' title="bbox 125 1469 911 1505">
     <span class='ocr_line' id='line_1_32' title="bbox 125 1469 911 1505; baseline 0.003 -8"><span class='ocrx_word' id='word_1_222' title='bbox 125 1474 198 1497; x_wconf 84' lang='lat' dir='ltr'><strong>esset</strong></span> <span class='ocrx_word' id='word_1_223' title='bbox 217 1469 290 1504; x_wconf 88' lang='lat' dir='ltr'><strong>apud</strong></span> <span class='ocrx_word' id='word_1_224' title='bbox 310 1470 411 1496; x_wconf 88' lang='lat' dir='ltr'><strong>multos</strong></span> <span class='ocrx_word' id='word_1_225' title='bbox 430 1470 630 1504; x_wconf 81' lang='lat' dir='ltr'><strong>expatriarchae</strong></span> <span class='ocrx_word' id='word_1_226' title='bbox 642 1471 784 1498; x_wconf 76' lang='lat' dir='ltr'><strong>Athanasii</strong></span> <span class='ocrx_word' id='word_1_227' title='bbox 802 1479 911 1505; x_wconf 83' lang='lat' dir='ltr'><strong>nomen,</strong></span> 
     </span>
    </p>
   </div>
   <div class='ocr_carea' id='block_1_33' title="bbox 964 215 1753 252">
    <p class='ocr_par' dir='ltr' id='par_1_33' title="bbox 964 215 1753 252">
     <span class='ocr_line' id='line_1_33' title="bbox 964 215 1753 252; baseline 0 -9"><span class='ocrx_word' id='word_1_228' title='bbox 964 217 1098 252; x_wconf 82' lang='grc' dir='ltr'>τρίχλινος</span> <span class='ocrx_word' id='word_1_229' title='bbox 1116 218 1165 243; x_wconf 78' lang='grc' dir='ltr'>οὐκ</span> <span class='ocrx_word' id='word_1_230' title='bbox 1183 217 1292 252; x_wconf 76' lang='grc' dir='ltr'>ἐχώρει,</span> <span class='ocrx_word' id='word_1_231' title='bbox 1311 216 1380 243; x_wconf 81' lang='grc' dir='ltr'>πολύ</span> <span class='ocrx_word' id='word_1_232' title='bbox 1397 225 1427 250; x_wconf 87' lang='grc' dir='ltr'><strong>γε</strong></span> <span class='ocrx_word' id='word_1_233' title='bbox 1441 217 1481 250; x_wconf 78' lang='grc' dir='ltr'>ὃν,</span> <span class='ocrx_word' id='word_1_234' title='bbox 1497 215 1611 249; x_wconf 79' lang='grc' dir='ltr'>ἐξελθὼν</span> <span class='ocrx_word' id='word_1_235' title='bbox 1627 217 1679 243; x_wconf 76' lang='grc' dir='ltr'><strong>ἀπὸ</strong></span> <span class='ocrx_word' id='word_1_236' title='bbox 1707 217 1753 243; x_wconf 83' lang='grc' dir='ltr'>τοῦ</span> 
     </span>
    </p>
   </div>
   <div class='ocr_carea' id='block_1_34' title="bbox 964 263 1753 298">
    <p class='ocr_par' dir='ltr' id='par_1_34' title="bbox 964 263 1753 298">
     <span class='ocr_line' id='line_1_34' title="bbox 964 263 1753 298; baseline -0.001 -8"><span class='ocrx_word' id='word_1_237' title='bbox 964 265 1116 298; x_wconf 73' lang='grc' dir='ltr'>περιπάτου</span> <span class='ocrx_word' id='word_1_238' title='bbox 1132 265 1207 298; x_wconf 75' lang='grc' dir='ltr'>σφὲσι</span> <span class='ocrx_word' id='word_1_239' title='bbox 1229 263 1350 289; x_wconf 75' lang='grc' dir='ltr'>κάτωθεν</span> <span class='ocrx_word' id='word_1_240' title='bbox 1368 264 1532 298; x_wconf 76' lang='grc' dir='ltr'><strong>ἱσταμένοις,</strong></span> <span class='ocrx_word' id='word_1_241' title='bbox 1560 264 1624 298; x_wconf 71' lang='grc' dir='ltr'>περὶ</span> <span class='ocrx_word' id='word_1_242' title='bbox 1651 264 1753 289; x_wconf 82' lang='grc' dir='ltr'>ἐκεῖνον</span> 
     </span>
    </p>
   </div>
   <div class='ocr_carea' id='block_1_35' title="bbox 963 308 1752 344">
    <p class='ocr_par' dir='ltr' id='par_1_35' title="bbox 963 308 1752 344">
     <span class='ocr_line' id='line_1_35' title="bbox 963 308 1752 344; baseline -0.001 -9"><span class='ocrx_word' id='word_1_243' title='bbox 963 310 1018 335; x_wconf 84' lang='grc' dir='ltr'>τῶν</span> <span class='ocrx_word' id='word_1_244' title='bbox 1034 309 1113 344; x_wconf 82' lang='grc' dir='ltr'>ίερῶν</span> <span class='ocrx_word' id='word_1_245' title='bbox 1125 309 1229 343; x_wconf 83' lang='grc' dir='ltr'>ἀνδρῶν</span> <span class='ocrx_word' id='word_1_246' title='bbox 1243 308 1325 334; x_wconf 72' lang='grc' dir='ltr'>ὅντων</span> <span class='ocrx_word' id='word_1_247' title='bbox 1346 308 1392 334; x_wconf 76' lang='grc' dir='ltr'><strong>καὶ</strong></span> <span class='ocrx_word' id='word_1_248' title='bbox 1415 309 1475 334; x_wconf 84' lang='grc' dir='ltr'>ὅσον</span> <span class='ocrx_word' id='word_1_249' title='bbox 1509 309 1652 342; x_wconf 75' lang='grc' dir='ltr'>βασίλειον,</span> <span class='ocrx_word' id='word_1_250' title='bbox 1679 309 1752 335; x_wconf 67' lang='grc' dir='ltr'>πόλλ’</span> 
     </span>
    </p>
   </div>
   <div class='ocr_carea' id='block_1_36' title="bbox 964 354 1740 389">
    <p class='ocr_par' dir='ltr' id='par_1_36' title="bbox 964 354 1740 389">
     <span class='ocr_line' id='line_1_36' title="bbox 964 354 1740 389; baseline -0.001 -7"><span class='ocrx_word' id='word_1_251' title='bbox 964 356 1030 382; x_wconf 87' lang='grc' dir='ltr'>ἄττα</span> <span class='ocrx_word' id='word_1_252' title='bbox 1047 355 1162 387; x_wconf 79' lang='grc' dir='ltr'>διεξιὼν,</span> <span class='ocrx_word' id='word_1_253' title='bbox 1177 354 1224 380; x_wconf 72' lang='grc' dir='ltr'>καὶ</span> <span class='ocrx_word' id='word_1_254' title='bbox 1238 355 1310 385; x_wconf 77' lang='grc' dir='ltr'>ὅπως</span> <span class='ocrx_word' id='word_1_255' title='bbox 1323 354 1420 389; x_wconf 75' lang='grc' dir='ltr'>ἐλέχθη</span> <span class='ocrx_word' id='word_1_256' title='bbox 1435 363 1463 380; x_wconf 81' lang='grc' dir='ltr'><strong>τε</strong></span> <span class='ocrx_word' id='word_1_257' title='bbox 1475 355 1521 380; x_wconf 76' lang='grc' dir='ltr'><strong>καὶ</strong></span> <span class='ocrx_word' id='word_1_258' title='bbox 1541 355 1667 389; x_wconf 78' lang='grc' dir='ltr'><strong>ἐπράχθη</strong></span> <span class='ocrx_word' id='word_1_259' title='bbox 1690 355 1740 381; x_wconf 70' lang='lat' dir='ltr'><strong>Em</strong></span> 
     </span>
    </p>
   </div>
   <div class='ocr_carea' id='block_1_37' title="bbox 965 400 1751 436">
    <p class='ocr_par' dir='ltr' id='par_1_37' title="bbox 965 400 1751 436">
     <span class='ocr_line' id='line_1_37' title="bbox 965 400 1751 436; baseline 0 -9"><span class='ocrx_word' id='word_1_260' title='bbox 965 409 1026 428; x_wconf 84' lang='grc' dir='ltr'>στον</span> <span class='ocrx_word' id='word_1_261' title='bbox 1041 401 1127 427; x_wconf 74' lang='grc' dir='ltr'>πάντα</span> <span class='ocrx_word' id='word_1_262' title='bbox 1144 400 1214 427; x_wconf 74' lang='grc' dir='ltr'>κατὰ</span> <span class='ocrx_word' id='word_1_263' title='bbox 1229 401 1310 436; x_wconf 79' lang='grc' dir='ltr'>μέρος</span> <span class='ocrx_word' id='word_1_264' title='bbox 1329 400 1487 435; x_wconf 71' lang='grc' dir='ltr'>διειληφὼς,</span> <span class='ocrx_word' id='word_1_265' title='bbox 1506 401 1580 434; x_wconf 71' lang='grc' dir='ltr'>τέλος</span> <span class='ocrx_word' id='word_1_266' title='bbox 1610 401 1751 435; x_wconf 78' lang='grc' dir='ltr'>ὑπερθαυ-</span> 
     </span>
    </p>
   </div>
   <div class='ocr_carea' id='block_1_38' title="bbox 965 446 1753 482">
    <p class='ocr_par' dir='ltr' id='par_1_38' title="bbox 965 446 1753 482">
     <span class='ocr_line' id='line_1_38' title="bbox 965 446 1753 482; baseline -0.001 -9"><span class='ocrx_word' id='word_1_267' title='bbox 965 447 1055 481; x_wconf 69' lang='grc' dir='ltr'>μάσας</span> <span class='ocrx_word' id='word_1_268' title='bbox 1070 447 1119 482; x_wconf 82' lang='grc' dir='ltr'>μὲν</span> <span class='ocrx_word' id='word_1_269' title='bbox 1134 446 1179 473; x_wconf 76' lang='grc' dir='ltr'><strong>τὸν</strong></span> <span class='ocrx_word' id='word_1_270' title='bbox 1194 447 1288 481; x_wconf 82' lang='grc' dir='ltr'>ἄνδρα,</span> <span class='ocrx_word' id='word_1_271' title='bbox 1303 446 1432 481; x_wconf 76' lang='grc' dir='ltr'>κρύπτων</span> <span class='ocrx_word' id='word_1_272' title='bbox 1456 446 1499 472; x_wconf 80' lang='grc' dir='ltr'>ἔτι·</span> <span class='ocrx_word' id='word_1_273' title='bbox 1509 447 1638 482; x_wconf 77' lang='grc' dir='ltr'>τοῦνομα,</span> <span class='ocrx_word' id='word_1_274' title='bbox 1667 447 1753 481; x_wconf 79' lang='grc' dir='ltr'>ὑπερ-</span> 
     </span>
    </p>
   </div>
   <div class='ocr_carea' id='block_1_39' title="bbox 965 491 1752 526">
    <p class='ocr_par' dir='ltr' id='par_1_39' title="bbox 965 491 1752 526">
     <span class='ocr_line' id='line_1_39' title="bbox 965 491 1752 526; baseline -0.001 -9"><span class='ocrx_word' id='word_1_275' title='bbox 965 491 1113 526; x_wconf 76' lang='grc' dir='ltr'>θαυμάζειν</span> <span class='ocrx_word' id='word_1_276' title='bbox 1130 491 1157 517; x_wconf 75' lang='grc' dir='ltr'><strong>δὲ</strong></span> <span class='ocrx_word' id='word_1_277' title='bbox 1173 491 1292 522; x_wconf 73' lang='grc' dir='ltr'>καὶτοὺς</span> <span class='ocrx_word' id='word_1_278' title='bbox 1309 491 1418 522; x_wconf 79' lang='grc' dir='ltr'>λοιποὺς</span> <span class='ocrx_word' id='word_1_279' title='bbox 1430 491 1628 525; x_wconf 77' lang='grc' dir='ltr'>ἐργασάμενος,</span> <span class='ocrx_word' id='word_1_280' title='bbox 1656 491 1752 517; x_wconf 83' lang='grc' dir='ltr'>ὲντεῦ-</span> 
     </span>
    </p>
   </div>
   <div class='ocr_carea' id='block_1_40' title="bbox 964 537 1751 573">
    <p class='ocr_par' dir='ltr' id='par_1_40' title="bbox 964 537 1751 573">
     <span class='ocr_line' id='line_1_40' title="bbox 964 537 1751 573; baseline -0.001 -9"><span class='ocrx_word' id='word_1_281' title='bbox 964 538 1008 564; x_wconf 72' lang='grc' dir='ltr'>θεν</span> <span class='ocrx_word' id='word_1_282' title='bbox 1023 538 1052 570; x_wconf 70' lang='grc' dir='ltr'>ἐξ</span> <span class='ocrx_word' id='word_1_283' title='bbox 1066 537 1147 564; x_wconf 73' lang='grc' dir='ltr'>αὑτοῦ</span> <span class='ocrx_word' id='word_1_284' title='bbox 1160 538 1239 571; x_wconf 84' lang='grc' dir='ltr'>λόγου</span> <span class='ocrx_word' id='word_1_285' title='bbox 1267 537 1324 573; x_wconf 79' lang='grc' dir='ltr'>(καὶ</span> <span class='ocrx_word' id='word_1_286' title='bbox 1354 537 1407 571; x_wconf 77' lang='grc' dir='ltr'>γὰρ</span> <span class='ocrx_word' id='word_1_287' title='bbox 1432 538 1580 571; x_wconf 75' lang='grc' dir='ltr'>ἡτοίμαστο</span> <span class='ocrx_word' id='word_1_288' title='bbox 1596 537 1642 563; x_wconf 73' lang='grc' dir='ltr'><strong>καὶ</strong></span> <span class='ocrx_word' id='word_1_289' title='bbox 1673 538 1751 572; x_wconf 85' lang='grc' dir='ltr'>στολῇ</span> 
     </span>
    </p>
   </div>
   <div class='ocr_carea' id='block_1_41' title="bbox 964 582 1753 618">
    <p class='ocr_par' dir='ltr' id='par_1_41' title="bbox 964 582 1753 618">
     <span class='ocr_line' id='line_1_41' title="bbox 964 582 1753 618; baseline -0.003 -8"><span class='ocrx_word' id='word_1_290' title='bbox 964 585 1010 610; x_wconf 73' lang='grc' dir='ltr'><strong>καὶ</strong></span> <span class='ocrx_word' id='word_1_291' title='bbox 1024 583 1095 618; x_wconf 75' lang='grc' dir='ltr'><strong>ζώνῃ</strong></span> <span class='ocrx_word' id='word_1_292' title='bbox 1109 584 1155 610; x_wconf 75' lang='grc' dir='ltr'>καὶ</span> <span class='ocrx_word' id='word_1_293' title='bbox 1172 582 1314 618; x_wconf 72' lang='grc' dir='ltr'>καλύπτρᾳ</span> <span class='ocrx_word' id='word_1_294' title='bbox 1326 583 1372 610; x_wconf 77' lang='grc' dir='ltr'><strong>καὶ</strong></span> <span class='ocrx_word' id='word_1_295' title='bbox 1386 583 1566 618; x_wconf 68' lang='grc' dir='ltr'><strong>ὑποδήμασιν)</strong></span> <span class='ocrx_word' id='word_1_296' title='bbox 1581 583 1683 618; x_wconf 77' lang='grc' dir='ltr'>ἐξορμᾷ</span> <span class='ocrx_word' id='word_1_297' title='bbox 1705 583 1753 618; x_wconf 77' lang='grc' dir='ltr'><strong>μὲν</strong></span> 
     </span>
    </p>
   </div>
   <div class='ocr_carea' id='block_1_42' title="bbox 963 629 1753 664">
    <p class='ocr_par' dir='ltr' id='par_1_42' title="bbox 963 629 1753 664">
     <span class='ocr_line' id='line_1_42' title="bbox 963 629 1753 664; baseline -0.001 -8"><span class='ocrx_word' id='word_1_298' title='bbox 963 630 1065 660; x_wconf 76' lang='grc' dir='ltr'>ἐκεῖνος</span> <span class='ocrx_word' id='word_1_299' title='bbox 1080 629 1147 664; x_wconf 71' lang='grc' dir='ltr'><strong>πεζῇ</strong></span> <span class='ocrx_word' id='word_1_300' title='bbox 1163 630 1229 663; x_wconf 83' lang='grc' dir='ltr'>πρὸς</span> <span class='ocrx_word' id='word_1_301' title='bbox 1246 629 1291 655; x_wconf 75' lang='grc' dir='ltr'><strong>τὸν</strong></span> <span class='ocrx_word' id='word_1_302' title='bbox 1315 629 1382 660; x_wconf 77' lang='grc' dir='ltr'>τέως</span> <span class='ocrx_word' id='word_1_303' title='bbox 1405 629 1554 663; x_wconf 79' lang='grc' dir='ltr'>ἄγνωστον,</span> <span class='ocrx_word' id='word_1_304' title='bbox 1585 629 1701 664; x_wconf 82' lang='grc' dir='ltr'>ὲξορμᾷν</span> <span class='ocrx_word' id='word_1_305' title='bbox 1725 629 1753 656; x_wconf 77' lang='grc' dir='ltr'><strong>δὲ</strong></span> 
     </span>
    </p>
   </div>
   <div class='ocr_carea' id='block_1_43' title="bbox 963 674 1751 709">
    <p class='ocr_par' dir='ltr' id='par_1_43' title="bbox 963 674 1751 709">
     <span class='ocr_line' id='line_1_43' title="bbox 963 674 1751 709; baseline 0.001 -9"><span class='ocrx_word' id='word_1_306' title='bbox 963 674 1051 700; x_wconf 77' lang='grc' dir='ltr'>πείθει</span> <span class='ocrx_word' id='word_1_307' title='bbox 1062 675 1107 700; x_wconf 69' lang='grc' dir='ltr'><strong>καὶ</strong></span> <span class='ocrx_word' id='word_1_308' title='bbox 1120 675 1181 705; x_wconf 77' lang='grc' dir='ltr'>τοὺς</span> <span class='ocrx_word' id='word_1_309' title='bbox 1195 674 1344 706; x_wconf 75' lang='grc' dir='ltr'>ἐθέλοντας,</span> <span class='ocrx_word' id='word_1_310' title='bbox 1358 675 1388 700; x_wconf 74' lang='grc' dir='ltr'><strong>οὐ</strong></span> <span class='ocrx_word' id='word_1_311' title='bbox 1402 675 1581 708; x_wconf 82' lang='grc' dir='ltr'>προστάσσων</span> <span class='ocrx_word' id='word_1_312' title='bbox 1592 675 1751 709; x_wconf 82' lang='grc' dir='ltr'><strong>βασιλικῶς,</strong></span> 
     </span>
    </p>
   </div>
   <div class='ocr_carea' id='block_1_44' title="bbox 965 719 1754 755">
    <p class='ocr_par' dir='ltr' id='par_1_44' title="bbox 965 719 1754 755">
     <span class='ocr_line' id='line_1_44' title="bbox 965 719 1754 755; baseline 0.003 -10"><span class='ocrx_word' id='word_1_313' title='bbox 965 720 1021 746; x_wconf 80' lang='grc' dir='ltr'>ἀλλ’</span> <span class='ocrx_word' id='word_1_314' title='bbox 1037 719 1126 753; x_wconf 62' lang='grc' dir='ltr'>ἀφιεὶς</span> <span class='ocrx_word' id='word_1_315' title='bbox 1143 720 1249 754; x_wconf 73' lang='grc' dir='ltr'>ἑκάστῳ</span> <span class='ocrx_word' id='word_1_316' title='bbox 1265 720 1295 746; x_wconf 76' lang='grc' dir='ltr'>τὸ</span> <span class='ocrx_word' id='word_1_317' title='bbox 1307 720 1490 752; x_wconf 77' lang='grc' dir='ltr'>αὐτεξούσιον,</span> <span class='ocrx_word' id='word_1_318' title='bbox 1507 721 1577 755; x_wconf 83' lang='grc' dir='ltr'>πλὴν</span> <span class='ocrx_word' id='word_1_319' title='bbox 1592 720 1629 755; x_wconf 86' lang='grc' dir='ltr'>τῷ</span> <span class='ocrx_word' id='word_1_320' title='bbox 1653 721 1692 752; x_wconf 84' lang='grc' dir='ltr'><strong>είς</strong></span> <span class='ocrx_word' id='word_1_321' title='bbox 1707 721 1754 747; x_wconf 81' lang='grc' dir='ltr'><strong>τέ-</strong></span> 
     </span>
    </p>
   </div>
   <div class='ocr_carea' id='block_1_45' title="bbox 963 765 1753 800">
    <p class='ocr_par' dir='ltr' id='par_1_45' title="bbox 963 765 1753 800">
     <span class='ocr_line' id='line_1_45' title="bbox 963 765 1753 800; baseline 0.001 -9"><span class='ocrx_word' id='word_1_322' title='bbox 963 765 1008 796; x_wconf 87' lang='grc' dir='ltr'><strong>λος</strong></span> <span class='ocrx_word' id='word_1_323' title='bbox 1036 765 1214 792; x_wconf 75' lang='grc' dir='ltr'>κεκοπιακότι</span> <span class='ocrx_word' id='word_1_324' title='bbox 1239 766 1359 800; x_wconf 78' lang='grc' dir='ltr'><strong>μεγάλην</strong></span> <span class='ocrx_word' id='word_1_325' title='bbox 1384 766 1431 793; x_wconf 71' lang='grc' dir='ltr'><strong>καὶ</strong></span> <span class='ocrx_word' id='word_1_326' title='bbox 1449 766 1552 800; x_wconf 69' lang='grc' dir='ltr'>ἀγαθὴν</span> <span class='ocrx_word' id='word_1_327' title='bbox 1580 766 1753 800; x_wconf 76' lang='grc' dir='ltr'>ἐγγυώμενος</span> 
     </span>
    </p>
   </div>
   <div class='ocr_carea' id='block_1_46' title="bbox 963 811 1753 847">
    <p class='ocr_par' dir='ltr' id='par_1_46' title="bbox 963 811 1753 847">
     <span class='ocr_line' id='line_1_46' title="bbox 963 811 1753 847; baseline 0.003 -10"><span class='ocrx_word' id='word_1_328' title='bbox 963 812 1012 846; x_wconf 78' lang='grc' dir='ltr'>τὴν</span> <span class='ocrx_word' id='word_1_329' title='bbox 1029 811 1138 837; x_wconf 72' lang='grc' dir='ltr'>ἀπὸτοῦ</span> <span class='ocrx_word' id='word_1_330' title='bbox 1159 811 1253 846; x_wconf 64' lang='grc' dir='ltr'>ἀνδρὸς</span> <span class='ocrx_word' id='word_1_331' title='bbox 1265 811 1398 845; x_wconf 73' lang='grc' dir='ltr'>εὐλογίαν.</span> <span class='ocrx_word' id='word_1_332' title='bbox 1412 812 1505 843; x_wconf 83' lang='grc' dir='ltr'>’Ὀσοις</span> <span class='ocrx_word' id='word_1_333' title='bbox 1516 812 1543 838; x_wconf 79' lang='grc' dir='ltr'><strong>δὲ</strong></span> <span class='ocrx_word' id='word_1_334' title='bbox 1566 814 1611 838; x_wconf 69' lang='grc' dir='ltr'>καὶ</span> <span class='ocrx_word' id='word_1_335' title='bbox 1628 813 1753 847; x_wconf 77' lang='grc' dir='ltr'>γέρουσιν</span> 
     </span>
    </p>
   </div>
   <div class='ocr_carea' id='block_1_47' title="bbox 963 855 1753 892">
    <p class='ocr_par' dir='ltr' id='par_1_47' title="bbox 963 855 1753 892">
     <span class='ocr_line' id='line_1_47' title="bbox 963 855 1753 892; baseline 0.003 -9"><span class='ocrx_word' id='word_1_336' title='bbox 963 856 1022 883; x_wconf 73' lang='grc' dir='ltr'>οὖσι</span> <span class='ocrx_word' id='word_1_337' title='bbox 1037 857 1196 891; x_wconf 78' lang='grc' dir='ltr'>πεζοπορεῖν</span> <span class='ocrx_word' id='word_1_338' title='bbox 1208 857 1257 882; x_wconf 75' lang='grc' dir='ltr'><strong>οὐκ</strong></span> <span class='ocrx_word' id='word_1_339' title='bbox 1273 855 1317 892; x_wconf 75' lang='grc' dir='ltr'>ἦν,</span> <span class='ocrx_word' id='word_1_340' title='bbox 1331 858 1378 882; x_wconf 71' lang='grc' dir='ltr'><strong>ἐπὶ</strong></span> <span class='ocrx_word' id='word_1_341' title='bbox 1392 858 1487 892; x_wconf 83' lang='grc' dir='ltr'>πηλοῖς</span> <span class='ocrx_word' id='word_1_342' title='bbox 1520 858 1567 884; x_wconf 76' lang='grc' dir='ltr'><strong>καὶ</strong></span> <span class='ocrx_word' id='word_1_343' title='bbox 1595 858 1683 885; x_wconf 79' lang='grc' dir='ltr'>ταῦτα</span> <span class='ocrx_word' id='word_1_344' title='bbox 1706 859 1753 885; x_wconf 82' lang='grc' dir='ltr'>καὶ</span> 
     </span>
    </p>
   </div>
   <div class='ocr_carea' id='block_1_48' title="bbox 963 896 1757 936">
    <p class='ocr_par' dir='ltr' id='par_1_48' title="bbox 963 896 1757 936">
     <span class='ocr_line' id='line_1_48' title="bbox 963 896 1757 936; baseline 0.004 -9"><span class='ocrx_word' id='word_1_345' title='bbox 963 902 1078 936; x_wconf 75' lang='grc' dir='ltr'>τέλμασι</span> <span class='ocrx_word' id='word_1_346' title='bbox 1093 896 1226 936; x_wconf 74' lang='grc' dir='ltr'>χειμῶνος</span> <span class='ocrx_word' id='word_1_347' title='bbox 1240 902 1327 933; x_wconf 73' lang='grc' dir='ltr'>ὄντος,</span> <span class='ocrx_word' id='word_1_348' title='bbox 1341 902 1446 933; x_wconf 66' lang='grc' dir='ltr'>τούτοις</span> <span class='ocrx_word' id='word_1_349' title='bbox 1468 903 1513 929; x_wconf 81' lang='grc' dir='ltr'><strong>καὶ</strong></span> <span class='ocrx_word' id='word_1_350' title='bbox 1543 903 1633 930; x_wconf 75' lang='grc' dir='ltr'>ἵππων</span> <span class='ocrx_word' id='word_1_351' title='bbox 1645 904 1757 930; x_wconf 68' lang='grc' dir='ltr'>ἐπιϐαίο</span> 
     </span>
    </p>
   </div>
   <div class='ocr_carea' id='block_1_49' title="bbox 964 947 1752 983">
    <p class='ocr_par' dir='ltr' id='par_1_49' title="bbox 964 947 1752 983">
     <span class='ocr_line' id='line_1_49' title="bbox 964 947 1752 983; baseline 0.001 -10"><span class='ocrx_word' id='word_1_352' title='bbox 964 955 1019 973; x_wconf 85' lang='grc' dir='ltr'>νειν</span> <span class='ocrx_word' id='word_1_353' title='bbox 1034 947 1119 981; x_wconf 77' lang='grc' dir='ltr'>ἠφίει.</span> <span class='ocrx_word' id='word_1_354' title='bbox 1140 947 1195 973; x_wconf 80' lang='grc' dir='ltr'><strong>Καί</strong></span> <span class='ocrx_word' id='word_1_355' title='bbox 1211 956 1242 981; x_wconf 88' lang='grc' dir='ltr'><strong>γε</strong></span> <span class='ocrx_word' id='word_1_356' title='bbox 1259 947 1361 982; x_wconf 82' lang='grc' dir='ltr'>προῆγε</span> <span class='ocrx_word' id='word_1_357' title='bbox 1379 948 1502 982; x_wconf 81' lang='grc' dir='ltr'>σημείοις</span> <span class='ocrx_word' id='word_1_358' title='bbox 1530 949 1585 974; x_wconf 72' lang='grc' dir='ltr'>τισὶ</span> <span class='ocrx_word' id='word_1_359' title='bbox 1602 957 1752 983; x_wconf 74' lang='grc' dir='ltr'>τεκμαιρο-</span> 
     </span>
    </p>
   </div>
   <div class='ocr_carea' id='block_1_50' title="bbox 966 992 1752 1030">
    <p class='ocr_par' dir='ltr' id='par_1_50' title="bbox 966 992 1752 1030">
     <span class='ocr_line' id='line_1_50' title="bbox 966 992 1752 1030; baseline 0.001 -11"><span class='ocrx_word' id='word_1_360' title='bbox 966 993 1060 1027; x_wconf 84' lang='grc' dir='ltr'>μένους</span> <span class='ocrx_word' id='word_1_361' title='bbox 1079 993 1112 1020; x_wconf 77' lang='grc' dir='ltr'>τὰ</span> <span class='ocrx_word' id='word_1_362' title='bbox 1125 993 1172 1027; x_wconf 81' lang='grc' dir='ltr'>τῆς</span> <span class='ocrx_word' id='word_1_363' title='bbox 1180 993 1249 1020; x_wconf 75' lang='grc' dir='ltr'>ὀδοῦ.</span> <span class='ocrx_word' id='word_1_364' title='bbox 1263 992 1353 1020; x_wconf 81' lang='grc' dir='ltr'>Ταῦτα</span> <span class='ocrx_word' id='word_1_365' title='bbox 1366 994 1410 1020; x_wconf 84' lang='grc' dir='ltr'><strong>καί</strong></span> <span class='ocrx_word' id='word_1_366' title='bbox 1423 1002 1494 1026; x_wconf 80' lang='grc' dir='ltr'>τινες</span> <span class='ocrx_word' id='word_1_367' title='bbox 1522 993 1571 1029; x_wconf 77' lang='grc' dir='ltr'><strong>μὲν</strong></span> <span class='ocrx_word' id='word_1_368' title='bbox 1586 994 1639 1021; x_wconf 84' lang='grc' dir='ltr'>τῶν</span> <span class='ocrx_word' id='word_1_369' title='bbox 1659 995 1752 1030; x_wconf 77' lang='grc' dir='ltr'>ἀρχιε-</span> 
     </span>
    </p>
   </div>
   <div class='ocr_carea' id='block_1_51' title="bbox 967 1039 1752 1075">
    <p class='ocr_par' dir='ltr' id='par_1_51' title="bbox 967 1039 1752 1075">
     <span class='ocr_line' id='line_1_51' title="bbox 967 1039 1752 1075; baseline 0.001 -10"><span class='ocrx_word' id='word_1_370' title='bbox 967 1040 1034 1074; x_wconf 79' lang='grc' dir='ltr'><strong>ρέων</strong></span> <span class='ocrx_word' id='word_1_371' title='bbox 1048 1039 1157 1065; x_wconf 79' lang='grc' dir='ltr'>καὶτῶν</span> <span class='ocrx_word' id='word_1_372' title='bbox 1171 1039 1294 1074; x_wconf 82' lang='grc' dir='ltr'>μοναχῶν</span> <span class='ocrx_word' id='word_1_373' title='bbox 1306 1039 1451 1074; x_wconf 73' lang='grc' dir='ltr'>ἔπραττον,</span> <span class='ocrx_word' id='word_1_374' title='bbox 1460 1039 1534 1067; x_wconf 83' lang='grc' dir='ltr'>ἄλλοι</span> <span class='ocrx_word' id='word_1_375' title='bbox 1548 1040 1575 1067; x_wconf 87' lang='grc' dir='ltr'><strong>δὲ</strong></span> <span class='ocrx_word' id='word_1_376' title='bbox 1587 1040 1663 1073; x_wconf 66' lang='grc' dir='ltr'>πεζοὶ</span> <span class='ocrx_word' id='word_1_377' title='bbox 1678 1040 1752 1075; x_wconf 76' lang='grc' dir='ltr'>πεζῴ</span> 
     </span>
    </p>
   </div>
   <div class='ocr_carea' id='block_1_52' title="bbox 965 1096 1752 1131">
    <p class='ocr_par' dir='ltr' id='par_1_52' title="bbox 965 1096 1752 1131">
     <span class='ocr_line' id='line_1_52' title="bbox 965 1096 1752 1131; baseline 0.003 -9"><span class='ocrx_word' id='word_1_378' title='bbox 965 1096 1114 1129; x_wconf 90' lang='lat' dir='ltr'><strong>imperator</strong></span> <span class='ocrx_word' id='word_1_379' title='bbox 1143 1103 1197 1122; x_wconf 91' lang='lat' dir='ltr'><strong>non</strong></span> <span class='ocrx_word' id='word_1_380' title='bbox 1223 1097 1257 1123; x_wconf 85' lang='lat' dir='ltr'><strong>iis</strong></span> <span class='ocrx_word' id='word_1_381' title='bbox 1284 1096 1372 1123; x_wconf 90' lang='lat' dir='ltr'><strong>solum</strong></span> <span class='ocrx_word' id='word_1_382' title='bbox 1403 1103 1472 1131; x_wconf 91' lang='lat' dir='ltr'><strong>quos</strong></span> <span class='ocrx_word' id='word_1_383' title='bbox 1498 1096 1584 1131; x_wconf 90' lang='lat' dir='ltr'><strong>pridie</strong></span> <span class='ocrx_word' id='word_1_384' title='bbox 1616 1097 1752 1124; x_wconf 88' lang='lat' dir='ltr'><strong>allocutus</strong></span> 
     </span>
    </p>
   </div>
   <div class='ocr_carea' id='block_1_53' title="bbox 966 1141 1753 1177">
    <p class='ocr_par' dir='ltr' id='par_1_53' title="bbox 966 1141 1753 1177">
     <span class='ocr_line' id='line_1_53' title="bbox 966 1141 1753 1177; baseline 0.003 -9"><span class='ocrx_word' id='word_1_385' title='bbox 966 1141 1066 1173; x_wconf 88' lang='lat' dir='ltr'><strong>ftterat,</strong></span> <span class='ocrx_word' id='word_1_386' title='bbox 1084 1142 1131 1169; x_wconf 85' lang='lat' dir='ltr'><strong>sed</strong></span> <span class='ocrx_word' id='word_1_387' title='bbox 1150 1148 1176 1169; x_wconf 88' lang='lat' dir='ltr'><strong>et</strong></span> <span class='ocrx_word' id='word_1_388' title='bbox 1191 1150 1205 1169; x_wconf 92' lang='lat' dir='ltr'><strong>e</strong></span> <span class='ocrx_word' id='word_1_389' title='bbox 1226 1149 1340 1177; x_wconf 84' lang='lat' dir='ltr'><strong>corpore</strong></span> <span class='ocrx_word' id='word_1_390' title='bbox 1363 1141 1465 1169; x_wconf 91' lang='lat' dir='ltr'><strong>civium</strong></span> <span class='ocrx_word' id='word_1_391' title='bbox 1489 1143 1693 1171; x_wconf 84' lang='lat' dir='ltr'><strong>honestissimis</strong></span> <span class='ocrx_word' id='word_1_392' title='bbox 1721 1151 1753 1170; x_wconf 86' lang='lat' dir='ltr'><strong>ac</strong></span> 
     </span>
    </p>
   </div>
   <div class='ocr_carea' id='block_1_54' title="bbox 965 1188 1752 1223">
    <p class='ocr_par' dir='ltr' id='par_1_54' title="bbox 965 1188 1752 1223">
     <span class='ocr_line' id='line_1_54' title="bbox 965 1188 1752 1223; baseline 0.001 -8"><span class='ocrx_word' id='word_1_393' title='bbox 965 1188 1124 1216; x_wconf 91' lang='lat' dir='ltr'><strong>lectissimis</strong></span> <span class='ocrx_word' id='word_1_394' title='bbox 1138 1189 1306 1223; x_wconf 84' lang='lat' dir='ltr'><strong>quibusque,</strong></span> <span class='ocrx_word' id='word_1_395' title='bbox 1322 1189 1468 1216; x_wconf 89' lang='lat' dir='ltr'><strong>monachis</strong></span> <span class='ocrx_word' id='word_1_396' title='bbox 1489 1196 1553 1216; x_wconf 89' lang='lat' dir='ltr'><strong>vero</strong></span> <span class='ocrx_word' id='word_1_397' title='bbox 1579 1189 1666 1217; x_wconf 86' lang='lat' dir='ltr'><strong>ferme</strong></span> <span class='ocrx_word' id='word_1_398' title='bbox 1690 1190 1752 1216; x_wconf 88' lang='lat' dir='ltr'><strong>uni-</strong></span> 
     </span>
    </p>
   </div>
   <div class='ocr_carea' id='block_1_55' title="bbox 964 1234 1752 1269">
    <p class='ocr_par' dir='ltr' id='par_1_55' title="bbox 964 1234 1752 1269">
     <span class='ocr_line' id='line_1_55' title="bbox 964 1234 1752 1269; baseline 0.003 -9"><span class='ocrx_word' id='word_1_399' title='bbox 964 1234 1062 1268; x_wconf 82' lang='lat' dir='ltr'><strong>versis,</strong></span> <span class='ocrx_word' id='word_1_400' title='bbox 1079 1235 1200 1262; x_wconf 85' lang='lat' dir='ltr'><strong>decrevit</strong></span> <span class='ocrx_word' id='word_1_401' title='bbox 1213 1234 1285 1269; x_wconf 89' lang='lat' dir='ltr'><strong>apud</strong></span> <span class='ocrx_word' id='word_1_402' title='bbox 1306 1235 1354 1262; x_wconf 87' lang='lat' dir='ltr'><strong>bos</strong></span> <span class='ocrx_word' id='word_1_403' title='bbox 1376 1242 1470 1262; x_wconf 91' lang='lat' dir='ltr'><strong>omnes</strong></span> <span class='ocrx_word' id='word_1_404' title='bbox 1492 1235 1525 1262; x_wconf 91' lang='lat' dir='ltr'><strong>de</strong></span> <span class='ocrx_word' id='word_1_405' title='bbox 1540 1235 1636 1262; x_wconf 88' lang='lat' dir='ltr'><strong>eodem</strong></span> <span class='ocrx_word' id='word_1_406' title='bbox 1654 1235 1752 1262; x_wconf 87' lang='lat' dir='ltr'><strong>iterum</strong></span> 
     </span>
    </p>
   </div>
   <div class='ocr_carea' id='block_1_56' title="bbox 966 1281 1754 1315">
    <p class='ocr_par' dir='ltr' id='par_1_56' title="bbox 966 1281 1754 1315">
     <span class='ocr_line' id='line_1_56' title="bbox 966 1281 1754 1315; baseline 0.001 -8"><span class='ocrx_word' id='word_1_407' title='bbox 966 1285 1129 1315; x_wconf 80' lang='lat' dir='ltr'><strong>argumento</strong></span> <span class='ocrx_word' id='word_1_408' title='bbox 1146 1288 1238 1315; x_wconf 77' lang='lat' dir='ltr'><strong>agere,</strong></span> <span class='ocrx_word' id='word_1_409' title='bbox 1256 1289 1310 1308; x_wconf 91' lang='lat' dir='ltr'><strong>non</strong></span> <span class='ocrx_word' id='word_1_410' title='bbox 1329 1286 1358 1308; x_wconf 92' lang='lat' dir='ltr'><strong>ut</strong></span> <span class='ocrx_word' id='word_1_411' title='bbox 1372 1281 1429 1308; x_wconf 85' lang='lat' dir='ltr'><strong>heri</strong></span> <span class='ocrx_word' id='word_1_412' title='bbox 1446 1282 1623 1309; x_wconf 77' lang='lat' dir='ltr'><strong>familiaribus</strong></span> <span class='ocrx_word' id='word_1_413' title='bbox 1638 1282 1754 1309; x_wconf 87' lang='lat' dir='ltr'><strong>interro-</strong></span> 
     </span>
    </p>
   </div>
   <div class='ocr_carea' id='block_1_57' title="bbox 966 1327 1753 1364">
    <p class='ocr_par' dir='ltr' id='par_1_57' title="bbox 966 1327 1753 1364">
     <span class='ocr_line' id='line_1_57' title="bbox 966 1327 1753 1364; baseline 0.003 -11"><span class='ocrx_word' id='word_1_414' title='bbox 966 1327 1124 1362; x_wconf 75' lang='lat' dir='ltr'><strong>gationibus</strong></span> <span class='ocrx_word' id='word_1_415' title='bbox 1150 1334 1182 1354; x_wconf 87' lang='lat' dir='ltr'><strong>ac</strong></span> <span class='ocrx_word' id='word_1_416' title='bbox 1202 1327 1360 1362; x_wconf 89' lang='lat' dir='ltr'><strong>promiscuo</strong></span> <span class='ocrx_word' id='word_1_417' title='bbox 1380 1328 1528 1362; x_wconf 89' lang='lat' dir='ltr'><strong>colloquio,</strong></span> <span class='ocrx_word' id='word_1_418' title='bbox 1553 1329 1602 1356; x_wconf 91' lang='lat' dir='ltr'><strong>sed</strong></span> <span class='ocrx_word' id='word_1_419' title='bbox 1623 1333 1753 1364; x_wconf 84' lang='lat' dir='ltr'><strong>perpetua</strong></span> 
     </span>
    </p>
   </div>
   <div class='ocr_carea' id='block_1_58' title="bbox 965 1373 1751 1409">
    <p class='ocr_par' dir='ltr' id='par_1_58' title="bbox 965 1373 1751 1409">
     <span class='ocr_line' id='line_1_58' title="bbox 965 1373 1751 1409; baseline 0 -8"><span class='ocrx_word' id='word_1_420' title='bbox 965 1381 980 1401; x_wconf 89' lang='lat' dir='ltr'><strong>e</strong></span> <span class='ocrx_word' id='word_1_421' title='bbox 997 1373 1057 1400; x_wconf 90' lang='lat' dir='ltr'><strong>loco</strong></span> <span class='ocrx_word' id='word_1_422' title='bbox 1072 1373 1218 1408; x_wconf 89' lang='lat' dir='ltr'><strong>superiori,</strong></span> <span class='ocrx_word' id='word_1_423' title='bbox 1238 1379 1370 1409; x_wconf 81' lang='lat' dir='ltr'><strong>tanquam</strong></span> <span class='ocrx_word' id='word_1_424' title='bbox 1389 1374 1422 1401; x_wconf 90' lang='lat' dir='ltr'><strong>ad</strong></span> <span class='ocrx_word' id='word_1_425' title='bbox 1440 1375 1612 1405; x_wconf 77' lang='lat' dir='ltr'><strong>concionem.</strong></span> <span class='ocrx_word' id='word_1_426' title='bbox 1629 1375 1751 1402; x_wconf 82' lang='lat' dir='ltr'><strong>habenda</strong></span> 
     </span>
    </p>
   </div>
   <div class='ocr_carea' id='block_1_59' title="bbox 966 1419 1759 1454">
    <p class='ocr_par' dir='ltr' id='par_1_59' title="bbox 966 1419 1759 1454">
     <span class='ocr_line' id='line_1_59' title="bbox 966 1419 1759 1454; baseline 0.003 -8"><span class='ocrx_word' id='word_1_427' title='bbox 966 1420 1100 1447; x_wconf 88' lang='lat' dir='ltr'><strong>oratione.</strong></span> <span class='ocrx_word' id='word_1_428' title='bbox 1117 1419 1185 1446; x_wconf 83' lang='lat' dir='ltr'><strong>Cum</strong></span> <span class='ocrx_word' id='word_1_429' title='bbox 1204 1423 1294 1447; x_wconf 89' lang='lat' dir='ltr'><strong>autem</strong></span> <span class='ocrx_word' id='word_1_430' title='bbox 1312 1420 1518 1447; x_wconf 81' lang='lat' dir='ltr'><strong>multitudinem</strong></span> <span class='ocrx_word' id='word_1_431' title='bbox 1535 1428 1600 1448; x_wconf 88' lang='lat' dir='ltr'><strong>sane</strong></span> <span class='ocrx_word' id='word_1_432' title='bbox 1613 1420 1759 1454; x_wconf 72' lang='lat' dir='ltr'><strong>ingentem</strong></span> 
     </span>
    </p>
   </div>
   <div class='ocr_carea' id='block_1_60' title="bbox 966 1465 1751 1500">
    <p class='ocr_par' dir='ltr' id='par_1_60' title="bbox 966 1465 1751 1500">
     <span class='ocr_line' id='line_1_60' title="bbox 966 1465 1751 1500; baseline 0.003 -9"><span class='ocrx_word' id='word_1_433' title='bbox 966 1472 1078 1492; x_wconf 87' lang='lat' dir='ltr'><strong>aureum</strong></span> <span class='ocrx_word' id='word_1_434' title='bbox 1095 1465 1244 1492; x_wconf 87' lang='lat' dir='ltr'><strong>triclinium</strong></span> <span class='ocrx_word' id='word_1_435' title='bbox 1259 1473 1313 1492; x_wconf 90' lang='lat' dir='ltr'><strong>non</strong></span> <span class='ocrx_word' id='word_1_436' title='bbox 1329 1470 1453 1500; x_wconf 79' lang='lat' dir='ltr'><strong>caperet,</strong></span> <span class='ocrx_word' id='word_1_437' title='bbox 1471 1472 1502 1492; x_wconf 81' lang='lat' dir='ltr'><strong>ex</strong></span> <span class='ocrx_word' id='word_1_438' title='bbox 1519 1466 1677 1493; x_wconf 85' lang='lat' dir='ltr'><strong>ambulacro</strong></span> <span class='ocrx_word' id='word_1_439' title='bbox 1692 1475 1751 1493; x_wconf 80' lang='lat' dir='ltr'><strong>sese</strong></span> 
     </span>
    </p>
   </div>
   <div class='ocr_carea' id='block_1_61' title="bbox 124 1510 913 1550">
    <p class='ocr_par' dir='ltr' id='par_1_61' title="bbox 124 1515 912 1550">
     <span class='ocr_line' id='line_1_61' title="bbox 124 1515 912 1550; baseline 0.004 -8"><span class='ocrx_word' id='word_1_440' title='bbox 124 1522 152 1543; x_wconf 89' lang='lat' dir='ltr'><strong>et</strong></span> <span class='ocrx_word' id='word_1_441' title='bbox 167 1516 287 1542; x_wconf 86' lang='lat' dir='ltr'><strong>orituras</strong></span> <span class='ocrx_word' id='word_1_442' title='bbox 301 1515 374 1546; x_wconf 84' lang='lat' dir='ltr'><strong>inde,</strong></span> <span class='ocrx_word' id='word_1_443' title='bbox 390 1515 472 1542; x_wconf 91' lang='lat' dir='ltr'><strong>simul</strong></span> <span class='ocrx_word' id='word_1_444' title='bbox 486 1515 510 1542; x_wconf 92' lang='lat' dir='ltr'><strong>id</strong></span> <span class='ocrx_word' id='word_1_445' title='bbox 524 1515 593 1544; x_wconf 85' lang='lat' dir='ltr'><strong>foret</strong></span> <span class='ocrx_word' id='word_1_446' title='bbox 607 1517 784 1550; x_wconf 82' lang='lat' dir='ltr'><strong>declaratum,</strong></span> <span class='ocrx_word' id='word_1_447' title='bbox 798 1518 825 1545; x_wconf 91' lang='lat' dir='ltr'><strong>in</strong></span> <span class='ocrx_word' id='word_1_448' title='bbox 840 1518 912 1546; x_wconf 89' lang='lat' dir='ltr'><strong>hanc</strong></span> 
     </span>
    </p>
   </div>
   <div class='ocr_carea' id='block_1_62' title="bbox 964 1510 1750 1550">
    <p class='ocr_par' dir='ltr' id='par_1_62' title="bbox 965 1510 1750 1545">
     <span class='ocr_line' id='line_1_62' title="bbox 965 1510 1750 1545; baseline 0.004 -9"><span class='ocrx_word' id='word_1_449' title='bbox 965 1510 1118 1545; x_wconf 89' lang='lat' dir='ltr'><strong>proferens,</strong></span> <span class='ocrx_word' id='word_1_450' title='bbox 1143 1510 1302 1545; x_wconf 85' lang='lat' dir='ltr'><strong>habensque</strong></span> <span class='ocrx_word' id='word_1_451' title='bbox 1324 1511 1398 1538; x_wconf 85' lang='lat' dir='ltr'><strong>circa</strong></span> <span class='ocrx_word' id='word_1_452' title='bbox 1427 1518 1457 1538; x_wconf 83' lang='lat' dir='ltr'><strong>se</strong></span> <span class='ocrx_word' id='word_1_453' title='bbox 1480 1516 1611 1545; x_wconf 91' lang='lat' dir='ltr'><strong>quantum</strong></span> <span class='ocrx_word' id='word_1_454' title='bbox 1630 1516 1688 1538; x_wconf 88' lang='lat' dir='ltr'><strong>erat</strong></span> <span class='ocrx_word' id='word_1_455' title='bbox 1705 1520 1750 1539; x_wconf 80' lang='lat' dir='ltr'><strong>sa-</strong></span> 
     </span>
    </p>
   </div>
   <div class='ocr_carea' id='block_1_63' title="bbox 126 1562 910 1599">
    <p class='ocr_par' dir='ltr' id='par_1_63' title="bbox 126 1562 910 1599">
     <span class='ocr_line' id='line_1_63' title="bbox 126 1562 910 1599; baseline 0.005 -11"><span class='ocrx_word' id='word_1_456' title='bbox 126 1567 211 1588; x_wconf 87' lang='lat' dir='ltr'><strong>totam</strong></span> <span class='ocrx_word' id='word_1_457' title='bbox 232 1563 293 1596; x_wconf 85' lang='lat' dir='ltr'><strong>ejus</strong></span> <span class='ocrx_word' id='word_1_458' title='bbox 318 1562 523 1596; x_wconf 59' lang='lat' dir='ltr'><strong>praedictionem</strong></span> <span class='ocrx_word' id='word_1_459' title='bbox 547 1562 720 1597; x_wconf 83' lang='lat' dir='ltr'><strong>suspiciones</strong></span> <span class='ocrx_word' id='word_1_460' title='bbox 745 1572 910 1599; x_wconf 73' lang='lat' dir='ltr'><strong>prtecavens.</strong></span> 
     </span>
    </p>
   </div>
   <div class='ocr_carea' id='block_1_64' title="bbox 127 1605 913 1644">
    <p class='ocr_par' dir='ltr' id='par_1_64' title="bbox 127 1605 913 1644">
     <span class='ocr_line' id='line_1_64' title="bbox 127 1605 913 1644; baseline 0.005 -12"><span class='ocrx_word' id='word_1_461' title='bbox 127 1605 258 1633; x_wconf 86' lang='lat' dir='ltr'><strong>Voluerat</strong></span> <span class='ocrx_word' id='word_1_462' title='bbox 283 1612 375 1633; x_wconf 88' lang='lat' dir='ltr'><strong>autem</strong></span> <span class='ocrx_word' id='word_1_463' title='bbox 398 1608 451 1633; x_wconf 87' lang='lat' dir='ltr'><strong>isto</strong></span> <span class='ocrx_word' id='word_1_464' title='bbox 474 1607 612 1640; x_wconf 87' lang='lat' dir='ltr'><strong>colloquio</strong></span> <span class='ocrx_word' id='word_1_465' title='bbox 637 1612 740 1636; x_wconf 87' lang='lat' dir='ltr'><strong>tentare</strong></span> <span class='ocrx_word' id='word_1_466' title='bbox 763 1617 795 1636; x_wconf 86' lang='lat' dir='ltr'><strong>an</strong></span> <span class='ocrx_word' id='word_1_467' title='bbox 821 1615 913 1644; x_wconf 89' lang='lat' dir='ltr'><strong>posset</strong></span> 
     </span>
    </p>
   </div>
   <div class='ocr_carea' id='block_1_65' title="bbox 125 1652 913 1690">
    <p class='ocr_par' dir='ltr' id='par_1_65' title="bbox 125 1652 913 1690">
     <span class='ocr_line' id='line_1_65' title="bbox 125 1652 913 1690; baseline 0.005 -12"><span class='ocrx_word' id='word_1_468' title='bbox 125 1652 225 1679; x_wconf 85' lang='lat' dir='ltr'><strong>elicere</strong></span> <span class='ocrx_word' id='word_1_469' title='bbox 240 1652 454 1679; x_wconf 80' lang='lat' dir='ltr'><strong>admirationem</strong></span> <span class='ocrx_word' id='word_1_470' title='bbox 471 1652 650 1687; x_wconf 85' lang='lat' dir='ltr'><strong>favoremque</strong></span> <span class='ocrx_word' id='word_1_471' title='bbox 667 1655 836 1682; x_wconf 88' lang='lat' dir='ltr'><strong>audientium</strong></span> <span class='ocrx_word' id='word_1_472' title='bbox 852 1664 913 1690; x_wconf 60' lang='lat' dir='ltr'><strong>qua;</strong></span> 
     </span>
    </p>
   </div>
   <div class='ocr_carea' id='block_1_66' title="bbox 127 1698 911 1736">
    <p class='ocr_par' dir='ltr' id='par_1_66' title="bbox 127 1698 911 1736">
     <span class='ocr_line' id='line_1_66' title="bbox 127 1698 911 1736; baseline 0.006 -12"><span class='ocrx_word' id='word_1_473' title='bbox 127 1703 253 1725; x_wconf 89' lang='lat' dir='ltr'><strong>narraret</strong></span> <span class='ocrx_word' id='word_1_474' title='bbox 278 1705 344 1732; x_wconf 85' lang='lat' dir='ltr'><strong>erga</strong></span> <span class='ocrx_word' id='word_1_475' title='bbox 370 1698 443 1724; x_wconf 81' lang='lat' dir='ltr'><strong>ismd</strong></span> <span class='ocrx_word' id='word_1_476' title='bbox 467 1699 557 1732; x_wconf 89' lang='lat' dir='ltr'><strong>ipsum</strong></span> <span class='ocrx_word' id='word_1_477' title='bbox 582 1699 622 1726; x_wconf 91' lang='lat' dir='ltr'><strong>sic</strong></span> <span class='ocrx_word' id='word_1_478' title='bbox 645 1701 718 1726; x_wconf 90' lang='lat' dir='ltr'><strong>nude</strong></span> <span class='ocrx_word' id='word_1_479' title='bbox 741 1702 911 1736; x_wconf 86' lang='lat' dir='ltr'><strong>propositum</strong></span> 
     </span>
    </p>
   </div>
   <div class='ocr_carea' id='block_1_67' title="bbox 126 1742 912 1778">
    <p class='ocr_par' dir='ltr' id='par_1_67' title="bbox 126 1742 912 1778">
     <span class='ocr_line' id='line_1_67' title="bbox 126 1742 912 1778; baseline 0.009 -10"><span class='ocrx_word' id='word_1_480' title='bbox 126 1742 299 1773; x_wconf 77' lang='lat' dir='ltr'><strong>vaticinium,</strong></span> <span class='ocrx_word' id='word_1_481' title='bbox 324 1742 383 1769; x_wconf 89' lang='lat' dir='ltr'><strong>sine</strong></span> <span class='ocrx_word' id='word_1_482' title='bbox 407 1743 528 1770; x_wconf 84' lang='lat' dir='ltr'><strong>auctoris</strong></span> <span class='ocrx_word' id='word_1_483' title='bbox 546 1745 724 1778; x_wconf 73' lang='lat' dir='ltr'><strong>expressione</strong></span> <span class='ocrx_word' id='word_1_484' title='bbox 745 1745 912 1776; x_wconf 81' lang='lat' dir='ltr'><strong>oll‘ensiones</strong></span> 
     </span>
    </p>
   </div>
   <div class='ocr_carea' id='block_1_68' title="bbox 125 1789 912 1826">
    <p class='ocr_par' dir='ltr' id='par_1_68' title="bbox 125 1789 912 1826">
     <span class='ocr_line' id='line_1_68' title="bbox 125 1789 912 1826; baseline 0.008 -12"><span class='ocrx_word' id='word_1_485' title='bbox 125 1793 234 1816; x_wconf 85' lang='lat' dir='ltr'><strong>veteres</strong></span> <span class='ocrx_word' id='word_1_486' title='bbox 260 1789 438 1821; x_wconf 85' lang='lat' dir='ltr'><strong>refricatura,</strong></span> <span class='ocrx_word' id='word_1_487' title='bbox 466 1794 554 1821; x_wconf 88' lang='lat' dir='ltr'><strong>ratus,</strong></span> <span class='ocrx_word' id='word_1_488' title='bbox 571 1791 592 1816; x_wconf 91' lang='lat' dir='ltr'><strong>si</strong></span> <span class='ocrx_word' id='word_1_489' title='bbox 615 1791 666 1818; x_wconf 88' lang='lat' dir='ltr'><strong>hoc</strong></span> <span class='ocrx_word' id='word_1_490' title='bbox 687 1798 912 1826; x_wconf 78' lang='lat' dir='ltr'><strong>consequeretur,</strong></span> 
     </span>
    </p>
   </div>
   <div class='ocr_carea' id='block_1_69' title="bbox 126 1834 914 1867">
    <p class='ocr_par' dir='ltr' id='par_1_69' title="bbox 126 1834 914 1867">
     <span class='ocr_line' id='line_1_69' title="bbox 126 1834 914 1867; baseline 0.008 -6"><span class='ocrx_word' id='word_1_491' title='bbox 126 1835 287 1861; x_wconf 89' lang='lat' dir='ltr'><strong>habiturum</strong></span> <span class='ocrx_word' id='word_1_492' title='bbox 313 1842 343 1862; x_wconf 89' lang='lat' dir='ltr'><strong>se</strong></span> <span class='ocrx_word' id='word_1_493' title='bbox 365 1834 414 1861; x_wconf 85' lang='lat' dir='ltr'><strong>ista</strong></span> <span class='ocrx_word' id='word_1_494' title='bbox 437 1835 478 1861; x_wconf 88' lang='lat' dir='ltr'><strong>sic</strong></span> <span class='ocrx_word' id='word_1_495' title='bbox 504 1835 641 1862; x_wconf 74' lang='lat' dir='ltr'><strong>declarata</strong></span> <span class='ocrx_word' id='word_1_496' title='bbox 657 1836 684 1863; x_wconf 91' lang='lat' dir='ltr'><strong>in</strong></span> <span class='ocrx_word' id='word_1_497' title='bbox 701 1845 758 1864; x_wconf 88' lang='lat' dir='ltr'><strong>rem</strong></span> <span class='ocrx_word' id='word_1_498' title='bbox 778 1838 914 1867; x_wconf 74' lang='lat' dir='ltr'><strong>abstracta</strong></span> 
     </span>
    </p>
   </div>
   <div class='ocr_carea' id='block_1_70' title="bbox 125 1880 911 1914">
    <p class='ocr_par' dir='ltr' id='par_1_70' title="bbox 125 1880 911 1914">
     <span class='ocr_line' id='line_1_70' title="bbox 125 1880 911 1914; baseline 0.006 -8"><span class='ocrx_word' id='word_1_499' title='bbox 125 1880 213 1914; x_wconf 89' lang='lat' dir='ltr'><strong>ipsam</strong></span> <span class='ocrx_word' id='word_1_500' title='bbox 230 1880 321 1907; x_wconf 86' lang='lat' dir='ltr'><strong>studia</strong></span> <span class='ocrx_word' id='word_1_501' title='bbox 336 1888 385 1914; x_wconf 86' lang='lat' dir='ltr'><strong>pro</strong></span> <span class='ocrx_word' id='word_1_502' title='bbox 399 1880 509 1914; x_wconf 81' lang='lat' dir='ltr'><strong>pignore</strong></span> <span class='ocrx_word' id='word_1_503' title='bbox 524 1881 717 1908; x_wconf 80' lang='lat' dir='ltr'><strong>rinecndarum</strong></span> <span class='ocrx_word' id='word_1_504' title='bbox 734 1890 748 1909; x_wconf 87' lang='lat' dir='ltr'><strong>a</strong></span> <span class='ocrx_word' id='word_1_505' title='bbox 763 1883 811 1909; x_wconf 84' lang='lat' dir='ltr'><strong>tali</strong></span> <span class='ocrx_word' id='word_1_506' title='bbox 830 1891 911 1911; x_wconf 89' lang='lat' dir='ltr'><strong>sensu</strong></span> 
     </span>
    </p>
   </div>
   <div class='ocr_carea' id='block_1_71' title="bbox 125 1926 912 1963">
    <p class='ocr_par' dir='ltr' id='par_1_71' title="bbox 125 1926 912 1963">
     <span class='ocr_line' id='line_1_71' title="bbox 125 1926 912 1963; baseline 0.005 -11"><span class='ocrx_word' id='word_1_507' title='bbox 125 1927 325 1960; x_wconf 69' lang='lat' dir='ltr'><strong>praeoccupatis</strong></span> <span class='ocrx_word' id='word_1_508' title='bbox 343 1926 509 1960; x_wconf 82' lang='lat' dir='ltr'><strong>privatarum</strong></span> <span class='ocrx_word' id='word_1_509' title='bbox 521 1926 555 1953; x_wconf 86' lang='lat' dir='ltr'><strong>ab</strong></span> <span class='ocrx_word' id='word_1_510' title='bbox 566 1927 717 1954; x_wconf 74' lang='lat' dir='ltr'><strong>Athanasio</strong></span> <span class='ocrx_word' id='word_1_511' title='bbox 727 1929 912 1963; x_wconf 79' lang='lat' dir='ltr'><strong>aversionutn;</strong></span> 
     </span>
    </p>
   </div>
   <div class='ocr_carea' id='block_1_72' title="bbox 127 1971 914 2006">
    <p class='ocr_par' dir='ltr' id='par_1_72' title="bbox 127 1971 914 2006">
     <span class='ocr_line' id='line_1_72' title="bbox 127 1971 914 2006; baseline 0.005 -9"><span class='ocrx_word' id='word_1_512' title='bbox 127 1979 243 2006; x_wconf 88' lang='lat' dir='ltr'><strong>quarum</strong></span> <span class='ocrx_word' id='word_1_513' title='bbox 254 1971 438 2006; x_wconf 71' lang='lat' dir='ltr'><strong>przejudieatis</strong></span> <span class='ocrx_word' id='word_1_514' title='bbox 452 1971 595 1999; x_wconf 78' lang='lat' dir='ltr'><strong>ail&#39;cctibns</strong></span> <span class='ocrx_word' id='word_1_515' title='bbox 610 1973 740 1999; x_wconf 78' lang='lat' dir='ltr'><strong>incitandi</strong></span> <span class='ocrx_word' id='word_1_516' title='bbox 753 1975 914 2001; x_wconf 81' lang='lat' dir='ltr'><strong>videbantur</strong></span> 
     </span>
    </p>
   </div>
   <div class='ocr_carea' id='block_1_73' title="bbox 128 2017 912 2055">
    <p class='ocr_par' dir='ltr' id='par_1_73' title="bbox 128 2017 912 2055">
     <span class='ocr_line' id='line_1_73' title="bbox 128 2017 912 2055; baseline 0.004 -11"><span class='ocrx_word' id='word_1_517' title='bbox 128 2018 159 2044; x_wconf 82' lang='lat' dir='ltr'><strong>ad</strong></span> <span class='ocrx_word' id='word_1_518' title='bbox 177 2017 378 2051; x_wconf 88' lang='lat' dir='ltr'><strong>reprobandam</strong></span> <span class='ocrx_word' id='word_1_519' title='bbox 401 2017 481 2052; x_wconf 77' lang='lat'><strong>366</strong></span> <span class='ocrx_word' id='word_1_520' title='bbox 506 2018 760 2053; x_wconf 84' lang='lat' dir='ltr'><strong>impediendamqnc</strong></span> <span class='ocrx_word' id='word_1_521' title='bbox 782 2025 912 2055; x_wconf 83' lang='lat' dir='ltr'><strong>quantum</strong></span> 
     </span>
    </p>
   </div>
   <div class='ocr_carea' id='block_1_74' title="bbox 128 2063 913 2099">
    <p class='ocr_par' dir='ltr' id='par_1_74' title="bbox 128 2063 913 2099">
     <span class='ocr_line' id='line_1_74' title="bbox 128 2063 913 2099; baseline 0.004 -8"><span class='ocrx_word' id='word_1_522' title='bbox 128 2068 241 2098; x_wconf 76' lang='lat' dir='ltr'><strong>possent</strong></span> <span class='ocrx_word' id='word_1_523' title='bbox 269 2064 331 2097; x_wconf 84' lang='lat' dir='ltr'><strong>ejus</strong></span> <span class='ocrx_word' id='word_1_524' title='bbox 352 2063 553 2091; x_wconf 85' lang='lat' dir='ltr'><strong>restitutionem</strong></span> <span class='ocrx_word' id='word_1_525' title='bbox 572 2064 599 2090; x_wconf 93' lang='lat' dir='ltr'><strong>in</strong></span> <span class='ocrx_word' id='word_1_526' title='bbox 618 2065 843 2099; x_wconf 86' lang='lat' dir='ltr'><strong>patriarchatum,</strong></span> <span class='ocrx_word' id='word_1_527' title='bbox 862 2067 913 2094; x_wconf 87' lang='lat' dir='ltr'><strong>nisi</strong></span> 
     </span>
    </p>
   </div>
   <div class='ocr_carea' id='block_1_75' title="bbox 129 2108 912 2145">
    <p class='ocr_par' dir='ltr' id='par_1_75' title="bbox 129 2108 912 2145">
     <span class='ocr_line' id='line_1_75' title="bbox 129 2108 912 2145; baseline 0.003 -9"><span class='ocrx_word' id='word_1_528' title='bbox 129 2110 233 2145; x_wconf 86' lang='lat' dir='ltr'><strong>pudore</strong></span> <span class='ocrx_word' id='word_1_529' title='bbox 253 2109 373 2144; x_wconf 80' lang='lat' dir='ltr'><strong>quodam</strong></span> <span class='ocrx_word' id='word_1_530' title='bbox 399 2108 528 2141; x_wconf 78' lang='lat' dir='ltr'><strong>levitatis,</strong></span> <span class='ocrx_word' id='word_1_531' title='bbox 544 2117 577 2136; x_wconf 87' lang='lat' dir='ltr'><strong>nc</strong></span> <span class='ocrx_word' id='word_1_532' title='bbox 598 2110 705 2136; x_wconf 82' lang='lat' dir='ltr'><strong>resilire</strong></span> <span class='ocrx_word' id='word_1_533' title='bbox 726 2111 882 2138; x_wconf 75' lang='lat' dir='ltr'><strong>dicerentur</strong></span> <span class='ocrx_word' id='word_1_534' title='bbox 899 2120 912 2138; x_wconf 85' lang='lat' dir='ltr'><strong>a</strong></span> 
     </span>
    </p>
   </div>
   <div class='ocr_carea' id='block_1_76' title="bbox 127 2154 912 2192">
    <p class='ocr_par' dir='ltr' id='par_1_76' title="bbox 127 2154 912 2192">
     <span class='ocr_line' id='line_1_76' title="bbox 127 2154 912 2192; baseline 0.001 -9"><span class='ocrx_word' id='word_1_535' title='bbox 127 2157 213 2183; x_wconf 81' lang='lat' dir='ltr'><strong>semel</strong></span> <span class='ocrx_word' id='word_1_536' title='bbox 237 2159 347 2182; x_wconf 87' lang='lat' dir='ltr'><strong>ostensa</strong></span> <span class='ocrx_word' id='word_1_537' title='bbox 372 2155 519 2188; x_wconf 83' lang='lat' dir='ltr'><strong>sententia,</strong></span> <span class='ocrx_word' id='word_1_538' title='bbox 537 2154 627 2182; x_wconf 71' lang='lat' dir='ltr'><strong>favere</strong></span> <span class='ocrx_word' id='word_1_539' title='bbox 645 2155 804 2183; x_wconf 80' lang='lat' dir='ltr'><strong>nominatim</strong></span> <span class='ocrx_word' id='word_1_540' title='bbox 820 2157 912 2192; x_wconf 72' lang='lat' dir='ltr'><strong>agnito</strong></span> 
     </span>
    </p>
   </div>
   <div class='ocr_carea' id='block_1_77' title="bbox 128 2200 910 2236">
    <p class='ocr_par' dir='ltr' id='par_1_77' title="bbox 128 2200 910 2236">
     <span class='ocr_line' id='line_1_77' title="bbox 128 2200 910 2236; baseline 0.001 -9"><span class='ocrx_word' id='word_1_541' title='bbox 128 2204 273 2236; x_wconf 78' lang='lat' dir='ltr'><strong>pergerent</strong></span> <span class='ocrx_word' id='word_1_542' title='bbox 302 2200 413 2230; x_wconf 87' lang='lat' dir='ltr'><strong>eidem,</strong></span> <span class='ocrx_word' id='word_1_543' title='bbox 447 2207 527 2234; x_wconf 87' lang='lat' dir='ltr'><strong>quem</strong></span> <span class='ocrx_word' id='word_1_544' title='bbox 561 2201 630 2228; x_wconf 81' lang='lat' dir='ltr'><strong>citra</strong></span> <span class='ocrx_word' id='word_1_545' title='bbox 663 2202 910 2230; x_wconf 80' lang='lat' dir='ltr'><strong>nomenclationem</strong></span> 
     </span>
    </p>
   </div>
   <div class='ocr_carea' id='block_1_78' title="bbox 127 2246 911 2282">
    <p class='ocr_par' dir='ltr' id='par_1_78' title="bbox 127 2246 911 2282">
     <span class='ocr_line' id='line_1_78' title="bbox 127 2246 911 2282; baseline 0 -7"><span class='ocrx_word' id='word_1_546' title='bbox 127 2248 276 2275; x_wconf 68' lang='lat' dir='ltr'><strong>indicatum</strong></span> <span class='ocrx_word' id='word_1_547' title='bbox 295 2246 476 2273; x_wconf 79' lang='lat' dir='ltr'><strong>admiratione</strong></span> <span class='ocrx_word' id='word_1_548' title='bbox 501 2254 530 2272; x_wconf 89' lang='lat' dir='ltr'><strong>se</strong></span> <span class='ocrx_word' id='word_1_549' title='bbox 556 2247 628 2273; x_wconf 85' lang='lat' dir='ltr'><strong>ultro</strong></span> <span class='ocrx_word' id='word_1_550' title='bbox 650 2247 776 2282; x_wconf 79' lang='lat' dir='ltr'><strong>dignatus</strong></span> <span class='ocrx_word' id='word_1_551' title='bbox 799 2249 911 2282; x_wconf 83' lang='lat' dir='ltr'><strong>applau-</strong></span> 
     </span>
    </p>
   </div>
   <div class='ocr_carea' id='block_1_79' title="bbox 129 2291 912 2327">
    <p class='ocr_par' dir='ltr' id='par_1_79' title="bbox 129 2291 912 2327">
     <span class='ocr_line' id='line_1_79' title="bbox 129 2291 912 2327; baseline 0.003 -7"><span class='ocrx_word' id='word_1_552' title='bbox 129 2301 214 2327; x_wconf 83' lang='lat' dir='ltr'><strong>suque</strong></span> <span class='ocrx_word' id='word_1_553' title='bbox 233 2292 435 2319; x_wconf 84' lang='lat' dir='ltr'><strong>meminissent.</strong></span> <span class='ocrx_word' id='word_1_554' title='bbox 450 2291 498 2318; x_wconf 71' lang='lat' dir='ltr'><strong>Elis</strong></span> <span class='ocrx_word' id='word_1_555' title='bbox 513 2293 584 2319; x_wconf 87' lang='lat' dir='ltr'><strong>ultro</strong></span> <span class='ocrx_word' id='word_1_556' title='bbox 597 2293 723 2327; x_wconf 84' lang='lat' dir='ltr'><strong>citroque</strong></span> <span class='ocrx_word' id='word_1_557' title='bbox 740 2294 912 2322; x_wconf 86' lang='lat' dir='ltr'><strong>sermonibus</strong></span> 
     </span>
    </p>
   </div>
   <div class='ocr_carea' id='block_1_80' title="bbox 129 2338 912 2373">
    <p class='ocr_par' dir='ltr' id='par_1_80' title="bbox 129 2338 912 2373">
     <span class='ocr_line' id='line_1_80' title="bbox 129 2338 912 2373; baseline 0.001 -8"><span class='ocrx_word' id='word_1_558' title='bbox 129 2339 171 2365; x_wconf 86' lang='lat' dir='ltr'><strong>die</strong></span> <span class='ocrx_word' id='word_1_559' title='bbox 195 2339 223 2364; x_wconf 87' lang='lat' dir='ltr'><strong>in</strong></span> <span class='ocrx_word' id='word_1_560' title='bbox 248 2338 368 2365; x_wconf 86' lang='lat' dir='ltr'><strong>solidum</strong></span> <span class='ocrx_word' id='word_1_561' title='bbox 394 2345 525 2371; x_wconf 81' lang='lat' dir='ltr'><strong>expensa,</strong></span> <span class='ocrx_word' id='word_1_562' title='bbox 554 2345 607 2364; x_wconf 75' lang='lat' dir='ltr'><strong>nox</strong></span> <span class='ocrx_word' id='word_1_563' title='bbox 629 2340 824 2373; x_wconf 85' lang='lat' dir='ltr'><strong>superveniens</strong></span> <span class='ocrx_word' id='word_1_564' title='bbox 839 2340 912 2366; x_wconf 90' lang='lat' dir='ltr'><strong>nocti</strong></span> 
     </span>
    </p>
   </div>
   <div class='ocr_carea' id='block_1_81' title="bbox 128 2383 913 2420">
    <p class='ocr_par' dir='ltr' id='par_1_81' title="bbox 128 2383 913 2420">
     <span class='ocr_line' id='line_1_81' title="bbox 128 2383 913 2420; baseline 0.001 -9"><span class='ocrx_word' id='word_1_565' title='bbox 128 2384 223 2411; x_wconf 81' lang='lat' dir='ltr'><strong>cedere</strong></span> <span class='ocrx_word' id='word_1_566' title='bbox 240 2383 399 2418; x_wconf 87' lang='lat' dir='ltr'><strong>imperatori</strong></span> <span class='ocrx_word' id='word_1_567' title='bbox 415 2387 442 2410; x_wconf 92' lang='lat' dir='ltr'><strong>et</strong></span> <span class='ocrx_word' id='word_1_568' title='bbox 457 2383 517 2409; x_wconf 86' lang='lat' dir='ltr'><strong>aliis</strong></span> <span class='ocrx_word' id='word_1_569' title='bbox 537 2384 634 2410; x_wconf 81' lang='lat' dir='ltr'><strong>suasit.</strong></span> <span class='ocrx_word' id='word_1_570' title='bbox 659 2383 809 2412; x_wconf 86' lang='lat' dir='ltr'><strong>Solverunt</strong></span> <span class='ocrx_word' id='word_1_571' title='bbox 829 2385 913 2420; x_wconf 82' lang='lat' dir='ltr'><strong>igitur</strong></span> 
     </span>
    </p>
   </div>
   <div class='ocr_carea' id='block_1_82' title="bbox 128 2430 911 2470">
    <p class='ocr_par' dir='ltr' id='par_1_82' title="bbox 128 2430 911 2470">
     <span class='ocr_line' id='line_1_82' title="bbox 128 2430 911 2470; baseline 0.003 -11"><span class='ocrx_word' id='word_1_572' title='bbox 128 2432 256 2464; x_wconf 84' lang='lat' dir='ltr'><strong>celerem,</strong></span> <span class='ocrx_word' id='word_1_573' title='bbox 287 2435 313 2458; x_wconf 94' lang='lat' dir='ltr'><strong>ut</strong></span> <span class='ocrx_word' id='word_1_574' title='bbox 340 2435 419 2470; x_wconf 79' lang='lat' dir='ltr'><strong>poeta</strong></span> <span class='ocrx_word' id='word_1_575' title='bbox 440 2430 572 2465; x_wconf 84' lang='lat' dir='ltr'><strong>loquitur,</strong></span> <span class='ocrx_word' id='word_1_576' title='bbox 597 2437 772 2465; x_wconf 86' lang='lat' dir='ltr'><strong>conventum,</strong></span> <span class='ocrx_word' id='word_1_577' title='bbox 790 2434 842 2460; x_wconf 86' lang='lat' dir='ltr'><strong>hoc</strong></span> <span class='ocrx_word' id='word_1_578' title='bbox 860 2438 911 2467; x_wconf 88' lang='lat' dir='ltr'><strong>est,</strong></span> 
     </span>
    </p>
   </div>
   <div class='ocr_carea' id='block_1_83' title="bbox 128 2476 914 2512">
    <p class='ocr_par' dir='ltr' id='par_1_83' title="bbox 128 2476 914 2512">
     <span class='ocr_line' id='line_1_83' title="bbox 128 2476 914 2512; baseline 0.005 -9"><span class='ocrx_word' id='word_1_579' title='bbox 128 2478 171 2512; x_wconf 89' lang='lat' dir='ltr'><strong>qui</strong></span> <span class='ocrx_word' id='word_1_580' title='bbox 190 2478 253 2504; x_wconf 81' lang='lat' dir='ltr'><strong>licet</strong></span> <span class='ocrx_word' id='word_1_581' title='bbox 268 2481 324 2504; x_wconf 87' lang='lat' dir='ltr'><strong>tota</strong></span> <span class='ocrx_word' id='word_1_582' title='bbox 342 2476 387 2503; x_wconf 86' lang='lat' dir='ltr'><strong>die</strong></span> <span class='ocrx_word' id='word_1_583' title='bbox 411 2476 551 2509; x_wconf 78' lang='lat' dir='ltr'><strong>durasset,</strong></span> <span class='ocrx_word' id='word_1_584' title='bbox 573 2478 759 2511; x_wconf 73' lang='lat' dir='ltr'><strong>praefestinato</strong></span> <span class='ocrx_word' id='word_1_585' title='bbox 783 2479 914 2507; x_wconf 87' lang='lat' dir='ltr'><strong>dimissus</strong></span> 
     </span>
    </p>
   </div>
   <div class='ocr_carea' id='block_1_84' title="bbox 128 2522 913 2559">
    <p class='ocr_par' dir='ltr' id='par_1_84' title="bbox 128 2522 913 2559">
     <span class='ocr_line' id='line_1_84' title="bbox 128 2522 913 2559; baseline 0.001 -9"><span class='ocrx_word' id='word_1_586' title='bbox 128 2523 211 2550; x_wconf 88' lang='lat' dir='ltr'><strong>videri</strong></span> <span class='ocrx_word' id='word_1_587' title='bbox 228 2527 347 2557; x_wconf 85' lang='lat' dir='ltr'><strong>poterat,</strong></span> <span class='ocrx_word' id='word_1_588' title='bbox 362 2522 491 2556; x_wconf 84' lang='lat' dir='ltr'><strong>quoniam</strong></span> <span class='ocrx_word' id='word_1_589' title='bbox 507 2522 688 2550; x_wconf 87' lang='lat' dir='ltr'><strong>dirimebatnr</strong></span> <span class='ocrx_word' id='word_1_590' title='bbox 701 2524 813 2558; x_wconf 87' lang='lat' dir='ltr'><strong>infecto,</strong></span> <span class='ocrx_word' id='word_1_591' title='bbox 835 2525 913 2559; x_wconf 83' lang='lat' dir='ltr'><strong>cujus</strong></span> 
     </span>
    </p>
   </div>
   <div class='ocr_carea' id='block_1_85' title="bbox 130 2568 912 2604">
    <p class='ocr_par' dir='ltr' id='par_1_85' title="bbox 130 2568 912 2604">
     <span class='ocr_line' id='line_1_85' title="bbox 130 2568 912 2604; baseline 0.004 -10"><span class='ocrx_word' id='word_1_592' title='bbox 130 2568 231 2602; x_wconf 69' lang='lat' dir='ltr'><strong>gratia,</strong></span> <span class='ocrx_word' id='word_1_593' title='bbox 255 2572 283 2594; x_wconf 86' lang='lat' dir='ltr'><strong>et</strong></span> <span class='ocrx_word' id='word_1_594' title='bbox 307 2571 370 2593; x_wconf 88' lang='lat' dir='ltr'><strong>voto</strong></span> <span class='ocrx_word' id='word_1_595' title='bbox 396 2568 573 2595; x_wconf 77' lang='lat' dir='ltr'><strong>eonvoeantis</strong></span> <span class='ocrx_word' id='word_1_596' title='bbox 598 2569 729 2603; x_wconf 79' lang='lat' dir='ltr'><strong>Augusti,</strong></span> <span class='ocrx_word' id='word_1_597' title='bbox 756 2570 912 2604; x_wconf 88' lang='lat' dir='ltr'><strong>eoiverant,</strong></span> 
     </span>
    </p>
   </div>
   <div class='ocr_carea' id='block_1_86' title="bbox 129 2613 913 2650">
    <p class='ocr_par' dir='ltr' id='par_1_86' title="bbox 129 2613 913 2650">
     <span class='ocr_line' id='line_1_86' title="bbox 129 2613 913 2650; baseline 0.003 -9"><span class='ocrx_word' id='word_1_598' title='bbox 129 2615 247 2648; x_wconf 80' lang='lat' dir='ltr'><strong>negotio.</strong></span> <span class='ocrx_word' id='word_1_599' title='bbox 274 2613 350 2640; x_wconf 85' lang='lat' dir='ltr'><strong>Nihil</strong></span> <span class='ocrx_word' id='word_1_600' title='bbox 376 2613 448 2640; x_wconf 88' lang='lat' dir='ltr'><strong>enim</strong></span> <span class='ocrx_word' id='word_1_601' title='bbox 475 2614 545 2640; x_wconf 84' lang='lat' dir='ltr'><strong>ultra</strong></span> <span class='ocrx_word' id='word_1_602' title='bbox 572 2622 669 2641; x_wconf 87' lang='lat' dir='ltr'><strong>sonum</strong></span> <span class='ocrx_word' id='word_1_603' title='bbox 688 2623 754 2642; x_wconf 88' lang='lat' dir='ltr'><strong>aure</strong></span> <span class='ocrx_word' id='word_1_604' title='bbox 771 2622 913 2650; x_wconf 88' lang='lat' dir='ltr'><strong>acceptum</strong></span> 
     </span>
    </p>
   </div>
   <div class='ocr_carea' id='block_1_87' title="bbox 127 2659 913 2697">
    <p class='ocr_par' dir='ltr' id='par_1_87' title="bbox 127 2659 913 2697">
     <span class='ocr_line' id='line_1_87' title="bbox 127 2659 913 2697; baseline 0.005 -10"><span class='ocrx_word' id='word_1_605' title='bbox 127 2661 290 2695; x_wconf 74' lang='lat' dir='ltr'><strong>iactaturum</strong></span> <span class='ocrx_word' id='word_1_606' title='bbox 311 2659 376 2686; x_wconf 93' lang='lat' dir='ltr'><strong>hinc</strong></span> <span class='ocrx_word' id='word_1_607' title='bbox 403 2659 465 2687; x_wconf 71' lang='lat' dir='ltr'><strong>inde</strong></span> <span class='ocrx_word' id='word_1_608' title='bbox 492 2660 634 2688; x_wconf 67' lang='lat' dir='ltr'><strong>verberum</strong></span> <span class='ocrx_word' id='word_1_609' title='bbox 661 2661 770 2688; x_wconf 91' lang='lat' dir='ltr'><strong>domum</strong></span> <span class='ocrx_word' id='word_1_610' title='bbox 791 2663 913 2697; x_wconf 84' lang='lat' dir='ltr'><strong>plerique</strong></span> 
     </span>
    </p>
   </div>
   <div class='ocr_carea' id='block_1_88' title="bbox 129 2707 290 2734">
    <p class='ocr_par' dir='ltr' id='par_1_88' title="bbox 129 2707 290 2734">
     <span class='ocr_line' id='line_1_88' title="bbox 129 2707 290 2734; baseline -0.012 -1"><span class='ocrx_word' id='word_1_611' title='bbox 129 2707 290 2734; x_wconf 81' lang='lat' dir='ltr'><strong>retulerunt.</strong></span> 
     </span>
    </p>
   </div>
   <div class='ocr_carea' id='block_1_89' title="bbox 129 2763 914 2804">
    <p class='ocr_par' dir='ltr' id='par_1_89' title="bbox 129 2763 914 2804">
     <span class='ocr_line' id='line_1_89' title="bbox 129 2763 914 2804; baseline -0.001 -13"><span class='ocrx_word' id='word_1_612' title='bbox 129 2764 170 2792; x_wconf 79' lang='lat' dir='ltr'><strong>5G.</strong></span> <span class='ocrx_word' id='word_1_613' title='bbox 186 2763 222 2790; x_wconf 83' lang='lat' dir='ltr'><strong>De</strong></span> <span class='ocrx_word' id='word_1_614' title='bbox 233 2763 357 2789; x_wconf 81' lang='lat' dir='ltr'><strong>concione</strong></span> <span class='ocrx_word' id='word_1_615' title='bbox 370 2763 537 2804; x_wconf 70' lang='lat' dir='ltr'><strong>imperatur-is</strong></span> <span class='ocrx_word' id='word_1_616' title='bbox 562 2769 588 2790; x_wconf 85' lang='lat' dir='ltr'><strong>et</strong></span> <span class='ocrx_word' id='word_1_617' title='bbox 608 2763 770 2797; x_wconf 79' lang='lat' dir='ltr'><strong>profectione</strong></span> <span class='ocrx_word' id='word_1_618' title='bbox 784 2765 818 2790; x_wconf 86' lang='lat' dir='ltr'><strong>ad</strong></span> <span class='ocrx_word' id='word_1_619' title='bbox 830 2764 914 2790; x_wconf 61' lang='lat' dir='ltr'><strong>Allia-</strong></span> 
     </span>
    </p>
   </div>
   <div class='ocr_carea' id='block_1_90' title="bbox 464 2807 578 2824">
    <p class='ocr_par' dir='ltr' id='par_1_90' title="bbox 464 2807 578 2824">
     <span class='ocr_line' id='line_1_90' title="bbox 464 2807 578 2824; baseline -0.009 0"><span class='ocrx_word' id='word_1_620' title='bbox 464 2807 578 2824; x_wconf 68' lang='grc'><strong><em>11115111111.</em></strong></span> 
     </span>
    </p>
   </div>
   <div class='ocr_carea' id='block_1_91' title="bbox 163 2844 913 2878">
    <p class='ocr_par' dir='ltr' id='par_1_91' title="bbox 163 2844 913 2878">
     <span class='ocr_line' id='line_1_91' title="bbox 163 2844 913 2878; baseline 0.004 -8"><span class='ocrx_word' id='word_1_621' title='bbox 163 2844 289 2871; x_wconf 76' lang='lat' dir='ltr'><strong>Dilnculo</strong></span> <span class='ocrx_word' id='word_1_622' title='bbox 311 2852 392 2878; x_wconf 82' lang='lat' dir='ltr'><strong>porro</strong></span> <span class='ocrx_word' id='word_1_623' title='bbox 417 2851 531 2878; x_wconf 63' lang='grc' dir='ltr'>βιδδιριιι)</span> <span class='ocrx_word' id='word_1_624' title='bbox 557 2845 620 2877; x_wconf 81' lang='lat' dir='ltr'><strong>diei,</strong></span> <span class='ocrx_word' id='word_1_625' title='bbox 646 2845 803 2873; x_wconf 69' lang='lat' dir='ltr'><strong>Convocatis</strong></span> <span class='ocrx_word' id='word_1_626' title='bbox 820 2852 913 2873; x_wconf 88' lang='lat' dir='ltr'><strong>rursus</strong></span> 
     </span>
    </p>
   </div>
   <div class='ocr_carea' id='block_1_92' title="bbox 964 1554 1758 1591">
    <p class='ocr_par' dir='ltr' id='par_1_92' title="bbox 964 1554 1758 1591">
     <span class='ocr_line' id='line_1_92' title="bbox 964 1554 1758 1591; baseline 0.003 -8"><span class='ocrx_word' id='word_1_627' title='bbox 964 1563 1073 1583; x_wconf 88' lang='lat' dir='ltr'><strong>crorum</strong></span> <span class='ocrx_word' id='word_1_628' title='bbox 1087 1556 1229 1583; x_wconf 86' lang='lat' dir='ltr'><strong>hominum</strong></span> <span class='ocrx_word' id='word_1_629' title='bbox 1245 1560 1271 1583; x_wconf 90' lang='lat' dir='ltr'><strong>et</strong></span> <span class='ocrx_word' id='word_1_630' title='bbox 1286 1556 1398 1591; x_wconf 88' lang='lat' dir='ltr'><strong>palatini</strong></span> <span class='ocrx_word' id='word_1_631' title='bbox 1412 1556 1569 1590; x_wconf 86' lang='lat' dir='ltr'><strong>comitatus,</strong></span> <span class='ocrx_word' id='word_1_632' title='bbox 1594 1554 1758 1586; x_wconf 68' lang='lat' dir='ltr'><strong>adstantemj</strong></span> 
     </span>
    </p>
   </div>
   <div class='ocr_carea' id='block_1_93' title="bbox 964 1602 1759 1641">
    <p class='ocr_par' dir='ltr' id='par_1_93' title="bbox 964 1602 1759 1641">
     <span class='ocr_line' id='line_1_93' title="bbox 964 1602 1759 1641; baseline 0 -11"><span class='ocrx_word' id='word_1_633' title='bbox 964 1602 1081 1630; x_wconf 87' lang='lat' dir='ltr'><strong>inferius</strong></span> <span class='ocrx_word' id='word_1_634' title='bbox 1106 1602 1259 1629; x_wconf 80' lang='lat' dir='ltr'><strong>confertam</strong></span> <span class='ocrx_word' id='word_1_635' title='bbox 1285 1602 1392 1629; x_wconf 86' lang='lat' dir='ltr'><strong>turbam</strong></span> <span class='ocrx_word' id='word_1_636' title='bbox 1414 1608 1470 1629; x_wconf 95' lang='lat' dir='ltr'><strong>tum</strong></span> <span class='ocrx_word' id='word_1_637' title='bbox 1495 1603 1549 1630; x_wconf 88' lang='lat' dir='ltr'><strong>alia</strong></span> <span class='ocrx_word' id='word_1_638' title='bbox 1577 1604 1700 1638; x_wconf 70' lang='lat' dir='ltr'><strong>qntedam</strong></span> <span class='ocrx_word' id='word_1_639' title='bbox 1716 1605 1759 1641; x_wconf 53' lang='lat' dir='ltr'><strong>ad}</strong></span> 
     </span>
    </p>
   </div>
   <div class='ocr_carea' id='block_1_94' title="bbox 965 1647 1759 1683">
    <p class='ocr_par' dir='ltr' id='par_1_94' title="bbox 965 1647 1759 1683">
     <span class='ocr_line' id='line_1_94' title="bbox 965 1647 1759 1683; baseline 0.001 -8"><span class='ocrx_word' id='word_1_640' title='bbox 965 1655 1077 1682; x_wconf 78' lang='lat' dir='ltr'><strong>Scopum</strong></span> <span class='ocrx_word' id='word_1_641' title='bbox 1097 1647 1304 1675; x_wconf 87' lang='lat' dir='ltr'><strong>accommodata</strong></span> <span class='ocrx_word' id='word_1_642' title='bbox 1328 1648 1470 1682; x_wconf 85' lang='lat' dir='ltr'><strong>disseruit,</strong></span> <span class='ocrx_word' id='word_1_643' title='bbox 1493 1653 1548 1675; x_wconf 92' lang='lat' dir='ltr'><strong>tum</strong></span> <span class='ocrx_word' id='word_1_644' title='bbox 1564 1649 1759 1683; x_wconf 64' lang='lat' dir='ltr'><strong>prtedietionis‘2</strong></span> 
     </span>
    </p>
   </div>
   <div class='ocr_carea' id='block_1_95' title="bbox 965 1694 1759 1729">
    <p class='ocr_par' dir='ltr' id='par_1_95' title="bbox 965 1694 1759 1729">
     <span class='ocr_line' id='line_1_95' title="bbox 965 1694 1759 1729; baseline 0.004 -9"><span class='ocrx_word' id='word_1_645' title='bbox 965 1694 1049 1720; x_wconf 87' lang='lat' dir='ltr'><strong>totins</strong></span> <span class='ocrx_word' id='word_1_646' title='bbox 1065 1694 1188 1721; x_wconf 85' lang='lat' dir='ltr'><strong>ordinent</strong></span> <span class='ocrx_word' id='word_1_647' title='bbox 1212 1694 1398 1728; x_wconf 84' lang='lat' dir='ltr'><strong>particulatim</strong></span> <span class='ocrx_word' id='word_1_648' title='bbox 1415 1696 1551 1729; x_wconf 86' lang='lat' dir='ltr'><strong>exposuit,</strong></span> <span class='ocrx_word' id='word_1_649' title='bbox 1573 1702 1706 1723; x_wconf 86' lang='lat' dir='ltr'><strong>enarrans</strong></span> <span class='ocrx_word' id='word_1_650' title='bbox 1721 1697 1759 1723; x_wconf 75' lang='lat' dir='ltr'><strong>uti</strong></span> 
     </span>
    </p>
   </div>
   <div class='ocr_carea' id='block_1_96' title="bbox 966 1739 1758 1775">
    <p class='ocr_par' dir='ltr' id='par_1_96' title="bbox 966 1739 1758 1775">
     <span class='ocr_line' id='line_1_96' title="bbox 966 1739 1758 1775; baseline 0.005 -10"><span class='ocrx_word' id='word_1_651' title='bbox 966 1739 1087 1773; x_wconf 88' lang='lat' dir='ltr'><strong>quidque</strong></span> <span class='ocrx_word' id='word_1_652' title='bbox 1112 1739 1286 1774; x_wconf 85' lang='lat' dir='ltr'><strong>exploratum</strong></span> <span class='ocrx_word' id='word_1_653' title='bbox 1314 1743 1397 1775; x_wconf 89' lang='lat' dir='ltr'><strong>atque</strong></span> <span class='ocrx_word' id='word_1_654' title='bbox 1427 1746 1537 1772; x_wconf 88' lang='lat' dir='ltr'><strong>actum,</strong></span> <span class='ocrx_word' id='word_1_655' title='bbox 1559 1741 1758 1769; x_wconf 85' lang='lat' dir='ltr'><strong>demonstrans-</strong></span> 
     </span>
    </p>
   </div>
   <div class='ocr_carea' id='block_1_97' title="bbox 965 1784 1759 1822">
    <p class='ocr_par' dir='ltr' id='par_1_97' title="bbox 965 1784 1759 1822">
     <span class='ocr_line' id='line_1_97' title="bbox 965 1784 1759 1822; baseline 0.005 -10"><span class='ocrx_word' id='word_1_656' title='bbox 965 1793 1047 1820; x_wconf 89' lang='lat' dir='ltr'><strong>qnam</strong></span> <span class='ocrx_word' id='word_1_657' title='bbox 1065 1793 1119 1813; x_wconf 92' lang='lat' dir='ltr'><strong>non</strong></span> <span class='ocrx_word' id='word_1_658' title='bbox 1134 1785 1208 1813; x_wconf 79' lang='lat' dir='ltr'><strong>facili</strong></span> <span class='ocrx_word' id='word_1_659' title='bbox 1223 1786 1400 1819; x_wconf 89' lang='lat' dir='ltr'><strong>credulitate,</strong></span> <span class='ocrx_word' id='word_1_660' title='bbox 1425 1787 1473 1815; x_wconf 92' lang='lat' dir='ltr'><strong>sed</strong></span> <span class='ocrx_word' id='word_1_661' title='bbox 1498 1792 1561 1822; x_wconf 89' lang='lat' dir='ltr'><strong>post</strong></span> <span class='ocrx_word' id='word_1_662' title='bbox 1584 1793 1688 1816; x_wconf 89' lang='lat' dir='ltr'><strong>eertum</strong></span> <span class='ocrx_word' id='word_1_663' title='bbox 1703 1784 1759 1816; x_wconf 25' lang='lat' dir='ltr'><strong>de—V</strong></span> 
     </span>
    </p>
   </div>
   <div class='ocr_carea' id='block_1_98' title="bbox 965 1832 1751 1867">
    <p class='ocr_par' dir='ltr' id='par_1_98' title="bbox 965 1832 1751 1867">
     <span class='ocr_line' id='line_1_98' title="bbox 965 1832 1751 1867; baseline 0.006 -10"><span class='ocrx_word' id='word_1_664' title='bbox 965 1839 1039 1858; x_wconf 90' lang='lat' dir='ltr'><strong>mum</strong></span> <span class='ocrx_word' id='word_1_665' title='bbox 1064 1832 1285 1866; x_wconf 79' lang='lat' dir='ltr'><strong>experimentum</strong></span> <span class='ocrx_word' id='word_1_666' title='bbox 1313 1839 1427 1861; x_wconf 88' lang='lat' dir='ltr'><strong>eventus</strong></span> <span class='ocrx_word' id='word_1_667' title='bbox 1445 1835 1595 1867; x_wconf 80' lang='lat' dir='ltr'><strong>manifesti,</strong></span> <span class='ocrx_word' id='word_1_668' title='bbox 1621 1835 1751 1863; x_wconf 83' lang='lat' dir='ltr'><strong>vaticinio</strong></span> 
     </span>
    </p>
   </div>
   <div class='ocr_carea' id='block_1_99' title="bbox 965 1871 1759 1916">
    <p class='ocr_par' dir='ltr' id='par_1_99' title="bbox 965 1871 1759 1916">
     <span class='ocr_line' id='line_1_99' title="bbox 965 1871 1759 1916; baseline 0.004 -12"><span class='ocrx_word' id='word_1_669' title='bbox 965 1877 1001 1904; x_wconf 90' lang='lat' dir='ltr'><strong>sit</strong></span> <span class='ocrx_word' id='word_1_670' title='bbox 1022 1877 1089 1904; x_wconf 84' lang='lat' dir='ltr'><strong>fides</strong></span> <span class='ocrx_word' id='word_1_671' title='bbox 1113 1877 1248 1905; x_wconf 84' lang='lat' dir='ltr'><strong>adhibita.</strong></span> <span class='ocrx_word' id='word_1_672' title='bbox 1265 1877 1385 1905; x_wconf 84' lang='lat' dir='ltr'><strong>Tandem</strong></span> <span class='ocrx_word' id='word_1_673' title='bbox 1407 1879 1434 1905; x_wconf 93' lang='lat' dir='ltr'><strong>in</strong></span> <span class='ocrx_word' id='word_1_674' title='bbox 1457 1880 1662 1907; x_wconf 75' lang='lat' dir='ltr'><strong>admirationem</strong></span> <span class='ocrx_word' id='word_1_675' title='bbox 1680 1871 1759 1916; x_wconf 44' lang='lat' dir='ltr'><strong>pro—3</strong></span> 
     </span>
    </p>
   </div>
   <div class='ocr_carea' id='block_1_100' title="bbox 966 1918 1758 1960">
    <p class='ocr_par' dir='ltr' id='par_1_100' title="bbox 966 1918 1758 1960">
     <span class='ocr_line' id='line_1_100' title="bbox 966 1918 1758 1960; baseline 0.005 -12"><span class='ocrx_word' id='word_1_676' title='bbox 966 1930 1095 1957; x_wconf 86' lang='lat' dir='ltr'><strong>rumpens</strong></span> <span class='ocrx_word' id='word_1_677' title='bbox 1130 1930 1286 1956; x_wconf 84' lang='lat' dir='ltr'><strong>summam,</strong></span> <span class='ocrx_word' id='word_1_678' title='bbox 1321 1925 1515 1959; x_wconf 68' lang='lat' dir='ltr'><strong>praeconiaque</strong></span> <span class='ocrx_word' id='word_1_679' title='bbox 1537 1926 1586 1952; x_wconf 84' lang='lat' dir='ltr'><strong>viri</strong></span> <span class='ocrx_word' id='word_1_680' title='bbox 1615 1926 1661 1960; x_wconf 88' lang='lat' dir='ltr'><strong>qui</strong></span> <span class='ocrx_word' id='word_1_681' title='bbox 1688 1918 1758 1955; x_wconf 28' lang='lat' dir='ltr'><strong>talia‘</strong></span> 
     </span>
    </p>
   </div>
   <div class='ocr_carea' id='block_1_101' title="bbox 966 1969 1750 2005">
    <p class='ocr_par' dir='ltr' id='par_1_101' title="bbox 966 1969 1750 2005">
     <span class='ocr_line' id='line_1_101' title="bbox 966 1969 1750 2005; baseline 0.004 -10"><span class='ocrx_word' id='word_1_682' title='bbox 966 1969 1115 2002; x_wconf 67' lang='lat' dir='ltr'><strong>praevidere</strong></span> <span class='ocrx_word' id='word_1_683' title='bbox 1141 1977 1364 2004; x_wconf 74' lang='lat' dir='ltr'><strong>prtemonereque</strong></span> <span class='ocrx_word' id='word_1_684' title='bbox 1389 1971 1522 2005; x_wconf 87' lang='lat' dir='ltr'><strong>potuisset</strong></span> <span class='ocrx_word' id='word_1_685' title='bbox 1545 1971 1634 2005; x_wconf 88' lang='lat' dir='ltr'><strong>(cujus</strong></span> <span class='ocrx_word' id='word_1_686' title='bbox 1658 1976 1750 1999; x_wconf 82' lang='lat' dir='ltr'><strong>tamen</strong></span> 
     </span>
    </p>
   </div>
   <div class='ocr_carea' id='block_1_102' title="bbox 966 2015 1758 2053">
    <p class='ocr_par' dir='ltr' id='par_1_102' title="bbox 966 2015 1758 2053">
     <span class='ocr_line' id='line_1_102' title="bbox 966 2015 1758 2053; baseline 0.005 -12"><span class='ocrx_word' id='word_1_687' title='bbox 966 2015 1053 2042; x_wconf 89' lang='lat' dir='ltr'><strong>adhuc</strong></span> <span class='ocrx_word' id='word_1_688' title='bbox 1077 2015 1175 2042; x_wconf 82' lang='lat' dir='ltr'><strong>silebat</strong></span> <span class='ocrx_word' id='word_1_689' title='bbox 1196 2017 1307 2049; x_wconf 88' lang='lat' dir='ltr'><strong>nomen)</strong></span> <span class='ocrx_word' id='word_1_690' title='bbox 1326 2015 1354 2043; x_wconf 91' lang='lat' dir='ltr'><strong>in</strong></span> <span class='ocrx_word' id='word_1_691' title='bbox 1379 2017 1543 2044; x_wconf 85' lang='lat' dir='ltr'><strong>immensum</strong></span> <span class='ocrx_word' id='word_1_692' title='bbox 1570 2020 1758 2053; x_wconf 58' lang='lat' dir='ltr'><strong>exaggerans;</strong></span> 
     </span>
    </p>
   </div>
   <div class='ocr_carea' id='block_1_103' title="bbox 967 2061 1750 2098">
    <p class='ocr_par' dir='ltr' id='par_1_103' title="bbox 967 2061 1750 2098">
     <span class='ocr_line' id='line_1_103' title="bbox 967 2061 1750 2098; baseline 0.005 -10"><span class='ocrx_word' id='word_1_693' title='bbox 967 2061 1048 2088; x_wconf 88' lang='lat' dir='ltr'><strong>motis</strong></span> <span class='ocrx_word' id='word_1_694' title='bbox 1075 2061 1131 2096; x_wconf 86' lang='lat' dir='ltr'><strong>jam</strong></span> <span class='ocrx_word' id='word_1_695' title='bbox 1161 2061 1334 2090; x_wconf 87' lang='lat' dir='ltr'><strong>auditoribus</strong></span> <span class='ocrx_word' id='word_1_696' title='bbox 1359 2066 1385 2089; x_wconf 85' lang='lat' dir='ltr'><strong>et</strong></span> <span class='ocrx_word' id='word_1_697' title='bbox 1410 2062 1437 2089; x_wconf 84' lang='lat' dir='ltr'><strong>in</strong></span> <span class='ocrx_word' id='word_1_698' title='bbox 1462 2071 1554 2098; x_wconf 86' lang='lat' dir='ltr'><strong>parem</strong></span> <span class='ocrx_word' id='word_1_699' title='bbox 1574 2064 1660 2098; x_wconf 63' lang='lat' dir='ltr'><strong>ignoti</strong></span> <span class='ocrx_word' id='word_1_700' title='bbox 1681 2065 1750 2093; x_wconf 83' lang='lat' dir='ltr'><strong>vatis</strong></span> 
     </span>
    </p>
   </div>
   <div class='ocr_carea' id='block_1_104' title="bbox 965 2107 1751 2144">
    <p class='ocr_par' dir='ltr' id='par_1_104' title="bbox 965 2107 1751 2144">
     <span class='ocr_line' id='line_1_104' title="bbox 965 2107 1751 2144; baseline 0.004 -10"><span class='ocrx_word' id='word_1_701' title='bbox 965 2107 1171 2135; x_wconf 71' lang='lat' dir='ltr'><strong>admirationem</strong></span> <span class='ocrx_word' id='word_1_702' title='bbox 1196 2107 1303 2140; x_wconf 72' lang='lat' dir='ltr'><strong>tractis,</strong></span> <span class='ocrx_word' id='word_1_703' title='bbox 1328 2116 1359 2135; x_wconf 84' lang='lat' dir='ltr'><strong>ex</strong></span> <span class='ocrx_word' id='word_1_704' title='bbox 1382 2109 1441 2143; x_wconf 84' lang='lat' dir='ltr'><strong>ipso</strong></span> <span class='ocrx_word' id='word_1_705' title='bbox 1470 2112 1595 2144; x_wconf 81' lang='lat' dir='ltr'><strong>protinus</strong></span> <span class='ocrx_word' id='word_1_706' title='bbox 1623 2118 1751 2137; x_wconf 80' lang='lat' dir='ltr'><strong>sermone</strong></span> 
     </span>
    </p>
   </div>
   <div class='ocr_carea' id='block_1_105' title="bbox 966 2154 1749 2191">
    <p class='ocr_par' dir='ltr' id='par_1_105' title="bbox 966 2154 1749 2191">
     <span class='ocr_line' id='line_1_105' title="bbox 966 2154 1749 2191; baseline 0.003 -11"><span class='ocrx_word' id='word_1_707' title='bbox 966 2154 1038 2189; x_wconf 82' lang='lat' dir='ltr'><strong>(nam</strong></span> <span class='ocrx_word' id='word_1_708' title='bbox 1053 2154 1086 2181; x_wconf 90' lang='lat' dir='ltr'><strong>ad</strong></span> <span class='ocrx_word' id='word_1_709' title='bbox 1103 2156 1152 2181; x_wconf 89' lang='lat' dir='ltr'><strong>hoc</strong></span> <span class='ocrx_word' id='word_1_710' title='bbox 1166 2155 1222 2189; x_wconf 86' lang='lat' dir='ltr'><strong>jam</strong></span> <span class='ocrx_word' id='word_1_711' title='bbox 1237 2158 1315 2182; x_wconf 84' lang='lat' dir='ltr'><strong>antea</strong></span> <span class='ocrx_word' id='word_1_712' title='bbox 1330 2155 1410 2185; x_wconf 86' lang='lat' dir='ltr'><strong>stola.</strong></span> <span class='ocrx_word' id='word_1_713' title='bbox 1427 2163 1506 2188; x_wconf 90' lang='lat' dir='ltr'><strong>zona,</strong></span> <span class='ocrx_word' id='word_1_714' title='bbox 1524 2161 1629 2190; x_wconf 80' lang='lat' dir='ltr'><strong>tegmen</strong></span> <span class='ocrx_word' id='word_1_715' title='bbox 1646 2157 1749 2191; x_wconf 78' lang='lat' dir='ltr'><strong>regium</strong></span> 
     </span>
    </p>
   </div>
   <div class='ocr_carea' id='block_1_106' title="bbox 964 2200 1750 2237">
    <p class='ocr_par' dir='ltr' id='par_1_106' title="bbox 964 2200 1750 2237">
     <span class='ocr_line' id='line_1_106' title="bbox 964 2200 1750 2237; baseline 0.004 -10"><span class='ocrx_word' id='word_1_716' title='bbox 964 2200 1072 2234; x_wconf 86' lang='lat' dir='ltr'><strong>capitis,</strong></span> <span class='ocrx_word' id='word_1_717' title='bbox 1091 2201 1277 2228; x_wconf 88' lang='lat' dir='ltr'><strong>calecamenta</strong></span> <span class='ocrx_word' id='word_1_718' title='bbox 1301 2207 1452 2236; x_wconf 69' lang='lat' dir='ltr'><strong>prarparata</strong></span> <span class='ocrx_word' id='word_1_719' title='bbox 1468 2201 1586 2237; x_wconf 84' lang='lat' dir='ltr'><strong>fuerant)</strong></span> <span class='ocrx_word' id='word_1_720' title='bbox 1602 2203 1653 2230; x_wconf 89' lang='lat' dir='ltr'><strong>iter</strong></span> <span class='ocrx_word' id='word_1_721' title='bbox 1668 2203 1750 2237; x_wconf 82' lang='lat' dir='ltr'><strong>pedes</strong></span> 
     </span>
    </p>
   </div>
   <div class='ocr_carea' id='block_1_107' title="bbox 964 2246 1750 2284">
    <p class='ocr_par' dir='ltr' id='par_1_107' title="bbox 964 2246 1750 2284">
     <span class='ocr_line' id='line_1_107' title="bbox 964 2246 1750 2284; baseline 0.005 -12"><span class='ocrx_word' id='word_1_722' title='bbox 964 2246 1023 2280; x_wconf 88' lang='lat' dir='ltr'><strong>ipse</strong></span> <span class='ocrx_word' id='word_1_723' title='bbox 1049 2254 1195 2281; x_wconf 73' lang='lat' dir='ltr'><strong>aggressus</strong></span> <span class='ocrx_word' id='word_1_724' title='bbox 1213 2251 1255 2274; x_wconf 86' lang='lat' dir='ltr'><strong>est</strong></span> <span class='ocrx_word' id='word_1_725' title='bbox 1280 2248 1313 2274; x_wconf 87' lang='lat' dir='ltr'><strong>ad</strong></span> <span class='ocrx_word' id='word_1_726' title='bbox 1340 2248 1540 2276; x_wconf 86' lang='lat' dir='ltr'><strong>innominatum</strong></span> <span class='ocrx_word' id='word_1_727' title='bbox 1561 2249 1641 2284; x_wconf 75' lang='lat'><strong>367</strong></span> <span class='ocrx_word' id='word_1_728' title='bbox 1662 2250 1750 2280; x_wconf 88' lang='lat' dir='ltr'><strong>illum.</strong></span> 
     </span>
    </p>
   </div>
   <div class='ocr_carea' id='block_1_108' title="bbox 964 2291 1751 2330">
    <p class='ocr_par' dir='ltr' id='par_1_108' title="bbox 964 2291 1751 2330">
     <span class='ocr_line' id='line_1_108' title="bbox 964 2291 1751 2330; baseline 0.005 -12"><span class='ocrx_word' id='word_1_729' title='bbox 964 2291 1085 2319; x_wconf 79' lang='lat' dir='ltr'><strong>invitans</strong></span> <span class='ocrx_word' id='word_1_730' title='bbox 1109 2297 1138 2320; x_wconf 85' lang='grc' dir='ltr'><strong>ιιι</strong></span> <span class='ocrx_word' id='word_1_731' title='bbox 1164 2301 1193 2320; x_wconf 91' lang='lat' dir='ltr'><strong>se</strong></span> <span class='ocrx_word' id='word_1_732' title='bbox 1215 2293 1261 2328; x_wconf 86' lang='lat' dir='ltr'><strong>qui</strong></span> <span class='ocrx_word' id='word_1_733' title='bbox 1279 2295 1380 2321; x_wconf 82' lang='lat' dir='ltr'><strong>vellent</strong></span> <span class='ocrx_word' id='word_1_734' title='bbox 1397 2299 1591 2329; x_wconf 85' lang='lat' dir='ltr'><strong>sequerentur,</strong></span> <span class='ocrx_word' id='word_1_735' title='bbox 1616 2301 1751 2330; x_wconf 64' lang='lat' dir='ltr'><strong>prmcepto</strong></span> 
     </span>
    </p>
   </div>
   <div class='ocr_carea' id='block_1_109' title="bbox 964 2338 1752 2375">
    <p class='ocr_par' dir='ltr' id='par_1_109' title="bbox 964 2338 1752 2375">
     <span class='ocr_line' id='line_1_109' title="bbox 964 2338 1752 2375; baseline 0.006 -11"><span class='ocrx_word' id='word_1_736' title='bbox 964 2346 1019 2365; x_wconf 89' lang='lat' dir='ltr'><strong>non</strong></span> <span class='ocrx_word' id='word_1_737' title='bbox 1036 2338 1208 2374; x_wconf 87' lang='lat' dir='ltr'><strong>interposito,</strong></span> <span class='ocrx_word' id='word_1_738' title='bbox 1233 2340 1280 2367; x_wconf 90' lang='lat' dir='ltr'><strong>sed</strong></span> <span class='ocrx_word' id='word_1_739' title='bbox 1304 2347 1353 2367; x_wconf 89' lang='lat' dir='ltr'><strong>sua</strong></span> <span class='ocrx_word' id='word_1_740' title='bbox 1370 2341 1467 2375; x_wconf 86' lang='lat' dir='ltr'><strong>cuique</strong></span> <span class='ocrx_word' id='word_1_741' title='bbox 1485 2341 1569 2368; x_wconf 89' lang='lat' dir='ltr'><strong>libera</strong></span> <span class='ocrx_word' id='word_1_742' title='bbox 1586 2342 1680 2369; x_wconf 88' lang='lat' dir='ltr'><strong>relicta</strong></span> <span class='ocrx_word' id='word_1_743' title='bbox 1705 2350 1752 2369; x_wconf 47' lang='lat' dir='ltr'><strong>vo.</strong></span> 
     </span>
    </p>
   </div>
   <div class='ocr_carea' id='block_1_110' title="bbox 964 2385 1753 2424">
    <p class='ocr_par' dir='ltr' id='par_1_110' title="bbox 964 2385 1753 2424">
     <span class='ocr_line' id='line_1_110' title="bbox 964 2385 1753 2424; baseline 0.005 -13"><span class='ocrx_word' id='word_1_744' title='bbox 964 2385 1080 2417; x_wconf 89' lang='lat' dir='ltr'><strong>lnntate,</strong></span> <span class='ocrx_word' id='word_1_745' title='bbox 1097 2390 1226 2424; x_wconf 74' lang='lat' dir='ltr'><strong>caeterum</strong></span> <span class='ocrx_word' id='word_1_746' title='bbox 1244 2387 1352 2414; x_wconf 86' lang='lat' dir='ltr'><strong>cunctis</strong></span> <span class='ocrx_word' id='word_1_747' title='bbox 1369 2395 1438 2421; x_wconf 79' lang='lat' dir='ltr'><strong>quos</strong></span> <span class='ocrx_word' id='word_1_748' title='bbox 1453 2387 1573 2414; x_wconf 84' lang='lat' dir='ltr'><strong>laborem</strong></span> <span class='ocrx_word' id='word_1_749' title='bbox 1591 2389 1672 2415; x_wconf 89' lang='lat' dir='ltr'><strong>istius</strong></span> <span class='ocrx_word' id='word_1_750' title='bbox 1689 2396 1753 2423; x_wconf 87' lang='lat' dir='ltr'><strong>pro-</strong></span> 
     </span>
    </p>
   </div>
   <div class='ocr_carea' id='block_1_111' title="bbox 964 2426 1759 2468">
    <p class='ocr_par' dir='ltr' id='par_1_111' title="bbox 964 2426 1759 2468">
     <span class='ocr_line' id='line_1_111' title="bbox 964 2426 1759 2468; baseline 0.003 -11"><span class='ocrx_word' id='word_1_751' title='bbox 964 2430 1092 2458; x_wconf 81' lang='lat' dir='ltr'><strong>fectionis</strong></span> <span class='ocrx_word' id='word_1_752' title='bbox 1119 2431 1241 2466; x_wconf 85' lang='lat' dir='ltr'><strong>perferre</strong></span> <span class='ocrx_word' id='word_1_753' title='bbox 1269 2432 1301 2459; x_wconf 91' lang='lat' dir='ltr'><strong>ad</strong></span> <span class='ocrx_word' id='word_1_754' title='bbox 1328 2437 1482 2459; x_wconf 82' lang='lat' dir='ltr'><strong>extremum</strong></span> <span class='ocrx_word' id='word_1_755' title='bbox 1515 2440 1570 2460; x_wconf 84' lang='lat' dir='ltr'><strong>non</strong></span> <span class='ocrx_word' id='word_1_756' title='bbox 1595 2426 1759 2468; x_wconf 61' lang='lat' dir='ltr'><strong>piguisset,</strong></span> 
     </span>
    </p>
   </div>
   <div class='ocr_carea' id='block_1_112' title="bbox 964 2471 1756 2513">
    <p class='ocr_par' dir='ltr' id='par_1_112' title="bbox 964 2471 1756 2513">
     <span class='ocr_line' id='line_1_112' title="bbox 964 2471 1756 2513; baseline 0.003 -10"><span class='ocrx_word' id='word_1_757' title='bbox 964 2477 1060 2511; x_wconf 68' lang='lat' dir='ltr'><strong>amplte</strong></span> <span class='ocrx_word' id='word_1_758' title='bbox 1070 2471 1202 2504; x_wconf 81' lang='lat' dir='ltr'><strong>mercedis</strong></span> <span class='ocrx_word' id='word_1_759' title='bbox 1216 2477 1276 2504; x_wconf 83' lang='lat' dir='ltr'><strong>loco</strong></span> <span class='ocrx_word' id='word_1_760' title='bbox 1287 2477 1461 2512; x_wconf 84' lang='lat' dir='ltr'><strong>despondens</strong></span> <span class='ocrx_word' id='word_1_761' title='bbox 1475 2486 1598 2513; x_wconf 81' lang='lat' dir='ltr'><strong>magnam</strong></span> <span class='ocrx_word' id='word_1_762' title='bbox 1612 2483 1638 2506; x_wconf 92' lang='lat' dir='ltr'><strong>et</strong></span> <span class='ocrx_word' id='word_1_763' title='bbox 1651 2479 1756 2506; x_wconf 76' lang='lat' dir='ltr'><strong>bonam</strong></span> 
     </span>
    </p>
   </div>
   <div class='ocr_carea' id='block_1_113' title="bbox 964 2523 1749 2560">
    <p class='ocr_par' dir='ltr' id='par_1_113' title="bbox 964 2523 1749 2560">
     <span class='ocr_line' id='line_1_113' title="bbox 964 2523 1749 2560; baseline 0.005 -13"><span class='ocrx_word' id='word_1_764' title='bbox 964 2523 1015 2549; x_wconf 84' lang='lat' dir='ltr'><strong>viri</strong></span> <span class='ocrx_word' id='word_1_765' title='bbox 1032 2523 1091 2558; x_wconf 84' lang='lat' dir='ltr'><strong>ejns</strong></span> <span class='ocrx_word' id='word_1_766' title='bbox 1112 2523 1265 2550; x_wconf 87' lang='lat' dir='ltr'><strong>admirandi</strong></span> <span class='ocrx_word' id='word_1_767' title='bbox 1290 2523 1518 2551; x_wconf 85' lang='lat' dir='ltr'><strong>benedictionem.</strong></span> <span class='ocrx_word' id='word_1_768' title='bbox 1543 2525 1570 2552; x_wconf 91' lang='lat' dir='ltr'><strong>Si</strong></span> <span class='ocrx_word' id='word_1_769' title='bbox 1596 2525 1641 2560; x_wconf 91' lang='lat' dir='ltr'><strong>qui</strong></span> <span class='ocrx_word' id='word_1_770' title='bbox 1658 2530 1749 2553; x_wconf 89' lang='lat' dir='ltr'><strong>autem</strong></span> 
     </span>
    </p>
   </div>
   <div class='ocr_carea' id='block_1_114' title="bbox 965 2568 1750 2605">
    <p class='ocr_par' dir='ltr' id='par_1_114' title="bbox 965 2568 1750 2605">
     <span class='ocr_line' id='line_1_114' title="bbox 965 2568 1750 2605; baseline 0.003 -9"><span class='ocrx_word' id='word_1_771' title='bbox 965 2569 1042 2596; x_wconf 80' lang='lat' dir='ltr'><strong>Senio</strong></span> <span class='ocrx_word' id='word_1_772' title='bbox 1065 2568 1169 2596; x_wconf 91' lang='lat' dir='ltr'><strong>debiles</strong></span> <span class='ocrx_word' id='word_1_773' title='bbox 1196 2569 1274 2604; x_wconf 87' lang='lat' dir='ltr'><strong>sequi</strong></span> <span class='ocrx_word' id='word_1_774' title='bbox 1300 2569 1415 2604; x_wconf 86' lang='lat' dir='ltr'><strong>pedibus</strong></span> <span class='ocrx_word' id='word_1_775' title='bbox 1439 2572 1605 2605; x_wconf 88' lang='lat' dir='ltr'><strong>nequirent,</strong></span> <span class='ocrx_word' id='word_1_776' title='bbox 1632 2571 1750 2598; x_wconf 80' lang='lat' dir='ltr'><strong>maxime</strong></span> 
     </span>
    </p>
   </div>
   <div class='ocr_carea' id='block_1_115' title="bbox 965 2615 1748 2651">
    <p class='ocr_par' dir='ltr' id='par_1_115' title="bbox 965 2615 1748 2651">
     <span class='ocr_line' id='line_1_115' title="bbox 965 2615 1748 2651; baseline 0.001 -10"><span class='ocrx_word' id='word_1_777' title='bbox 965 2615 1060 2642; x_wconf 88' lang='lat' dir='ltr'><strong>lutosis</strong></span> <span class='ocrx_word' id='word_1_778' title='bbox 1071 2619 1098 2641; x_wconf 85' lang='lat' dir='ltr'><strong>et</strong></span> <span class='ocrx_word' id='word_1_779' title='bbox 1113 2619 1141 2641; x_wconf 86' lang='grc' dir='ltr'><strong>ιιι</strong></span> <span class='ocrx_word' id='word_1_780' title='bbox 1158 2615 1183 2641; x_wconf 91' lang='lat' dir='ltr'><strong>in</strong></span> <span class='ocrx_word' id='word_1_781' title='bbox 1195 2615 1262 2642; x_wconf 89' lang='lat' dir='ltr'><strong>urbe</strong></span> <span class='ocrx_word' id='word_1_782' title='bbox 1277 2619 1349 2642; x_wconf 86' lang='lat' dir='ltr'><strong>tanta</strong></span> <span class='ocrx_word' id='word_1_783' title='bbox 1365 2623 1412 2650; x_wconf 86' lang='lat' dir='ltr'><strong>per</strong></span> <span class='ocrx_word' id='word_1_784' title='bbox 1424 2615 1540 2643; x_wconf 90' lang='lat' dir='ltr'><strong>hiemem</strong></span> <span class='ocrx_word' id='word_1_785' title='bbox 1555 2624 1633 2643; x_wconf 66' lang='lat' dir='ltr'><strong>caeno</strong></span> <span class='ocrx_word' id='word_1_786' title='bbox 1646 2617 1748 2651; x_wconf 84' lang='lat' dir='ltr'><strong>passim</strong></span> 
     </span>
    </p>
   </div>
   <div class='ocr_carea' id='block_1_116' title="bbox 964 2659 1745 2696">
    <p class='ocr_par' dir='ltr' id='par_1_116' title="bbox 964 2659 1745 2696">
     <span class='ocr_line' id='line_1_116' title="bbox 964 2659 1745 2696; baseline 0.003 -10"><span class='ocrx_word' id='word_1_787' title='bbox 964 2659 1078 2687; x_wconf 85' lang='lat' dir='ltr'><strong>lubricis</strong></span> <span class='ocrx_word' id='word_1_788' title='bbox 1093 2665 1120 2686; x_wconf 90' lang='lat' dir='ltr'><strong>et</strong></span> <span class='ocrx_word' id='word_1_789' title='bbox 1135 2659 1304 2687; x_wconf 85' lang='lat' dir='ltr'><strong>deformibus</strong></span> <span class='ocrx_word' id='word_1_790' title='bbox 1318 2661 1425 2695; x_wconf 84' lang='lat' dir='ltr'><strong>plateis,</strong></span> <span class='ocrx_word' id='word_1_791' title='bbox 1441 2661 1483 2688; x_wconf 87' lang='lat' dir='ltr'><strong>his</strong></span> <span class='ocrx_word' id='word_1_792' title='bbox 1499 2667 1527 2688; x_wconf 88' lang='lat' dir='ltr'><strong>ut</strong></span> <span class='ocrx_word' id='word_1_793' title='bbox 1545 2669 1628 2696; x_wconf 83' lang='lat' dir='ltr'><strong>equos</strong></span> <span class='ocrx_word' id='word_1_794' title='bbox 1642 2663 1745 2688; x_wconf 49' lang='lat' dir='ltr'><strong>inscenv</strong></span> 
     </span>
    </p>
   </div>
   <div class='ocr_carea' id='block_1_117' title="bbox 964 2706 1757 2741">
    <p class='ocr_par' dir='ltr' id='par_1_117' title="bbox 964 2706 1757 2741">
     <span class='ocr_line' id='line_1_117' title="bbox 964 2706 1757 2741; baseline 0.003 -8"><span class='ocrx_word' id='word_1_795' title='bbox 964 2706 1059 2733; x_wconf 85' lang='lat' dir='ltr'><strong>derent</strong></span> <span class='ocrx_word' id='word_1_796' title='bbox 1087 2707 1222 2740; x_wconf 86' lang='lat' dir='ltr'><strong>permisit.</strong></span> <span class='ocrx_word' id='word_1_797' title='bbox 1250 2707 1288 2733; x_wconf 88' lang='lat' dir='ltr'><strong>lta</strong></span> <span class='ocrx_word' id='word_1_798' title='bbox 1317 2707 1375 2741; x_wconf 88' lang='lat' dir='ltr'><strong>ipse</strong></span> <span class='ocrx_word' id='word_1_799' title='bbox 1396 2707 1512 2741; x_wconf 66' lang='lat' dir='ltr'><strong>pruriens</strong></span> <span class='ocrx_word' id='word_1_800' title='bbox 1528 2707 1642 2734; x_wconf 82' lang='lat' dir='ltr'><strong>(lucebat</strong></span> <span class='ocrx_word' id='word_1_801' title='bbox 1662 2707 1757 2741; x_wconf 69' lang='lat' dir='ltr'><strong>signisr</strong></span> 
     </span>
    </p>
   </div>
   <div class='ocr_carea' id='block_1_118' title="bbox 962 2751 1746 2787">
    <p class='ocr_par' dir='ltr' id='par_1_118' title="bbox 962 2751 1746 2787">
     <span class='ocr_line' id='line_1_118' title="bbox 962 2751 1746 2787; baseline 0.003 -9"><span class='ocrx_word' id='word_1_802' title='bbox 962 2751 1017 2786; x_wconf 78' lang='lat' dir='ltr'><strong>jam</strong></span> <span class='ocrx_word' id='word_1_803' title='bbox 1032 2759 1046 2779; x_wconf 91' lang='lat' dir='ltr'><strong>e</strong></span> <span class='ocrx_word' id='word_1_804' title='bbox 1063 2752 1228 2786; x_wconf 88' lang='lat' dir='ltr'><strong>quibusdam</strong></span> <span class='ocrx_word' id='word_1_805' title='bbox 1249 2752 1436 2785; x_wconf 75' lang='lat' dir='ltr'><strong>coniectantes</strong></span> <span class='ocrx_word' id='word_1_806' title='bbox 1450 2760 1504 2787; x_wconf 93' lang='lat' dir='ltr'><strong>quo</strong></span> <span class='ocrx_word' id='word_1_807' title='bbox 1518 2753 1558 2779; x_wconf 78' lang='lat' dir='ltr'><strong>via</strong></span> <span class='ocrx_word' id='word_1_808' title='bbox 1572 2752 1746 2787; x_wconf 80' lang='lat' dir='ltr'><strong>dirigeretur.</strong></span> 
     </span>
    </p>
   </div>
   <div class='ocr_carea' id='block_1_119' title="bbox 965 2797 1753 2832">
    <p class='ocr_par' dir='ltr' id='par_1_119' title="bbox 965 2797 1753 2832">
     <span class='ocr_line' id='line_1_119' title="bbox 965 2797 1753 2832; baseline 0.004 -9"><span class='ocrx_word' id='word_1_809' title='bbox 965 2797 1049 2831; x_wconf 81' lang='lat' dir='ltr'><strong>Equis</strong></span> <span class='ocrx_word' id='word_1_810' title='bbox 1074 2805 1139 2832; x_wconf 74' lang='lat' dir='ltr'><strong>ergo</strong></span> <span class='ocrx_word' id='word_1_811' title='bbox 1158 2798 1198 2824; x_wconf 86' lang='lat' dir='ltr'><strong>usi</strong></span> <span class='ocrx_word' id='word_1_812' title='bbox 1215 2801 1279 2824; x_wconf 89' lang='lat' dir='ltr'><strong>sunt</strong></span> <span class='ocrx_word' id='word_1_813' title='bbox 1302 2797 1493 2831; x_wconf 79' lang='lat' dir='ltr'><strong>episcoporum</strong></span> <span class='ocrx_word' id='word_1_814' title='bbox 1511 2801 1537 2823; x_wconf 85' lang='lat' dir='ltr'><strong>et</strong></span> <span class='ocrx_word' id='word_1_815' title='bbox 1551 2798 1753 2826; x_wconf 72' lang='lat' dir='ltr'><strong>monachorum</strong></span> 
     </span>
    </p>
   </div>
   <div class='ocr_carea' id='block_1_120' title="bbox 965 2841 1750 2878">
    <p class='ocr_par' dir='ltr' id='par_1_120' title="bbox 965 2841 1750 2878">
     <span class='ocr_line' id='line_1_120' title="bbox 965 2841 1750 2878; baseline 0.003 -9"><span class='ocrx_word' id='word_1_816' title='bbox 965 2842 1073 2878; x_wconf 81' lang='lat' dir='ltr'><strong>quidam</strong></span> <span class='ocrx_word' id='word_1_817' title='bbox 1096 2852 1101 2869; x_wconf 75' lang='grc' dir='ltr'>ε</span> <span class='ocrx_word' id='word_1_818' title='bbox 1132 2843 1228 2878; x_wconf 87' lang='lat' dir='ltr'><strong>reliqui</strong></span> <span class='ocrx_word' id='word_1_819' title='bbox 1256 2841 1360 2877; x_wconf 82' lang='lat' dir='ltr'><strong>pedites</strong></span> <span class='ocrx_word' id='word_1_820' title='bbox 1394 2842 1512 2876; x_wconf 88' lang='lat' dir='ltr'><strong>peditem</strong></span> <span class='ocrx_word' id='word_1_821' title='bbox 1537 2843 1750 2871; x_wconf 77' lang='lat' dir='ltr'><strong>assectabantur</strong></span> 
     </span>
    </p>
   </div>
  </div>
