1953 3065
83 161 134 191 4ιὸ

569 163 617 193 DE
639 163 863 193 ANDRONlCO
881 159 1113 192 PALIEOIDGO
1130 157 1202 188 LIB.
1221 157 1256 188 V.

1664 151 1717 183 406

80 216 207 249 γενεσθαι
240 216 348 248 πάντως
375 217 498 252 ἀνάγκην
521 215 602 245 εἶναι.
621 218 690 245 Οὔτε
715 218 737 244 δ’
758 217 878 247 ἐκείνους
893 218 916 246 Α
931 216 1014 248 τίζειν
1028 215 1102 245 εἰκὸς
1117 211 1187 240 εἶναι
1206 212 1251 239 καὶ
1268 213 1338 238 κατά
1354 210 1384 237 τὸ
1399 209 1513 237 δυνατὴν
1535 207 1717 240 συνασπίζειν

80 262 145 288 οὗτε
162 263 239 293 τινὰς
265 263 314 289 τοῦ
332 263 396 290 λαοῦ
425 264 588 299 προσιόντας
617 265 735 298 εὐλόγει,
761 264 841 299 μόνον
855 263 878 290 δ’

81 308 168 334 ἐδίδου
185 309 236 343 τὴν
254 309 345 344 χεῖρα,
364 309 421 336 κκαὶ
445 310 474 336 ἐν
499 311 669 346 πληροφορίᾳ
687 311 736 345 τῆς
751 311 877 344 εὐλογίας

82 354 252 388 ἠσπάζοντο.
275 355 342 381 Τότε
367 355 513 391 τοιγαροῦν
541 357 575 383 τὰ
601 357 695 383 εἰκότα
713 357 877 391 διαλαλὴσας

82 400 131 426 καὶ
144 400 333 435 ἐπευξάμενος
349 401 451 428 ἀπέλυε
469 401 514 428 τὸν
531 401 606 430 λαόν.
624 402 697 437 Πλὴν
712 403 758 429 καὶ
773 402 876 428 ἀπολυ-

84 447 186 474 θέντων
203 448 238 474 τά
264 449 350 475 πολλὰ
376 449 456 484 ἐῴκει
471 450 636 484 φροντίζειν,
654 450 816 485 προδιοικῶν
834 450 877 476 ἐν·

84 493 179 519 τεῦθεν
205 494 239 520 τὰ
257 495 328 521 κατά
351 494 460 531 θέλησιν
479 495 584 530 βαθέως
601 497 648 523 καὶ
662 497 699 527 ὡς
721 497 772 523 οὐκ
789 496 821 523 ἄν
835 505 877 528 τις

83 539 152 574 ᾤετο
165 540 218 565 τῶν
232 539 322 571 ἄλλως
349 542 448 576 ἐκείνῳ
467 542 666 578 προσεχόντων.
685 543 825 578 Πρύφασις
847 542 875 569 δὲ

83 585 133 619 τῆς
149 586 292 620 φροντίδος
307 587 323 620 ή
340 587 407 621 προς
427 587 557 622 ἀλλήλους
580 588 661 623 δῆθεν
676 589 768 616 ἀδικία
783 588 832 614 καὶ
851 589 876 614 τὸ

83 632 138 658 τῶν
153 633 327 668 μικροτέρων
343 634 406 665 τοὺς
432 635 543 668 μείζους
559 635 780 669 κατωψρυῶσθαι
796 635 842 661 καὶ
858 636 874 667 ἡ

85 677 139 703 τῶν
156 678 323 712 κρειττόνων
338 678 380 714 [Ρ.
397 679 461 714 ἳδη
476 681 543 714 πρὸς
557 679 664 707 ἀδικίαν
684 680 765 716 ῥοπὴ,
784 680 820 715 μὴ
835 680 879 706 δν-

88 731 134 754 τος
144 723 192 749 τοῦ
201 725 259 755 τοῖς
278 726 386 760 μικροῖς
398 726 603 761 παρισταμένου
615 726 662 753 καὶ
671 726 877 761 πολ.υωροῦντος

83 769 146 798 τοὺς
163 770 420 804 καταπονουμένους
430 771 544 807 δυνάμει
558 772 704 807 κρείττονι.
724 772 820 799 Ἔνθεν
834 781 875 799 τοι

84 815 131 841 καὶ
149 814 278 849 βασιλεὺς
301 817 393 849 ἐνδοὺς
418 818 504 853 τούτῳ
519 818 659 854 ἀξιωτέρῳ
675 827 703 845 τε
719 819 875 854 φαινομένῳ

85 861 138 886 τῶν
152 861 240 887 ἄλλων
252 862 300 888 τοῦ
313 863 466 897 ἐπαρήγειν
493 864 693 898 ἀδικουμένοις,
719 865 877 898 ἀνοιγνύναι

932 262 972 297 τῷ
987 262 1127 296 πάσχοντι.
1146 257 1200 286 Ἶίν
1220 258 1242 285 δ’
1257 257 1382 285 ἐντεῦθεν
1399 256 1429 289 ἑξ
1445 256 1570 290 ἀνάγκης
1587 256 1634 282 καὶ
1653 263 1721 289 προ-

932 307 1087 341 οδοποίησις
1104 305 1179 340 σφίσι
1199 304 1266 340 πρὸς
1283 305 1350 339 ὅπερ
1368 304 1421 338 ἄρα
1436 304 1483 330 καὶ
1493 303 1624 336 πράττειν
1637 300 1721 338 ἠϐού-

931 352 1019 384 λοντυ,
1037 351 1054 378 ἃ
1072 351 1132 377 τότε
1147 351 1196 386 μὲν
1208 350 1372 381 ἐπειλύοντο,
1386 349 1499 383 ὕστερον
1515 349 1542 375 δὲ
1559 349 1605 375 καὶ
1615 347 1722 381 διεψαί-

931 407 1018 429 νοντο,
1035 398 1080 424 ὅτε
1102 396 1151 424 οὐκ
1176 394 1210 432 ἦν
1228 396 1432 430 ἀναλαμϐάνειν
1444 397 1476 421 τὰ
1489 395 1619 429 δεδομένα
1633 395 1719 426 τινάς,

932 443 1016 470 ’Ὅθεν
1031 443 1078 469 καὶ
1102 442 1210 477 ἡμέρας
1226 441 1344 476 ἑκάστης
1360 441 1389 473 ἐξ
1405 440 1515 468 ἑωθινοῦ
1530 441 1576 468 καὶ
1590 441 1619 472 ὲς
1635 440 1722 467 νύκτα

931 489 1028 524 ἀνέδην
1043 489 1076 515 τὰ
1092 489 1161 524 πρὸς
1179 489 1270 514 ἐκεῖνα
1288 487 1446 523 ποιούμενοι
1464 487 1614 522 ἄνθρωποι,
1630 487 1653 512 oi
1672 486 1723 524 μὲν

931 536 1001 563 κατά
1016 536 1110 571 χρείαν
1124 535 1337 570 ὲγκλητεύοντες
1355 535 1483 569 κρίσεως,
1513 532 1720 568 μετακαλουμέ-

931 591 976 608 νου
997 583 1043 609 καὶ
1056 581 1102 608 τοῦ
1118 582 1339 615 ἀντιδικήσοντος
1357 580 1401 606 ἐπ’
1415 579 1509 612 αὑτοῦ,
1524 579 1656 606 συνόντων
1671 579 1720 605 καί

930 636 1013 654 τινων
1027 627 1181 662 ἀρχιερέων
1193 627 1341 662 ἐκρίνοντο,
1356 626 1381 652 οί
1396 626 1423 652 δὲ
1439 625 1580 660 μεσιτείας
1594 625 1643 660 τῆς
1655 625 1723 660 προς

932 673 1046 708 βασιλέα
1062 673 1142 708 χάριν
1161 672 1345 707 ποτνιώμενοι
1373 673 1524 706 φακέλλους
1549 672 1723 707 γραμμάτων

930 717 1044 749 ἐδίδουν,
1064 718 1112 744 καὶ
1132 718 1148 752 ἡ
1165 718 1281 744 ἑκάστου
1297 717 1421 752 ἀναφορὰ
1445 720 1484 751 τῷ
1502 717 1647 751 κρατοῦντι
1662 716 1722 742 ὲνε-

931 763 1079 799 χειρίζετο.
1104 761 1159 789 Ἦν
1185 763 1213 789 δὲ
1239 762 1288 789 καὶ
1304 763 1413 797 φροντὶς
1430 762 1537 798 βασιλεῖ
1549 761 1728 794 τούντεῦθενν

929 810 991 836 ἐπεὶ
1001 810 1033 836 τὰ
1045 809 1092 835 τοῦ
1116 808 1238 836 Ἰωάννου
1258 809 1422 843 καθυφεῖντο
1439 809 1468 835 τὺ
1479 809 1532 835 ἀπὸ
1546 808 1622 835 τοῦδε
1639 809 1686 835 καὶ
1697 809 1723 834 οἱ

928 856 997 887 τέως
1024 854 1164 885 δοκοῦντες
1192 854 1378 889 παρίστασθαί
1406 854 1430 881 οί
1459 854 1564 880 ἕκλινον
1582 854 1632 889 ἢδη
1654 854 1722 889 πρὸς

84 905 132 931 τοῦ
148 905 245 932 λοιποῦ
266 907 314 938 τὰς
341 907 425 939 πύλας
441 909 547 935 κελεύει
560 911 607 936 καὶ
625 911 787 945 προσιόντας
800 911 876 945 δέχε,
893 901 914 928 Β
935 903 1108 934 Ἀθανάσιον,
1129 902 1291 937 συμπείθειν
1304 903 1445 937 ἀρχιερεῖς
1468 902 1514 928 καὶ
1531 901 1643 934 ἀνάγειν
1662 909 1725 927 πει-

86 951 161 982 aﬂuit,
179 953 235 978 εἶτε
252 954 323 980 κατά
348 962 408 980 τινα
437 955 527 990 κρίσιν
545 955 652 990 προσίοι
682 963 724 987 τις
750 957 806 982 εἶτε
830 957 878 983 καὶ

86 997 157 1022 κατὰ
174 994 316 1031 μεσιτείαν
327 998 375 1034 τὴν
385 999 452 1033 πρὸς
465 1000 547 1026 αὐτόν
556 1007 564 1014 ·
578 1000 624 1027 τὸν
641 1000 696 1036 γὰρ
707 1000 877 1034 ἐπαλγοῦντα

87 1043 206 1077 γνησίως
225 1045 285 1075 ταῖς
303 1047 469 1080 συμφοραῖς,
483 1046 588 1072 ἐκεῖνον
602 1047 649 1073 καὶ
661 1047 781 1082 γνησίως
798 1056 879 1082 φρον-

88 1132 183 1160 Deum.
213 1133 335 1169 Indeque
361 1135 415 1163 illis
442 1137 620 1164 nihilominus
645 1137 824 1170 instantibus,
848 1145 880 1166 ca

88 1177 181 1204 vultus
209 1179 406 1207 obtirmatione
423 1188 477 1215 qua
501 1189 558 1208 rem
575 1181 629 1209 sibi
647 1182 728 1217 plane
741 1173 888 1210 decretam

88 1230 250 1251 asseverare
263 1224 413 1257 videretur,
436 1226 522 1253 edixit
544 1227 614 1253 baud
630 1228 710 1255 aliter
726 1229 838 1256 omnino
852 1238 882 1258 se

89 1271 230 1295 acturum.
252 1268 361 1296 Manum
383 1270 517 1299 duntaxat
534 1273 660 1306 praebuit,
678 1282 760 1308 quam
775 1283 881 1309 omnes,

89 1314 167 1348 quasi
200 1315 422 1344 benedictionem
457 1317 518 1351 ejus
546 1322 674 1346 contactu
706 1321 883 1355 percepturi,

89 1365 250 1388 reverenter
275 1362 482 1390 osculabantur.
509 1363 593 1391 Paulo
617 1369 678 1399 post
701 1367 824 1400 quaedam
848 1366 881 1394 ad

91 1410 200 1440 tempus
219 1408 428 1436 accommodata
451 1409 624 1444 prolocutus,
641 1410 762 1445 beneque
775 1412 884 1440 cunctis

91 1458 231 1486 precatus,
255 1453 361 1481 dimisit
388 1455 531 1489 populum,
551 1457 597 1483 sed
619 1457 653 1483 ita
673 1461 701 1483 ut
718 1464 812 1485 ansam
830 1459 884 1486 sibi

91 1499 165 1525 \‘t'lul
177 1500 327 1533 quamdam
342 1505 464 1528 servaret
479 1502 513 1529 ad
529 1510 589 1529 eum
606 1504 809 1536 attrahendum,
825 1505 882 1540 jam

934 949 1033 984 ρὶσθαι
1049 948 1099 983 ἤδη
1114 948 1163 982 τῆς
1178 947 1347 982 προστασίας
1363 946 1566 981 ἐπειλημμένον
1589 946 1723 980 ἀναδοχῆς

933 996 1014 1031 χάριν
1025 995 1075 1029 τῆς
1091 995 1135 1021 ἐπ’
1150 993 1306 1029 ἀνθρώποις
1324 994 1371 1020 καὶ
1383 993 1510 1029 κρίσεως.
1526 993 1722 1026 Μετελάμϐανε

933 1043 987 1078 γὰρ
1016 1041 1098 1068 αὐτον
1125 1041 1171 1068 καὶ
1203 1042 1220 1075 ὴ
1246 1041 1301 1067 τῶν
1329 1040 1431 1067 λοιπῶν
1447 1040 1620 1076 πραγμάτων
1644 1037 1740 1070 ἐλπὶς,

935 1133 1037 1161 iutorte
1052 1132 1178 1168 perplexa
1196 1131 1414 1160 subterebantur
1431 1139 1439 1158 ι
1458 1129 1591 1164 explicata
1604 1130 1728 1163 postmo-

934 1178 998 1206 dum
1014 1178 1108 1205 aadem
1120 1177 1309 1212 expanderunt
1324 1183 1395 1208 sese,
1410 1175 1514 1202 retibus
1529 1173 1601 1200 velut
1611 1172 1732 1207 qu‘busv

933 1225 994 1251 dam
1020 1223 1087 1250 adeo
1107 1223 1163 1257 jam
1184 1222 1238 1249 late
1264 1229 1296 1248 ac
1325 1220 1415 1247 valide
1430 1217 1728 1255 comprehendentibus
1759 1234 1766 1241 ν

936 1274 1047 1302 cuncta,
1064 1273 1095 1296 ut
1109 1268 1156 1304 qui
1170 1275 1233 1296 sero
1248 1275 1278 1295 se
1293 1271 1388 1302 captos
1401 1266 1574 1293 advertentcs
1586 1263 1728 1291 retrahere

937 1319 1078 1343 tentarent
1101 1318 1259 1350 temereque
1284 1321 1418 1341 concessa
1444 1318 1603 1343 resumere,
1626 1310 1731 1337 frustra

936 1360 1144 1389 contenderent.
1158 1359 1196 1386 Ex
1210 1360 1261 1387 hoc
1273 1367 1337 1395 ergo
1349 1359 1444 1386 diebus
1454 1357 1569 1392 singulis
1581 1364 1595 1384 a
1607 1355 1729 1383 diluculo

939 1408 972 1434 ad
990 1411 1098 1434 noctem
1123 1406 1200 1433 densi
1223 1406 1313 1440 palam
1338 1411 1491 1432 concursus
1508 1403 1598 1431 omnis
1622 1401 1731 1436 generis

939 1453 1079 1480 hominum
1099 1452 1130 1479 ad
1152 1451 1332 1479 Athanasium
1361 1450 1585 1482 celebrabantur,
1611 1448 1727 1475 aliorum

939 1499 1148 1535 provocantium
1173 1499 1207 1526 ab
1226 1498 1329 1533 iniquis
1347 1497 1448 1532 quibus
1472 1504 1501 1524 se
1526 1497 1730 1524 circumventos

91 1552 163 1571 nunc
187 1546 385 1574 Stiboetentans
409 1555 439 1575 se
463 1556 507 1576 res
528 1549 588 1582 ejus
603 1550 683 1577 enim
698 1551 724 1577 in
743 1555 885 1585 ρυειει-υιη
899 1556 922 1588 C
936 1546 1050 1582 judiciis
1067 1545 1176 1572 aiebant
1193 1545 1248 1580 (his
1270 1543 1484 1571 subveniebatur
1507 1542 1612 1571 statim.
1634 1540 1729 1588 adver-

91 1592 231 1620 curandas
248 1596 275 1620 et
289 1593 427 1621 desideria
441 1595 595 1630 solatiaque
612 1598 783 1630 procuranda
799 1599 884 1626 susci-

91 1644 167 1671 pere.
181 1639 211 1664 ln
230 1646 286 1673 quo
299 1639 374 1666 senis
390 1642 516 1675 apparuit
531 1643 631 1669 astutia
652 1643 740 1677 major
761 1644 884 1678 quaedam

92 1691 123 1711 ac
137 1683 303 1718 profundior
319 1693 401 1720 quam
416 1690 456 1717 ut,
474 1687 520 1720 qui
537 1687 570 1714 de
588 1687 673 1722 ipsius
694 1689 783 1716 obiter
801 1690 887 1725 agniti

92 1731 270 1765 simplicitate
295 1731 408 1759 minime
432 1733 533 1760 callida
556 1735 763 1768 persuasionem
787 1736 886 1763 induc-

93 1781 166 1807 rant,
189 1782 296 1804 tantum
316 1778 343 1804 in
360 1786 391 1805 eo
412 1780 480 1806 artis
493 1787 524 1806 ac
541 1781 647 1815 sagacis
663 1781 803 1809 industria:
817 1783 886 1810 resi-

87 1822 159 1849 'drre
189 1823 312 1857 potuisse
348 1832 468 1858 unquam
505 1826 721 1860 suspicarentur.
753 1826 886 1855 Prmfatus

93 1867 222 1894 videlicet
240 1868 329 1902 palam
344 1873 408 1896 tunc
424 1874 466 1896 est
479 1870 552 1897 scire
565 1878 627 1897 sese
643 1879 768 1906 ntagna'n
783 1873 884 1907 passim

93 1914 119 1940 iu
144 1914 351 1948 oppressionem
366 1915 454 1950 plebis
475 1917 581 1944 misum
594 1917 756 1952 injuriarum
776 1918 886 1952 impune

93 1963 234 1990 licentiam
252 1965 384 1998 grassari,
402 1965 553 1999 majoribus
575 1966 705 1998 minores,
723 1967 886 1996 fortioribus

95 2009 291 2037 imberilliores
316 2011 515 2045 obterentibus,
543 2019 576 2040 eo
593 2013 665 2047 quod
684 2017 759 2039 tutor
773 2014 883 2048 inopum

95 2056 211 2083 exsistat
225 2057 329 2084 nullus.
345 2056 400 2085 llas
417 2065 446 2084 se
466 2058 517 2085 sibi
535 2063 625 2092 partes
642 2060 714 2086 ultro
726 2059 886 2094 deposcere,

97 2102 350 2130 circumventorum
380 2111 394 2130 a
422 2105 623 2138 potentioribus
644 2105 886 2141 protr-gelidorum.

95 2148 161 2182 Quae
184 2156 306 2183 praesens
334 2149 484 2184 imperator
507 2152 596 2178 statim
615 2151 734 2179 obnoxie
757 2160 887 2187 compro-

97 2194 177 2225 bans,
195 2201 290 2230 ageret
304 2203 371 2223 sane
383 2203 413 2224 se
431 2197 534 2224 libente
547 2205 579 2224 ac
595 2198 732 2232 cupiente,
748 2200 886 2234 reposuit:

940 1591 1021 1619 sariis
1044 1599 1139 1619 eorum
1164 1591 1358 1626 judicibusque
1382 1588 1489 1622 citatis;
1514 1592 1541 1615 et
1560 1595 1575 1615 e
1592 1586 1727 1614 sententia

940 1638 1122 1674 quorumdam
1140 1637 1326 1664 adhibitorum
1344 1636 1378 1663 ab
1394 1635 1545 1662 Athanasio
1564 1634 1732 1666 antistitum,

942 1692 1013 1712 novo
1038 1683 1152 1720 judicio,
1179 1683 1329 1710 secundum
1349 1686 1411 1709 vota
1427 1680 1667 1716 conquerentium,
1682 1687 1730 1706 ve-

940 1735 997 1758 tera
1016 1728 1262 1765 rcscindebantur),
1280 1730 1474 1764 plerarumque
1492 1728 1637 1762 impetrare
1651 1726 1730 1760 quid-

941 1776 1012 1810 piam
1039 1776 1073 1802 ab
1093 1776 1216 1810 Augusto
1242 1774 1442 1802 intercessione
1459 1779 1512 1801 tam
1527 1773 1639 1808 gratiosi
1658 1771 1732 1806 apttd

940 1822 1031 1856 ipsum
1061 1821 1200 1857 sequestri
1227 1820 1418 1856 cupientium,
1453 1819 1615 1854 libellosque
1644 1819 1677 1846 ad
1705 1818 1731 1845 id

940 1868 1132 1902 offerentium;
1167 1867 1289 1903 qualium
1321 1868 1400 1895 densi
1432 1867 1521 1894 fasces
1553 1866 1668 1894 subinde
1698 1865 1731 1891 ad

941 1915 1135 1949 imperatorem
1153 1914 1360 1946 deferebantur,
1383 1912 1442 1948 ipso
1466 1913 1584 1939 libenter
1607 1915 1733 1938 sumente

941 1960 1064 1995 singulos
1087 1960 1115 1987 in
1136 1967 1249 1986 manum
1275 1964 1301 1986 et
1325 1962 1450 1994 prompte
1470 1965 1503 1985 ac
1522 1958 1637 1991 benigne
1651 1964 1732 1990 expe-

943 2006 1044 2034 diente.
1069 2006 1157 2033 Cursu
1187 2011 1243 2032 tam
1270 2012 1404 2040 prospero
1437 2009 1519 2031 eunte
1547 2002 1732 2030 restitutionis

942 2053 1084 2080 Athanasii
1117 2053 1248 2088 negotio,
1283 2051 1428 2087 adjiciendi
1454 2051 1479 2079 ei
1510 2050 1732 2085 quamprimum,

942 2101 1014 2136 quod
1035 2108 1118 2127 unum
1149 2101 1182 2127 ad
1209 2099 1368 2127 coronidem
1394 2098 1485 2125 adhuc
1515 2098 1628 2130 deerat,
1661 2095 1733 2123 acris

942 2155 1006 2175 cura
1022 2147 1107 2174 subiit
1125 2147 1330 2182 imperatorem.
1350 2145 1465 2172 Videbat
1484 2145 1507 2172 is
1525 2143 1733 2178 refrixissejam

943 2195 1015 2229 apud
1034 2201 1129 2221 omnes
1146 2193 1292 2228 plurimum
1315 2193 1430 2227 gratiam
1446 2191 1572 2223 Joannis,
1595 2198 1644 2217 nec
1659 2191 1732 2217 mut-

96 2240 122 2268 id
139 2249 168 2268 se
181 2241 237 2275 jam
252 2249 327 2268 nunc
343 2242 391 2273 illi,
406 2243 529 2270 omnium
548 2244 607 2270 viso
620 2244 653 2271 ad
668 2244 720 2272 hoc
734 2245 886 2279 aptissimo,
904 2240 926 2267 D
941 2245 997 2268 tum
1012 2241 1071 2275 ejus
1083 2239 1162 2267 modo
1175 2239 1368 2274 neglectissimi
1382 2242 1538 2273 respectum
1551 2237 1732 2268 obstiturum,

96 2286 239 2320 imponere
255 2287 386 2320 otlicium,
405 2288 589 2322 cognoscendi
605 2289 763 2317 vexationes
779 2290 889 2317 tenuio-

98 2340 158 2359 rum
191 2333 281 2367 iisque
310 2334 475 2368 opitulandi.
505 2334 596 2367 Quare
625 2335 700 2363 fores
727 2336 759 2363 de
783 2340 888 2364 metere

99 2380 230 2413 panderet
254 2379 396 2407 destitutis
412 2380 540 2415 praesidio
562 2382 706 2416 passisque
723 2382 888 2409 calumniam

99 2426 279 2453 admittendis
301 2426 512 2462 audiendisque,
531 2427 613 2462 37o
628 2428 686 2455 sive
702 2429 762 2463 quis
775 2429 890 2456 amictus

101 2473 195 2506 iniquo
210 2472 318 2506 judicio
333 2473 534 2500 restitutionem
555 2473 580 2500 in
603 2474 740 2507 integrum
761 2475 890 2510 postulet,

102 2527 149 2546 seu
182 2520 363 2553 imperatoria
388 2519 515 2555 indigens
546 2521 632 2555 gratia
662 2529 772 2548 suarmn
800 2522 833 2548 ad
860 2529 890 2549 se

102 2574 214 2601 precum
240 2566 376 2593 eﬂicaccm
403 2566 525 2600 requirat
550 2567 739 2602 interpretem.
758 2567 825 2593 Nam
844 2568 890 2602 qui

101 2614 140 2640 sic
159 2620 214 2647 prae
232 2621 261 2640 se
277 2612 347 2639 ferat
363 2621 394 2639 ex
419 2614 512 2640 animo
529 2614 677 2640 comtolere
693 2621 722 2640 so
741 2613 890 2640 infelicium

103 2661 245 2692 arumnis,
276 2660 338 2694 quis
364 2667 396 2686 eo
423 2660 454 2687 ad
481 2661 542 2687 illas
565 2659 748 2687 sublevandas
775 2660 895 2687 inveniri

103 2711 186 2741 queat
212 2704 323 2740 aptior?
347 2704 410 2732 Haec
426 2706 517 2733 locuto
540 2713 632 2733 coram
658 2706 784 2734 omnibus
809 2706 893 2733 Atha-

104 2755 193 2785 nasio,
210 2759 239 2779 et
259 2753 293 2779 ad
318 2759 349 2779 ea
376 2752 422 2778 tali
448 2753 563 2787 Augusti
588 2759 719 2786 responso
744 2760 759 2779 ο
784 2752 894 2779 cunctis

102 2799 204 2832 pariter
234 2797 341 2827 audito.
371 2797 433 2830 quis
460 2804 513 2824 non
541 2797 668 2831 intelligit
690 2801 792 2831 quanta
812 2797 894 2824 fuerit

103 2842 302 2870 Athanasianis
321 2841 438 2869 facultas
454 2842 544 2869 addita
561 2849 605 2869 res
621 2842 742 2876 ipsorum
754 2849 803 2877 pro
817 2842 894 2870 libito

104 2887 305 2923 promerendi?
324 2886 411 2921 Atque
437 2887 488 2914 ista
515 2887 635 2914 involuta
661 2891 724 2913 tunc
741 2886 851 2922 quidem
867 2891 894 2914 et

941 2287 1090 2323 quominus
1110 2287 1141 2314 ad
1159 2286 1354 2319 Athanasium,
1370 2293 1425 2321 quo
1442 2285 1576 2312 inclinare
1593 2284 1739 2311 fautorum

941 2333 1056 2361 Joannis
1074 2333 1125 2367 ipsi
1148 2333 1290 2367 principes
1311 2332 1367 2367 jam
1385 2336 1481 2366 aperte
1498 2334 1649 2366 coeperant,
1666 2337 1736 2357 una-

941 2380 1009 2407 nimi
1034 2379 1127 2406 cuneti
1151 2386 1266 2406 assensu
1292 2378 1494 2405 incumberent.
1514 2376 1631 2404 Vocatos
1650 2376 1735 2412 igitur

942 2426 1087 2461 episcopos
1101 2424 1225 2452 studiose
1251 2424 1392 2459 Angustus
1410 2423 1525 2458 urgebat
1540 2423 1572 2450 ad
1592 2430 1649 2449 rem
1665 2423 1733 2450 adeo

942 2471 1077 2498 hactenus
1106 2474 1262 2505 provectam
1287 2470 1368 2505 plene
1394 2470 1504 2497 tandem
1525 2469 1732 2497 absolvendam.

942 2518 1056 2544 lnivissc
1083 2516 1136 2550 iam
1167 2515 1349 2544 Athanasium
1382 2515 1586 2550 possessionem
1614 2514 1734 2549 patriar‘

943 2563 1042 2590 cbatus
1057 2563 1136 2598 371
1156 2570 1254 2598 magna
1269 2570 1302 2589 ea
1318 2569 1350 2589 ex
1369 2565 1447 2597 parte
1473 2561 1554 2589 istius
1577 2560 1656 2588 officii
1673 2568 1734 2595 quzc

943 2608 977 2635 ad
992 2608 1161 2644 judiciorum
1175 2607 1375 2635 correctionem
1389 2607 1672 2641 intercessionemque
1684 2613 1734 2640 pro

944 2654 1089 2689 egentibus
1111 2662 1162 2689 ope
1176 2654 1326 2688 pertineret
1343 2662 1349 2681 :
1371 2661 1405 2681 ne
1423 2659 1619 2681 cunctarentur
1634 2659 1732 2679 nomen

944 2704 968 2728 ei
991 2702 1173 2736 thronumque
1188 2701 1354 2736 patriarchae
1372 2700 1502 2736 adjicere,
1519 2700 1597 2735 cujus
1611 2699 1735 2726 ministe-

945 2749 1016 2775 rium
1035 2748 1162 2782 impleret
1177 2747 1356 2775 laboriosiori
1369 2748 1424 2783 jam
1440 2754 1472 2774 ex
1488 2751 1576 2782 parte.
1601 2745 1689 2779 Atque
1703 2748 1735 2771 ut

946 2794 973 2821 in
991 2801 1024 2821 eo
1042 2794 1130 2829 magis
1152 2794 1296 2829 magisque
1320 2794 1484 2822 eniteretur.
1511 2791 1658 2824 instigabat
1679 2791 1734 2816 An-

946 2839 1092 2867 dronicum
1110 2847 1172 2874 spes
1186 2839 1310 2874 quaedam
1327 2839 1513 2866 curaudorum
1537 2836 1662 2871 protinus
1675 2834 1735 2871 (Dei

948 2887 1051 2914 Scilicet
1069 2893 1119 2920 ope
1137 2893 1185 2920 per
1205 2885 1258 2919 ipsi
1275 2885 1466 2913 charissimam
1480 2881 1660 2908 Athanasium
1675 2888 1738 2908 mox
