1953 3065
678 106 688 119 \

257 119 307 150 427

851 124 1013 154 GEORGII
1031 125 1209 156 PACllYME
1216 129 1272 158 {LE

1834 136 1887 168 423

254 177 357 203 ῦαίνειν
373 177 540 212 εἰργόμενοι.
555 178 665 205 Βασιλεῖ
685 179 713 205 δὲ
727 179 787 206 οὐδὲ
808 180 919 214 διωρίαν
942 181 1040 216 βουλῆς
1057 185 1078 211 Λ
1094 183 1220 218 κλησίαις
1235 186 1350 219 καὶ¹τοῖς
1361 189 1469 222 βασιλεῖ
1485 191 1719 225 παρασπίζονσιν,
1734 194 1886 227 ἀφεικότας

248 225 380 258 παρεῖχον
409 224 596 261 ἀγγελλόμενα
619 226 653 253 τὰ
671 226 755 253 δεινά.
775 227 830 254 Καὶ
855 228 884 254 τὸ
907 229 955 263 μὲν
981 228 1036 264 γὰρ

247 268 427 296 ἀνθίστασθαι
455 271 502 297 καὶ
528 272 725 307 ἀντιπαράγειν
752 273 869 305 ἐκείνοις
900 274 1035 309 στρατεύ-

248 324 319 350 ματα
347 317 449 352 ἄπορον
473 315 518 353 ἦν.
547 318 580 344 Al
598 319 647 354 μὲν
661 319 715 355 γὰρ
733 319 888 354 Ῥωμαϊκαὶ
902 319 1036 355 δυνάμεις

246 364 295 399 οὐχ
311 364 384 396 ὅπως
411 365 584 400 ἐξησοένουν,
612 366 680 392 ἀλλὰ
706 367 753 392 καὶ
772 367 900 401 προνοίας
929 367 1036 394 ἀπολω-

246 411 366 444 λεκότες,
385 411 516 445 ἀνατολὴν
547 412 695 446 φεύγοντες
721 413 768 438 ἐπὶ
792 412 895 444 δύσεως
912 413 1033 448 ὥρμων,

246 457 472 492 περιποιούμενοι
489 459 597 490 ἑαυτοῖς
627 459 707 493 μόνον
732 458 761 485 τ’)
789 458 855 494 ζῇν·
878 460 989 495 ἑτέρους
1012 460 1035 486 δ’

245 503 411 538 ὲγκαθιστᾷν
430 504 477 530 ἐπὶ
495 505 587 539 ῥητοῖς
600 505 714 539 γέρασιν
727 504 869 539 ἀμήχανον
883 502 928 539 ἦν.
949 505 1035 540 Θερα-

245 549 339 575 πεύειν
350 549 371 575 δ’
385 548 464 580 αὖθις
479 549 637 584 ὸμυλογίαις
649 550 680 575 τὸ
696 550 830 584 Περσικὸν
845 549 907 576 οὔτε
924 551 954 578 τὸ
966 551 1032 586 πρέ-

246 603 294 621 πον
314 595 411 626 ἐδίδου,
438 597 484 622 καὶ
498 596 586 627 ἄλλως
607 596 710 631 ἄπορον
726 594 761 631 ἦν
780 596 867 623 τόσων
882 597 968 624 ὄντων
986 597 1033 624 καὶ

245 641 382 676 διαφόρων
408 642 456 673 τὰς
480 642 601 676 γνώμας,
622 643 668 668 καί
684 642 709 676 γ’
728 642 773 668 ἐπὶ
789 642 915 669 τοσοῦτον
931 643 1034 677 ἡγεμό-

244 696 297 714 νων
313 688 492 722 ἐγνωσμένων
510 689 566 719 τοῖς
587 689 676 720 ἄλλοις
698 689 741 722 ἐφ’
764 688 826 715 ὅσον
842 689 985 715 σκυλεύειν
1001 698 1030 715 τε

242 734 289 761 καὶ
302 734 454 768 κερδαίνειν
466 735 522 766 τοῖς
536 735 767 769 ὑποτεταγμένοις
781 735 856 769 ἐξῆν,
875 735 908 770 ἣν
925 735 953 761 δέ
978 744 1029 762 που

241 781 288 806 καὶ
301 780 450 815 καθυφοῖτο
465 781 478 806 ὁ
489 780 564 814 ἄγων
583 780 599 815 ἢ
612 780 709 815 δώροις
721 780 736 816 ἦ
753 781 856 815 χάρισι,
872 781 1029 815 ζητούντων

240 827 334 860 ἕτερον
351 827 396 853 τὸν
423 827 521 858 αὐτοὺς
546 826 644 859 ἄξοντα
670 827 716 853 ἐπὶ
737 827 899 862 σκυλευμοῖς
925 837 955 854 τε
982 829 1028 854 καὶ

240 873 358 907 κέρδεσι.
379 872 433 899 Καὶ
446 873 489 899 διὰ
508 872 595 899 ταῦτα
611 873 640 898 ἓν
659 872 713 899 τῶν
729 873 888 907 ἀναγκαίων
903 874 977 906 ἔδοξε
989 875 1028 909 τῷ
1044 860 1068 889 Β

239 919 328 954 καιρῷ
340 918 456 950 καὶτοῖς
478 919 612 952 ἐφεστῶσι
628 918 786 954 πράγμασι,
806 919 836 945 τὸ
852 920 1028 954 περιλειφθὲν

237 965 318 996 τέως,
336 966 396 991 ὅσον
410 966 438 990 ὲν
457 965 596 1000 προνοίαις
614 965 740 992 ἐτάττετο
757 967 854 1000 μοναῖς
869 974 899 992 τε
916 967 962 992 καὶ
983 968 1027 993 ἐκ·

239 1108 299 1126 nun
319 1103 414 1134 pectus
439 1098 512 1134 capit
540 1098 676 1132 planeque
705 1105 737 1125 ex
768 1097 840 1125 Orco
866 1098 956 1132 afilata,
985 1098 1026 1125 in-

237 1146 329 1173 stincti
347 1144 462 1172 audacia
479 1149 505 1171 ct
522 1144 635 1176 ferocia,
652 1145 705 1170 ritu
723 1147 805 1170 vcnto
819 1144 927 1178 impulsi
942 1145 1024 1172 vehe-

237 1193 336 1220 mentis
371 1191 501 1222 incendii,
529 1195 630 1218 cuncta
660 1190 846 1224 corripiebant
878 1198 1025 1218 consume-

186 1226 194 1232 .
237 1239 357 1272 bantque
390 1236 481 1268 obvia,
514 1236 583 1263 mari
614 1236 674 1264 solo
712 1243 746 1263 ne
774 1236 847 1262 ultra
878 1238 1023 1265 tenderent

236 1285 346 1312 retenti.
382 1283 483 1310 llorum
503 1290 568 1309 ausa
599 1287 626 1309 et
654 1287 714 1309 acta
732 1289 782 1309 nec
808 1287 945 1310 momento
961 1291 1022 1311 ces-

236 1330 362 1358 santibus
382 1331 577 1364 imperatorem
606 1329 750 1355 obruentia
765 1328 872 1355 nuntiis
890 1337 924 1355 ne
940 1329 1022 1361 breve

233 1376 344 1411 quidem
369 1376 490 1411 spatium
507 1375 531 1402 ei
551 1375 584 1402 ad
599 1374 811 1402 consultandum
830 1374 1021 1409 relinquebant

234 1424 363 1450 liberum.
396 1424 486 1456 Atque
523 1421 588 1448 huic
618 1421 729 1454 quidem
761 1420 879 1447 exeundi
911 1420 1019 1448 obviam

233 1469 359 1496 barbaris
387 1466 600 1501 opponendiqne
626 1466 660 1493 iis
678 1459 769 1500 j'ustos
792 1465 929 1492 exercitus
947 1466 1019 1493 nulla

231 1521 344 1548 prorsus
360 1512 475 1540 facultas
493 1513 598 1539 aderat.
617 1511 685 1538 Nam
707 1511 838 1538 Romana:
853 1512 939 1545 copia-
965 1520 1018 1539 non

231 1559 380 1587 debilitatae
410 1562 516 1586 tantum
547 1562 637 1591 erant,
668 1557 716 1585 sed
745 1557 839 1584 fractae
866 1564 898 1584 ac
927 1556 1020 1584 deleta

232 1606 367 1636 funditus,
385 1605 496 1632 amissis
525 1607 552 1631 ct
567 1603 697 1631 domibus
717 1607 744 1630 et
757 1602 911 1636 stipendiis.
926 1602 1020 1636 Itaque

230 1660 262 1679 ex
294 1651 407 1680 Oriente
437 1651 583 1685 fugientes,
616 1648 718 1683 passim
746 1648 891 1676 ordinibus
921 1648 1020 1676 solutis

231 1689 280 1731 pro
319 1703 350 1723 se
378 1696 495 1731 quisque
517 1695 545 1722 in
564 1694 739 1722 Occidentem
771 1694 968 1729 properabant,
991 1695 1018 1720 iu

232 1744 307 1770 lucro
331 1747 463 1778 ponentes
477 1741 550 1776 quod
564 1741 653 1768 solum
664 1741 797 1773 viverent,
814 1744 843 1768 et
856 1748 906 1775 pro
918 1742 1018 1768 misero

231 1788 331 1822 spiritu
350 1787 484 1815 trahendo
502 1787 568 1814 nihil
586 1785 688 1821 pacisci
702 1786 858 1813 recusaturi
880 1786 1018 1814 servitutis

231 1843 262 1862 ac
289 1834 444 1862 dedecoris.
466 1833 557 1861 Noros
588 1833 692 1860 trahere
709 1831 829 1860 delectus
843 1833 1018 1867 praemiisque

230 1881 376 1916 promissis
394 1880 464 1908 alios
488 1879 601 1906 allicere
613 1879 665 1906 sub
681 1878 758 1914 signa
778 1879 879 1906 milites
906 1887 1018 1913 prorsus

229 1935 313 1962 supra
327 1927 398 1954 vires
411 1931 479 1958 erat,
501 1933 562 1953 cum
581 1933 631 1953 nec
651 1929 713 1960 apta
728 1925 833 1952 militia:
856 1925 888 1951 ad
906 1933 1015 1953 manum

227 1973 358 2006 juventus
377 1971 483 2000 adforet
498 1975 526 1999 ct
552 1971 643 1998 aerarii
672 1971 763 2006 palam
780 1971 906 1998 exhausti
920 1972 1015 1999 conci-

228 2019 313 2045 disset
338 2018 414 2046 fides.
447 2017 580 2044 Restabat
606 2021 636 2043 ut
655 2017 695 2043 vel
726 2017 814 2051 turpis
829 2022 855 2044 et
884 2017 1016 2046 damnosa

227 2073 278 2099 pax
297 2064 435 2091 adulando
452 2064 517 2090 indu
526 2062 621 2090 cendis
633 2063 666 2090 ad
680 2070 823 2090 assensum
839 2063 865 2090 in
881 2063 1017 2091 conditio-

229 2118 277 2137 nes
296 2110 375 2136 nobis
393 2109 554 2144 probrosas,
573 2108 641 2143 ipsis
656 2108 772 2143 amplas,
791 2108 880 2136 Persis
893 2116 1014 2143 quomo-

226 2156 371 2190 docnnquc
398 2159 561 2182 tentaretur.
574 2154 614 2181 Ad
631 2154 657 2181 id
669 2155 814 2183 consilium
829 2159 1013 2190 prmterquam

227 2201 335 2236 imperii
365 2201 454 2228 honor
489 2205 515 2228 ct
550 2199 666 2227 Romani
695 2200 815 2227 nominis
843 2201 1012 2228 existimatio

227 2249 360 2274 hactenus
391 2251 446 2274 tam
475 2251 591 2281 augusta
618 2247 774 2280 respuebat,
793 2247 873 2274 etiam
891 2251 1008 2282 quanto-

225 2301 334 2329 cunque
362 2297 461 2320 conatu
480 2297 681 2327 capesseretnr,
699 2299 827 2319 successu
846 2293 924 2326 plane
938 2293 1010 2320 cari-

225 2346 314 2368 turum
331 2340 419 2376 palam
448 2344 518 2372 erat,
536 2339 665 2374 quoniam
682 2343 709 2365 et
734 2344 773 2366 tot
793 2343 882 2366 essent
899 2344 1009 2375 tamque

225 2386 445 2421 discrepantibus
469 2386 614 2414 sententiis
641 2385 725 2412 duces
751 2384 797 2411 isti
814 2385 1007 2418 barbarorum,

223 2438 254 2460 ut
277 2437 304 2460 et
334 2433 479 2459 universos
505 2431 607 2466 pariter
635 2438 687 2457 una
718 2431 903 2458 conventione
928 2439 1008 2466 posse

224 2477 419 2513 comprehendi
445 2485 527 2512 supra
557 2483 632 2510 spem
662 2481 747 2508 esset,
773 2480 801 2504 et
824 2477 845 2503 si
875 2478 1007 2511 quosdam

223 2526 330 2549 tantum
348 2521 540 2553 demerercris,
561 2520 628 2547 nihil
643 2527 756 2555 ageres:
779 2522 878 2550 milites
907 2523 1008 2558 quippe

222 2569 344 2603 ipsorum
374 2575 471 2594 omnes
497 2565 597 2601 praedis
624 2566 761 2594 inhiantes
787 2566 956 2600 avidissime,
973 2570 1008 2596 ab

221 2621 254 2640 eo
269 2613 427 2647 quicunque
455 2618 548 2646 pacem
575 2610 694 2643 fecisset,
717 2611 750 2638 ad
768 2612 837 2639 alios
865 2620 880 2638 a
907 2613 1006 2648 quibus

220 2659 302 2695 390
330 2664 437 2692 raptum
470 2657 717 2695 latrocinatumquc
745 2657 920 2692 ducerentur,
945 2668 1007 2688 sese

220 2705 394 2740 aggregaturi
423 2704 516 2731 statim
545 2704 646 2736 fcrent,
674 2705 813 2732 eteadem
841 2706 922 2734 nobis
937 2707 1007 2734 duce

219 2756 324 2778 mutato
344 2751 444 2777 damna
473 2750 585 2776 illaturi.
606 2749 667 2776 llaec
681 2756 779 2776 cuncta
808 2751 1007 2779 consideranti-

218 2798 268 2825 bus
282 2805 366 2824 unum
381 2797 523 2827 duntaxat,
540 2803 622 2829 grave
633 2795 699 2822 illud
713 2795 820 2830 quidem
833 2797 1004 2831 ctiuiquum,

219 2844 267 2872 sed
293 2844 366 2879 quod
393 2842 451 2872 sola
482 2842 580 2869 victrix
611 2842 700 2876 legum
733 2842 871 2876 ctjurinm
906 2851 1002 2871 secura

1091 229 1144 255 τῶν
1162 230 1318 265 δεσποτῶν,
1335 234 1441 261 τάττειν
1457 237 1497 267 εἰς
1515 239 1725 271 στρατιωτικδν,
1744 240 1814 276 πλὴν
1836 242 1885 268 καὶ

1092 276 1294 309 μονοκελλικὸν,
1313 278 1484 312 ξύμπαντας,
1499 282 1537 312 ὡς
1557 283 1682 309 ἐντεῦθεν
1695 285 1793 317 αὐτοὺς
1809 287 1884 312 sui.

1089 330 1146 354 νοις
1156 323 1227 358 ὑπὲρ
1236 324 1290 350 τῶν
1307 325 1382 351 ἰδίων
1394 327 1599 361 προσμένοντας
1614 329 1761 364 μάχεσθαι.
1773 332 1884 358 Ἐστὲλ-

1088 368 1150 394 λετο
1162 370 1309 404 τοιγαροῦν
1327 372 1372 397 καὶ
1389 373 1462 407 παρὰ
1479 374 1652 409 πατριάρχου
1670 375 1766 407 ϐαλλὺς
1787 377 1883 409 ἐλαίας

1087 414 1245 450 ἀναυδῆτως
1259 416 1298 451 τῷ
1311 416 1420 450 ἄνακτι,
1438 418 1500 445 ὅθεν
1514 419 1562 446 καί
1574 429 1599 447 τι
1620 420 1734 457 οαῤῥεῖν
1750 420 1807 457 εἶχε
1823 425 1880 450 τῶν

1086 461 1198 494 ἀγαθῶν
1213 463 1245 488 ἐκ
1258 463 1307 497 τῆς
1319 465 1383 498 περὶ
1395 465 1477 492 αὐτόν
1490 466 1514 492 οἱ
1529 467 1662 502 μεγίστης
1677 467 1878 504 πληροφορίας.

1087 505 1127 532 Τὰ
1143 505 1164 532 δ’
1180 504 1248 541 ἦσαν
1267 508 1295 534 ὲν
1316 509 1411 543 μόναις
1427 510 1548 545 βουλαῖς·
1568 511 1646 538 obrue
1660 513 1714 548 γὰρ
1731 515 1880 548 ἐφίσταντο

1085 548 1125 582 οἷς
1139 549 1173 586 ἦν
1193 554 1409 589 ἐπιτεταγμένον
1429 556 1517 583 ταῦτα
1535 558 1679 591 πράττειν,
1699 559 1744 585 καὶ
1760 560 1790 585 τὸ
1807 561 1878 596 Περ-

1085 599 1159 624 σικὸν
1188 600 1353 635 πολλαχόῦεν
1380 602 1593 635 ὲπεισὸαλὸντες
1623 605 1686 636 τοὺς
1717 605 1767 639 μὲν
1794 607 1878 640 ἔργον

1084 644 1227 671 καθιστᾶσι
1244 647 1395 682 μαχαίρας,
1417 649 1474 674 ὅσοι
1494 649 1522 675 δέ
1539 658 1571 683 γε
1595 650 1642 676 καὶ
1659 651 1771 686 ἴσχυσαν
1788 653 1876 686 ἐκτυ-

1082 691 1150 723 γεῖν,
1160 690 1200 725 τῷ
1209 692 1257 726 τῆς
1270 693 1390 725 Κυζίκου
1402 696 1586 731 ἐπιτειχισμῷ
1599 696 1661 731 ἄρτι
1671 697 1731 723 τότε
1745 699 1875 725 συστάντι

1082 736 1159 771 παρὰ
1169 737 1214 763 τοῦ
1226 738 1256 764 ὲν
1265 738 1333 774 αὐτῇ
1345 740 1478 775 προέδρου
1489 741 1626 776 Νίφωνος,
1643 742 1739 776 ἀνδρὸς
1753 743 1874 778 δραστη-

1082 781 1141 817 ρίου
1159 783 1207 810 καὶ
1236 783 1364 817 γνώσεως
1387 786 1522 820 ὲπηὸόλου
1546 787 1593 813 καὶ
1617 788 1646 813 οὺ
1666 788 1767 822 μᾶλλον
1786 798 1872 815 πνευ-

1083 830 1209 862 ματικοῖς
1223 829 1238 864 ἢ
1255 832 1399 865 κοσμικαῖς
1416 831 1548 866 τρίϐωνος
1563 832 1606 868 [Ρ.
1624 833 1689 869 27H
1709 835 1869 869 πράγμασι,

1083 874 1213 910 φέρσντες
1236 877 1350 909 ἑαυτοὺς
1365 878 1412 904 καὶ
1427 881 1561 912 γυναῖκας
1584 881 1633 907 καὶ
1649 881 1733 907 τέκνα
1750 881 1797 907 καὶ
1814 882 1871 913 ζῶα

1083 920 1130 946 καὶ
1151 920 1269 955 ὓπαρξιν
1285 923 1508 956 ἐγκατέκλεισαν.

1080 1099 1233 1127 necessitas
1249 1100 1274 1127 in
1289 1104 1410 1128 extrema
1438 1104 1560 1130 omnium
1578 1103 1734 1138 rcipublicm
1755 1106 1868 1134 calami-

1080 1150 1135 1172 tate
1161 1150 1302 1181 utcunque
1327 1147 1471 1175 tolerabile
1500 1154 1680 1183 monstraret,
1695 1160 1756 1180 scsc
1773 1154 1868 1180 consiv

1080 1191 1147 1218 lintn
1164 1191 1299 1219 offerebat
1326 1193 1381 1220 tale
1406 1194 1555 1228 quoddam,
1586 1200 1614 1223 ut
1630 1198 1776 1232 pensiones
1806 1207 1868 1234 quas

1078 1237 1169 1266 adhuc
1201 1246 1216 1266 e
1252 1239 1318 1266 ﬁsco
1344 1239 1517 1268 solverentur
1545 1248 1641 1270 omnes
1660 1245 1772 1272 omnino
1802 1247 1866 1280 qni-

1077 1283 1182 1316 busvis,
1212 1286 1386 1313 monasteriis
1410 1287 1492 1313 etiam
1521 1292 1548 1316 et
1574 1289 1709 1323 ecclesiis,
1734 1296 1864 1319 auctora-

1077 1333 1222 1364 mentaque
1237 1330 1306 1357 adeo
1326 1331 1383 1366 ipsa
1405 1332 1636 1365 praetorianorum
1668 1335 1862 1368 imperatorem

1076 1375 1300 1407 custodientium,
1320 1377 1402 1404 unico
1430 1385 1462 1404 ex
1493 1379 1623 1406 onmibus
1653 1387 1768 1415 accepto
1787 1384 1861 1415 quod

1076 1420 1285 1448 mouocellicum
1311 1422 1459 1455 appellant,
1475 1423 1595 1451 dominis
1612 1433 1684 1452 nunc
1703 1430 1729 1452 et
1750 1434 1863 1461 posscs-

1074 1466 1183 1494 soribus
1208 1474 1303 1494 eorum
1328 1469 1361 1495 ad
1381 1473 1488 1504 tempus
1501 1469 1669 1504 cedentibus,
1690 1476 1862 1501 verterentur

1075 1512 1101 1538 in
1115 1513 1251 1547 stipendia
1264 1514 1513 1547 conquirendorttm
1535 1517 1714 1552 undecunque
1731 1519 1860 1553 militum,

1072 1566 1140 1592 (ιιιοε
1155 1560 1201 1593 qui
1218 1559 1258 1586 sic
1285 1560 1388 1586 alerent
1405 1561 1522 1595 propriis
1556 1562 1582 1588 in
1601 1570 1649 1590 eos
1680 1565 1860 1597 pensionibus

1073 1605 1225 1637 translatis,
1255 1613 1350 1632 eorum
1391 1607 1445 1634 sibi
1483 1607 1696 1636 substitulorum
1733 1612 1859 1638 manibus

1072 1658 1204 1685 pugnare,
1219 1651 1283 1679 licet
1308 1651 1381 1679 domi
1398 1659 1551 1686 manentes,
1573 1658 1600 1682 ct
1618 1659 1673 1683 tam
1699 1658 1859 1685 necessario

1071 1699 1193 1730 tempore
1208 1697 1278 1724 tueri
1294 1704 1349 1724 rem
1362 1702 1390 1725 et
1401 1699 1579 1737 publicam'ct
1590 1701 1724 1736 privatam
1739 1703 1858 1738 quisque

1070 1749 1148 1768 suam
1164 1742 1334 1775 viderentur,
1352 1744 1450 1772 solatio
1468 1745 1583 1780 jactura:
1599 1751 1625 1774 et
1650 1749 1683 1775 ad
1700 1749 1792 1776 damni
1809 1758 1857 1784 pa.

1069 1787 1191 1815 tientiam
1220 1789 1358 1817 incentivo
1384 1798 1438 1818 non
1469 1792 1588 1820 modico.
1619 1793 1748 1822 Annuere
1764 1795 1807 1823 his
1830 1802 1858 1824 et

1069 1833 1185 1866 probare
1212 1835 1285 1869 quod
1315 1836 1347 1863 ad
1374 1844 1404 1863 se
1433 1837 1572 1871 attineret,
1589 1845 1722 1874 quantum
1748 1847 1807 1869 erat
1821 1843 1856 1870 de

1070 1881 1244 1909 monasteriis
1282 1886 1310 1909 et
1344 1883 1472 1911 ecclesiis
1501 1885 1657 1918 decretum,
1697 1888 1855 1923 significare

1067 1924 1141 1952 visus
1170 1927 1324 1959 patriarcha
1339 1933 1392 1960 est,
1423 1930 1509 1957 misso
1539 1931 1573 1958 ad
1603 1933 1755 1968 Augustum
1788 1936 1855 1963 alme

1068 1978 1155 2003 ramo,
1170 1973 1246 1999 nullo
1260 1974 1343 2001 verbo
1357 1974 1460 2002 addito.
1477 1976 1507 2003 Id
1521 1978 1603 2010 quod,
1620 1986 1669 2012 pro
1683 1979 1786 2014 ingenti
1800 1989 1853 2016 qua

1066 2023 1274 2053 praeoccupatus
1301 2020 1475 2049 Andronicus
1506 2027 1564 2049 erat
1583 2024 1725 2051 Athanasii
1755 2027 1853 2053 existi-

1066 2063 1188 2092 matione
1204 2072 1236 2092 ac
1251 2067 1414 2099 reverentia,
1441 2069 1563 2103 mysterii
1581 2070 1640 2097 loco
1674 2071 1707 2098 ab
1723 2079 1756 2099 eo
1772 2073 1852 2099 habi<

1066 2114 1123 2136 tum
1147 2110 1215 2137 etin
1241 2118 1301 2139 eam
1331 2113 1438 2141 scilicet
1467 2115 1722 2150 interpretationem
1742 2123 1851 2152 raptum

1064 2159 1116 2189 est,
1139 2162 1167 2183 ut
1185 2157 1260 2185 brevi
1282 2163 1440 2187 secuturam
1466 2168 1499 2188 ex
1527 2161 1608 2197 hujus
1626 2162 1724 2191 effectu
1742 2166 1850 2191 consilii

1027 2208 1223 2247 Dprosperam
1254 2211 1360 2238 pacem,
1377 2213 1431 2233 non
1460 2208 1568 2235 modico
1589 2207 1616 2235 in
1644 2209 1707 2236 sinu
1738 2211 1848 2245 gaudio,

1062 2247 1221 2275 conﬁderet.
1250 2248 1350 2277 Verum
1368 2251 1425 2278 hrec
1451 2253 1523 2281 haud
1540 2254 1609 2281 ultra
1628 2255 1847 2290 designationem

1061 2294 1254 2327 procedebant,
1271 2297 1429 2326 absentibus
1445 2299 1535 2328 adhuc
1559 2301 1613 2328 illis
1626 2301 1728 2335 quibus
1757 2302 1847 2330 fuerat

1061 2340 1141 2368 istius
1159 2342 1260 2369 decreti
1286 2346 1427 2371 exsecutio
1452 2346 1591 2374 mandata.
1615 2348 1726 2375 Interim
1755 2354 1846 2375 autem

1061 2386 1150 2414 Persa:
1175 2388 1357 2424 undecunque
1385 2390 1533 2424 irruentes,
1563 2400 1632 2428 quos
1660 2394 1769 2428 quidem
1798 2404 1846 2422 no-

1060 2435 1179 2459 strorum
1195 2435 1306 2470 assequi
1321 2440 1445 2470 potuere,
1462 2444 1638 2472 peremerunt
1651 2440 1768 2475 'gladio;
1786 2441 1844 2474 alii,

1059 2476 1159 2512 quibus
1186 2480 1259 2507 vires
1286 2481 1321 2508 ad
1351 2482 1442 2517 fugam
1463 2492 1515 2511 non
1533 2485 1656 2518 dcfucrc,
1683 2493 1846 2521 receperunt

1058 2531 1119 2552 sese
1147 2525 1218 2552 intra
1233 2528 1400 2556 munitiones
1418 2531 1521 2566 Cyzici,
1535 2540 1603 2567 quas
1629 2541 1725 2560 recens
1742 2534 1845 2561 validas

1058 2577 1182 2599 erexerat
1194 2574 1253 2608 ejus
1269 2575 1343 2602 urbis
1358 2584 1459 2610 praeses
1474 2577 1594 2613 Niphon,
1613 2580 1654 2605 vir
1672 2586 1802 2607 strenuus
1817 2587 1844 2609 et

1059 2615 1085 2642 in
1106 2619 1199 2649 paucis
1217 2619 1314 2652 solcrs,
1328 2629 1377 2648 nec
1393 2623 1418 2649 ill
1437 2624 1630 2658 spiritualibns
1647 2627 1734 2659 magis
1759 2633 1841 2660 quam

1058 2663 1236 2691 sa'cularibus
1251 2667 1368 2700 negotiis
1386 2675 1437 2695 usu
1459 2676 1557 2704 magno
1582 2671 1675 2698 tritus.
1693 2672 1766 2698 intra
1785 2672 1843 2699 haec

1057 2715 1121 2743 ergo
1137 2710 1304 2738 munimenta
1319 2711 1435 2741 Romani
1451 2723 1512 2742 cum
1530 2724 1559 2742 se
1578 2716 1651 2750 ipsos
1666 2724 1696 2743 ac
1712 2717 1842 2751 conjngv‘s

1057 2754 1224 2790 liberosque,
1243 2762 1298 2785 tum
1314 2761 1444 2787 animalia
1463 2767 1489 2788 et
1507 2763 1637 2796 reliquias
1669 2763 1706 2790 rei
1726 2764 1843 2790 familia-

1057 2801 1105 2833 ris,
1121 2810 1299 2838 quascuuque
1314 2806 1476 2835 subtrahere
1487 2808 1574 2836 furori
1587 2809 1734 2837 barbarico
1747 2810 1841 2837 value-

1056 2853 1126 2879 rant,
1142 2850 1347 2880 concluserunt.
