1953 3065
78 176 132 207 45Ἰ

537 173 585 202 DE
604 171 824 202 ANDRONICO
843 171 1075 202 PALREOLOGO
1101 171 1176 201 LIB.
1188 172 1224 202 V.

1657 168 1706 200 458

77 234 190 260 οἰκείων
205 233 261 263 τοῖς
279 231 327 258 ἀπ’
344 230 449 266 ἐχθρῶν
474 230 631 264 φεύγουσιν.
655 229 709 255 Ἑῶ
733 228 866 263 σωμάτων
883 232 904 260 Α
920 228 1174 263 ἐμπειροπολέμους
1191 227 1290 260 πεζοὺς
1309 228 1355 254 καὶ
1367 227 1499 259 ἀνόπλους
1509 226 1646 253 καθίστων
1661 227 1708 253 καὶ

78 278 335 314 ἀκρωτηρισσμοὺς
362 278 408 304 καὶ
427 277 525 311 φόνους
547 276 594 302 καὶ
613 275 775 311 μιασμάτων
789 283 871 309 φορυ-

77 326 125 352 τδν
141 324 243 355 ἄλλως,
261 321 302 355 οἷς
323 324 348 349 οἱ
369 323 485 358 ἀμύνειν
508 323 669 354 ἐπιστάντες
684 322 745 353 τοὺς
765 321 873 353 ἀθλίους

80 370 380 406 πυργηρουμένουςέκ
397 369 487 404 πάσης
503 368 664 403 περιέϐαλον
680 367 823 401 ἀπηνειας.
844 366 873 393 '0

79 418 136 453 γὰρ
165 417 238 450 σςᾶς
269 416 355 449 ἄγων,
379 415 410 441 τὸ
438 415 486 450 μὲν
521 414 758 449 προσθεραπεύειν
788 413 873 440 θέλων

80 465 205 494 ἐκείνους
219 463 256 493 ὡς
269 463 318 496 τῂν
342 462 429 497 ἀρχὴν
445 461 542 496 ἐκείνῳ
557 460 785 492 πεπιστευκότας,
800 459 829 486 τὸ
844 459 872 486 δὲ

81 510 176 542 δεδιὼς
191 509 238 536 τὸν
259 508 324 543 παρ’
338 509 425 534 αὐτῶν
440 507 571 540 κίνδυνον,
587 508 610 533 εἰ
626 507 708 533 αὑτοῦ
725 507 823 537 ἱκανῶς
840 506 874 532 τὰ

82 558 154 585 κατὰ
168 556 267 592 χρείαν
285 556 410 590 εὑρόντος
431 555 586 589 ὑστέρησαν
604 554 704 579 ἐκεῖνοι
719 553 774 579 τῶν
793 552 874 586 ἠλπι-

83 604 206 638 σμένων,
219 602 275 629 οὐδ’
295 600 420 628 ὁπωσοῦν
438 599 613 626 ἀναστέλλειν
637 596 719 633 εἶχεν,
746 597 804 624 ἀλλ’
831 599 874 624 ὲν-

83 650 171 676 εδίδου
190 648 268 682 σφίσι
284 647 318 673 τὰ
330 647 401 673 κατὰ
420 645 482 672 νοῦν
501 645 643 679 πράττειν,
658 644 705 670 καὶ
723 643 798 669 ταῦθ’
815 643 875 669 ἱκα-

83 695 228 731 νουμένοις
251 694 299 721 καὶ
326 694 380 724 τοῖς
406 693 438 719 ἐκ
463 691 593 727 βασιλέως
614 689 789 725 σιτηρεσίοις,
822 689 875 716 κᾶν

83 742 162 768 οὐδὲν
181 742 222 767 ἐτι
239 739 398 774 κατώρθουν
412 738 465 764 οὐδ’
482 737 549 768 ὅλως
564 737 708 771 ἔπραττον.
731 734 795 761 AUC
808 735 874 761 ἁνα-

85 789 206 824 ληπτέον
226 788 272 814 τὸν
297 786 377 820 λόγον
400 785 469 820 πρὸς
483 783 513 810 τὸ
528 783 703 810 εὐσύνοπτον.
719 780 875 815 Στρατηγὸς

85 834 119 871 ἦν
131 835 197 870 τῇδε
221 833 383 868 Μαρούλης,
399 832 445 858 καὶ
461 830 546 866 μέγας
568 829 659 864 ἄρχων
676 827 705 860 ἐξ
720 826 873 861 ἀξιώματος

84 881 237 912 ἑκλεϊζετο.
263 876 347 910 Οὗτος
369 878 402 904 τὰ
422 878 471 912 μὲν
489 876 602 902 πλεῖστα
625 874 721 908 ἐκείνῳ
744 873 872 908 προσεῖχε

83 930 128 955 καὶ
141 927 313 958 ἐθεράπευεν
328 924 507 958 ὑποκείμενος
520 922 601 956 (οὕτω
615 921 669 955 γὰρ
685 919 732 947 καὶ
748 919 778 945 τὺ
796 918 873 954 βασι-

81 971 158 998 λικὸν
177 970 306 996 ἐϐούλετο
331 966 519 1010 πρόσταγμξι),
544 966 614 997 τέως
634 965 656 992 δ’
671 962 719 991 οὖν
742 964 788 990 καὶ
808 965 871 995 τοὺς

81 1017 199 1047 οἰκείους
211 1015 303 1046 κακῶς
316 1015 379 1050 παρ’
392 1009 503 1040 ἐκείνων
515 1012 668 1047 πάσχοντας
679 1009 871 1044 κατῳκτίζετο,

83 1063 186 1098 μᾶλλον
203 1061 314 1096 μὲνόὒν
330 1060 377 1086 καὶ
393 1060 504 1086 συνίστα
517 1058 563 1085 καὶ
575 1057 767 1091 περιέθαλπεν.
778 1054 872 1083 Ἦπτο

82 1109 135 1143 γὰρ
144 1101 292 1134 ⁵κάκείνων
310 1106 339 1133 τὺ
355 1106 442 1132 κοινὸν
455 1106 543 1132 έκεῖνο
557 1104 652 1136 δεινὸν,
675 1104 723 1130 καὶ
734 1104 772 1135 είς
790 1112 873 1139 στρα-

81 1155 184 1186 τιώτας
200 1153 234 1190 [Ρ
248 1152 311 1188 289]
324 1151 507 1186 τεταγμένους
523 1151 563 1177 ἔτι
587 1150 633 1177 καὶ
649 1150 711 1180 ταῖς
730 1148 872 1185 ἀληθείαις

83 1251 111 1271 se
134 1242 317 1274 meminerat;
334 1246 362 1268 et
385 1240 407 1267 si
422 1239 530 1267 taedium
548 1238 609 1266 illos
631 1238 672 1265 sui
689 1237 818 1272 cepisset,
838 1245 873 1265 ne

83 1289 226 1316 auferrent
247 1287 321 1322 quod
332 1287 475 1318 dederam,
487 1286 551 1320 quin
567 1283 639 1312 etde
657 1291 687 1311 se
703 1284 795 1318 pejora
815 1288 873 1310 sta-

85 1339 204 1367 tuerent,
222 1333 371 1360 metuebat.
390 1332 466 1358 illam
484 1337 573 1358 autem
591 1330 699 1357 videbat
714 1334 741 1357 et
756 1329 874 1357 maxime

85 1382 194 1410 obviam
209 1385 236 1407 et
253 1378 523 1406 vehementissimam
538 1383 586 1403 eos
599 1379 693 1402 contra
705 1382 735 1403 se
748 1373 873 1401 irritandi

86 1428 233 1458 rationem,
248 1427 271 1453 si
290 1425 386 1460 plenus
409 1423 468 1458 ipse
482 1428 510 1451 et
521 1422 665 1450 abundans
681 1421 820 1455 congestis
840 1421 874 1448 ab

87 1475 255 1508 imperatore
269 1470 409 1498 donativis
423 1470 593 1497 intercedere
610 1475 643 1496 ac
658 1467 779 1494 cavillari
793 1466 875 1494 aude-

88 1525 136 1552 ret,
151 1518 302 1554 quominus
322 1516 364 1543 sui
382 1515 484 1542 milites
501 1521 550 1542 sua
567 1513 620 1541 sibi
634 1513 710 1540 lucra
724 1512 786 1547 jure
802 1512 874 1547 inju-

88 1565 161 1592 riave
196 1562 367 1591 conficerent
400 1564 427 1588 et
459 1567 631 1595 quaecunque
662 1557 876 1592 concupiverant

90 1613 244 1638 auferrent.
261 1608 347 1642 Cujus
363 1605 630 1641 ideoirnprnbissimi
643 1609 763 1640 quaestus
780 1602 879 1638 plenis:

89 1657 188 1684 simam
212 1655 281 1690 ipsis
299 1654 457 1681 facultatem
481 1651 650 1686 indulgebat,
678 1649 829 1677 connivens
846 1648 879 1675 ad

89 1702 190 1733 omnia,
205 1700 374 1736 etquidquid
387 1702 578 1730 attentassent,
592 1705 625 1724 ne
641 1697 753 1724 minimo
769 1695 878 1731 quidem

88 1753 154 1775 nutu
183 1748 235 1775 sibi
262 1746 354 1773 minus
374 1745 482 1781 probari
503 1744 644 1772 declarare
671 1742 832 1773 sustinens;
847 1748 880 1767 ne

90 1796 152 1822 dum
169 1799 199 1822 ut
215 1800 344 1820 coemere
358 1793 556 1826 increpareque
574 1789 688 1817 auderet
700 1788 784 1815 libere
798 1787 880 1814 obse-

89 1841 198 1876 quendo
226 1839 318 1874 pravis
335 1837 533 1872 cupiditatibus
564 1837 590 1862 in
621 1834 745 1862 facinora
777 1832 879 1868 passim

88 1890 267 1922 erumpentes
285 1884 472 1915 odiosissima,
500 1889 546 1909 aut
564 1889 676 1917 quoquo
692 1880 774 1908 modo
796 1880 881 1907 inter-

90 1940 182 1974 cipere
197 1941 324 1972 speratas
338 1935 406 1971 ipsis
418 1932 596 1969 quantumvis
612 1931 728 1967 injustas
746 1933 882 1958 etcruen-

89 1991 131 2014 tas
149 1983 269 2020 praedas.
288 1982 448 2015 Quanquam
470 1983 531 2007 erat
560 1985 627 2006 sane
656 1984 705 2004 cur
721 1976 738 2003 ii
757 1975 880 2003 contenti

92 2039 152 2059 esse
162 2029 255 2065 juberi
273 2033 347 2054 recte
362 2028 488 2062 possent,
500 2023 641 2052 alimentis
655 2023 729 2057 large
751 2021 880 2056 abimpe-

91 2083 181 2104 ratore
204 2073 389 2110 suppeditatis
421 2077 477 2098 tam
495 2071 576 2105 longo
588 2070 644 2104 jam
669 2074 810 2103 tempore,
828 2074 882 2102 quo

89 2128 144 2150 toto
160 2121 228 2149 nihil
245 2120 336 2148 adhuc
353 2118 484 2154 egissent,
495 2116 562 2143 nihil
582 2115 732 2142 etiamnum
750 2116 880 2148 agerent,

89 2177 142 2205 quo
158 2169 204 2196 illa
219 2167 407 2202 promeruisse
422 2164 594 2204 viderentur.
608 2160 662 2188 Sed
685 2157 766 2195 417
785 2163 813 2185 ut
826 2162 882 2185 tota

90 2219 126 2244 rei
142 2212 383 2250 hujusindignilas
397 2200 519 2245 pressius
535 2207 586 2235 sub
603 2214 687 2234 unum
702 2206 780 2240 quasi
794 2205 880 2232 lecto-

90 2264 126 2290 ris
157 2265 303 2296 aspectum
333 2258 497 2292 colligatur,

90 2310 170 2346 paulo
182 2307 325 2343 superius.
340 2304 406 2331 Erat
423 2303 459 2331 ibi
476 2302 602 2329 tribunus
615 2299 727 2335 quidam
744 2297 880 2328 militaris,

90 2343 208 2384 iiarules
228 2353 352 2384 nomine,
366 2349 499 2377 vocabulo
515 2349 568 2383 ipsi
585 2353 721 2375 concessae
740 2343 881 2380 dignitatis

91 2408 206 2436 magnus
221 2398 326 2426 archun
344 2395 397 2422 diei
413 2395 524 2422 solitus.
534 2392 583 2420 Hic
593 2397 665 2419 totus
677 2390 770 2418 eratin
787 2389 882 2416 obser-

93 2447 180 2475 vando
196 2443 395 2478 obsequiisqnc
410 2439 576 2468 demerendo
592 2437 693 2465 intimis
709 2435 855 2462 Rontzcrio
873 2441 881 2461 :

92 2494 129 2521 sic
135 2493 209 2520 enim
217 2493 309 2526 ipsum
318 2489 407 2516 facere
414 2485 691 2521 Augustusjusserat.
701 2481 802 2509 Tamen
811 2481 882 2507 idem

91 2547 154 2567 suos
163 2537 278 2565 intimos
287 2534 435 2561 familiares
446 2531 617 2567 propriaeque
626 2528 749 2556 cohortis
760 2527 858 2554 milites
867 2534 882 2552 a

93 2582 284 2612 Routlerianis
302 2580 413 2615 injuriis
438 2579 552 2606 affectos
569 2576 765 2607 miserebatur.
780 2581 881 2600 conso-

93 2631 162 2662 lans,
183 2629 250 2664 quin
270 2627 394 2654 etiamet
415 2625 562 2655 deliniens,
586 2627 615 2650 ut
632 2622 701 2648 mala
720 2621 746 2647 in
766 2623 882 2647 cunctos

92 2675 179 2711 Cyzici
196 2675 330 2708 degentes
351 2668 520 2704 grassantia,
534 2675 568 2694 ne
581 2666 648 2702 ipsis
663 2664 772 2699 quidem
787 2669 883 2696 exeep-

93 2725 125 2751 tis
137 2743 143 2754 ,
161 2728 306 2755 utcunque
326 2718 469 2754 privilegio
487 2717 585 2744 saltem
614 2714 721 2742 militiae
748 2713 883 2740 immunes

92 2770 124 2797 ab
140 2770 174 2796 iis
192 2775 255 2796 esse
273 2765 453 2795 debuissent,
481 2764 584 2790 ferrent
608 2759 770 2796 patientius,
795 2763 884 2791 neque

93 2816 123 2843 ad
139 2823 171 2843 ea
186 2812 230 2841 vel
246 2810 404 2846 repellenda
416 2801 460 2836 ‘v'el
474 2807 633 2836 ulciscenda
645 2809 788 2832 uterentur
801 2804 885 2829 armis

92 2869 150 2897 quae
176 2859 289 2896 publice
319 2857 386 2891 ipsis
408 2855 508 2883 tradita
537 2852 698 2889 gestabant,
725 2853 804 2885 prout
827 2852 885 2875 erat

95 2916 207 2945 jrouum
230 2905 305 2932 factu
330 2904 408 2934 viris,
423 2902 516 2937 quales
535 2901 562 2928 hi
577 2903 665 2933 erant,
683 2898 799 2926 fortibus
818 2899 843 2923 et
859 2901 886 2921 re

214 2955 354 2985 Ριτιιυι..
373 2951 432 2982 Cia.
463 2951 597 2982 CXLIV.

893 1579 914 1609 C

923 273 978 299 τῶν
992 273 1053 300 κατ’
1068 271 1141 301 οἷκον
1163 273 1290 308 ὲστέρουν
1315 273 1351 304 ὠς
1372 273 1399 300 εἴ
1420 281 1496 304 τινας
1519 272 1637 307 ἀγρότας
1662 272 1709 298 καὶ

925 320 1108 354 μετανάστας,
1126 319 1338 355 ἐνθρυπτόμενοι
1360 319 1462 353 σφίσιν.
1485 319 1516 345 Οἱ
1540 319 1568 345 δὲ
1594 318 1632 353 τῷ
1661 318 1709 344 τοῦ

925 365 1088 400 κρατοῦντος
1103 366 1157 393 δέει
1175 366 1221 392 καὶ
1238 366 1276 402 τῷ
1289 366 1318 398 εξ
1340 365 1477 401 ἐμφυλίων
1492 366 1617 400 πολέμων
1630 374 1707 400 νομι-

924 412 1031 447 ζομένῳ
1048 412 1163 447 κινδύνῳ
1181 412 1415 446 ὑποστελλόμενοι,
1431 411 1468 443 ὡς
1485 414 1521 446 μή
1539 421 1565 437 τι
1581 420 1710 447 νεωτερι-

925 458 1001 494 σθείη
1028 459 1081 485 τῶν
1110 459 1282 493 ἀνηκέστων,
1312 458 1380 490 τέως
1404 459 1436 484 ἐκ
1454 458 1514 492 βίας
1536 457 1638 493 ὥρμων
1663 458 1711 484 καὶ

924 505 1054 536 πολλάκις
1068 504 1219 537 ἐσφάδαζον
1235 504 1431 539 ἀμυνούμενοι.
1445 505 1527 536 Τέλος
1538 505 1592 530 τῶν
1607 496 1710 539 ἐχθρῶν

913 550 1006 584 ’ἐγγὺς
1023 551 1211 585 ἀγγελθέντων
1233 552 1303 578 κατὰ
1319 551 1365 578 τον
1390 551 1436 577 τοῦ
1460 551 1623 586 Γουλιέλμου
1639 551 1711 586 πύρ-

924 604 982 630 γον,
1000 596 1024 622 oi.
1041 597 1091 630 μὲν
1107 597 1259 623 ἀπαντόθεν
1283 597 1392 632 σύναμα
1411 598 1450 632 τῷ
1468 597 1543 631 σφῶν
1564 596 1712 632 στρατηγῷ

923 641 962 676 τῷ
982 641 1114 678 Μαρούλῃ
1127 643 1224 677 χωρεῖν
1240 642 1290 669 οὐκ
1305 643 1449 669 ἀπώκνουν
1463 643 1545 677 ὁμόσε
1561 643 1616 673 τοῖς
1633 642 1712 668 πολε-

927 687 1007 721 μίοις,
1031 688 1056 713 οἱ
1087 688 1108 713 δ’
1137 688 1269 723 ὲλπισμδν
1291 688 1341 723 μὲν
1368 690 1496 723 παρεῖχον
1522 689 1639 722 φανῆναι
1665 688 1713 714 καὶ

925 733 1091 768 συμμαχεῖν,
1115 730 1183 761 ἆλλὰ
1206 734 1260 760 τῶν
1286 735 1410 770 συνήθων
1431 734 1564 769 οὖμενουν
1585 735 1635 760 οὐκ
1652 734 1713 769 ὲλή-

925 779 1017 806 θοντο’
1035 779 1154 814 βραδέως
1169 780 1223 815 γὰρ
1239 779 1399 812 ἐζώννυντο,
1420 780 1465 806 καὶ
1483 779 1558 814 μόλις
1574 779 1711 813 ἐκόσμουν

925 825 987 856 τοὺς
1014 825 1124 857 ἵππους,
1153 827 1201 853 καὶ
1224 826 1375 861 προμηθεῖς
1402 823 1474 860 ἦσαν
1497 825 1543 852 τοῦ
1568 820 1711 852 ἀκινδύνου

928 870 1029 904 σφίσιν,
1044 870 1081 902 ὡς
1097 870 1250 904 φαίνεσθαι.
1268 871 1323 897 Καὶ
1338 870 1368 896 τὸ
1382 871 1478 905 βράδος
1495 870 1580 896 ἐδίδου
1600 870 1712 904 μεσούν-

924 915 977 942 των
991 916 1082 953 αὐτῶν
1103 916 1153 950 τὴν
1168 917 1227 943 ὁδὸν
1242 917 1391 951 κατορθοῦν
1407 917 1471 948 τοὺς
1494 917 1643 951 προτέρους
1664 916 1711 943 καὶ

927 963 1026 998 μόνους
1051 965 1101 997 τὴν
1119 963 1220 998 μάχην.
1242 963 1287 994 Ὧς
1313 963 1336 989 δ’
1351 964 1375 990 οἱ
1403 963 1451 998 μὲν
1477 963 1617 998 ὑστέρουν,
1641 963 1666 989 οἱ
1683 963 1711 988 δὲ

926 1007 1138 1043 κατωρθωκότες
1154 1008 1335 1043 ὑπέστρεφον,
1357 1008 1473 1035 ἐνταῦθά
1487 1017 1528 1039 τις
1541 1005 1595 1034 εἶδε
1610 1008 1641 1034 τὺ
1657 1008 1711 1035 τῶν

926 1055 1080 1089 συμμάχων
1091 1054 1238 1089 κακόηθες,
1255 1055 1300 1080 καὶ
1309 1055 1350 1081 ὅτι
1362 1055 1411 1089 οὐχ
1422 1054 1460 1085 ὡς
1476 1054 1573 1086 φίλοις,
1588 1054 1625 1085 ὡς
1638 1054 1711 1085 εἰκὸς

924 1097 969 1134 ἦν,
984 1099 1041 1125 ἀλλ’
1058 1100 1096 1131 ὡς
1121 1099 1229 1134 ἐχθροῖς
1253 1101 1309 1130 τοῖς
1327 1100 1472 1134 ἡμετέροις
1495 1099 1710 1134 προσεφέροντο.

927 1147 1038 1174 Συνίασι
1053 1148 1108 1182 γὰρ
1136 1144 1165 1179 ἐξ
1189 1138 1364 1181 ὑττοστροφῆς
1382 1146 1496 1177 ἐκείνοις
1514 1146 1537 1172 ei
1564 1145 1712 1180 κατωρθω-

927 1227 991 1261 vera
1017 1233 1224 1269 experientibus
1243 1233 1281 1260 rei
1309 1232 1437 1266 bellica};
1462 1240 1532 1268 quos
1552 1237 1643 1260 tamen
1659 1241 1712 1260 non

927 1284 1087 1308 vererentur
1106 1280 1258 1307 insolentes
1289 1278 1400 1307 advenis
1423 1284 1450 1306 et
1468 1279 1584 1314 quaestui
1606 1283 1633 1306 et
1645 1279 1714 1306 ludi-

927 1326 987 1354 brio
1017 1319 1071 1353 tam
1097 1326 1253 1360 petulanter
1281 1325 1393 1358 habere,
1410 1329 1440 1352 ut
1455 1333 1503 1352 eos
1521 1321 1644 1360 ipsorum
1667 1325 1714 1360 qui

928 1372 1068 1407 equestria
1095 1371 1231 1406 stipendia
1265 1372 1418 1404 merebant,
1434 1371 1512 1406 equis
1531 1371 1664 1405 ademptis
1688 1372 1716 1398 in

928 1418 1054 1446 ordinem
1071 1418 1194 1453 peditum
1216 1418 1382 1453 redigerenl,
1401 1417 1486 1444 armis
1512 1420 1642 1452 prazterea
1656 1437 1664 1450 ,
1691 1417 1716 1444 si

929 1466 1111 1497 collibuisset,
1130 1464 1291 1500 spoliarent,
1309 1471 1358 1500 nec
1373 1471 1387 1491 a
1403 1471 1433 1491 re
1448 1463 1570 1497 ipsorum
1589 1463 1715 1490 familiari

929 1511 1153 1546 snpellectiliqne
1168 1510 1319 1538 domestica
1346 1510 1518 1537 abstinerent
1533 1516 1644 1542 rapaces
1662 1517 1718 1534 rna-

932 1566 1002 1589 nus,
1019 1557 1137 1591 denique
1156 1556 1230 1583 omni
1262 1556 1374 1583 ludibrii
1399 1563 1498 1591 genere
1525 1555 1610 1582 nihilo
1641 1554 1716 1588 ipsos

931 1603 1033 1630 minori
1045 1602 1213 1630 contumelia
1227 1607 1356 1629 vexarent
1374 1609 1455 1636 quam
1470 1601 1493 1628 si
1510 1601 1577 1628 viles
1589 1599 1714 1627 rustieuli

931 1652 979 1675 aut
1003 1647 1110 1683 profugi
1130 1648 1239 1675 exsules
1254 1651 1357 1674 essent.
1374 1645 1429 1673 Hos
1439 1646 1465 1673 in
1481 1650 1535 1672 tam
1549 1644 1651 1672 diﬂicili
1667 1652 1717 1679 pa—

933 1695 1027 1722 tientia
1047 1694 1125 1721 ducis
1144 1693 1186 1721 sui
1201 1692 1310 1719 Marulis
1327 1692 1439 1719 assidua
1457 1691 1560 1718 monita
1576 1690 1716 1721 tenebant,

931 1740 1036 1768 nullum
1061 1740 1143 1767 ﬁnem
1172 1738 1300 1767 facientis
1328 1737 1483 1766 ineulcanili
1510 1744 1590 1771 quam
1623 1735 1718 1771 iniquo

932 1786 1023 1814 animo
1035 1785 1180 1813 auditurus
1193 1786 1344 1820 imperator
1359 1784 1430 1812 foret
1443 1783 1530 1810 rixam
1554 1789 1718 1817 quacunque

932 1840 1018 1859 causa
1036 1832 1107 1859 inter
1134 1831 1273 1858 Romanos
1296 1833 1322 1857 et
1336 1829 1485 1856 auxiliares
1501 1829 1594 1863 copias
1608 1833 1718 1855 contra-

931 1884 1002 1905 ctam
1023 1886 1029 1903 :
1045 1877 1153 1911 quidvis
1169 1877 1253 1911 igitur
1266 1874 1491 1909 concoquendum
1505 1873 1595 1908 potius
1610 1868 1718 1907 injuria:

931 1925 1072 1957 putarent,
1085 1927 1166 1954 quam
1182 1920 1215 1947 ad
1232 1919 1332 1946 bellum
1346 1918 1424 1945 civile
1441 1917 1649 1949 descenderent,
1670 1917 1715 1942 tali

933 1966 1084 2002 praesertim
1114 1969 1237 2000 tempore
1265 1964 1384 1999 capitale
1406 1970 1438 1990 ac
1471 1970 1582 1997 prorsus
1606 1962 1718 1989 exitiale

933 2012 1089 2047 reipublicae
1102 2011 1239 2038 futurum.
1251 2010 1307 2037 Nec
1331 2014 1423 2036 tamen
1438 2008 1480 2035 his
1492 2014 1598 2042 semper
1612 2011 1719 2041 poterat

932 2057 1056 2093 praeverti
1071 2056 1136 2092 quin
1154 2055 1206 2083 sub
1223 2054 1280 2082 acri
1294 2061 1376 2081 sensu
1393 2052 1565 2080 contumeliae
1577 2051 1719 2085 praesentis

933 2103 1070 2131 militares
1087 2101 1225 2129 interdum
1243 2099 1328 2127 animi
1344 2100 1397 2126 vim
1416 2103 1442 2126 et
1464 2105 1540 2125 arma
1557 2097 1719 2132 expedirent

933 2151 960 2178 in
982 2150 1131 2178 vindictam
1145 2152 1191 2176 aut
1208 2148 1234 2175 in
1248 2147 1337 2175 minas
1345 2142 1530 2181 erumperent.
1549 2143 1676 2171 incendio
1686 2150 1719 2170 ex

934 2198 977 2225 his
992 2196 1131 2228 scintillis,
1144 2195 1196 2222 nisi
1213 2194 1304 2222 statim
1329 2199 1396 2219 cura
1416 2192 1495 2218 ducis
1508 2191 1720 2225 opprimeretur,

528 2261 665 2282 resumam
690 2236 876 2279 narrationem
896 2252 917 2279 ι)
933 2245 962 2271 in
978 2239 1266 2277 magnampernieiem
1291 2238 1498 2267 inflammando.
1510 2236 1637 2264 Occurrit
1652 2236 1722 2262 ἱιιιιϊ

934 2288 992 2315 lucc
1005 2288 1118 2314 occasio
1135 2286 1270 2313 facinoris
1285 2283 1422 2315 militaris,
1439 2281 1624 2309 certoiudicio
1642 2280 1724 2307 allato

933 2337 1127 2368 provectorum
1152 2339 1239 2366 usque
1267 2331 1293 2357 in
1324 2330 1452 2357 viciniam
1479 2328 1609 2355 hostium.
1635 2326 1666 2353 lli
1689 2327 1723 2353 ad

933 2381 1031 2408 turrim
1054 2378 1183 2407 Gulielmi
1208 2378 1309 2405 dictant
1323 2396 1333 2410 ,
1354 2377 1443 2403 locum
1461 2371 1566 2403 stativis
1593 2373 1725 2400 Romanis

933 2426 1104 2462 proximum.
1122 2424 1275 2452 accessisse
1298 2423 1468 2450 ferebantur.
1497 2417 1580 2455 E18
1600 2419 1725 2445 Pronun-

933 2473 1018 2500 tiatur
1032 2479 1097 2507 ergo
1110 2471 1175 2498 totis
1185 2470 1285 2497 castris
1301 2469 1328 2495 in
1338 2476 1385 2496 eos
1398 2468 1523 2501 irruptio.
1535 2466 1652 2493 Marules
1662 2472 1723 2492 cum

934 2519 993 2548 suis
1009 2519 1079 2546 inter
1093 2518 1197 2553 primos
1211 2513 1371 2551 procinctus
1394 2514 1493 2547 astitit;
1509 2513 1667 2546 frustraque
1678 2511 1723 2538 diu

934 2568 1093 2600 exspectato
1108 2568 1136 2591 ut
1151 2561 1342 2593 Rontleriani,
1360 2560 1406 2595 qui
1431 2562 1465 2587 ad
1481 2559 1545 2585 talia
1570 2565 1667 2592 segnes
1681 2564 1726 2583 oc-

935 2611 1096 2643 currebant,
1104 2607 1382 2645 expcdirentur,dum
1395 2606 1432 2633 illi
1448 2605 1516 2632 tardi
1527 2611 1559 2631 ac
1569 2603 1634 2631 lenti
1646 2603 1725 2630 solita

936 2659 962 2685 in
980 2657 1108 2684 omnibus
1125 2655 1259 2690 pravitate
1273 2661 1364 2680 moras
1379 2653 1506 2680 consulto
1522 2654 1645 2681 nectunt,
1656 2657 1726 2683 aegre

937 2703 1082 2731 molientes
1107 2708 1182 2728 arma
1198 2705 1225 2727 et
1236 2707 1322 2734 equos
1339 2699 1524 2728 adornantes,
1541 2703 1596 2728 quo
1622 2694 1727 2722 scilicet

937 2747 1088 2784 periculum
1102 2746 1230 2772 incursus
1245 2745 1324 2779 primi
1337 2744 1449 2779 quosvis
1463 2742 1552 2776 potius
1564 2740 1633 2766 alios
1645 2746 1725 2773 quam

939 2798 1014 2831 ipsos
1041 2793 1190 2827 attingeret
1205 2812 1211 2822 ,
1245 2790 1390 2817 Maruliani
1408 2790 1554 2816 occasione
1571 2785 1728 2813 necessario

937 2845 1053 2870 vocante
1076 2844 1188 2866 strenue
1206 2838 1301 2864 hostes
1330 2837 1474 2867 invadunt,
1497 2834 1621 2868 fusisque
1649 2832 1682 2859 iis
1698 2839 1730 2858 ac

939 2887 1040 2924 fugatis
1062 2886 1180 2912 victores
1214 2883 1338 2910 redeunt.
1366 2883 1547 2910 Rch-nentes
1573 2880 1615 2908 via
1641 2880 1730 2908 media

1532 2929 1569 2958 15
