1953 3065
78 141 132 173 473

547 141 597 172 DE
613 142 833 174 ANDRONICO
853 141 1090 174 PALIEOLOGO
1108 142 1184 172 LIB.
1213 141 1246 172 V.

1663 137 1715 170 474

79 198 178 237 πόα-ντες
193 197 275 229 ἀξίας
296 197 344 228 τὶς
358 197 435 228 δίκας
447 199 565 230 τίσαιεν,
584 198 652 233 μηδὲ
668 199 811 234 προσέξειν
824 199 873 226 6.).-
887 202 911 233 Λ
926 199 1059 235 ὲλπισμδν
1077 197 1250 233 συμπαθείας
1264 196 1314 230 τῆς
1334 196 1419 231 μονῆς
1434 195 1578 228 ἀπελύετο,
1594 196 1610 230 ἠ
1623 195 1650 222 δὲ
1662 197 1713 231 τῆς

80 244 125 269 λον
140 243 180 277 τῷ
201 242 362 278 στρατηγῷ,
389 243 427 277 μὴ
443 243 497 269 τῶν
524 245 652 278 φυγάδων
677 245 790 271 ἐκείνων
805 245 871 272 ὑπο-

81 289 205 322 σχόντων
221 288 272 318 τὰς
295 287 383 321 δίκας)
399 287 467 313 ἀλλὰ
481 287 512 313 τὸ
526 288 576 322 μὲν
593 290 661 323 μονῇ
679 289 872 322 ἐγκεκλεῖσθαι

82 333 129 361 καὶ
145 333 201 360 ἀπὸ
214 332 363 367 προσώπου
378 330 450 359 εἶναι
464 333 503 368 τῷ
519 333 626 368 βασιλεῖ
639 334 757 369 ἀρκετὸν
778 335 818 365 εις
833 344 874 362 τι-

82 380 193 414 μωρίαν
208 379 327 414 ἔκρινεν,
351 379 439 405 ἐκεῖνο
461 379 527 412 παρ’
542 380 640 409 ἑαυτοῦ
657 381 873 416 καταδικασθέν-

80 434 127 456 τος
142 426 212 460 ὅπερ
234 425 267 451 ἂν
284 424 409 465 βασιλεὺς
437 425 534 452 παθεῖν
550 427 654 453 ἐκεῖνον
670 426 707 458 ὡς
723 427 874 463 πρόστιμον

82 471 217 502 ἐδικαίου,
232 471 282 506 τῆς
296 471 382 506 μονῆς
398 472 457 498 ἀντὶ
473 472 599 506 φυλακῆς
614 472 697 508 οὔσης
720 473 832 506 αὐτίκα,

83 517 116 552 δὴ
134 518 182 544 καὶ
206 518 282 552 παρὰ
307 518 478 553 πατριάρχου
504 518 668 551 ἀποσταλεὶς
684 519 872 553 ἐγκέκλειστο.

83 563 130 598 Τῷ
143 564 171 590 δέ
183 572 215 598 γε
231 565 428 599 γραμματιστῇ
440 564 649 598 ἀπεπροσπάθει
664 563 702 595 ὡς
719 564 756 599 μὴ
774 564 832 599 ἰδίῳ
843 564 874 590 τὸ

85 611 198 637 σύνολον
213 611 269 637 ὁντι
286 611 334 637 καὶ
348 611 385 642 ὡς
398 611 429 639 ἐκ
442 610 515 642 τινος
529 611 657 646 λατρείας
675 611 791 643 ἐκείνοις
807 611 873 638 ἀνα-

83 655 215 689 ληφθέντι
225 663 232 670 “
248 655 303 682 δεῖν
317 656 371 690 γὰρ
385 656 441 686 τοῖς
454 655 505 689 τῆς
514 655 569 681 τῶν
577 655 717 690 ἀρχόντων
726 655 772 681 ἐπὶ
784 654 836 687 πλη
842 663 874 689 μ-

85 702 152 736 μελὲ
159 711 228 736 μασι
239 702 377 736 τιμωρίας
396 703 446 736 οὐχ
462 699 544 737 ἦττον
559 702 684 731 κολάσεις
697 701 713 736 ἢ
726 701 874 736 καθάρσεις

83 748 167 779 οὗτος
186 748 262 777 ἰδίοις
280 749 439 782 προσήκειν,
457 748 481 774 εί
499 748 621 782 μέλλοιεν
638 747 662 773 ol
680 747 730 782 μὲν
748 747 875 779 κολάζον-

82 802 129 824 τες
148 794 319 828 κερδαίνειν,
342 794 366 819 οι
381 793 408 820 δὲ
430 793 504 820 δεινὰ
530 793 876 830 πάσχοντεςώφελείσοαιι

83 839 156 866 κατὰ
173 840 222 874 τὴν
233 839 273 871 εις
292 839 402 870 τούπιὸν
415 839 510 873 χρείαν
525 839 555 865 τὸ
568 840 703 874 χρήσιμον
722 838 876 874 παρεξόμε-

83 893 134 911 νοι.
151 883 194 920 [Ρ.
216 884 281 920 Ξθθ]
303 885 382 911 Ἐπεὶ
480 884 529 919 μὲν
545 884 701 918 Νοστόγγος
722 884 794 921 κατά
815 885 877 911 τινα

81 982 109 1005 cf.
137 984 235 1012 parum
258 976 352 1015 utilem
378 971 393 1002 ’c
416 975 570 1009 ministerio
586 975 712 1002 amovit:
735 974 876 1010 Nostongo

81 1032 116 1052 ne
132 1031 220 1058 poena
236 1023 262 1050 ei
281 1022 445 1050 luculentior
464 1022 643 1057 inﬂigeretur,
656 1029 704 1059 sua
722 1019 797 1050 tanto
815 1030 876 1049 am-

81 1069 154 1104 plior
170 1069 292 1102 dignitas
306 1059 435 1102 profuit,
453 1067 603 1103 praesertim
624 1075 686 1106 cum
714 1075 746 1094 ne
763 1075 811 1102 pro
828 1076 876 1102 po-

82 1118 185 1143 testate
211 1119 386 1141 ccerceretur
416 1113 636 1149 subjicereturve
657 1112 775 1147 judicio,
807 1113 875 1148 asyli

80 1162 125 1197 jus
141 1160 276 1190 obsraret.
289 1167 345 1196 quo
359 1160 405 1196 ille
427 1158 591 1194 Peribleptae
603 1159 773 1193 monasterio
788 1160 875 1188 inclu-

82 1216 129 1235 sus
146 1208 227 1243 (illuc
243 1207 317 1241 enim
331 1214 394 1234 eum
410 1205 567 1241 patriarcha
583 1205 708 1242 miserat)
726 1205 875 1233 inviolabili

83 1254 225 1286 utebatur.
240 1253 337 1288 itaque
362 1245 521 1289 qua-nquam
538 1259 616 1286 soror
634 1252 818 1286 imperatOris,
832 1260 877 1279 so-

83 1308 146 1338 crus
168 1299 247 1334 ducis
271 1292 374 1338 magni,
395 1298 510 1334 cognitis
539 1306 600 1334 qua:
619 1302 714 1333 contra
743 1298 816 1325 hunc
842 1298 878 1326 ab

83 1347 125 1374 bis
137 1347 334 1383 movebantur,
347 1352 478 1383 umquam
498 1353 549 1380 pro
562 1352 663 1381 genere
677 1344 806 1375 sollicita.
822 1352 876 1371 non

83 1397 206 1428 cessaret
223 1393 414 1428 Andronicum
430 1393 539 1425 irritare
559 1393 691 1420 adversus
708 1392 777 1425 duos
792 1391 877 1419 falso-

84 1447 154 1471 rum,
180 1442 209 1464 ut
233 1438 336 1471 aiebat,
359 1438 516 1471 inventores
538 1437 695 1469 criminum,
714 1443 877 1471 magnopere

83 1491 254 1523 exaggerans
277 1492 334 1511 rem
351 1492 412 1512 esse
427 1484 567 1520 indignam
590 1484 762 1519 exemplique
779 1483 807 1510 in
825 1490 877 1517 pu-

84 1531 185 1558 blicum
201 1530 290 1563 noxii,
307 1530 418 1565 impune
435 1529 506 1557 ferre
521 1530 707 1557 calumniosos
722 1529 876 1565 sycophan-

84 1580 124 1603 tas
139 1576 407 1611 impudentissimam
422 1576 574 1609 audaciam,
592 1585 625 1604 ex
638 1585 691 1612 qua
703 1577 793 1609 inulta
807 1584 871 1611 pcr—

84 1625 215 1657 mancnte
228 1627 398 1659 secuturum
408 1627 481 1657 esset
499 1627 527 1655 ut
542 1623 589 1655 alii
610 1630 720 1658 quoque
738 1622 772 1650 ad
788 1623 873 1651 licen-

85 1669 149 1695 tiam
168 1668 276 1695 invitati
288 1668 589 1704 similemnegligerent
609 1669 724 1702 obedire
739 1669 875 1706 ducizma:

84 1723 145 1750 gno,
159 1717 241 1749 Cujus
254 1723 337 1750 quam
351 1719 426 1744 esset
453 1715 535 1744 fortis
559 1719 587 1751 et
605 1716 670 1747 felix
690 1716 760 1743 bello
779 1715 874 1750 reique

83 1765 147 1789 tunc
170 1762 288 1796 publica:
312 1761 467 1788 necessaria
489 1769 581 1796 opera,
599 1753 791 1797 Philadelphia
806 1762 874 1798 libe-

83 1809 151 1846 ratio
170 1811 357 1844 monstraret;
381 1801 430 1836 etsi
457 1808 523 1840 haec,
539 1809 660 1843 inquam,
686 1808 875 1836 indesinenter

84 1859 197 1890 urgeret
209 1858 266 1884 tam
278 1858 375 1890 potens
395 1860 422 1882 et
437 1861 499 1884 cara
514 1854 670 1889 imperatori
684 1858 820 1888 matrona,
836 1859 876 1882 ta-

84 1909 142 1928 uzen
155 1901 194 1927 illi
215 1908 269 1927 non
286 1905 329 1928 est
344 1901 433 1928 visum
449 1901 592 1929 aliudtum
608 1901 718 1936 quidem
734 1900 875 1936 Nostongo

83 1946 248 1982 supplicium
260 1945 384 1980 inﬂigere
397 1954 404 1978 ;
417 1944 545 1973 sufﬁcere
563 1946 666 1982 quippe
686 1946 799 1973 interim
818 1946 875 1972 aie-

83 1991 126 2020 bat
139 1999 296 2023 carcerem,
314 1999 394 2026 quem
414 1992 436 2019 is
462 1993 514 2020 sibi
532 1993 604 2020 ultro
628 1993 819 2026 consci‘visset,
835 1993 876 2019 in-

83 2039 199 2076 cludens
235 2045 298 2070 sese
333 2038 502 2067 monasterio
532 2037 712 2074 Pcribleptaa;
739 2046 820 2073 quam
846 2046 876 2064 se

83 2086 119 2112 illi
144 2085 302 2113 Custodiam
327 2085 463 2120 imputare
479 2084 588 2112 dicebat
604 2085 631 2112 in
661 2089 765 2120 partem
789 2091 876 2118 poena:

83 2135 213 2163 tanquam
235 2131 366 2157 indictam
389 2131 511 2170 legitime
533 2131 674 2162 damnato.
699 2129 871 2162 Instantibus

83 2180 185 2206 autem.
206 2183 288 2217 posse
310 2177 405 2215 saltem
418 2175 695 2214 puniriNostongum
713 2175 740 2202 in
759 2181 875 2208 persena

83 2223 180 2253 scriba:
210 2222 266 2255 sui,
293 2223 338 2257 qui
372 2230 426 2250 non
453 2223 641 2255 dlversarctur
658 2221 685 2248 in
711 2220 878 2249 monasterio

84 2269 160 2303 (huic
181 2269 257 2296 enim
273 2269 349 2303 juste
375 2269 552 2304 inliigendum
576 2268 692 2297 merenti
711 2267 876 2302 supplicium

83 2316 107 2343 in
123 2316 305 2350 ignominiam
317 2319 344 2343 et
356 2315 477 2344 dolerent
497 2315 712 2351 redundaturum
727 2314 814 2348 ipsius
828 2312 876 2340 do-

85 2362 161 2394 mini,
169 2361 250 2395 cujus
265 2360 390 2394 exemplo
399 2365 425 2387 et
437 2359 578 2388 commodo
589 2359 753 2394 peccasset),
763 2366 879 2395 respon-

85 2409 165 2436 debat
186 2409 340 2449 imperator
356 2397 528 2441 Nostongum
546 2406 613 2434 nihil
635 2405 675 2440 ad,
695 2413 725 2433 sc
741 2405 880 2440 pertinere

85 2461 252 2492 putaturunt.
269 2454 343 2489 quid
366 2454 463 2486 scribze
479 2454 524 2481 isti
543 2454 630 2487 ﬁeret,
644 2461 725 2489 quem
745 2452 779 2489 ad
801 2459 878 2480 suam

87 2510 149 2537 rere
170 2501 342 2538 pertinuisse
357 2500 489 2538 familiam
509 2505 645 2535 negaret:
662 2500 689 2527 in
705 2507 765 2527 eam
779 2499 881 2534 quippe

86 2548 230 2583 irrepsisse
245 2546 317 2583 haud
333 2555 350 2573 a
369 2555 399 2574 se
412 2546 540 2581 ascitum,
558 2545 714 2582 sedfurtim
726 2545 880 2579 adhibitum

84 2602 98 2620 a
125 2593 184 2622 suis
205 2592 390 2630 familiaribus
416 2593 587 2628 mercenaria
606 2593 747 2620 functione
774 2589 879 2619 venalis

84 2647 183 2674 operae.
209 2639 346 2678 Oportere
379 2642 485 2675 autem,
511 2640 534 2667 si
553 2639 663 2674 quando
696 2640 875 2677 magistratu;

83 2687 178 2714 nonin
205 2686 331 2722 prppria,
350 2685 397 2713 sed
425 2686 453 2720 in
475 2685 565 2713 aliena
589 2686 740 2720 castigandi
756 2693 877 2723 persena

84 2731 163 2768 432
177 2731 282 2764 sint,in
295 2738 327 2765 eo
348 2731 436 2766 capite
446 2739 562 2765 poenam“
575 2731 704 2760 constitui
729 2731 877 2766 quodinti—

85 2785 155 2805 mum
166 2778 235 2813 ipsis
247 2782 379 2812 ctcartun
389 2777 494 2805 sciatur
505 2785 576 2810 esse,
593 2778 726 2813 cujusque
745 2778 875 2805 damnum

85 2831 114 2852 ac
126 2825 202 2852 labor
219 2824 256 2852 ad
267 2832 381 2853 sensum
397 2824 507 2852 illorum
523 2825 621 2853 aﬂ‘cctu
638 2831 665 2858 et
681 2826 876 2860 compassionc

84 2876 265 2908 propagatum
282 2871 317 2900 iri
333 2879 388 2900 non
405 2871 442 2900 sit
457 2871 583 2900 dubium.
603 2872 714 2906 Alioqui
729 2873 874 2906 continge-

889 1560 911 1589 α

923 245 1070 280 ὀλιγωρίας
1082 243 1146 277 δόξα
1163 244 1208 270 καὶ
1225 243 1266 270 ἔτι
1277 243 1429 274 ἁναζέουσα
1445 241 1495 278 ἦν.”
1507 243 1554 268 καὶ
1568 241 1632 268 δείν’
1647 242 1715 269 ἄττα

922 290 985 322 τοὺς
1004 290 1044 326 τῷ
1060 289 1172 325 μεγάλῳ
1192 288 1269 314 δουκὶ
1301 288 1520 322 προσκειμένους
1544 287 1714 322 ὑπέσμυχον,

923 337 948 364 εί
962 337 1169 371 καταφρονοῖτω
1185 336 1233 362 καὶ
1255 334 1373 370 μάλιστα
1396 334 1471 368 παρὰ
1491 333 1544 359 τῶν
1561 333 1715 360 δοκούντων

924 384 971 410 καὶ
984 384 1012 411 ὲν
1036 381 1127 415 ἀξίαις
1141 382 1208 417 (τοῖς
1223 382 1278 417 γὰρ
1299 381 1489 416 καιριωτέρως
1510 382 1631 416 μέρεσιν,
1648 381 1712 406 ὅταν

924 430 991 465 ὲνδῷ
1003 429 1071 465 πρὸς
1087 430 1118 456 τὸ
1132 430 1232 464 χεῖρον.
1248 429 1353 463 ἀνάγκη
1368 427 1595 462 συνδιεστράφοαι
1611 427 1658 454 καὶ
1678 427 1712 453 τὰ

924 476 1017 508 λοιπὰ,
1043 475 1076 511 ἢν
1097 476 1133 511 μή
1154 484 1197 508 τις
1224 475 1349 511 ἐπίσχῃ),
1379 475 1440 501 τότε
1457 474 1585 509 βασιλεὺς
1603 474 1715 508 πέμψας

925 523 987 556 ἄγει
1013 522 1062 549 καὶ
1085 522 1270 557 ἀμφοτέρους,
1286 523 1347 548 καὶ
1373 521 1405 556 δὴ
1421 521 1514 556 ἡμέρᾳ
1536 520 1717 555 κιιριωνύριῳι

924 568 1179 603 Μαιμακτηριῶνος
1193 567 1493 602 τεσσαρεσκαιδεκάτῃ.
1508 567 1572 603 τοὺς
1585 567 1651 601 περί
1668 566 1717 597 αὐ-

924 613 970 640 τδν
996 613 1264 649 παραστησάμενος,
1294 613 1438 646 παρόν-»ων
1458 612 1605 643 κάκείνων,
1634 611 1718 637 πολὺν

928 658 977 692 μὲν
992 658 1071 692 λόγον
1083 658 1228 693 παρέτεινε
1245 657 1423 692 δημηγορῶν,
1440 656 1478 690 τῷ
1495 657 1545 691 μὲν
1562 656 1650 692 δοκεῖν
1665 665 1718 684 κα-

926 704 1098 738 θαπτόμενος
1115 704 1161 730 τοῦ
1175 703 1343 738 Νοστόγγου,
1355 705 1385 730 τὸ
1399 703 1425 731 δὲ
1444 703 1570 730 πλεῖστον
1587 702 1633 729 καὶ
1648 703 1719 737 ὑπὲρ

925 751 972 778 τοῦ
1003 750 1124 785 μεγάλου
1149 749 1244 782 δουκδς
1263 749 1329 784 πρὸς
1344 750 1408 781 τοὺς
1435 750 1601 784 μεγιστᾶνας
1619 748 1720 776 ἀπολο-

926 796 1072 831 γούμενος,
1099 795 1135 827 ὡς
1153 795 1236 830 μηδὲν
1254 794 1372 827 ἀναξίως
1391 797 1445 823 κὰκ
1468 794 1513 822 τοῦ
1537 795 1718 830 παρείκοντος

928 844 991 879 μήτ’
1016 843 1096 870 αὑτὸν
1112 842 1315 878 προβιϐασμοῖς
1330 842 1446 876 τιμῆσαι
1467 841 1513 868 τον
1537 842 1586 868 καὶ
1602 842 1655 876 πρὸ
1671 841 1719 876 τοῦ

895 889 915 918 Β
932 891 1021 925 μέγαν
1038 889 1182 922 δοκοῦντα,
1213 889 1276 924 μήτ’
1291 889 1394 915 ἐκεῖνον
1415 889 1479 923 παρ’
1495 888 1577 915 αὑτοῦ
1602 887 1722 923 τιμηθῆ-

928 984 969 1014 ret
989 978 1117 1007 frustrari
1139 981 1203 1006 voto
1226 984 1276 1013 suo
1301 976 1443 1012 judicent;
1469 976 1515 1012 qui
1541 983 1602 1013 eum
1625 983 1723 1012 parias

928 1023 1084 1054 istiusmodi
1107 1022 1198 1054 minus
1221 1022 1331 1053 ultrices
1354 1029 1417 1050 esse
1442 1029 1524 1056 quam
1545 1021 1720 1058 purgatrices

928 1066 1157 1105 velit,magisque
1173 1073 1249 1105 optet
1259 1068 1399 1097 emendari
1414 1076 1463 1104 per
1474 1076 1522 1097 cas
1535 1069 1561 1096 in
1577 1072 1718 1103 posterum

928 1118 974 1152 qui
1003 1117 1130 1152 deliquit,
1146 1123 1228 1151 quam
1256 1116 1315 1150 ipse
1331 1115 1383 1142 frui
1412 1115 1558 1142 dulcedine
1580 1114 1720 1146 vindictae,

928 1164 1005 1192 istud
1020 1163 1095 1198 quod
1115 1170 1130 1190 e
1151 1161 1308 1197 reipublicae
1324 1161 1444 1188 utilitate
1466 1165 1584 1196 spectat,
1609 1161 1722 1192 minime

927 1213 1122 1244 assumeretur
1144 1208 1283 1238 saeviendo
1304 1208 1331 1235 in
1355 1215 1502 1242 personant
1523 1206 1722 1243 indidereutcm

929 1257 967 1283 illi
985 1263 1066 1291 quem
1080 1255 1211 1290 primario
1228 1254 1286 1281 vult
1302 1253 1431 1288 plectere.
1446 1254 1493 1280 Sic
1512 1258 1577 1281 tunc
1595 1253 1724 1285 eludebat

929 1303 1078 1337 imperator
1096 1301 1236 1329 studiosos
1250 1300 1342 1336 magni
1359 1300 1438 1327 ducis
1453 1307 1561 1334 poenam
1587 1299 1721 1333 Nestougi

930 1349 1110 1383 postulantes.
1149 1346 1251 1374 Verum
1288 1354 1349 1377 cum
1388 1346 1536 1380 accidisset
1559 1346 1723 1380 aliquanto

929 1398 992 1429 post
1030 1394 1088 1420 inec
1122 1392 1233 1428 prodire
1261 1399 1276 1419 e
1316 1399 1366 1419 suo
1409 1391 1486 1426 asylo
1537 1390 1722 1426 Nestongum,

928 1449 976 1475 spe
992 1440 1108 1474 quadam
1127 1443 1259 1474 concepta
1275 1437 1407 1473 pascituri
1426 1437 1505 1465 facile
1520 1437 1572 1464 sibi
1591 1436 1721 1470 Augusti,

928 1487 950 1514 si
972 1475 1149 1520 committere
1173 1492 1203 1512 se
1225 1492 1301 1510 reum
1319 1483 1406 1518 ipsius
1422 1483 1574 1514 clementiae
1595 1482 1722 1514 vidisset,

929 1533 993 1569 dum
1010 1532 1035 1559 id
1055 1532 1142 1566 ipsum
1159 1525 1238 1561 aulai,
1256 1529 1336 1563 utfit,
1352 1529 1529 1557 sermonibus
1544 1527 1702 1554 celebratur
1715 1549 1722 1560 ,

927 1579 1148 1613 animadversum
1190 1581 1233 1606 est
1281 1577 1368 1613 magis
1408 1576 1568 1603 incumbere
1614 1575 1723 1608 judicia

925 1630 1084 1661 ntagnatum
1120 1625 1316 1660 plerarumque
1343 1623 1369 1649 iu
1405 1621 1646 1657 reprehensionem
1677 1627 1724 1653 ar-

925 1673 1058 1707 rogantia;
1086 1671 1175 1706 magni
1198 1670 1291 1701 ducis,
1317 1668 1364 1704 qui
1390 1668 1561 1702 Nostongum
1594 1673 1725 1701 magnum

927 1718 1144 1752 beueriarcliam,
1162 1717 1297 1752 dignitate
1324 1723 1356 1742 ac
1373 1714 1515 1747 natalibus.
1541 1713 1724 1748 conspicuum

926 1766 1076 1796 hominem,
1106 1764 1183 1793 velut
1196 1764 1231 1791 de
1255 1761 1513 1796 plebequempiam,
1542 1759 1722 1792 contemptim

925 1815 952 1841 et
994 1809 1142 1844 imperiose
1181 1809 1337 1840 tractasset.
1376 1805 1442 1839 Quae
1469 1805 1589 1839 gliscens
1621 1804 1724 1836 invidia

926 1862 989 1881 cum
1017 1854 1098 1881 ducis
1132 1851 1224 1887 magni
1262 1850 1419 1883 fautoribus
1451 1850 1591 1884 injecisset
1617 1857 1725 1882 curam,

926 1901 1000 1936 quod
1022 1908 1086 1928 eum
1107 1900 1162 1934 jam
1176 1897 1316 1933 contemni
1330 1905 1362 1924 ac
1373 1897 1481 1924 traduci
1508 1897 1609 1931 passim
1629 1905 1644 1924 a
1661 1905 1726 1932 pro.-

927 1947 1038 1975 ceribus
1056 1950 1082 1972 ct
1108 1944 1271 1972 constitutis
1299 1944 1331 1976 in,
1354 1943 1488 1978 dignitate
1523 1943 1589 1970 viris
1621 1944 1726 1978 prima-

927 1993 977 2020 riis
997 1991 1138 2029 videbant.
1155 1990 1344 2025 intelligebant
1358 1993 1449 2021 autem
1479 1996 1580 2017 sensus
1604 1993 1631 2016 et
1650 1989 1726 2023 judi:

927 2040 968 2066 cia
997 2042 1164 2065 summatum
1199 2036 1278 2064 facile
1296 2037 1321 2063 in
1334 2037 1432 2070 vulgus
1456 2043 1567 2070 quoque
1598 2043 1720 2070 serpere,

928 2084 1136 2120 periculumque
1150 2083 1216 2116 fore,
1230 2083 1256 2110 ni
1272 2088 1378 2110 mature
1388 2087 1592 2113 occurreretur,
1609 2090 1641 2109 ne
1649 2089 1726 2109 com-

929 2130 1060 2158 munibus
1077 2137 1138 2157 mox
1152 2133 1179 2156 et
1198 2129 1368 2160 unanimiter
1382 2129 1608 2164 conspirantibus
1622 2127 1727 2163 primo-

930 2185 989 2204 rum
1007 2177 1086 2211 juxta
1104 2177 1332 2211 inlirmorumque
1348 2185 1419 2204 unus
1435 2175 1638 2210 ndiisobjectus
1652 2175 1725 2202 haud

897 2228 919 2256 ι)
932 2231 983 2258 par
999 2224 1155 2251 resistendo
1171 2228 1254 2256 esset,
1274 2223 1353 2251 novis
1369 2224 1569 2258 imperatorem,
1581 2223 1723 2251 instantiis

927 2270 961 2297 ad
987 2270 1209 2299 succurrendum.
1223 2270 1266 2298 isti
1286 2271 1442 2298 discrimini
1468 2270 1659 2305 perpulerunt.
1677 2270 1727 2298 His

928 2316 974 2345 illc
999 2324 1136 2350 annuens,
1162 2316 1206 2344 die
1223 2321 1322 2352 qttarta
1339 2317 1446 2345 decima
1471 2317 1556 2350 .Iunii,
1586 2325 1648 2352 qua:
1674 2318 1727 2345 fuit

930 2361 979 2390 illo
996 2369 1069 2391 anno
1093 2362 1246 2395 Dotninica,
1273 2363 1371 2391 adduci
1387 2371 1480 2391 coram
1501 2371 1562 2392 sese
1586 2364 1614 2391 in
1636 2365 1729 2392 medio

931 2416 1083 2443 procerum
1094 2409 1165 2436 aulae
1183 2409 1345 2437 considente
1362 2409 1532 2445 Nostongum
1553 2416 1580 2438 et
1606 2411 1729 2439 scribam

930 2455 1025 2490 jussit.
1051 2456 1142 2489 Atque
1160 2455 1206 2483 bic
1231 2456 1341 2490 longam
1366 2456 1602 2492 satishingressus
1620 2458 1728 2486 oratio-
1772 2454 1776 2458 ’

935 2510 998 2529 netn
1020 2501 1114 2536 specie
1127 2501 1274 2529 invehendi
1289 2503 1316 2529 in
1331 2501 1516 2538 Nustongum,
1535 2504 1682 2531 maximam
1698 2512 1728 2532 rc

929 2556 993 2578 vera
1018 2547 1157 2576 sermonis
1182 2551 1290 2583 partem
1318 2550 1494 2584 consumpsit
1526 2550 1552 2576 in
1582 2549 1730 2585 purgando

928 2594 999 2630 apud
1012 2600 1162 2629 praesentes
1174 2602 1317 2630 magnates
1327 2596 1397 2623 duce
1411 2604 1509 2631 magno
1516 2596 1642 2632 actisque
1652 2597 1728 2624 illius

930 2647 958 2669 et
972 2641 1032 2669 suis
1050 2648 1117 2675 erga
1134 2640 1212 2667 illuni
1228 2641 1372 2671 beneficiis
1389 2643 1585 2677 vituperationi
1603 2644 1729 2671 eximen-

931 2687 986 2715 dis.
1004 2687 1142 2714 (lanatum
1168 2687 1271 2723 quippe
1289 2695 1380 2716 acrem
1405 2689 1526 2716 intendit
1555 2692 1588 2716 ad
1611 2696 1727 2723 persua-

931 2733 1053 2761 dendum
1070 2740 1158 2767 neque
1175 2740 1205 2760 se
1231 2733 1408 2761 cumulandis
1436 2734 1464 2760 in
1481 2733 1656 2760 Ronlzerium
1678 2733 1730 2760 ho‘

932 2779 1047 2806 noribus
1067 2778 1234 2806 liberalitate
1255 2779 1419 2810 excessisse,
1442 2785 1531 2812 neque
1549 2778 1626 2805 illum
1644 2785 1732 2805 acce-.

931 2826 1006 2860 pisse
1034 2832 1049 2852 a
1071 2833 1101 2853 se
1128 2825 1279 2860 quidquam
1305 2832 1361 2859 quo
1386 2833 1441 2852 non
1469 2824 1583 2852 deberet
1603 2825 1723 2860 judicari

934 2871 1126 2905 dignissimus,
1143 2871 1244 2905 quippe
1263 2871 1308 2904 qui
1326 2871 1379 2903 iam
1397 2876 1545 2901 antequam
1566 2872 1618 2900 huc
1635 2872 1725 2900 adve-
