1953 3065
43 155 87 187 481
495 155 544 185 DE
560 152 784 185 ANDRONICO
805 152 1036 184 PALIEOLOGO
1053 153 1128 185 LIB.
1147 154 1179 185 V.

1589 181 1593 187 .
1636 153 1689 186 482

43 213 209 248 περιστῆναι
221 213 256 240 τὰ
269 212 384 250 χαλεπὰ,
395 212 424 238 ab
438 211 570 247 δρᾶσαίτι
579 212 703 246 γενναῖον
711 211 761 237 οὐκ
771 210 845 245 ἕχον-
860 215 882 239 Λ
896 208 983 245 αὐτῆς
1013 210 1088 245 ὥρας
1115 209 1282 245 προστάσσει
1305 209 1348 236 ἐπ’
1370 208 1430 244 ὄψει
1441 209 1556 245 θατέρου
1573 219 1690 245 καρατο-

43 269 98 293 τες,
107 261 134 285 εί
143 259 341 294 προσμένοιεν,
353 259 419 294 πρὸς
427 259 516 294 φυγὴν
523 258 625 293 ὥρμων
634 258 681 284 καὶ
692 255 844 292 προαπανί-

45 315 155 338 οταν-το,
164 305 290 339 ἀγκάλας
305 305 396 339 σφίσιν
404 305 441 336 ῶς
451 304 498 331 καὶ
511 304 617 334 πολλοῖς
633 303 736 338 ἑτέροις
747 302 776 334 ἐξ
796 303 843 336 ὲγο

43 352 136 385 γίονος
146 351 345 385 προτεινούσης
352 350 401 384 τῆς
413 349 580 384 Μιτυλήνης,
588 349 634 375 καὶ
646 348 676 374 τὸ
689 349 751 374 καθ’
761 347 842 374 αὐτὸν

45 397 159 424 σκοπῶν
175 398 291 428 ἕκαστος
307 396 400 430 ὴλόγει
423 395 470 422 τοῦ
486 395 599 429 ἄγοντος
620 395 667 421 καὶ
691 394 744 428 ,τῆς
768 394 845 420 ἑκου-

44 444 103 470 σίου
137 444 229 470 ἀνεῖτο
252 442 391 477 ὑποταγῆς
406 449 413 458 ⁸
432 442 475 476 ἐφ’
500 440 542 474 οἷς
562 442 645 477 μηδὲν
673 441 743 476 ἔχων
766 441 842 467 ἀντι-

46 490 193 524 πράττειν,
208 488 256 516 τοῦ
281 489 400 525 πλήθους
432 489 470 520 ὼς
503 489 577 520 εἰκὸς
603 487 844 519 δυναστεύσαντος,

47 535 229 569 συναπαίρειν
241 535 313 569 ἔγνω
327 534 463 566 κάκεῖνος,
481 534 529 560 καὶ
557 533 636 560 κενὸν
659 533 786 560 ἐντεῦθεν
812 533 844 560 τὸ

47 582 182 617 φρούριον
195 581 402 608 καταλέλειπτο.
421 579 503 606 Ἀλλὰ.
519 580 578 615 μεθ’
593 580 700 615 ἡμέρας
727 581 740 606 ὁ
758 580 846 614 μέγας

48 627 112 660 ὃθὺξ
122 626 268 662 προσίσχει
283 626 316 661 τῇ
329 625 415 660 νήσῳ,
432 624 479 652 καὶ
490 624 545 651 ἔδει
561 624 668 655 πάντως
687 624 777 655 αἰτίας
792 624 846 651 τῶν

49 673 198 709 πορισμῶν
211 672 262 702 τὰς
278 671 328 706 μὲν
345 671 534 706 εὑρίσκεσθαι,
549 671 595 701 τὰς
610 670 638 696 δὲ
665 670 845 697 πλάττεσθαι.

51 720 103 745 Σὺν
119 717 213 748 ἄλλοις
228 716 336 747 πολλοῖς
351 716 398 742 καὶ
410 713 488 746 οὗτος
501 714 540 749 τῷ
551 713 640 749 τροχῷ
660 713 847 748 συλλαμϐάνε-

51 773 106 792 ται,
144 763 176 789 Οί
190 762 217 789 δὲ
229 762 306 788 ἄλλοι
318 760 418 791 πάντες
438 759 503 794 μίαν
524 760 575 794 τὴν
589 759 636 786 τοῦ
654 758 739 786 κα.κοῦ
760 759 848 788 λύσιν,

51 812 74 837 εί
90 809 261 845 προτείνοιεν
277 807 360 842 ἁϐρὸν
376 807 405 832 τὸ
420 806 541 841 χρυσίον.
556 805 610 832 Καί
626 813 667 837 τις
681 804 708 831 δὲ
722 805 801 836 ἄλλος
820 805 848 836 ὃς

53 854 272 891 προενηργηκὼς
287 853 404 888 δημόσια
416 852 450 879 τὰ
462 852 492 884 ἐξ
514 852 627 878 ἐκείνων
645 851 726 886 κέρδη
753 852 782 878 ὲν
806 860 849 886 χιο

896 257 1003 291 μεῖσθαι
1032 256 1145 290 θάτερον
1167 256 1213 283 τὸν
1233 256 1402 292 Μαχράμην,
1421 257 1467 283 καὶ
1491 257 1505 282 ὁ
1526 256 1690 291 μακελλικδς

894 302 988 337 φιτρδς
1000 302 1139 337 παρευθὺς
1159 303 1205 329 καὶ
1217 303 1247 329 τὸ
1261 302 1337 338 ξίφος
1349 303 1459 338 ἕτοιμον
1473 303 1511 334 είς
1528 303 1669 337 ἀναίρεσιν
1681 310 1688 319 '

893 349 942 381 τὰς
955 350 1010 384 γὰρ
1024 350 1073 384 τῆς
1092 351 1214 385 κεφαλῆς
1228 351 1324 386 τρίχας
1352 351 1431 385 ἱμᾶσι
1458 350 1555 382 δεθεὶς,
1589 348 1648 377 εἶτα
1665 349 1689 376 δ’

895 396 1020 428 ἐκταθεὶς
1048 397 1094 422 ἐπὶ
1118 396 1164 422 τοῦ
1186 396 1282 431 φιτροῦ
1315 397 1362 423 καὶ
1385 397 1527 431 καρτερῶς
1553 397 1689 427 πιεσθεὶς.

895 441 966 468 ὥστε
983 441 1102 472 καὶτοὺς
1116 441 1280 472 σπονδύλους
1308 441 1356 468 τοῦ
1378 442 1515 476 τραχήλου
1541 441 1689 476 ἐκλυθῆναι

895 487 945 522 τῆς
959 487 1076 521 φυσικῆς
1092 488 1226 522 ἁρμογῆς,
1245 487 1332 519 οὕτως
1345 488 1445 519 ἀθλίως
1461 487 1507 514 καὶ
1531 488 1579 522 τὴν
1603 487 1691 522 τομὴν

896 533 1015 568 δέχεται,
1033 534 1090 560 Καὶ
1105 533 1134 559 τὸ
1149 534 1256 568 συμὸὰν
1272 534 1378 569 θατέρῳ
1405 533 1565 568 θεασαμένῳ
1596 533 1691 568 Γοργὼ

899 588 941 611 τις
955 577 990 615 ἦν
1012 579 1179 606 ἀπολιοοῦσα
1199 580 1245 606 τὸν
1258 580 1386 614 δείλαιον,
1408 580 1455 607 καὶ
1477 580 1575 614 πικρὸν
1590 579 1692 610 κλαίει,

898 625 945 652 καὶ
964 627 1107 652 ποτνιᾶται
1122 626 1189 661 πρδς
1203 625 1374 658 Γεννουττας,
1391 627 1437 652 καὶ
1452 625 1501 661 τὴν
1518 625 1591 659 ζωὴν
1607 626 1691 660 χιλιο-

899 671 961 698 στύῖ
974 670 1110 706 χρυσίνιυν
1132 671 1198 705 παρ’
1217 671 1329 697 ἐκείνων
1344 672 1540 706 περιποιεῖται.
1566 670 1609 706 [Ρ.
1628 667 1692 704 504]

905 716 986 742 Ἀλλὰ
1006 716 1132 752 μικρδνῆ
1150 716 1236 743 ταῦτα
1258 716 1386 750 γενέσθαι
1406 717 1549 752 πρότερον,
1579 717 1693 750 Μαγνη-

900 762 1012 793 σιώταις
1039 762 1143 792 ικείνος
1162 761 1245 796 τιμὴν
1273 761 1411 796 ταμιεύων
1442 762 1629 793 Κυκλώπειον,
1656 761 1694 792 ὡς

901 808 948 834 καὶ
967 808 1065 839 αὐτοὺς
1085 808 1120 833 τὰ
1145 808 1226 842 ὅμοια
1255 807 1370 842 δράσων,
1388 808 1439 834 κᾶν
1457 807 1629 842 ὐπερημέρει
1645 806 1694 841 τὴν

901 852 1014 884 ἐκτιτιν,
1027 853 1074 879 τοῦ
1091 852 1228 878 πιστεύειν
1246 853 1361 886 ἐκείνοις
1373 853 1454 879 πλέον
1471 853 1524 879 τῶν
1543 852 1631 879 ἄλλων
1646 852 1694 878 καὶ

52 903 125 929 λιάσι
137 901 188 928 καὶ
204 901 322 935 μάλιστα
333 899 537 933 είσεπραττετο.
550 898 594 932 Τῷ
609 898 638 924 δὲ
661 898 848 933 προσετιμᾶτο
864 899 885 924 Β
901 899 976 935 παρὰ
990 899 1068 926 τοῦτο
1089 898 1341 934 ἀποτεταμιεῦσθαι
1365 899 1412 926 καὶ
1431 898 1532 930 ἵππους
1555 898 1618 934 τῇδε
1647 899 1694 928 καὶ

53 949 172 975 θανάτου
198 947 243 974 διὰ
275 945 324 981 τὴν
346 944 393 971 τοῦ
423 944 554 979 φρουρίου
580 943 752 977 κατάλειψιν.
769 943 799 970 El
825 943 848 970 δ’

53 993 182 1021 ὠνεῖσθαι
196 992 317 1027 βούλοιτο
332 991 383 1026 τὴν
397 990 481 1025 ζωὴν,
499 991 540 1021 είς
554 990 665 1024 χρυσίου
693 988 850 1024 χιλιοστύας

54 1041 137 1067 πέντε
163 1040 181 1074 ὴ
209 1038 311 1068 Exstat;
326 1036 443 1064 ·ἶστατο.
468 1036 643 1071 Κατηντήκει
663 1035 690 1061 δὲ
705 1035 752 1062 καὶ
770 1036 850 1071 ποινὴ

56 1087 138 1121 μέχρι
155 1085 204 1112 καὶ
216 1082 381 1114 ἑκατοστύος
397 1083 462 1117 μιᾶς
474 1082 511 1117 τῷ
525 1081 678 1117 Μαχράμῃ.
708 1082 752 1113 Ὠς
785 1080 851 1116 γοῦν

55 1133 165 1169 βραδεῖς
181 1130 323 1166 ἐφαίνοντο
337 1130 362 1156 οἱ
384 1129 421 1164 μὴ
433 1129 540 1164 ἔχοντες
559 1129 623 1164 περῖ
648 1128 696 1164 τὴν
712 1127 850 1161 ἀπόδοσιν,

56 1224 147 1251 culum
167 1223 195 1250 in
217 1223 271 1250 alio
288 1221 390 1257 pariter
403 1221 533 1248 damnato
548 1220 600 1247 vim
625 1219 721 1247 habuit
742 1219 850 1255 qualem

56 1277 116 1298 esse
134 1270 216 1296 aiunt
236 1268 354 1295 Medusae
371 1266 517 1301 Gorgonis,
540 1265 623 1302 439
643 1274 724 1301 quam
742 1267 788 1302 qui
808 1267 850 1293 vi-

59 1318 123 1344 dent
140 1315 327 1350 lapidescuut.
347 1313 393 1341 Sic
415 1314 488 1341 enim
513 1317 541 1340 et
565 1313 608 1340 hie
634 1314 727 1345 miser,
753 1313 849 1340 hausta

58 1363 118 1391 visu
133 1362 264 1398 praesenti
277 1361 338 1388 dira
350 1361 512 1388 Machramz
524 1367 600 1391 nece,
616 1363 769 1387 commotus
783 1360 852 1388 adeo

59 1413 99 1436 est
115 1413 145 1435 ut
173 1407 267 1435 multis
290 1406 420 1441 lacrymis
447 1409 575 1432 cxoraret
600 1404 773 1437 Genucnses.
799 1405 851 1432 sibi

60 1454 237 1483 commodare
253 1461 287 1480 ne
306 1454 487 1487 gravarentur
506 1456 605 1478 aureos
630 1451 715 1482 mille,
735 1456 802 1485 quot
817 1452 850 1478 ad

61 1508 200 1529 summam
221 1500 351 1526 indictam
376 1498 570 1526 absolvendam
594 1497 730 1525 deerant:
749 1497 786 1524 ita
811 1502 853 1525 est

63 1549 159 1575 horum
181 1545 370 1574 misericordia
389 1549 524 1572 servatus.

97 1593 183 1621 Paulo
198 1593 275 1627 pritts
286 1599 367 1626 quam
383 1591 438 1618 haec
451 1590 555 1622 fierent,
565 1590 717 1625 contigerat
735 1589 851 1617 defectio

64 1639 296 1676 Maguesiensium
316 1645 330 1665 a
348 1644 444 1672 magno
454 1637 534 1664 duce.
549 1636 618 1663 Huic
632 1636 676 1663 ille
686 1636 787 1664 civitati
803 1643 852 1671 pro

64 1687 214 1722 majoribus
229 1687 256 1712 in
270 1692 300 1712 se
317 1683 422 1711 meritis
437 1684 552 1719 gratiam
569 1683 697 1710 servabat
709 1703 716 1714 ,
733 1691 786 1718 qtta
803 1690 847 1710 re-

64 1736 271 1759 muneraturum
291 1737 320 1757 se
336 1729 461 1764 Ulyssem
475 1728 593 1764 Cyclops
607 1728 769 1755 Homericus
788 1735 851 1762 pro-

65 1778 197 1809 iitebatur,
213 1777 354 1812 spondens
372 1776 460 1810 ipsum
476 1782 489 1800 τι
505 1782 535 1802 se
551 1774 749 1801 comedendum
763 1775 854 1802 socio-

64 1833 121 1852 rum
150 1825 297 1856 ultimum;
316 1827 344 1849 et
369 1826 430 1856 post
456 1821 592 1856 expilatas
620 1821 701 1848 urbes
730 1820 851 1855 reliquas

63 1872 131 1898 hanc
142 1871 227 1898 etiam
239 1869 431 1897 exinaniturus
442 1867 665 1902 exspectabatur.
679 1866 758 1900 Quod
777 1867 852 1902 ipsos

64 1925 114 1944 non
131 1915 232 1943 fefellit
249 1915 309 1950 ejus
321 1914 406 1947 cives,
417 1921 450 1941 ex
470 1917 566 1941 uetera
579 1913 630 1940 viri
645 1913 796 1947 rapacitate
812 1912 853 1939 fa-

63 1965 112 1991 cile
127 1962 340 1998 prmsentientes
362 1960 426 1996 qttid
446 1960 553 1994 passuri
578 1967 639 1987 mox
664 1959 764 1986 forent.
789 1959 853 1986 Πίος

64 2010 123 2037 illos
138 2009 261 2045 provisio
277 2007 310 2034 ad
324 2008 413 2042 palam
430 2006 613 2034 deiiciendqu
630 2013 644 2033 a
664 2013 763 2040 magno
782 2005 852 2033 dure

63 2056 202 2088 incitavit;
221 2062 252 2082 ex
270 2061 325 2088 quo
345 2053 443 2081 accidit
455 2053 528 2080 hunc
545 2052 659 2088 perdere
675 2052 794 2087 praedam
811 2051 855 2079 in-

64 2105 168 2136 gentem
183 2098 258 2126 varie
269 2105 409 2126 COI'I'ISBIII
424 2098 618 2132 undecunque,
639 2104 702 2124 cum
715 2104 852 2132 equorum

63 2152 117 2174 tum
133 2146 268 2181 pecuniae,
287 2151 368 2179 quam
382 2144 453 2179 apud
469 2143 687 2177 Magnesienses,
703 2143 746 2170 his
765 2143 853 2171 Iidens

65 2193 123 2228 plus
138 2199 223 2226 quam
240 2190 347 2217 cazteris
359 2210 366 2222 ,
384 2189 591 2217 custodiendam
608 2188 785 2224 depOsuerut.
803 2189 852 2216 Hic

65 2239 166 2274 primus
182 2236 340 2264 rebellionis
357 2235 463 2263 fructus
478 2243 605 2271 magnam
624 2235 726 2270 adjecit
743 2239 850 2263 tantum
871 2248 893 2276 ο

65 2286 137 2312 ausis
155 2283 315 2310 facultatem
332 2281 487 2309 sustinendi
503 2281 575 2308 feros
592 2281 712 2316 impetus
730 2282 756 2308 in
771 2281 854 2308 ultio-

65 2338 122 2358 nem
136 2330 233 2358 statim
255 2328 354 2356 ruituri
377 2328 494 2355 hominis
517 2328 684 2362 impotenter
709 2328 853 2360 iracundi.

65 2384 141 2411 quem
164 2379 222 2402 tam
246 2373 399 2401 luculenter
424 2373 591 2401 lrritassent.
627 2373 719 2408 Equos
735 2373 808 2401 ettim
828 2379 855 2400 et

65 2430 172 2454 aurum,
185 2421 240 2448 hoc
254 2425 297 2448 est
312 2421 494 2448 instrumenta
508 2424 535 2447 et
549 2427 649 2447 nervos
663 2421 735 2453 belli,
749 2420 785 2447 ad
798 2415 863 2447 ma?

65 2477 125 2496 num
148 2468 192 2496 sic
217 2467 373 2500 habebant;
390 2473 440 2494 nec
456 2466 551 2493 deerat
575 2472 708 2494 numerus
731 2467 854 2493 virorum

65 2515 186 2547 fortium,
206 2513 254 2549 qui
270 2520 285 2540 e
298 2512 384 2540 variis
396 2519 428 2540 eo
445 2512 514 2540 locis
533 2512 733 2547 confugerant;
750 2513 777 2540 in
794 2514 856 2548 qui-

66 2561 114 2589 bus
127 2565 189 2589 erat
215 2559 390 2586 Alanicarum
407 2558 549 2594 copiarum
572 2566 637 2593 pars
661 2566 716 2586 non
744 2558 854 2594 exigua.

65 2607 220 2636 Accedebat
233 2605 403 2633 abundantia
419 2606 550 2636 frumenti
562 2606 649 2641 plenis
665 2606 770 2634 horreis
787 2614 856 2633 con-

66 2655 130 2690 gesti
150 2653 186 2681 ad
215 2653 290 2688 longi
316 2651 507 2680 sufﬁcientiam
531 2653 673 2687 temporis.
702 2652 749 2680 liis
773 2653 854 2680 simul

65 2702 169 2729 cunctis
185 2700 214 2728 in
229 2699 328 2735 primis
343 2699 516 2726 anituabatur
527 2699 672 2731 Attaieota,
684 2704 713 2726 ut
730 2707 784 2726 non
804 2699 855 2727 du-

66 2748 163 2775 hitarct
177 2755 210 2775 se
228 2751 372 2773 auctorem
386 2744 458 2772 ferre
473 2745 580 2772 consilii
590 2745 789 2780 audacis.quod
803 2745 855 2772 nisi

66 2793 123 2820 felix
139 2795 218 2821 esset
244 2791 280 2818 ad
303 2793 468 2821 extremum,
487 2789 646 2824 impendere
669 2790 722 2817 sibi
750 2794 855 2817 certum

67 2841 174 2867 uitium
202 2837 326 2866 sciebat.
350 2835 406 2864 Hoc
425 2836 572 2875 instinctus
596 2842 668 2864 metu
689 2837 855 2872 peculiarem

67 2887 185 2914 adhibuit
197 2883 374 2918 diligentiam
390 2883 415 2910 in
432 2883 624 2918 coniuratione
639 2883 854 2915 corroborauda,

900 940 1042 981 χρήματα,
1053 945 1069 972 ἃ
1089 945 1120 981 δὴ
1134 946 1165 972 ὲκ
1179 946 1260 980 τόσης
1276 945 1440 980 ἀλαστορίας
1465 945 1601 979 συνέλεγε,
1625 945 1693 978 φοὰ-

901 1000 940 1018 νει
960 993 1094 1027 σφαλῆναι
1107 992 1220 1028 προνοίᾳ
1233 992 1287 1018 τῶν
1304 992 1463 1027 οἰκητόρων.
1491 992 1532 1019 Τὰ
1559 991 1614 1026 γὰρ
1636 993 1692 1023 τοῖς

901 1038 991 1070 ἄλλοις
1005 1038 1188 1073 συμὸαίνοντα
1213 1038 1261 1064 καὶ
1288 1038 1364 1064 αὐτοὶ
1389 1038 1458 1064 κατὰ
1487 1037 1516 1063 τὸ
1545 1037 1693 1070 ἀναγκαῖον

901 1086 1047 1116 δείσαντες,
1062 1084 1108 1111 καὶ
1123 1084 1240 1119 μάλιστα
1254 1084 1438 1120 προπαθόντες
1456 1084 1502 1110 καὶ
1526 1083 1562 1114 ὡς
1587 1082 1693 1118 γεύμα-

902 1138 946 1163 τος
956 1131 986 1157 τδ
1002 1131 1056 1157 πᾶν
1072 1129 1272 1165 προμαθόντες,
1285 1129 1352 1165 πρὸς
1368 1129 1540 1156 ἀποστασίαν
1556 1128 1692 1164 ἀφορῶσι,

903 1222 999 1249 stricta
1019 1221 1152 1251 invicem,
1169 1227 1251 1254 quam
1273 1219 1431 1247 firmissime
1445 1223 1550 1254 posset,
1577 1217 1628 1245 I‘Ide
1649 1225 1694 1245 so-

903 1268 1006 1295 ciorutn
1034 1267 1229 1294 communione
1262 1265 1396 1293 facinoris
1426 1264 1586 1300 ejusmodi,
1612 1262 1695 1300 A40

902 1315 974 1350 quod
983 1321 1090 1342 omnem
1106 1321 1168 1341 cum
1183 1319 1282 1347 magno
1293 1312 1363 1339 duce
1378 1310 1612 1350 reconciliationis
1624 1311 1694 1336 viam

903 1361 1089 1395 abrumperet.
1114 1359 1175 1386 Fuit
1200 1359 1225 1386 id
1250 1358 1358 1385 hostilis
1376 1358 1514 1393 grassatio
1542 1357 1568 1383 in
1593 1355 1688 1385 Italos.

903 1409 1038 1442 qttotquot
1049 1410 1115 1433 sunt
1130 1405 1201 1432 intra
1212 1405 1308 1431 urbem
1325 1403 1491 1438 Magnesiam
1503 1407 1568 1430 tunc
1580 1402 1693 1437 reperti;

903 1461 1021 1488 quorum
1041 1460 1104 1487 pars
1133 1451 1223 1486 gladio
1251 1451 1332 1482 caesi,
1350 1457 1413 1485 pars
1431 1457 1535 1477 secura:
1551 1448 1693 1476 commissi

905 1499 1039 1526 custodiae
1053 1502 1129 1526 sunt.
1147 1497 1206 1533 Egit
1222 1504 1356 1533 praetcrea
1374 1502 1401 1523 ut
1420 1498 1527 1524 cunctis
1544 1501 1616 1523 esset
1632 1503 1696 1529 pcr-

905 1546 1101 1574 suasissimum
1132 1553 1213 1572 unam
1235 1545 1303 1580 ipsis
1316 1545 1396 1571 sitam
1415 1551 1476 1571 esse
1499 1543 1596 1570 salutis
1619 1550 1694 1577 spent

905 1593 932 1620 in
949 1593 1037 1620 salute
1054 1600 1109 1619 nou
1126 1591 1238 1619 aliunde
1253 1590 1388 1626 speranda
1406 1599 1486 1625 quant
1501 1590 1535 1616 ab
1551 1590 1651 1616 invicta
1668 1591 1695 1615 ct

905 1639 1018 1666 omnino
1034 1638 1211 1666 irrevocabili
1235 1637 1383 1665 resistendi
1404 1636 1558 1664 constantia
1572 1656 1580 1669 ,
1597 1635 1696 1662 certis-

904 1684 974 1711 sime
988 1684 1140 1717 morituris,
1162 1684 1185 1711 si
1209 1683 1341 1711 cederent
1359 1687 1386 1710 et
1405 1689 1570 1718 quacunque
1591 1682 1697 1709 ratione

907 1724 1068 1765 sub‘magui
1088 1730 1168 1758 ducis
1190 1734 1357 1766 potestatem
1391 1737 1423 1757 ac
1456 1736 1557 1756 manus
1587 1729 1696 1763 redige-

907 1781 1012 1804 rentur.
1030 1776 1076 1803 Sic
1091 1776 1178 1812 parati
1195 1797 1202 1809 ,
1227 1781 1316 1811 port's
1339 1777 1417 1804 urbis
1440 1780 1499 1803 tttta
1526 1775 1650 1803 custodia
1670 1779 1697 1802 et

906 1823 1061 1850 munitione
1074 1823 1170 1858 septis,
1188 1823 1248 1850 sine
1268 1823 1321 1850 ulla
1335 1822 1391 1857 jam
1409 1822 1632 1850 dissimulatione
1647 1829 1698 1856 pa-

904 1869 956 1895 lam
971 1868 1113 1896 declarant
1129 1876 1159 1896 se
1171 1875 1220 1903 pro
1235 1869 1313 1896 hoste
1328 1868 1430 1895 habere
1444 1875 1571 1902 magnum
1585 1867 1696 1894 ducem.

905 1913 955 1941 Hie
974 1913 1056 1941 simul
1076 1913 1136 1948 ejus
1157 1914 1225 1941 tattti
1247 1915 1287 1941 sui
1316 1918 1504 1948 contemptus,
1530 1911 1601 1939 fama
1631 1912 1696 1939 facti

903 1960 960 1987 late
974 1959 1071 1993 didita,
1088 1967 1147 1986 eam
1166 1960 1291 1987 notitiam
1314 1959 1420 1994 accepit
1441 1966 1523 1992 quam
1538 1958 1612 1985 nulla
1634 1966 1697 1993 pos-

904 2011 948 2035 set
964 2005 1185 2034 dissimulatione
1200 2009 1304 2040 tegere,
1322 2005 1414 2032 statim
1437 2005 1539 2032 exarsit
1564 2005 1590 2030 in
1609 2004 1696 2031 nihilo

906 2053 1043 2081 mitiorem
1061 2052 1128 2078 iram
1151 2059 1233 2086 quam
1249 2051 1326 2086 quali
1347 2055 1407 2079 erat
1421 2051 1571 2078 verisimile
1589 2050 1696 2077 inﬂant.

906 2097 1035 2126 mandum
1053 2097 1191 2125 hominem
1204 2096 1313 2128 Italum.
1330 2096 1514 2131 eumdemque
1526 2103 1608 2131 supra
1623 2103 1697 2123 com-

906 2151 1016 2171 munem
1030 2143 1119 2178 gentis
1137 2142 1248 2170 modum
1267 2141 1406 2169 crudelem
1422 2148 1503 2176 atqtte
1516 2141 1693 2177 prmeipitem.

907 2189 989 2225 Rapit
1000 2196 1066 2225 ergo
1079 2189 1140 2217 sine
1156 2195 1244 2221 mora,
1261 2189 1369 2216 cunctis
1384 2189 1506 2219 omissis.
1526 2195 1590 2215 suas
1600 2195 1694 2215 secum

907 2236 1049 2262 universas
1069 2235 1175 2269 copias,
1192 2233 1417 2269 Magnesiamque
1431 2234 1551 2262 advolat.
1565 2233 1651 2261 Erant
1668 2234 1694 2261 iu

906 2289 939 2308 eo
956 2281 1078 2309 exercitu
1102 2281 1250 2309 auxiliares
1273 2281 1359 2309 Italici
1382 2281 1490 2316 generis
1505 2288 1615 2312 omnes,
1640 2279 1695 2306 Ro-

907 2335 994 2355 mana:
1013 2335 1074 2355 cum
1097 2327 1140 2355 his
1164 2329 1269 2356 militia:
1293 2336 1356 2363 pars
1372 2336 1428 2355 non
1442 2328 1539 2362 exigua
1554 2346 1561 2359 .
1580 2327 1697 2361 denique

906 2372 996 2406 Alani,
1012 2373 1059 2408 qui
1078 2377 1169 2401 tamen
1192 2381 1245 2401 non
1261 2377 1370 2408 sponte,
1390 2373 1440 2402 sed
1457 2373 1600 2408 prtesentis
1616 2373 1701 2400 tiut'ib'

907 2418 1076 2447 iueluctabili
1096 2419 1186 2447 adacti
1212 2419 1346 2454 potentia.
1372 2419 1485 2446 invitam
1511 2424 1538 2447 et
1561 2420 1698 2447 duntattat

907 2466 1123 2502 perfunctoriam
1140 2473 1254 2501 operam
1268 2466 1294 2493 in
1312 2466 1364 2494 hoc
1380 2466 1483 2493 bellutn
1502 2465 1695 2493 conferebant.

907 2512 957 2540 liis
981 2512 1069 2546 copiis
1086 2511 1141 2539 dux
1158 2520 1275 2547 magnus
1299 2513 1529 2548 oppugnationem
1552 2512 1697 2548 Magnesia:

908 2561 1024 2589 adorsus
1044 2560 1187 2588 machinas
1202 2561 1342 2593 admovet,
1361 2566 1451 2589 turres
1467 2562 1579 2594 excitat,
1598 2566 1695 2588 caetera

909 2607 1091 2635 instrumenta
1113 2607 1360 2642 expugnandarum
1379 2608 1563 2635 munitionum
1588 2607 1695 2635 ardenti

908 2659 1035 2688 satagens
1049 2653 1141 2680 studio
1159 2653 1281 2681 adhibet.
1296 2653 1493 2682 Accendebaut
1512 2655 1585 2681 enim
1603 2662 1651 2689 per
1667 2661 1696 2680 se

909 2701 975 2727 satis
989 2699 1185 2727 inﬂammatam
1202 2699 1263 2734 ejus
1284 2700 1352 2728 irant
1370 2701 1469 2728 crebra
1484 2701 1603 2728 subinde
1619 2701 1647 2728 itt
1661 2701 1696 2727 il-

911 2746 965 2773 lum
984 2753 999 2773 e
1016 2745 1216 2781 tnurisejactata
1230 2747 1359 2780 dicteria,
1375 2747 1550 2775 irridentiutn
1578 2753 1695 2774 conatus

911 2793 1055 2826 minasque.
1069 2792 1167 2828 ipsius,
1184 2793 1284 2828 quibus
1304 2794 1385 2821 homo
1399 2794 1519 2820 tumidus
1535 2793 1696 2827 impatiens-

909 2846 961 2874 que
989 2839 1164 2866 contumelize
1185 2840 1389 2868 incredibiliter
1412 2840 1591 2871 eﬁerabatur,
1611 2847 1696 2866 vanos

911 2884 1022 2912 ittterim
1048 2884 1109 2919 ejus
1124 2885 1241 2919 impetus
1257 2886 1343 2914 muris
1358 2886 1543 2921 nequidquam
1559 2885 1697 2914 solidissi-
