1953 3065
102 96 206 162 529.

528 132 580 162 DE
597 132 820 162 ANDRONICO
836 130 1067 162 PALEOLOGO
1089 131 1162 161 LIB.
1183 131 1234 163 VI.

1680 130 1743 161 5730"

101 189 150 223 τὴν
164 188 301 223 τετάρτην
318 188 430 220 τούτων,
448 189 482 224 ἢν
493 187 526 224 δή
540 196 584 220 τις
599 190 666 224 φαίη
683 188 803 224 ἀνδρίαν,
821 190 889 216 ἀπο·
906 194 929 222 Α
943 188 1058 221 ἐδέοντο,
1070 189 1117 215 καὶ
1131 188 1261 222 πολεμεῖν
1273 188 1398 222 ἐκείνοις,
1414 189 1438 216 εξ
1454 190 1573 223 φανεῖεν,
1591 189 1731 222 ἠπείλουν,

101 235 192 270 νέμων
206 237 263 266 τοῖς
281 235 469 271 μισθοφόροις,
485 235 622 262 ἐθέλουσιν
645 235 828 269 ἀποθνήσκειν
844 235 892 270 μό-

101 290 146 307 νον
167 280 206 315 τῷ
225 281 348 316 πολέμῳ,
373 282 422 307 οὐκ
448 281 560 316 ἀρετῆς,
581 281 649 307 ἀλλὰ
673 281 772 314 μισθοῦ
799 282 890 317 χάριν,

100 329 147 353 καὶ
175 327 220 353 διὰ
247 326 325 354 ταῦτ’
341 328 374 354 ὲκ
401 327 448 354 τοῦ
475 328 564 363 ῥᾷστα
583 328 694 361 συχναῖς
723 327 891 361 ὲνιχομένοις

99 373 291 405 ἁτασθαλίαις,
319 373 532 407 θρασυνομένοις
559 373 609 407 μὲν
626 373 664 404 ὡς
692 366 795 404 ἀδίκοις
821 373 890 399 κατὰ

99 419 287 453 δικαιοσύνης,
316 419 527 453 Θρασυνομένοις
548 418 576 444 δὲ
595 419 633 449 ὡς
656 417 798 452 ὑϐρισταῖς
820 417 892 444 κατὰ

101 465 291 501 σωφροσύνης,
309 465 398 492 καὶτὸ
414 466 468 491 πᾶν
484 465 695 500 ἀφρονεστάτοις
712 464 771 490 οὖσι
784 463 828 490 διὰ
841 465 891 498 τὴν

99 511 262 538 ἀπόπτωσιν
286 511 336 546 τῆς
359 512 527 546 φρονήσεως.
546 511 638 537 Ταῦτα
661 511 694 545 δὴ
722 509 891 545 ξυμῧεὸήκει

100 558 250 590 κάκείνοις,
266 559 313 584 καὶ
338 558 427 584 ταῦτά
441 566 472 591 γε
494 557 606 588 Ἰταλοῖς
630 555 690 584 οὖσι
706 557 752 582 καὶ
766 558 806 588 είς
818 556 891 583 ὀκτὼ

100 604 258 638 γιλιοστύας
275 604 465 639 ποσουμὲνοις.
482 604 528 638 Μὴ
547 603 626 638 μόνον
639 603 668 630 δὲ
686 604 759 630 σῖτον
773 603 819 629 καὶ
832 610 892 637 κρι-

101 648 150 684 θὴν
164 649 324 684 ἐξεφόρουν,
343 649 390 676 καὶ
407 649 464 681 ζῶα
481 649 677 683 κατέσφαττον.
699 649 745 675 καὶ
763 649 892 684 χρήματα

99 694 147 721 καὶ
178 695 283 726 ῖππους
310 695 366 721 τῶν
394 695 614 729 ἐντυγχανόντων
641 694 813 729 ἐξήρπαζον,
844 695 892 720 καὶ

101 741 194 775 σφαγὴ
209 739 244 776 ἦν
262 740 316 767 τῶν
344 742 559 775 ἐναντιουμένων
578 741 609 767 τὸ
634 741 796 775 πρόστιμον,
823 740 891 767 ἀλλὰ

99 785 212 816 καὶτὰς
238 785 294 811 τῶν
312 786 432 812 ἐποίκων
453 786 635 820 κατασχόντες
655 785 744 816 οἰκίας
762 785 822 816 ταῖς
840 793 891 818 γυ-

100 831 188 863 ναιξὶν
204 832 397 866 ὲπεμαίνοντο,
413 832 446 866 ἢν
465 833 501 867 μή
521 840 560 863 τις
583 831 689 865 φθάσας
706 831 890 864 ἀπεδίδρασκε

945 234 975 260 οὐ
994 235 1146 270 συμμάχων
1167 235 1278 269 τρόπον,
1307 235 1376 262 ἀλλὰ
1400 236 1536 270 πολεμίων
1561 235 1734 268 ἐνδεικνυμέ-

944 288 1009 311 νοις.
1029 280 1160 312 Βασιλεὺς
1175 281 1203 307 δὲ
1228 280 1389 307 κατέστελλε
1405 282 1454 312 τὰς
1469 281 1558 316 ὁρμὰς
1575 281 1621 307 καὶ
1637 280 1674 312 ὡς
1690 281 1732 306 εἰ·

945 325 993 356 κὸς
1013 325 1208 359 παρεμυθεῖτο.
1229 326 1301 361 Πλὴν
1325 326 1373 352 καὶ
1399 326 1467 361 πρὸς
1491 326 1536 352 τὸν
1562 327 1670 360 πατέρα
1685 327 1743 352 χαὶ-

944 369 1058 404 βασιλέα
1071 370 1185 405 γράψων
1209 371 1328 404 ἀπέλεγε
1347 371 1463 405 πάμπαν
1479 371 1529 406 τὴν
1556 371 1625 406 πρὸς
1650 372 1732 398 αὑτὸν

943 415 998 442 τῶν
1023 416 1183 442 Κατελάνων
1202 416 1338 449 διάϐασιν,
1361 417 1399 448 ὡς
1426 425 1606 452 μαχουμένων
1631 419 1738 445 αὐτίκα·

944 461 1022 495 σφισι
1043 463 1189 496 Ῥωμαίων
1214 464 1260 489 καὶ
1275 465 1314 494 εἰς
1337 464 1486 498 ἐμφυλίους
1510 464 1741 497 καθεστηξὸντων-

945 507 1046 542 μάχας.
1071 508 1182 543 Ἐδήλου
1199 507 1226 534 δὲ
1243 508 1291 534 καὶ
1304 508 1341 540 ὡς
1356 509 1435 539 αὐτος
1451 509 1494 536 διὰ
1514 509 1562 544 τὴν
1578 510 1653 543 σφ’ῖιν
1669 510 1731 544 βίαν

943 555 989 580 καὶ
1005 553 1197 586 ὲπισύστασιν,
1213 555 1250 586 ὼς
1267 555 1364 581 αὐτίκα
1387 555 1504 590 ἑτοίμων
1517 556 1602 582 ὄντων
1622 557 1732 590 ἀναχω-

944 601 1001 634 ρεῖν
1017 601 1069 627 κᾶν
1084 601 1166 633 αὐτὸς
1189 602 1226 636 μὴ
1244 603 1415 638 προστάσσῃ,
1439 602 1484 629 διὰ
1497 603 1731 637 χρ”.ισο6ου).λείων

941 647 1032 682 ὅρκων
1050 647 1134 674 ἔδωκε
1158 648 1192 674 τὰ
1208 650 1290 675 πιστὰ
1306 646 1323 684 ἦ
1341 649 1394 684 μὴν
1412 649 1458 675 ὲπὶ
1480 650 1554 684 ῥητῷ
1576 658 1630 676 τινι
1644 649 1732 685 χρόνῳ

940 693 1140 725 δουλεύσαντας
1155 695 1346 730 ὑποστρέφειν,
1363 696 1394 722 οὐ
1417 696 1470 730 μὴν
1484 696 1512 722 δὲ
1537 695 1595 722 ἀλλ’
1609 695 1662 721 οὐδ’
1676 696 1735 722 αὖ-

942 739 1003 771 τοὺς
1027 740 1144 772 Ἰταλοὺς
1160 741 1376 775 παραδέξασθαι,
1393 744 1475 768 παντὶ
1487 742 1517 768 δὲ
1530 743 1622 776 τρόπῳ
1634 742 1734 768 διακω-

941 784 1020 811 λῦσαι
1048 786 1097 821 τὴν
1124 786 1198 820 σφῶν
1214 788 1254 818 είς
1278 787 1359 814 αὐτὸν
1387 786 1522 814 διάϐασιν.
1550 787 1679 817 Βασιλεὺς
1703 787 1733 814 δὲ

941 831 1088 866 δεχὸμςνος
1101 832 1150 866 μὲν
1163 833 1210 859 καὶ
1224 832 1258 859 τὰ
1270 832 1316 859 τοῦ
1330 833 1462 866 βασιλέως
1485 833 1645 868 μηνύματα,
1657 834 1735 868 ὅμως

100 874 197 910 πόρρω
221 883 286 907 που,
315 875 364 911 τὴν
395 876 445 910 μὲν
463 876 531 902 ίδίαν
562 875 679 910 ὓπαρξιν
707 875 891 907 καταλείπων,
909 879 928 906 Β
943 885 975 910 γε
990 877 1082 911 μέντοι
1097 878 1144 904 καὶ
1157 877 1198 903 ἔτι
1215 878 1261 904 ἐπὶ
1274 878 1312 911 τῷ
1327 878 1437 913 μεγάλῳ
1450 878 1526 905 δουκὶ
1540 879 1734 905 “stomoma-

103 920 194 954 μόνοις
221 921 250 948 δὲ
278 922 334 952 τοῖς
354 922 465 954 οίκείοις
491 922 540 957 τὴν
560 922 697 956 σωτηρίαν
727 923 889 955 περιποιῶν.

100 966 194 993 Ταῦτα
213 968 261 993 καὶ
277 968 333 998 τοῖς
347 968 411 1003 περὶ
425 969 470 994 τὴν
487 968 599 1003 βασιλέα
618 969 727 1004 Μιχαὴλ
748 970 891 996 ἀνάπυστα

101 1013 235 1047 γεγονότα
261 1013 385 1049 ἀποκλᾷν
410 1015 551 1042 συνέϐαινε
568 1015 616 1046 τὰς
635 1016 724 1050 ὁρμὰς
742 1017 817 1050 σφίσι
842 1016 892 1051 τὴν

101 1059 306 1095 Θρυλλουμένην
331 1061 503 1096 ἀλαστορὶαν,
521 1061 568 1087 καὶ
596 1062 712 1096 μελέτης
738 1063 891 1097 πολεμικῆς

101 1105 287 1140 ὲρῤᾳθὺμουν.
310 1106 417 1132 Μᾶλλον
437 1106 486 1140 μὲν
511 1105 558 1133 οὖν
581 1108 626 1133 καὶ
654 1107 761 1141 βασιλεῖ
788 1111 892 1143 1:90:01-

101 1151 265 1185 ναφέροντες
281 1151 321 1182 είς
333 1151 508 1186 περιποίησιν
519 1152 574 1178 τῶν
587 1153 696 1180 οἰκείων
709 1154 891 1190 ὑποστρέφειν

100 1240 248 1276 justitiam,
268 1245 370 1268 temere
400 1249 508 1276 quoque
530 1243 639 1276 quidvis
660 1244 833 1277 audentibus,
863 1250 892 1273 ut

102 1286 324 1318 contumeliosis.
340 1287 471 1315 adversus
491 1290 700 1324 temperantiam
716 1296 744 1317 et
759 1291 890 1319 castimo-

102 1332 174 1359 niam
194 1340 202 1364 ;
222 1333 249 1359 in
267 1340 373 1360 summa
396 1334 620 1368 dementissimis,
644 1337 716 1371 quod
740 1338 892 1366 exciderint

103 1378 250 1413 prudentia
273 1379 524 1415 moderationisque
539 1389 571 1409 ac
581 1383 762 1411 considerata:
776 1384 891 1413 rationis

103 1425 171 1452 nihil
187 1425 334 1453 admodum
358 1431 405 1454 aut
429 1427 548 1455 habeant
578 1434 625 1456 aut
655 1430 756 1458 habere
781 1437 889 1460 curent.

102 1470 165 1499 "ac
177 1472 321 1506 aptissime
336 1473 362 1500 in
375 1473 425 1500 bos
440 1473 474 1501 de
481 1475 580 1508 quibus
592 1477 696 1510 agimus
707 1477 889 1511 quadrabant,

103 1525 166 1544 cum
189 1517 341 1552 praesertim
363 1517 453 1546 Latini
473 1523 575 1551 essent.
603 1520 655 1548 hoc
674 1525 716 1548 est
738 1529 753 1549 e
769 1525 849 1556 gente
863 1527 890 1549 et

943 931 1023 956 μενος
1048 923 1086 954 ὠς
1114 923 1158 949 ἐπ’
1188 923 1283 958 ἀγαθῷ
1315 924 1459 958 Ῥωμαίων
1490 925 1734 960 δημαγωγήσοντι,

943 968 984 1004 [Ρ.
1002 969 1064 1004 556]
1090 969 1192 1004 ἔφθασε
1211 971 1260 1004 μὲν
1287 970 1504 1004 προαποστείλας
1524 970 1569 996 καὶ
1592 970 1643 1005 τὴν
1663 971 1736 997 ἰδίαν

942 1016 1112 1051 αὑταδέλφην
1131 1016 1177 1042 καὶ
1194 1016 1243 1051 τὴν
1257 1016 1341 1051 αὐτῆς
1357 1016 1506 1050 θυγατέρα,
1521 1016 1570 1052 τὴν
1584 1017 1630 1043 καὶ
1645 1025 1736 1050 γαμε-

942 1062 990 1097 τὴν
1004 1062 1051 1088 τοῦ
1065 1062 1184 1096 μεγάλου
1200 1062 1305 1095 (Faunos,
1322 1062 1392 1088 ὥστε
1408 1063 1453 1089 καὶ
1467 1063 1644 1098 προῦπαντᾷν
1661 1063 1732 1089 ἁπο-

942 1109 1063 1136 6αίνοντι
1079 1109 1132 1134 τῶν
1148 1108 1225 1135 νεῶν.
1245 1108 1506 1144 Ιιληροφοροῠμενος
1521 1109 1549 1135 δέ
1567 1117 1598 1143 γε
1625 1109 1672 1136 καὶ
1687 1108 1735 1134 ἐπ’

943 1155 1045 1190 ἐκεί-τῃ,
1061 1155 1098 1186 ὡς
1114 1154 1305 1181 καταστέλλειν
1320 1154 1376 1189 ἔχοι
1390 1154 1425 1181 τὰ
1442 1154 1526 1181 πολλὰ
1542 1155 1597 1181 τῶν
1614 1154 1737 1182 ἀτασθά-

943 1245 1024 1273 factis
1049 1247 1239 1276 ostenderent.
1257 1247 1389 1281 impetum
1416 1248 1549 1274 facturos.
1570 1247 1616 1275 Sic
1632 1255 1733 1275 accen-

943 1300 989 1320 sos
1007 1294 1158 1327 reprimere
1175 1299 1208 1319 ac
1237 1293 1375 1320 consolari
1403 1298 1485 1328 prout
1505 1298 1624 1329 poterat,
1648 1302 1734 1322 cona-

943 1338 1024 1365 batur
1052 1339 1213 1372 imperator.
1229 1338 1366 1365 Cteterum
1394 1338 1464 1365 idem
1490 1338 1524 1365 ad
1543 1342 1649 1372 patrem
1676 1341 1733 1365 Au-

942 1388 1053 1419 gustum
1068 1385 1205 1410 seniorem
1226 1384 1297 1411 datis
1316 1384 1416 1412 litteris
1436 1383 1517 1411 enixe
1539 1389 1666 1419 precatus
1689 1390 1738 1412 est:

944 1437 977 1456 nc
995 1429 1140 1456 Catelanos
1158 1437 1246 1464 usque
1270 1429 1304 1456 ad
1322 1438 1373 1457 sua
1398 1433 1487 1457 castra
1510 1430 1636 1464 progredi
1654 1430 1732 1458 sine-

944 1480 995 1505 rct.
1027 1475 1129 1503 diserte
1153 1476 1331 1509 denuntians,
1359 1475 1382 1503 si
1409 1475 1580 1508 accederent,
1603 1477 1674 1503 haud
1701 1485 1737 1504 se

945 1529 1025 1556 posse
1040 1522 1187 1557 prohibere
1198 1522 1264 1557 quin
1277 1523 1319 1550 sui
1335 1521 1450 1550 Romani
1460 1523 1561 1550 milites
1578 1530 1626 1550 eos
1637 1523 1735 1550 statim

101 1570 204 1597 genere
223 1563 302 1590 nobis
329 1564 429 1591 dudum
450 1572 481 1591 ac
507 1573 575 1599 pene
591 1568 754 1594 naturaliter
771 1568 888 1602 infenso,
904 1566 924 1594 ϐ
942 1568 1077 1595 hostiliter
1092 1568 1251 1596 invaderent
1268 1577 1274 1595 :
1298 1573 1372 1596 tanto
1388 1576 1421 1596 ex
1436 1569 1555 1604 acceptis
1583 1569 1687 1597 nuntiis
1703 1569 1735 1597 in

101 1608 242 1643 iidemque
255 1617 318 1636 suae
345 1610 512 1637 conscientia
537 1611 720 1640 multitudinis
737 1614 811 1648 (nam
831 1619 894 1642 octo

102 1654 217 1682 millium
235 1662 378 1683 numerum
391 1657 548 1692 explebant)
563 1658 630 1685 certi
649 1666 676 1686 se
692 1659 803 1694 impune
813 1660 893 1695 quid—

102 1701 168 1735 quid
185 1707 298 1736 agerent
314 1703 428 1734 laturos,
441 1703 513 1738 quod
526 1704 598 1731 nulla
616 1705 724 1734 adesset
735 1706 768 1734 iis
786 1714 835 1741 par
851 1707 893 1734 ul-

101 1746 243 1775 ciscendis
259 1747 383 1775 Romana
404 1749 534 1784 potentia.
549 1750 644 1786 Itaque
668 1759 721 1778 non
739 1753 820 1780 modo
833 1753 893 1780 fru-

103 1798 226 1821 mentum
250 1798 278 1822 et
300 1793 431 1822 hordeum
452 1803 468 1823 e
481 1796 554 1824 villis
577 1797 737 1832 horreisque
754 1798 894 1835 indigena-

103 1847 162 1866 rum
184 1840 378 1874 exportabant,
404 1845 431 1869 et
447 1842 575 1869 animalia
599 1844 767 1877 mactabam,
797 1850 824 1872 et
848 1853 892 1874 res

102 1893 245 1921 equosque
264 1888 467 1915 occurrentium
483 1889 634 1924 rapiebant,
652 1895 679 1918 ct
701 1891 723 1918 si
741 1892 803 1926 quis
823 1899 892 1920 con-

102 1936 144 1959 tra
168 1932 268 1960 mutire
292 1935 420 1968 auderet,
445 1942 552 1969 poenam
571 1935 663 1964 libera:
693 1937 770 1964 vocis
797 1944 891 1965 necem

102 1986 267 2016 prasentem
284 1981 438 2010 inferebant
452 1992 459 2010 :
481 1984 527 2010 sed
540 1988 568 2010 et
583 1984 734 2012 incolarum
751 1986 892 2020 occupatis

102 2027 232 2054 domibus
246 2020 274 2055 in
291 2028 419 2056 mulieres
429 2029 532 2057 effraani
545 2030 662 2058 libidine
678 2030 819 2064 furebant.
836 2040 891 2060 non

102 2074 164 2101 aliis
176 2074 409 2108 patrumfamilias
421 2080 476 2103 tam
488 2077 595 2104 acerbae
610 2078 787 2105 contumelia:
799 2086 893 2106 exem-

104 2121 158 2155 ptis
176 2120 230 2148 nisi
248 2121 294 2154 qui
308 2127 544 2157 prteoccupassent
559 2131 640 2157 quam
657 2123 816 2158 lengissime
829 2132 889 2152 cum

103 2167 239 2194 uxoribus
251 2172 277 2195 et
289 2167 382 2196 liberis
398 2168 504 2203 fugere.
519 2169 602 2197 domo
614 2174 642 2197 et
658 2177 687 2196 re
703 2169 833 2198 familiari
850 2171 891 2197 la-

944 1621 990 1640 cos
1009 1607 1102 1640 furore
1117 1614 1347 1647 coacitabantur;
1363 1622 1449 1649 quare
1472 1622 1530 1642 rem
1550 1616 1621 1642 haud
1648 1615 1741 1643 dubie

945 1658 972 1686 in
986 1659 1067 1686 civile
1079 1660 1161 1695 idque
1183 1660 1398 1693 interneeinum,
1413 1661 1536 1689 vicissim
1561 1665 1589 1689 et
1602 1662 1655 1690 illis
1669 1661 1734 1689 irri-

944 1704 1018 1736 tatis,
1035 1705 1184 1733 desituram
1210 1706 1346 1741 praalium.
1365 1706 1544 1741 Significabat
1567 1708 1648 1735 etiam
1677 1708 1735 1743 sibi

944 1755 1082 1778 extortum
1100 1752 1213 1780 armatis
1226 1760 1340 1780 suorum
1357 1753 1498 1788 precibus,
1511 1759 1539 1782 et
1563 1760 1636 1782 me'u
1654 1762 1688 1782 ne
1701 1762 1738 1782 se

943 1796 1101 1824 desererent
1129 1798 1292 1832 abirentque
1319 1799 1438 1833 injussu,
1455 1799 1477 1826 si
1500 1805 1624 1835 negaret,
1643 1800 1733 1835 jusju-

943 1842 1060 1870 randum
1080 1842 1231 1878 diplomate
1244 1845 1420 1879 imperatorio
1441 1852 1523 1873 aurea
1541 1846 1614 1873 bulla
1627 1847 1740 1875 munito

944 1889 995 1916 rite
1012 1890 1217 1924 consignatum,
1241 1899 1296 1926 quo
1322 1899 1352 1918 se
1376 1892 1439 1920 illos
1462 1892 1648 1927 polliceretur,
1672 1897 1736 1920 tan-

943 1942 1025 1969 quam
1039 1935 1084 1969 qui
1109 1936 1228 1970 legitimo
1250 1939 1374 1972 tempore
1391 1938 1536 1965 militarem
1553 1946 1666 1973 operam
1686 1947 1732 1966 na-

943 1985 1064 2011 vassent.
1082 1980 1109 2007 in
1128 1981 1223 2008 domos
1239 1988 1303 2008 suas
1318 1982 1424 2017 regredi
1439 1989 1611 2010 sacramento
1629 1983 1733 2012 liberos

943 2031 1098 2058 passurum,
1112 2026 1135 2053 si
1156 2034 1275 2060 unquam
1296 2027 1348 2054 sibi
1372 2027 1483 2062 adjungi
1498 2028 1612 2056 Latinos
1628 2029 1732 2057 sineret

943 2074 991 2096 aut
1005 2077 1060 2096 non
1073 2070 1147 2096 omni
1161 2070 1268 2097 ratione
1281 2071 1438 2106 prohiberet
1454 2079 1598 2100 accessum
1615 2073 1733 2102 istorum

942 2116 975 2143 ad
990 2123 1039 2143 sua
1061 2116 1183 2143 Romana
1209 2122 1310 2144 castra.
1326 2118 1374 2145 His
1395 2117 1442 2145 ﬁlii
1468 2119 1568 2146 litteris
1589 2121 1733 2155 Augustus

943 2161 1036 2189 senior
1050 2162 1170 2197 acceptis
1199 2170 1252 2190 non
1274 2168 1364 2191 tamen
1382 2164 1478 2193 abduci
1501 2166 1589 2198 potuit
1608 2174 1622 2194 a
1638 2168 1734 2196 studio

103 2212 234 2240 tronibus
249 2212 354 2244 relicta,
368 2213 435 2240 satis
451 2213 582 2241 habentes
594 2222 671 2242 suam
683 2218 710 2242 et
720 2214 772 2242 sibi
784 2215 891 2242 charis—
904 2207 930 2237 Ῑ)
943 2215 998 2242 quo
1021 2208 1123 2235 dl'd'U“
1147 2209 1173 2236 ίη
1198 2208 1295 2236 ducem
1310 2217 1437 2245 magnum
1454 2213 1657 2246 PTOPeHdebal.
1681 2223 1732 2243 nec

102 2260 238 2286 simorum
255 2259 372 2286 salutem
387 2259 616 2294 honestatemque
632 2261 765 2288 bonorum
779 2261 891 2295 jactura

103 2305 265 2338 redemisse.
284 2304 386 2332 Horum
400 2305 470 2333 fama
483 2307 616 2334 seelerum
631 2307 657 2334 in
676 2306 822 2334 Michaelis
846 2307 892 2342 ju-

103 2352 192 2379 nioris
221 2350 337 2386 Augusti
363 2355 452 2379 castra
485 2351 567 2388 5.83
598 2353 698 2388 perlata
734 2352 760 2380 in
791 2352 891 2380 ducum

101 2407 134 2427 ac
150 2399 269 2426 militum
286 2398 341 2426 iiiic
356 2398 458 2426 animis
475 2406 585 2426 omnem
595 2399 714 2434 suscepti
732 2398 893 2426 certaminis

101 2445 285 2472 acrimoniam
293 2445 413 2480 infregit,
422 2445 489 2472 adeo
499 2449 528 2473 ut
536 2446 651 2473 remisso
659 2445 750 2473 studio
760 2445 892 2480 Bulgaros

103 2491 246 2522 vincendi.
260 2491 323 2518 odia
342 2492 443 2525 passim
461 2492 570 2526 irasque
581 2491 709 2519 ardentes
727 2491 754 2519 in
768 2500 854 2519 novos
863 2495 893 2518 ut

104 2537 192 2564 multo
211 2537 318 2570 pejores
336 2537 429 2564 hostes
443 2540 591 2564 verterent.
602 2536 659 2563 Tali
671 2536 808 2564 ferventes
819 2542 889 2564 arstu

103 2583 137 2609 ab
151 2583 318 2617 imperatore
329 2583 468 2610 turmatim
489 2587 624 2611 convento
637 2583 807 2618 ﬂagitabant.
820 2583 894 2611 siue-

103 2635 144 2655 rct
161 2636 191 2655 se
209 2628 355 2655 defensum
372 2634 419 2656 aut
436 2629 522 2656 ullum
539 2629 578 2656 ire
593 2629 666 2657 lares
679 2629 783 2664 patrios
799 2629 834 2657 ab
850 2629 893 2656 in-

100 2674 182 2708 juriis
207 2680 235 2701 et
261 2674 449 2705 contumeliis,
467 2682 535 2710 quas
554 2674 611 2702 illic
635 2675 798 2710 coniugibus
823 2675 893 2702 libc-

103 2719 198 2753 risque
224 2719 348 2754 ipsorum
376 2719 498 2755 hospites
515 2719 641 2747 tetriores
661 2720 787 2748 barbaris
805 2720 893 2748 infer-

103 2768 184 2796 rent;
202 2772 274 2799 quos
292 2763 412 2798 quidem,
432 2764 514 2792 simul
529 2765 728 2798 oecurriSSent,
745 2765 893 2792 minaban-

102 2817 146 2838 tur
164 2819 220 2838 non
240 2810 392 2842 sociorum,
413 2811 486 2846 quod
514 2818 612 2838 nomen
630 2811 698 2838 falso
715 2816 890 2847 usurparent,

101 2865 131 2885 se
150 2857 297 2884 habituros
316 2863 439 2889 numero,
457 2857 503 2884 scd
521 2861 550 2884 ut
574 2856 601 2884 in
628 2857 730 2891 hostes,
747 2857 842 2893 quales
861 2865 890 2884 se

943 2261 1019 2289 spem
1046 2255 1166 2289 abjicere
1193 2263 1275 2290 quam
1299 2256 1325 2283 in
1354 2257 1403 2284 illo
1426 2259 1621 2293 constituerat,
1638 2261 1731 2296 reipu<

943 2301 1020 2328 blicaa
1046 2301 1072 2328 in
1101 2302 1239 2329 meliorem
1265 2307 1367 2331 statum
1394 2305 1455 2340 ejus
1486 2313 1537 2340 ope
1556 2309 1730 2341 rcponendm.

943 2346 1117 2375 Pracmiscrat
1144 2354 1235 2376 autem
1261 2349 1318 2384 jam
1345 2351 1422 2385 prius
1441 2359 1522 2387 quam
1545 2353 1603 2380 haec
1625 2355 1732 2382 audiret

944 2393 1083 2427 propriam
1101 2401 1238 2426 sororem,
1251 2396 1328 2424 ducis
1348 2397 1438 2431 magni
1452 2405 1574 2431 socrum,
1590 2407 1643 2426 una
1667 2407 1731 2427 cum

944 2439 1030 2474 ipsius
1045 2440 1098 2468 filia
1114 2440 1235 2475 ejusdem
1263 2442 1378 2478 conjuge
1400 2443 1427 2470 in
1451 2443 1526 2470 illius
1539 2446 1701 2473 exscensuri
1716 2454 1733 2473 e

943 2486 1027 2522 484
1043 2487 1159 2516 navibus
1178 2495 1335 2520 occursum.
1349 2490 1663 2523 t‘crtoconfidensiliam,
1678 2499 1735 2527 pro,

944 2541 992 2560 sua
1010 2534 1089 2568 quasi
1108 2538 1229 2561 materna
1244 2535 1271 2562 in
1291 2543 1422 2570 generum
1440 2538 1605 2566 auctoritate
1620 2546 1652 2564 ac
1665 2546 1730 2574 gra-

946 2580 1092 2610 tia.facile
1117 2581 1312 2616 impedituram
1338 2589 1465 2616 magnam
1486 2583 1650 2618 injuriarum
1672 2592 1732 2619 par-

945 2633 1011 2658 tem.
1023 2635 1084 2663 quae
1100 2628 1134 2656 ab
1144 2628 1204 2663 ejus
1220 2628 1306 2663 copiis
1322 2628 1348 2656 in
1357 2629 1506 2657 Occiduam
1520 2630 1652 2664 expositis
1664 2638 1732 2658 cnn-

945 2676 1075 2703 tincutem
1089 2675 1177 2702 timeri
1196 2679 1333 2710 poterant.
1353 2675 1424 2710 Ergo
1440 2676 1514 2703 velut
1528 2681 1605 2704 ratus
1629 2684 1731 2711 exspe-

944 2721 1060 2749 ctandos
1075 2722 1108 2748 de
1135 2728 1264 2749 successu
1281 2720 1361 2749 istius
1379 2721 1422 2748 sui
1441 2721 1547 2748 consilii
1566 2722 1697 2749 certiores
1713 2728 1730 2750 ι

943 2774 1038 2794 sorore
1055 2766 1177 2797 nuntios,
1196 2772 1224 2792 re
1240 2765 1351 2793 interim
1365 2765 1470 2800 integra
1484 2765 1511 2792 in
1523 2764 1612 2792 medio
1624 2765 1731 2796 relicta,

944 2811 1153 2838 cunctabundus
1180 2818 1274 2838 secum
1302 2810 1472 2845 disquirebat
1498 2809 1563 2843 quid
1594 2809 1731 2845 agendum

944 2858 996 2886 sibi
1010 2858 1121 2892 foret,si
1138 2865 1200 2885 vera
1216 2856 1461 2892 comprobarent":
1476 2861 1536 2891 qua
1557 2854 1655 2884 litteris
1670 2855 1730 2885 lilii.
