1953 3065
246 117 297 149 531

852 127 1016 158 GEORGII
1038 129 1282 163 PACHYMERJE

1819 137 1876 170 532

242 175 297 201 λων
309 175 397 229 ξργινν
412 177 445 229 ἐκ
527 179 594 229 πρὸς
620 180 666 208 τὸν
683 183 809 219 γαμσρδν
833 184 969 220 ἐντυχίας,
986 185 1031 213 τὸν
1045 188 1069 218 Α
1084 189 1164 223 κραῖς
1180 190 1259 216 ναυσὶ
1281 190 1319 226 τῷ
1339 191 1387 227 τῆς
1402 192 1528 219 Μαδύτου
1555 194 1698 228 προσίσχει
1723 193 1825 229 λιμένι,
1844 196 1876 222 ὃν

243 221 340 255 καιρὸν
366 223 514 257 ἠργολάϐει
537 226 606 258 τέως
632 228 679 254 καὶ
704 229 734 254 τὸ
760 231 897 265 πρακτέον
921 231 1030 259 διεεουν-

243 267 346 296 λεύετο.
363 271 421 301 κᾶν
437 272 490 298 πού
510 281 536 298 τι
557 274 603 300 καὶ
625 275 680 301 τῶν
702 275 897 311 ἀπειρημένων
916 277 1030 312 ἠκούετο

242 315 377 347 γίνεσθαι,
394 317 446 343 κᾶν
476 319 545 346 αὐτὰ
565 321 747 355 παρήρπαζον
774 322 807 349 τὰ
830 323 956 358 δημόσια,
978 324 1030 351 κᾶν

242 360 293 395 σίὴν
308 362 399 397 χώραν
421 363 574 400 ἐξέτρεχον,
593 366 622 392 ἐν
642 367 731 402 καιρῷ
753 368 853 403 ἀρότου
870 370 1027 402 καὶταῦτα,

241 407 286 433 ῧτε
305 409 352 435 καὶ
367 410 420 440 πᾶς
432 410 461 441 ἐς
475 411 561 438 νέωτα
577 412 708 448 θερισμὸς
720 414 767 440 καὶ
781 415 810 441 τὸ
819 416 956 451 τραφῆναι
970 416 1029 452 ἅμα

244 454 294 487 μὲν
310 453 412 488 ξένους,
423 456 480 492 ἅμα
499 457 522 484 δ’
534 459 661 491 ἐποίκους
671 460 720 495 τῆς
734 462 866 498 ἀνατολῆς
882 463 1028 498 καχεκτού-

243 507 293 534 σης
311 501 451 535 ἠλπίζετο,
472 504 549 531 αὐτοὶ
563 505 591 532 δὲ
611 507 659 533 καὶ
672 507 726 533 τῶν
742 508 883 543 ἀροτήρων
896 509 964 544 βοῶν
977 510 1027 537 οὐκ

240 545 404 580 ἀπέσχοντο,
435 549 532 584 ἀνέδην
557 552 604 578 καὶ
619 553 719 585 αὐτοὺς
744 554 863 587 θύοντες,
880 556 955 590 ὅμως
979 557 1028 590 τῆς

240 591 392 637 έπάὐτοῖς
421 595 637 632 ἀγανακτήσεως
663 600 800 633 καθυφίει.
831 601 886 627 Καὶ
914 602 1028 637 συχνοὺς

241 635 414 665 ἀποστέλλων
432 641 570 676 (οὐδὲγὰρ
586 643 719 677 ἠρέσκετο
739 645 793 671 τῶν
806 646 915 673 πάντων
932 635 1027 674 διαπε-

242 682 425 717 ραιωθέντων)
440 686 503 720 περὶ
516 687 619 722 χιλίους
632 689 769 724 ἐγκρίνειν
783 690 962 724 διεκελεύετο,
981 693 1028 720 καὶ

240 727 291 762 τὴν
307 729 439 765 ταχίστην
452 732 575 769 άπαντᾷν
597 735 674 771 παρὰ
688 736 796 772 Μιχαὴλ
817 738 941 772 βασιλέα,
958 740 1028 774 πέμ-

239 781 298 800 πων
313 775 360 801 καὶ
376 777 455 803 ἱκανὰ
474 779 542 814 πρὸς
558 780 701 814 μίσθωσιν.
718 783 786 815 Τοὺς
800 784 823 810 δ’
838 784 936 817 ἄλλους
949 786 1024 812 ἀντι-

239 821 327 855 περᾷν
356 822 460 856 ἐφιέναι
486 826 532 852 καὶ
559 827 604 853 ἐπ’
627 828 758 862 ἀνατολῆς
782 830 939 865 διατρίϐεινί
965 833 1026 859 ἐπεὶ

1085 232 1213 267 βασιλεὺς
1230 235 1279 268 μὲν
1294 236 1323 262 οὑ
1338 236 1482 272 κέκληκεν,
1505 238 1585 269 αὐτὸς
1601 238 1624 264 δ’
1640 240 1741 270 ἐκεῖνος
1754 241 1768 266 ὁ
1785 241 1874 274 μέγας

1082 279 1145 311 διὺξ
1161 280 1191 306 τὸ
1209 281 1258 315 μὲν
1270 283 1326 313 τοῖς
1343 283 1404 310 καθ’
1425 284 1506 310 αὐτὸν
1523 285 1680 312 ἀκοοσϐεἶσι
1697 285 1872 320 παρώτρυνε,

1081 325 1111 351 τὸ
1129 325 1155 351 δὲ
1179 327 1227 353 καὶ
1248 327 1394 363 γράμμασι
1419 330 1480 357 καθ’
1498 331 1644 366 ὑπόσχεσιν
1665 332 1803 366 μεγίστων
1823 332 1873 359 καὶ

1081 373 1241 405 περιφανῶν
1256 373 1426 410 δωρημιὴων
1445 377 1476 403 ἐκ
1493 377 1636 412 βασιλέως.
1653 378 1701 404 Διὰ
1718 378 1805 404 ταῦτα
1822 379 1873 412 μό-

1081 426 1125 444 νον
1143 419 1246 451 ὲκεῖνος
1261 421 1372 456 ἐπέστη.
1398 423 1477 450 Καὶό
1495 424 1583 458 μέγας
1607 424 1670 456 δοὺξ
1694 425 1743 451 σὺν
1766 424 1872 458 ὀλίγοις

1081 465 1160 499 παρὰ
1172 465 1285 500 βασιλέα
1300 468 1415 500 γίνεται,
1431 467 1461 496 οὗ
1478 470 1525 496 καὶ
1547 470 1762 505 μεγαλοπρεπῶς
1780 471 1870 496 είσδε-

1079 511 1200 544 χθέντος,
1218 513 1302 546 μηνὸς
1323 513 1553 548 Ἐλαφηϐολιῶνος
1568 516 1706 550 λήγοντος,
1723 516 1755 542 τὰ
1771 516 1869 550 πρῶτα

1082 556 1131 590 μὲν
1144 557 1168 583 οί
1186 558 1250 592 περὶ
1269 559 1374 592 μισθῶν
1391 560 1529 587 ἐκινοῦντο
1541 561 1628 595 λόγοι,
1643 562 1690 588 καὶ
1707 562 1869 597 τριακοσίας

1079 602 1237 637 χιλιοστύας
1253 606 1429 639 νομισμάτων
1444 608 1645 642 συντκορῦφουν
1658 607 1707 638 τὰς
1726 608 1764 638 εἰς
1781 607 1869 634 ἀπαε-

1079 657 1169 683 τησιν,
1186 649 1298 686 ὕστερον
1316 652 1344 678 δὲ
1360 653 1405 679 καὶ
1422 653 1466 680 τὸν
1481 654 1688 689 ἐπιδημήσαντα
1704 653 1770 685 τέως
1785 653 1869 685 αὐτὸς

1080 694 1202 727 συνίστα,
1220 697 1267 723 καὶ
1284 697 1321 728 ὡς
1343 699 1474 732 γεννάδας
1499 700 1540 733 εἰη
1564 700 1611 726 καὶ
1630 700 1751 734 εὐγενὴς,
1766 700 1813 726 καὶ
1829 700 1867 731 ὥς

1078 740 1183 768 δίκαιον
1201 743 1271 778 ὑπὲρ
1288 744 1383 776 ἄλλους
1395 747 1443 780 τῆς
1462 746 1604 781 βασιλικῆς
1625 746 1766 780 εὐμενείας
1780 755 1866 775 κατα-

1078 785 1207 812 πολαῦειν
1220 795 1228 803 ο
1250 788 1356 822 μεγάλα
1376 789 1430 825 γὰρ
1448 790 1596 817 ἐλπίσαντα
1616 792 1662 818 καὶ
1682 792 1757 826 παρᾶ
1777 791 1866 825 μέγαν

1077 830 1230 866 ἀφιγμένον
1255 833 1305 860 οὐκ
1323 835 1394 867 εἰκὸς
1410 836 1500 871 εὑρεῖν
1523 837 1578 863 τῶν
1598 837 1739 872 ὲλπισμῶν
1752 837 1864 872 ἥττονα..

240 866 375 918 μηδὲητὴν
392 869 477 918 ἐιρχὴν
493 871 579 899 τόσων
593 873 719 910 hoste-Oet,
736 875 797 912 μηδ’
820 876 892 912 ἔχειν
914 878 1024 913 τρέφειν
1039 871 1063 902 Β
1081 876 1175 911 Ἐχειν
1190 877 1218 904 δὲ
1234 880 1279 905 καὶ
1295 880 1376 907 αὐτὸν
1387 866 1522 914 εὐνοϊκῶς
1538 884 1595 914 τοῖς
1605 882 1651 909 τοῦ
1667 866 1809 918 βασιλέίοε.
1827 883 1866 914 ὡς

237 911 288 946 τὴν
305 911 612 950 βασιλείαν-τοσούτους,
627 920 651 946 εἰ
673 920 720 947 καὶ
737 922 804 956 πρὸς
827 911 922 958 καιρὸν
932 911 1025 950 ἐλθόν-

237 965 287 988 τας
301 960 487 996 παρακληθεὶς
505 963 623 997 ἐδέξατο.

237 1013 268 1039 δ’.
282 1015 350 1049 Περὶ
370 1017 424 1060 τῇς
448 1019 678 1060 estcap/auos
693 1025 896 1060 Μπυριγερίου
919 1027 1025 1059 Τέντζιι

381 1054 552 1083 [ι’(ιτελὰνοὺ
568 1058 616 1084 καὶ
631 1059 690 1086 τῶν
702 1054 771 1087 κατῖ
779 1054 882 1090 (adadv.

273 1096 314 1126 [Ρ.
336 1099 400 1135 557]
421 1101 465 1129 Ἐν
487 1104 607 1140 τοσούτῳ
619 1105 648 1131 δὲ
670 1107 717 1133 καί
731 1116 773 1139 τις
790 1109 844 1136 τῶν
861 1110 1024 1138 Κατελάνων

236 1143 285 1169 καὶ
298 1144 390 1178 αὐτὸς,
407 1146 597 1184 Μπυριγέριος
613 1150 743 1187 τοῦνομα,
762 1154 861 1190 σύναμ“
876 1157 954 1184 ἐννέα
970 1154 1023 1193 μά-

238 1232 357 1261 nondum
385 1235 437 1263 sibi
462 1237 542 1271 plene
570 1240 683 1274 credita,
700 1249 878 1278 cognouerat.
896 1245 951 1274 Nec
975 1247 1021 1275 diu

237 1279 343 1307 scilicet
356 1281 442 1309 abfuit
460 1285 525 1319 quin
552 1285 659 1315 iteratis
680 1296 731 1316 nec
748 1290 805 1324 jam
825 1291 1022 1322 dubitabilibus

237 1325 345 1354 indiciis
362 1328 444 1356 etiam
464 1332 577 1359 tetriora
594 1335 669 1364 prius
691 1337 825 1365 nuntiatis
844 1339 1020 1368 afferrentur.

237 1371 419 1422 scribebatur
434 1377 508 1404 enim
525 1386 558 1406 ne
582 1387 596 1406 a
621 1381 726 1415 publica
742 1383 851 1418 quidem
869 1385 923 1413 illic
939 1395 1022 1422 pecu-

235 1418 280 1444 nia
295 1419 448 1455 diripienda
465 1428 618 1465 temperare
633 1426 779 1458 Catelanos
792 1439 799 1464 ;
816 1432 925 1460 eosdem
939 1418 1021 1468 plane

234 1471 344 1493 vastare
367 1474 399 1495 ac
423 1469 528 1504 rapinis
553 1472 700 1502 exhaurire
722 1475 860 1510 regionem
881 1479 1019 1513 segetibus

235 1514 292 1536 tum
322 1511 389 1540 forte
420 1516 537 1544 maturis
566 1520 773 1555 praemetendis,
797 1530 858 1557 quae
885 1511 936 1551 lant
956 1525 1056 1573 letoc

235 1564 366 1573 ῃι-Λ-ηι-ιι..
386 1560 536 1573 ...1..1-...-.ν
552 1568 559 1573 ι
609 1570 615 1573 .
769 1569 775 1573 .
807 1570 813 1573 .

233 1564 366 1590 proventu
385 1560 571 1596 adoleverant,
589 1570 618 1593 ut
636 1573 744 1595 annona
769 1569 831 1597 inde
846 1576 1019 1606 exspectare-

233 1609 279 1631 tur
291 1613 345 1633 non
360 1607 497 1643 indigenis
518 1611 616 1645 solum,
634 1613 682 1640 sed
697 1619 725 1642 et
742 1615 854 1644 advenis
869 1625 901 1645 ex
925 1617 1019 1647 Oricn-

234 1652 279 1678 tali
292 1654 454 1682 continente
470 1661 583 1691 propter
605 1660 765 1689 barbaricas
784 1663 958 1694 incursiones
975 1666 1019 1694 in~

232 1699 304 1724 ettlta
333 1707 365 1727 eo
390 1702 493 1735 passim
519 1705 743 1739 confugientibus
769 1708 895 1742 plurimis
910 1711 1018 1741 abunde

231 1743 337 1771 alendis
354 1745 515 1774 suffectura.
534 1748 609 1777 llanc
633 1753 720 1779 exteri
740 1754 841 1782 milites
862 1764 915 1784 non
936 1760 1016 1787 modo

231 1790 259 1816 in
279 1799 400 1825 pra-sons
414 1796 595 1828 pessumdare
616 1798 729 1834 direqne
749 1800 866 1830 helluari
893 1803 1020 1833 fereban-

232 1839 288 1868 tur,
304 1837 351 1864 sed
369 1845 445 1873 spem
466 1841 547 1868 etiant
566 1848 682 1877 posterae
697 1845 848 1875 fertilitatis
870 1851 1018 1885 praecipere

231 1881 321 1910 bobus
338 1883 439 1919 ubique
454 1888 611 1917 aratoribus
628 1892 793 1920 mactandis.
817 1893 851 1920 Ea
870 1881 962 1923 rerum
976 1897 1018 1925 in-

231 1927 363 1962 dignitate
377 1939 532 1967 quanquam
547 1935 642 1964 intime
658 1938 790 1966 urcbatur
804 1941 963 1976 imperator,
977 1945 1019 1972 in-

229 1975 390 2011 dignatione
409 1985 499 2008 tantcn
523 1982 548 2008 itt
578 1991 698 2018 presens
722 1975 896 2016 dissimulata
911 1995 1016 2018 tantum

231 2029 285 2056 pra:
297 2031 329 2051 se
345 2025 407 2053 tulit
420 2033 515 2055 contra
531 2036 607 2057 suam
626 2036 742 2059 mentettt
768 2033 869 2062 facturn
898 2041 927 2064 ut
956 2038 1018 2064 uni-

229 2076 327 2097 versus
345 2073 436 2106 magni
467 2073 546 2102 ducis
572 2077 709 2105 exercitus
726 2077 753 2106 in
768 2078 916 2108 Occiduam
932 2083 1018 2110 conti-

230 2119 383 2144 nentemex
405 2119 468 2146 Asia
499 2121 645 2155 trajicerct.
672 2123 761 2152 Missis
786 2126 877 2161 itaque
901 2129 1018 2157 subinde

229 2161 311 2190 variis
331 2162 429 2191 institit
451 2174 548 2201 urgere
568 2172 596 2194 ttt
613 2177 627 2195 e
647 2170 734 2204 copiis
744 2170 882 2207 Madytum
895 2176 1016 2209 appulsis

1079 923 1265 958 συμπράττειν
1283 926 1330 962 ὅλῃ
1349 927 1396 953 καὶ
1413 928 1482 962 χειρὶ
1500 928 1548 955 καὶ
1564 929 1670 965 γνώμῃ.
1684 929 1730 955 ἕνα
1747 929 1801 955 τῶν
1815 928 1865 963 βα-

1078 969 1175 1001 σιλέως
1199 973 1371 1005 μεγιστάνων
1394 973 1432 1005 ὡς
1448 973 1520 1006 etab;
1546 975 1726 1007 καταστάντα.
1743 975 1775 1000 Et
1789 975 1816 1000 δέ
1833 982 1865 1008 γε

1077 1015 1124 1041 καὶ
1143 1016 1290 1050 μανῡάνειν
1302 1018 1417 1054 τάληθὲς
1433 1019 1565 1055 βούλοιτο,
1583 1021 1664 1047 αὐτὴν
1680 1017 1749 1047 εἶναι
1763 1020 1866 1055 μᾶλλον

1075 1061 1159 1088 αὑτοῦ
1184 1063 1230 1088 καὶ
1255 1063 1302 1090 ἐπὶ
1326 1064 1364 1100 τῷ
1389 1065 1436 1091 τοῦ
1464 1066 1582 1100 μεγάλου
1611 1066 1705 1097 δουκδς
1728 1066 1865 1100 ἀξιώματι

1075 1105 1231 1143 ἀξιώτερον,
1248 1109 1295 1136 ars
1313 1109 1402 1145 πολλῷ
1420 1111 1511 1147 μέτρῳ
1524 1112 1554 1138 τὸ
1564 1112 1643 1146 γένος
1657 1112 1862 1147 ὖπερηρμένον.

1075 1152 1115 1179 Τὰ
1133 1153 1183 1188 μὲν
1196 1154 1284 1181 τοίνυν
1308 1156 1371 1189 περὶ
1386 1156 1470 1183 αὑτοῦ
1497 1156 1623 1192 βασιλεὺς
1637 1159 1665 1184 ὲν
1690 1158 1809 1193 δευτέρῳ
1822 1157 1862 1185 εἷ-

1075 1245 1127 1273 bus
1151 1245 1184 1273 ad
1209 1245 1310 1282 Madyti
1336 1251 1445 1281 portum
1466 1248 1590 1283 appulit;
1606 1255 1688 1283 quem
1712 1249 1863 1283 imperator

1072 1291 1154 1328 485
1168 1292 1277 1328 quidem
1294 1301 1348 1320 ttott
1367 1298 1529 1328 vocaverat;
1547 1295 1592 1322 ille
1607 1299 1696 1322 autem
1709 1294 1767 1330 ipse
1789 1303 1863 1330 strpe

1073 1339 1154 1367 nobis
1181 1345 1350 1368 memoratus
1377 1340 1432 1368 dux
1460 1348 1576 1375 magnus
1607 1342 1704 1375 partim
1735 1342 1862 1375 exemplo

1073 1385 1143 1413 fama
1159 1386 1269 1421 vulgato
1293 1387 1443 1422 ingentium
1470 1396 1582 1416 suorum
1612 1389 1638 1416 in
1655 1394 1814 1423 quaestuosa
1834 1394 1862 1417 et

1072 1433 1146 1461 facili
1163 1434 1258 1461 ntilitia
1276 1434 1413 1462 luerorum
1438 1435 1470 1462 ad
1487 1442 1550 1470 spes
1572 1435 1732 1471 praedasque
1756 1436 1862 1463 similes

1071 1479 1172 1507 tacitus
1183 1480 1361 1513 excitaverat,
1377 1481 1475 1515 partim
1499 1481 1594 1513 etiam,
1613 1486 1641 1508 ut
1656 1487 1699 1509 est
1716 1481 1860 1514 credibile,

1073 1526 1175 1553 diserte
1192 1527 1353 1561 perscriptis
1369 1527 1613 1561 pollicitationibus
1629 1528 1809 1555 maximorum
1829 1535 1861 1555 ac

1072 1572 1272 1607 perillustrium
1301 1573 1336 1600 ab
1358 1573 1524 1608 in-peratore
1547 1573 1681 1600 donorum
1711 1573 1784 1600 ultro
1811 1580 1861 1607 per

1071 1618 1178 1645 litteras
1203 1619 1375 1646 invitaverat.
1397 1619 1469 1646 Sane
1494 1619 1621 1654 apparuit
1645 1618 1860 1654 haudquaquam

1072 1665 1290 1700 inexspectatum
1319 1666 1393 1693 illum
1423 1666 1559 1701 itttparato
1585 1666 1778 1701 supervenisse
1795 1666 1859 1693 duci

1072 1720 1180 1747 magno,
1199 1720 1231 1739 ex
1247 1719 1279 1739 eo
1293 1712 1365 1747 quod
1382 1712 1462 1739 simul
1480 1713 1567 1740 adfuit
1593 1712 1787 1748 Mpyrigerins,
1804 1713 1860 1740 dux

1070 1766 1185 1793 magnus
1202 1766 1277 1786 mora
1297 1759 1369 1786 nulla
1386 1759 1547 1794 interposita
1566 1767 1626 1786 cum
1642 1759 1736 1795 paucis
1755 1759 1788 1787 ad
1806 1760 1860 1787 im-

1070 1809 1223 1838 peratorem
1255 1813 1284 1833 se
1309 1806 1435 1837 contulit,
1456 1813 1499 1833 res
1529 1805 1657 1833 videlicet
1681 1813 1742 1833 cunt
1759 1813 1792 1834 co
1815 1806 1858 1834 sui

1070 1851 1210 1886 popularis
1229 1851 1340 1878 advena:
1368 1855 1570 1884 trattsacturus,
1589 1852 1626 1879 uti
1652 1860 1685 1879 ex
1715 1858 1861 1887 compacto

1070 1897 1142 1924 inter
1159 1897 1256 1924 ambos
1274 1901 1450 1926 convenerat.
1465 1897 1610 1926 Admissus
1631 1899 1667 1926 ab
1683 1900 1810 1934 Augusto
1825 1899 1860 1927 de

1063 1951 1146 1972 more
1162 1944 1305 1978 splendide
1320 1945 1372 1972 sub
1390 1945 1469 1972 ﬂnetn
1488 1944 1614 1972 Octobris
1632 1953 1786 1973 sermonem
1803 1945 1859 1980 pri-

1069 1997 1144 2017 mum
1162 1990 1252 2017 intulit
1266 1990 1299 2017 de
1315 1991 1494 2025 pensionibus
1509 1991 1560 2019 sibi
1577 1999 1609 2019 ac
1626 1991 1695 2023 suis,
1714 1996 1743 2019 ιιι
1756 1991 1859 2024 aiebat,

1068 2040 1154 2072 pactae
1171 2038 1306 2065 trercetlis
1331 2038 1442 2066 nomine
1461 2039 1571 2070 debitis,
1586 2046 1702 2072 quarum
1721 2047 1858 2066 summatn

1069 2091 1156 2117 usque
1170 2083 1201 2109 ad
1218 2087 1340 2110 trecenta
1365 2092 1540 2111 nummorum
1565 2084 1649 2111 millia
1672 2084 1798 2119 ﬂagitans
1813 2092 1860 2112 ac-

1069 2129 1239 2156 cumulabat.
1261 2129 1419 2158 Orationem
1443 2130 1541 2158 deinde
1562 2131 1699 2158 convertit
1719 2130 1752 2157 ad
1778 2138 1858 2157 com-

1070 2175 1252 2202 mendandum
1281 2176 1326 2210 qtti
1354 2183 1448 2203 recens
1477 2177 1627 2203 adverterat
1658 2177 1745 2203 civem
1775 2184 1857 2204 suum

229 2208 330 2237 milites
354 2211 466 2239 circiter
492 2222 505 2238 tt
520 2213 564 2240 ille
585 2214 782 2249 deligarentur,
798 2219 852 2251 qui‘
870 2221 1013 2248 confestim
1031 2211 1054 2239 θ
1068 2221 1259 2257 Mpyrigetium
1272 2230 1278 2255 ;
1290 2208 1329 2249 de
1341 2222 1420 2256 cujus
1441 2223 1634 2257 generositate,
1648 2222 1790 2250 nobilitate
1804 2231 1858 2250 cat-

228 2255 371 2285 lilichaelis
390 2259 505 2293 Augusti
524 2260 584 2294 pius
597 2269 630 2288 eo
645 2270 762 2290 numero
782 2273 835 2292 non
853 2267 1016 2296 desideran-

229 2301 264 2329 tis
278 2309 341 2339 sese
354 2305 455 2332 castris
469 2305 659 2341 adiungerent.
679 2308 856 2344 Mittebatque
873 2313 952 2340 simul
971 2322 1017 2349 pe-

228 2348 335 2375 cuniam
351 2356 452 2384 quanta
467 2351 494 2378 itt
511 2352 607 2380 ltortttn
625 2354 759 2389 stipendia
775 2358 923 2387 sufficeret.
939 2348 1016 2389 Alios

229 2396 328 2423 remitti
342 2397 458 2431 jubebat
472 2399 542 2427 ttttde
569 2407 712 2435 venerant,
729 2407 756 2430 et
776 2404 803 2431 in
830 2405 1016 2435 Orientalibus

230 2443 364 2470 diversari
394 2445 538 2479 tractibus,
559 2448 663 2475 addens
685 2457 773 2484 neque
794 2458 823 2478 se
847 2457 861 2477 a
882 2452 1016 2486 principio

232 2494 305 2516 tanta
327 2490 501 2519 multitudine
521 2501 590 2528 opus
605 2494 735 2523 habuisse
749 2504 798 2523 nec
812 2505 935 2529 vocasse,
950 2505 1016 2525 con-

228 2537 302 2565 erius
311 2538 382 2565 haud
392 2546 471 2572 posso
479 2539 530 2567 hoc
539 2548 628 2568 rerum
638 2542 788 2570 accisarum
797 2548 868 2571 statu
879 2543 1017 2572 Romano-

228 2591 288 2610 rum
308 2584 453 2618 imperiunt
470 2594 523 2614 tant
543 2588 642 2616 multos
656 2590 739 2619 alere.
757 2590 806 2616 etsi
826 2591 897 2617 ultro
907 2599 936 2618 se
946 2590 1016 2618 offe-

231 2633 321 2656 rentes
329 2631 477 2666 exceperit,
490 2633 522 2659 ad
532 2641 610 2660 usum
624 2635 755 2661 duntaxat
770 2635 859 2662 brevis
871 2621 1013 2671 temporis.

229 2685 256 2712 4.
276 2684 312 2712 De
330 2686 442 2714 adventu
457 2688 617 2750 Mpyrigert'ib
627 2689 730 2716 Tetttzaz
744 2689 875 2723 Catelani,
895 2696 919 2717 et
935 2691 1014 2726 hujus

576 2732 602 2750 re
621 2733 662 2750 us.

576 2732 662 2751 renus.

263 2768 320 2795 Hoc
341 2769 460 2796 articulo
485 2778 576 2796 rerum
599 2771 710 2804 quidam
724 2774 753 2796 et
781 2771 838 2804 ipsc
851 2771 1012 2805 Catelattus,

227 2815 407 2851 Mpyrigcrius
425 2816 461 2850 (l)
483 2817 674 2849 ttotttiue,euttt
705 2823 799 2843 I|0\'Clll
825 2817 911 2851 longis
939 2819 1015 2846 Παγί-

264 2871 301 2906 tl)
313 2872 368 2900 luto
388 2872 552 2907 Byrigct‘ius.

1069 2267 1189 2300 terisque
1201 2267 1322 2299 dotibus,
1334 2267 1435 2302 quibus
1450 2268 1586 2303 prteciptta
1603 2267 1777 2302 imperatoris
1794 2275 1858 2303 gra-

1068 2313 1105 2340 tia
1124 2321 1179 2348 pra:
1194 2313 1302 2341 cunctis
1315 2313 1376 2341 aliis
1390 2314 1488 2349 dignus
1506 2313 1586 2346 foret,
1602 2314 1647 2341 ubi
1672 2314 1739 2340 mira
1755 2314 1857 2347 praedi-

1067 2363 1188 2390 caverat,
1206 2358 1334 2391 addebat,
1348 2366 1408 2385 cttnt
1427 2359 1468 2386 vir
1489 2359 1550 2387 talis
1568 2366 1665 2394 magna
1691 2367 1808 2394 sperans
1822 2360 1856 2388 ad

1069 2412 1196 2438 magnum
1208 2405 1330 2432 vertisset
1340 2405 1502 2440 principem,
1523 2405 1595 2432 haud
1608 2405 1756 2433 convenire
1770 2406 1856 2439 ltunc,

1067 2450 1201 2484 siquidem
1219 2451 1289 2477 tueri
1306 2450 1420 2485 gloriam
1437 2458 1514 2478 suam
1540 2458 1570 2478 ac
1595 2451 1674 2479 fama:
1698 2459 1749 2478 non
1772 2452 1858 2479 abro-

1068 2503 1132 2530 gare
1162 2496 1240 2523 fidettt
1260 2496 1377 2531 propria.-
1397 2497 1473 2530 velit,
1498 2497 1606 2524 tardum
1625 2503 1672 2524 aut
1693 2505 1809 2532 parcum
1828 2498 1856 2525 itt

1067 2542 1192 2569 ornando
1224 2542 1270 2569 illo
1300 2551 1372 2574 esse,
1393 2543 1493 2570 dareve
1517 2543 1556 2570 illi
1583 2543 1757 2570 occasionem
1776 2544 1859 2571 dero-

1067 2588 1148 2623 gandi
1167 2587 1365 2615 existimationi
1389 2588 1551 2621 Andronici,
1567 2588 1740 2616 testificando
1756 2597 1786 2616 se
1812 2589 1858 2616 in-

1067 2635 1166 2661 feriora
1180 2635 1213 2661 tis
1228 2642 1299 2669 quze,
1313 2634 1392 2669 juxta
1409 2635 1441 2661 dc
1458 2635 1504 2661 illo
1521 2635 1615 2670 procul
1638 2635 1740 2666 audita,
1757 2643 1856 2669 spera-

1068 2684 1156 2712 verat,
1172 2682 1309 2708 adntotum
1326 2681 1352 2708 in
1377 2682 1551 2716 praesentiam
1576 2682 1720 2716 reperisse,
1741 2689 1859 2716 prtrscr-

1069 2727 1116 2754 littt
1138 2735 1200 2754 cum
1218 2727 1289 2755 idem
1306 2728 1445 2763 praecipuo
1466 2728 1613 2755 instinctus
1628 2736 1690 2764 erga
1708 2728 1856 2762 itnp'crato-

1068 2779 1126 2798 rem
1145 2772 1237 2799 studio
1257 2773 1380 2805 accedat,
1398 2779 1508 2807 paratus
1527 2777 1614 2800 totum
1639 2782 1668 2801 se
1696 2773 1856 2815 impendere

1070 2818 1096 2844 itt
1114 2819 1172 2854 ejus
1188 2819 1330 2855 obsequia,
1348 2828 1459 2856 remque
1478 2821 1584 2856 imperii
1603 2821 1738 2855 publicant
1757 2828 1854 2853 manu,
