1953 3065
136 121 194 154 5¹ὶ3

605 129 654 159 DE
676 127 899 159 ANDRONICO
918 126 1236 158 PAL/EOLOGOLIB.
1257 126 1311 159 VL.

1717 123 1771 155 534'

134 191 197 218 κεν,
216 184 359 218 ἐρωτήσας
378 185 459 220 μόνον
471 185 517 212 καὶ
531 186 625 221 μαθὼν
645 187 720 219 ὅπως
736 187 878 218 nata-51?);
895 187 932 221 μὴ
949 188 970 215 Α
984 183 1122 217 δέξασθαι,
1140 183 1207 211 ἀλλὰ
1226 184 1308 219 μέχρι
1332 182 1377 210 καὶ
1392 182 1485 218 χιλίων
1503 182 1552 218 μὲν
1573 182 1673 213 πεζῶν,
1689 182 1772 207 inm-

135 230 324 265 προσκληθεὶς
355 232 547 266 παραγένοιτο,
567 233 604 263 ὡς
630 234 700 260 κατὰ
727 235 822 268 φήμην
850 233 931 268 δῆθεν

135 277 188 310 τῆς
205 276 350 312 βασιλικῆς
362 278 505 313 εὐμενείας
519 280 566 307 καὶ
583 277 620 306 ὧν
633 281 715 311 αὐτὸς
731 281 930 316 προσχωρήσας

135 319 203 356 εὗρε
215 332 222 337 ·
237 322 271 349 τὰ
283 324 312 350 δὲ
334 324 387 351 τῶν
406 325 614 360 ἀπαιτουμένων
643 327 828 362 μισῦωμάτων
849 326 930 354 αὑτὸν

136 369 188 396 καὶ
203 369 264 396 λίαν
279 370 378 398 ὠδύνα.

136 438 356 474 e’.Am1nmpla
381 442 457 475 πρὸς
481 442 672 476 Κατελάνους
694 443 748 470 τοῦ
762 443 927 476 βασιλέως.

177 505 218 542 [Ρ.
234 506 299 543 533]
316 508 397 534 Ὅθεν
422 509 468 535 καὶ
493 510 542 544 μιᾷ
557 511 612 536 τῶν
634 511 757 546 ἡμερῶν,
784 511 929 546 πρόσωπον

136 551 297 585 ἐμφανίσας
323 554 476 589 βαρύτητος
503 556 541 590 τῷ
567 557 677 591 μεγάλῳ
701 556 779 583 δουκὶ
804 557 842 584 ὠς
862 558 929 583 τόσα

136 597 210 631 ὑπὲρ
226 599 281 624 τῶν
299 601 382 627 αὐτοῦ
411 602 582 633 ἀπαιτοῦντι,
599 616 630 622 -
647 603 700 629 εἰσὶ
716 603 739 629 δ’
762 603 787 629 οἳ
803 603 929 636 λέγουσιν

135 644 180 670 ὃτι
198 645 250 671 κᾶν
265 645 345 677 αὐτὸς
362 647 477 673 ὑπέθετο
489 647 560 674 οὕτω
575 648 620 675 τὸν
641 648 753 684 βασιλέα
768 650 831 683 περὶ
847 649 928 676 αὐτὸν

136 690 268 725 φανῆναι,
285 692 318 718 ἵν’
333 692 389 726 ἃμα
405 693 455 726 μὲν
470 693 551 725 αὑτὸς
567 694 613 720 ἐπὶ
623 694 749 720 τοσοῦτον
760 694 829 727 δόξοι
842 694 928 720 ποιῶν

135 735 209 769 ὑπὲρ
225 735 329 762 τούτων
354 738 397 771 ἐφ’
413 738 475 764 ὅσον
493 738 538 764 καὶ
555 737 697 773 βασιλικὴν
720 739 863 772 εὐμένειαν
880 739 928 765 καὶ

135 781 169 807 τὺ
180 782 235 808 τῶν
251 782 337 816 φίλων
352 784 491 818 συμφέρον
516 784 681 819 ἀρνούμενος
697 782 741 820 ἦν.
760 785 891 816 Βασιλεὺς
905 785 928 811 δ’

136 826 217 859 αὖθις
232 829 326 860 αὐτοῖς
342 830 487 865 προτείνας
505 831 575 857 κατὰ
598 831 743 866 πρόσωπον
760 833 809 862 τὰς
824 831 927 858 δικαιο-

982 230 1036 256 τῶν
1063 230 1092 256 δὲ
1120 230 1304 256 πεντακοσίων
1333 229 1380 256 καὶ
1405 229 1499 255 τοῦτον
1525 229 1569 254 τον
1584 228 1701 262 οὐλαμὸν
1724 227 1775 253 τοῦ

983 275 1185 311 στρατεύματος
1203 275 1371 310 συμποσοῦν,
1392 276 1438 301 καὶ
1462 275 1543 302 αὐτὴν
1567 274 1702 300 ἀκούοντα
1720 282 1772 299 κακ

980 318 1104 345 τανεύειν
1119 318 1244 354 δέχεσθαι
1269 319 1429 354 (τεκμήριον
1444 319 1468 345 δ’
1493 318 1564 344 εἶναι
1586 319 1641 344 τῶν
1657 318 1771 353 εἰρημέ-

979 374 1031 392 νων
1044 365 1092 392 καὶ
1114 364 1148 391 τὰ
1166 365 1236 399 πρὸς
1253 365 1355 391 ἐκεῖνον
1382 365 1591 400 χρυσὸϐουλλσι),
1616 365 1646 391 οὺ
1673 364 1770 399 μὴννδὲ

979 411 1058 437 τόσον
1079 411 1273 446 περιαοροῖσαι
1291 410 1393 445 πλῆθος
1417 411 1464 436 καὶ
1489 411 1622 444 ἐνεγκεῖν.
1645 411 1721 436 Ἐπεὶ
1745 410 1771 436 δ’

979 456 1098 490 ἐνέγκοι,
1126 456 1216 483 πείθει
1231 457 1357 492 δέχεσθαι
1382 456 1451 491 πρὸς
1476 457 1574 491 καιρὸν
1590 457 1632 490 ἐφ’
1647 456 1768 491 ὡρισμέα

978 510 1033 533 νοις
1046 502 1253 537 φιλοτιμήμασι.
1265 501 1320 529 Καὶ
1333 501 1378 528 διὰ
1388 501 1474 528 ταῦτα
1486 501 1566 528 αὐτόν
1576 502 1600 527 0‘
1613 501 1717 528 ὑπακοῠ
1724 511 1753 528 τα
1761 510 1771 527 ι

979 547 1147 580 ἁπαξαπλῶς
1157 547 1262 579 πάντας
1276 548 1403 581 ἀγάλλειν
1416 548 1471 579 τοῖς
1483 547 1579 583 δώροις
1592 548 1637 574 καὶ
1652 549 1708 580 τοῖς
1723 558 1771 583 μιν

979 593 1062 624 σοοτς.
1087 593 1159 628 Πλὴν
1178 593 1277 619 ταυτὸν
1301 593 1350 628 μὲν
1369 594 1437 628 πρὸς
1459 595 1564 620 ἐκεῖνον
1584 594 1684 620 διδόναι
1704 594 1770 625 τοὺς

978 639 1148 673 ἁποδὲσμους
1168 639 1223 666 τῶν
1246 640 1396 674 χρημάτων
1420 640 1713 675 ἀπολυπραγμονήτως
1728 640 1769 666 δι-

978 685 1085 717 καιοῦν,
1102 685 1140 716 ὡς
1155 685 1277 717 ἐκείνους
1301 687 1347 712 καὶ
1359 686 1409 721 τὴν
1433 687 1521 722 ἀρχὴν
1537 686 1648 720 ἄγοντα,
1664 687 1772 713 ὲκεῖνυν

978 731 1006 757 δὲ
1024 731 1164 765 διανεμεῖν
1186 727 1262 764 ᾧτινι
1287 731 1359 758 θέλοι
1380 732 1426 758 καὶ
1440 732 1477 763 ὦς
1499 741 1530 766 γε
1546 733 1676 767 βούλοιτο.
1699 733 1774 760 Ἀλλ’

977 776 1033 802 οὐδ’
1048 776 1127 802 ἄλλον
1146 775 1211 811 παρ’
1225 776 1308 802 αὐτὸν
1328 777 1436 803 τάττειν
1453 778 1498 803 τὸν
1514 778 1635 809 ἐκείνους
1658 779 1779 812 ἄξοντα.»

978 821 1024 847 τὸν
1040 821 1068 847 δὲ
1085 821 1135 857 τὴν
1149 821 1237 856 ἀρχὴν
1260 821 1404 856 ἀγόμενον.
1422 823 1477 849 Καὶ
1504 823 1534 849 τὺ
1561 822 1658 854 αἴτιον,
1674 824 1778 859 (marth

135 872 242 907 λογίας,
256 876 435 910 παραστήσας
445 876 486 902 ὅτι
500 876 641 908 πλείστους
653 877 785 909 ἐκείνους,
803 877 926 910 καὶτοὺς
943 866 962 894 Β
979 866 1021 893 ἵνα
1035 867 1075 902 τῷ
1098 867 1208 902 συνήθει
1223 868 1270 894 καὶ
1287 868 1356 903 φίλῳ
1375 868 1548 910 δουλούμενοι
1569 871 1676 905 ἐνεργοὶ
1707 871 1772 905 μετ’

135 921 187 954 τῆς
197 921 349 956 συγκλήτου
362 922 505 957 ἑτέρωθεν,
520 922 630 957 μακρὰν
648 923 693 949 καὶ
707 923 849 956 διωλύγιον
858 932 925 950 κατ-

136 965 224 992 έτεινε
252 967 301 1001 τὴν
323 967 505 1003 δημηγορίαν,
533 968 620 1002 λέγων
647 969 715 1004 πρὸς
742 970 925 1001 Κατεῖάνους,

136 1012 168 1042 ἐς
197 1012 231 1039 τὰ
257 1013 342 1039 πολλὰ
370 1013 526 1048 ἐξεπίτηδες
543 1015 590 1040 καὶ
617 1014 663 1041 τοῦ
690 1015 810 1048 μεγάλε-λ
830 1015 926 1046 δουκὲις

137 1058 373 1092 προσαπτόμενος.
395 1059 471 1093 Μηδὲ
491 1059 545 1094 γὰρ
568 1060 662 1090 τόσους
683 1059 732 1095 τὴν
756 1060 844 1096 ἀρχὴν
861 1061 926 1095 μήτ’

136 1101 254 1134 ἐκεινοις
277 1103 397 1138 δηλῶσαι
420 1105 561 1140 γράφοντα
587 1106 649 1141 μήτ’
664 1106 745 1133 αὑτὸν
760 1107 927 1133 κατανεῦσαι
957 1130 960 1133 .

136 1196 271 1226 quantum
290 1193 373 1226 valet,
387 1198 412 1222 et
425 1194 539 1222 consilio
561 1195 677 1230 juvare;
691 1195 763 1230 quod
779 1199 808 1223 ut
833 1195 928 1224 eflica-

137 1237 200 1265 eius
223 1243 251 1265 et
275 1240 450 1268 constamius
475 1246 547 1276 agat,
564 1249 579 1269 e
599 1250 629 1270 re
654 1242 740 1270 videri
764 1250 928 1277 promovere

104 1305 109 1310 .
139 1289 289 1313 merentem
315 1287 386 1314 inter
401 1288 470 1315 aulae
490 1296 619 1323 proceres
637 1294 664 1316 et
679 1290 706 1317 in
733 1297 850 1318 numero
868 1298 927 1317 ma-

137 1335 251 1365 gnatom
269 1333 393 1367 Augusto
408 1334 596 1362 assistentium
614 1335 725 1363 habere.
743 1336 825 1369 Quin,
844 1337 928 1364 adde-

137 1376 196 1407 bat,
221 1378 245 1404 si
279 1378 375 1406 audire
401 1387 433 1407 ac
453 1380 504 1407 sibi
523 1381 635 1408 credere
658 1382 829 1416 inopinatam
845 1382 926 1415 forte,

136 1427 266 1450 caeterum
301 1432 390 1452 veram
418 1433 475 1453 rem
500 1426 652 1461 imperator
677 1435 731 1454 non
752 1433 926 1463 gravaretur,

137 1470 211 1496 ultro
229 1477 259 1497 se
273 1477 324 1498 nec
341 1470 412 1498 falso
425 1472 548 1506 proﬁteri
574 1473 728 1507 digniorem
750 1475 822 1502 haud
846 1476 927 1510 paulo

135 1524 198 1544 esse
215 1517 288 1544 hunc
304 1525 384 1551 quam
401 1519 461 1552 ipse
476 1519 559 1547 fuerit
576 1519 680 1548 honore
697 1529 730 1549 ac
747 1521 829 1549 titulo
845 1521 926 1548 ducis

136 1565 241 1599 magni,
257 1566 358 1601 quippe
371 1567 418 1601 qui
438 1567 519 1602 longo
534 1568 678 1596 intervallo
692 1569 835 1596 nobilitate
847 1576 928 1604 gene-

136 1612 173 1638 ris
186 1611 272 1647 488
290 1612 341 1646 ipsi
358 1614 536 1646 praecelleret.
556 1613 613 1641 Hae
633 1619 686 1642 tam
701 1620 829 1642 accurata
848 1622 926 1642 com-

135 1658 312 1685 mendatione
327 1659 409 1686 modo
422 1660 528 1694 appulsi
542 1661 629 1688 exteri
647 1660 719 1688 haud
732 1661 846 1688 multum
867 1668 925 1687 mo-

134 1704 191 1731 veri
210 1704 288 1732 visus
314 1705 464 1740 imperator
491 1706 590 1741 frigido
618 1714 752 1742 responso
777 1707 926 1735 defunctus

135 1751 281 1785 neglectim
298 1756 340 1780 est
356 1760 362 1778 :
381 1757 560 1786 percontatus
575 1753 648 1781 enim
665 1755 755 1782 solum
778 1754 875 1791 ecquid
899 1759 926 1781 et

133 1797 180 1824 hic
194 1797 301 1825 accitus
318 1798 451 1831 venisset,
470 1799 517 1827 ubi
542 1800 676 1828 continuo
701 1801 807 1829 audivit
827 1809 925 1837 sponte

134 1844 210 1871 illum
227 1844 381 1872 accurrisse
408 1844 480 1872 fama
503 1849 620 1873 tractum
645 1846 701 1874 late
729 1855 824 1882 sparsa
844 1850 926 1884 regia:

132 1889 308 1917 liberalitatis
327 1890 490 1924 Andronici,
515 1891 595 1926 cujus
615 1892 641 1920 in
659 1900 710 1920 suo
725 1894 815 1922 amico
839 1895 925 1923 Ront-

133 1937 207 1964 zerio
234 1943 290 1964 tam
314 1938 457 1973 splendida
471 1939 622 1974 speciatina
638 1945 788 1972 exstarent,
805 1943 923 1970 ulterius

132 1982 271 2018 loquendo
289 1991 343 2011 non
366 1985 479 2019 prodiit,
500 1985 571 2013 ictus
589 1985 716 2013 videlicet
744 1987 853 2021 penitus
878 1988 924 2015 illa

133 2029 258 2063 immani,
275 2037 355 2064 quam
380 2031 504 2066 ingressu
531 2032 668 2059 sermonis
689 2032 854 2061 Rontzerius
876 2042 924 2069 po-

133 2081 260 2110 poscerat
271 2076 298 2103 in
314 2075 480 2109 mercedem,
491 2077 551 2105 auri
566 2085 685 2104 summa.

256 2143 283 2171 5.
302 2143 396 2171 Oratio
409 2144 578 2178 imperatoris
596 2145 631 2171 ad
645 2144 797 2173 Catelanos.

976 913 1104 945 εὑταξίας
1127 914 1254 948 ἀγόμενοι
1278 912 1344 941 εῐεν.
1365 915 1436 941 Ἀλλ’
1451 915 1488 946 ὡς
1505 907 1593 942 τόσων
1610 917 1656 942 καὶ
1679 916 1770 942 τόσων

976 961 1127 995 χρημάτων
1143 961 1316 996 ἐκενώθησαν
1332 962 1474 997 θησαυροὶ,
1491 962 1515 988 τί
1531 963 1560 989 τὺ
1576 964 1687 997 γεγονὸς
1701 967 1774 998 πορν

976 1007 1099 1036 ἐκείνων,
1123 1007 1283 1042 βοδλόμενος
1308 1007 1449 1043 ἐντρέπειν
1473 1008 1578 1043 ἠρώτα,
1602 1009 1650 1035 καὶ
1664 1009 1704 1041 τίς
1720 1011 1773 1037 ἐπὶ

975 1052 1082 1084 τούτοις
1104 1053 1272 1084 ἁντέκτισις,
1290 1052 1528 1088 διαχειμασάντων
1558 1055 1607 1089 μὲν
1625 1055 1695 1081 κατὰ
1711 1055 1773 1082 Κύ-

977 1098 1053 1131 ζικον
1069 1099 1117 1126 καὶΙ
1133 1099 1171 1135 μὴ
1194 1099 1236 1126 ὅτι
1254 1108 1285 1134 γε
1305 1099 1388 1135 μηδὲν
1412 1099 1467 1127 τῶν
1492 1101 1624 1137 ὁνηῖστων
1647 1101 1771 1137 πραξάν-

978 1189 1053 1224 εῖιιε,
1080 1190 1249 1226 densarique
1279 1191 1415 1226 plurimos
1446 1192 1521 1220 velut
1544 1192 1571 1220 in
1596 1193 1766 1221 concionem

977 1241 1130 1272 senatuque
1155 1245 1190 1264 ex
1218 1238 1335 1266 adverso
1358 1239 1507 1273 collocato,
1531 1247 1598 1268 sane
1628 1241 1771 1276 prolixam

977 1283 1129 1311 orationem
1156 1285 1246 1312 otiose
1269 1285 1302 1312 ad
1328 1286 1409 1313 linem
1446 1295 1534 1322 usque
1559 1288 1707 1322 pertexuit,
1734 1289 1771 1315 ait

979 1329 1057 1364 ipsos
1082 1330 1216 1358 directam
1234 1331 1394 1366 Catelanos,
1411 1334 1577 1369 plerumque
1592 1335 1703 1362 interim
1732 1335 1776 1362 des

978 1374 1111 1403 industria
1148 1383 1277 1411 magnum
1304 1377 1393 1412 ipsum
1436 1379 1625 1414 perstringens
1655 1381 1771 1408 ducem..

979 1419 1123 1449 Sententia
1136 1422 1267 1450 dictionis
1285 1423 1337 1450 fuit
1353 1424 1566 1460 haudquaquam
1583 1433 1612 1453 se
1632 1433 1648 1452 a
1664 1426 1772 1460 princi—

954 1468 957 1470 '
978 1467 1023 1502 pio
1042 1472 1148 1495 tanttnn
1175 1469 1350 1497 auxiliarium
1363 1478 1507 1498 numerum
1532 1477 1653 1505 optasse,
1678 1480 1772 1507 neque-

940 1537 962 1566 (Ξ

979 1514 1051 1541 ultro
1071 1515 1202 1550 appulsos
1225 1516 1328 1551 scripto
1343 1521 1392 1544 aut
1414 1516 1482 1545 nutu
1514 1518 1687 1553 signiﬁcasse
1715 1519 1768 1546 ad-

982 1560 1089 1588 mittere
1116 1568 1145 1588 se
1159 1565 1242 1597 atque
1259 1562 1285 1589 in
1301 1564 1533 1591 auctorandorum
1556 1573 1571 1591 a
1603 1572 1634 1592 se
1648 1565 1770 1592 militum

979 1614 1065 1634 censu
1084 1607 1196 1635 habere.
1214 1605 1366 1636 Indicatum
1382 1609 1434 1637 sibi
1461 1610 1527 1637 olim
1555 1610 1589 1638 de
1604 1611 1770 1644 Rontzerio.

980 1653 1069 1688 ipsum
1087 1653 1160 1682 mille
1173 1655 1322 1683 admodum
1338 1656 1488 1691 peditibus,
1514 1658 1672 1694 quingentis
1685 1659 1779 1694 equi-7

980 1700 1053 1727 tibus
1066 1708 1182 1735 praeesse
1198 1710 1205 1728 :
1222 1701 1283 1734 hos,
1298 1710 1349 1730 nec
1373 1703 1477 1738 plures,
1503 1708 1533 1731 ut
1545 1704 1598 1732 sibi
1627 1705 1769 1740 suppetias
1782 1725 1789 1728 ο

979 1745 1128 1773 adduceret
1143 1748 1328 1775 consensisse.
1347 1748 1434 1781 Quam
1452 1749 1480 1776 id
1495 1757 1590 1777 verum
1608 1750 1655 1783 sit,
1671 1750 1769 1778 hodle-

978 1799 1031 1827 que
1048 1795 1123 1820 cerni
1150 1801 1229 1828 posse
1252 1794 1336 1830 487
1362 1794 1389 1822 in
1406 1795 1554 1831 diplomate
1577 1804 1670 1824 aurea
1693 1797 1766 1825 bulla
1791 1816 1793 1818 -

979 1839 1096 1871 munito,
1112 1847 1167 1874 quo
1179 1840 1255 1867 illum
1269 1846 1423 1873 evocasset,
1439 1850 1493 1877 quo
1505 1843 1527 1870 is
1539 1843 1655 1878 pra'cise
1671 1851 1767 1870 nume-

978 1892 1026 1912 rus
1041 1889 1215 1913 evocatorum
1231 1886 1264 1912 ad
1287 1894 1317 1914 se
1332 1887 1448 1914 militum
1472 1889 1648 1922 exprimitur.
1673 1889 1766 1923 Itaque

959 1931 1029 1959 .lroc
1052 1931 1170 1967 primum
1192 1933 1300 1967 injussu
1318 1938 1345 1960 ct
1376 1939 1479 1962 temere
1501 1934 1614 1966 factum,
1637 1939 1665 1962 ut
1689 1929 1769 1962 tanto

977 1978 1072 2012 plures
1096 1977 1310 2006 adducerentur.
1328 1978 1431 2006 Tamen
1447 1980 1493 2007 ubi
1504 1979 1561 2014 jam
1580 1980 1624 2007 isti
1638 1980 1770 2012 adfuere,.

978 2032 1012 2050 ne
1029 2023 1110 2058 plane
1136 2024 1245 2051 irritum
1277 2025 1330 2052 illis
1344 2026 1492 2053 tarttze‘vire
1509 2026 1629 2053 laborem
1649 2027 1764 2057 faceret,

978 2070 1095 2105 benigne
1122 2070 1252 2098 annuisse
1264 2075 1295 2098 ut
1311 2075 1417 2099 tantum
1444 2072 1478 2098 ad
1495 2077 1604 2107 tempus
1632 2072 1765 2100 admitte-

978 2123 1084 2148 rentur,
1110 2117 1231 2145 deﬁnitis
1262 2118 1384 2146 contenti
1413 2118 1561 2146 donativis.
1586 2118 1707 2147 Ulterius
1734 2127 1766 2147 se

977 2163 1077 2191 deinde
1098 2168 1189 2191 tamen
1206 2171 1289 2199 quam
1304 2165 1447 2199 professus
1472 2165 1572 2198 fuerat,
1594 2165 1769 2201 indulgendo

168 2212 248 2240 Unde
273 2216 300 2239 et
319 2212 436 2247 quadam
460 2212 505 2240 die
527 2220 637 2247 gravem
662 2213 806 2240 obvertcns
827 2220 924 2248 magno
941 2218 963 2246 ι)
976 2215 1004 2237 et
1020 2210 1160 2244 largiendo
1185 2210 1353 2245 processisse
1368 2210 1503 2238 :~ncminc
1522 2211 1766 2246 quippeillorum,

134 2258 195 2284 duci
226 2257 344 2288 vultum,
371 2257 449 2292 quasi
473 2257 596 2285 oﬂ‘ensus
624 2258 697 2291 quod
723 2257 783 2285 suis
814 2262 922 2285 tantum

135 2303 260 2338 pecunia:
284 2303 419 2339 ﬂagitaret
443 2303 521 2339 (sunt
539 2304 585 2338 qui
601 2303 696 2331 dicant
716 2311 749 2331 ex
767 2304 924 2338 composito

136 2350 190 2376 lucc
209 2354 276 2376 acta'
287 2354 314 2376 ct
331 2349 465 2377 volentem
482 2349 658 2378 Rontzerium
675 2351 725 2378 hoc
741 2351 842 2387 frigere
861 2359 924 2386 per-

135 2404 246 2424 cussum
267 2396 302 2422 ab
314 2395 454 2429 Augusto;
472 2403 526 2431 quo
539 2396 579 2424 sic
595 2396 721 2424 videlicet
738 2397 792 2424 dttx
808 2405 924 2432 magnus

136 2442 202 2474 suis,
221 2441 266 2474 qni
287 2446 352 2468 tunc
374 2447 522 2475 praesentes
542 2443 666 2474 aderant,
682 2450 742 2470 sese
759 2451 813 2470 non
831 2443 923 2470 solum

111 2503 123 2507 -
135 2490 263 2520 purgaret
281 2493 296 2513 a
313 2486 472 2521 suspicione
490 2487 674 2521 perfunctorie
692 2489 858 2522 procurandi
879 2497 923 2517 res

137 2534 269 2568 ipsorum,
287 2532 333 2559 sed
352 2533 434 2560 etiam
451 2534 666 2565 commendaret,
682 2537 760 2569 quasi
776 2537 822 2570 qui
847 2541 924 2563 tanto

136 2579 225 2606 studio
246 2578 344 2606 amicis
362 2580 529 2610 consuleret,
550 2585 579 2607 ut
606 2581 756 2615 periculum
774 2581 819 2609 tali
838 2590 922 2610 causa

135 2625 277 2652 excidendi
312 2625 425 2661 Augusti
444 2627 530 2660 gratia
551 2627 645 2654 subire
673 2635 727 2654 non
760 2628 922 2662 dubitaret),

136 2672 239 2704 nubila,
256 2673 365 2706 inquam
378 2692 386 2705 ,
399 2672 488 2699 fronte
509 2672 679 2708 infensisquo
702 2679 800 2707 prartcr
819 2682 921 2701 morem

135 2718 223 2744 oculis
240 2725 368 2752 magnum
385 2717 483 2745 ducent
503 2719 565 2746 suis
582 2718 714 2753 stipatum
728 2719 866 2746 Catelanis
882 2719 923 2746 in-

136 2769 228 2795 tuens,
240 2764 283 2789 sui
299 2763 432 2791 adversus
448 2772 499 2792 eos
513 2764 702 2792 defensionem
726 2773 847 2800 praesens
864 2765 923 2799 ipso

137 2814 325 2841 peroraturus,
352 2814 379 2835 ut
405 2809 429 2836 ei
456 2810 625 2837 audientiam
655 2809 768 2843 faceret,
797 2814 865 2838 nutu
892 2819 921 2838 se

136 2853 279 2880 admovere
293 2853 375 2888 jussit
398 2860 532 2890 ιμιυιιμιοι
550 2864 598 2892 per
620 2856 710 2884 aulam
730 2857 845 2885 aberant
858 2856 920 2884 luu.

974 2256 1063 2290 spatio
1090 2256 1157 2283 tanti
1174 2256 1229 2290 jam
1259 2256 1402 2291 temporis,
1428 2256 1555 2290 dimisso,
1581 2257 1661 2292 plena
1683 2265 1763 2292 teque

973 2302 1081 2330 eunetis
1097 2303 1235 2330 numerari
1249 2303 1387 2338 stipendia
1402 2310 1527 2331 curasse.
1546 2304 1653 2337 Quanta
1671 2304 1723 2332 ﬁde
1732 2305 1764 2332 id

974 2349 1086 2375 l‘ncrit‘a
1106 2357 1136 2376 se
1151 2348 1314 2383 praestitum,
1329 2349 1400 2377 scire
1419 2351 1523 2384 optime
1554 2343 1687 2377 omnium
1710 2351 1761 2377 dn-

973 2402 1032 2421 cem
1049 2402 1189 2430 magnum,
1210 2396 1254 2422 cui
1270 2396 1356 2429 plenis
1372 2395 1461 2423 saccis
1479 2403 1552 2430 saepe
1568 2396 1695 2431 ingentes
1712 2405 1761 2423 nec

973 2441 1083 2468 curiose
1113 2446 1161 2468 aut
1191 2441 1295 2469 minute
1321 2446 1479 2470 numeratus
1510 2442 1574 2469 auri
1601 2443 1764 2477 argentique

973 2487 1072 2521 signati
1102 2496 1224 2516 summas
1251 2488 1430 2520 commiserit,
1450 2489 1503 2516 ﬁde
1518 2497 1642 2524 curaque
1674 2490 1781 2531 ipsius,

974 2535 1136 2562 dividendas
1153 2535 1223 2566 suis,
1250 2543 1282 2562 ea
1299 2535 1477 2570 proportione
1491 2544 1586 2571 quam,
1603 2536 1650 2571 qui
1666 2542 1762 2563 nosset

975 2585 1091 2608 cunctos
1108 2581 1210 2616 optime
1228 2582 1328 2616 cuique
1342 2589 1437 2609 omnes
1457 2583 1537 2609 nnice
1564 2582 1688 2614 ﬁderent,
1707 2589 1765 2608 mc-

974 2627 1035 2653 ritis
1060 2626 1212 2660 usibusque
1227 2627 1401 2661 singulorum
1433 2635 1540 2662 aequam
1567 2627 1761 2654 accommoda-

975 2677 1086 2704 lamqne
1101 2673 1263 2708 jmlicasset.
1293 2674 1339 2701 Sic
1353 2682 1383 2701 sc
1399 2674 1548 2709 gratiﬁcari
1568 2673 1695 2706 utrisque
1720 2681 1765 2699 ar-

975 2720 1125 2754 bitratum,
1153 2725 1322 2755 temperasse
1351 2722 1385 2748 ab
1407 2722 1463 2748 alio
1496 2720 1562 2755 ipsis
1586 2719 1763 2755 praeﬁciendo

973 2768 1016 2795 vel
1045 2768 1114 2795 duce
1144 2767 1186 2794 vel
1209 2773 1363 2802 quaestore.
1393 2773 1422 2795 ut
1445 2768 1479 2794 ab
1499 2768 1593 2794 eodem
1620 2767 1663 2793 eui
1695 2765 1765 2792 olim

977 2820 1150 2842 sacramento
1162 2813 1299 2846 dixerant,
1313 2814 1448 2849 cujusque
1463 2813 1562 2840 dudum
1577 2813 1700 2848 imperiis
1718 2813 1763 2839 in-

976 2860 1140 2894 suevisscnt,
1154 2860 1196 2888 vel
1206 2860 1344 2894 descripta
1357 2860 1497 2888 commode
1514 2859 1673 2887 militarium
1687 2859 1773 2887 labe--
