1953 3065
182 127 235 158 535

745 133 750 138 ‘
777 127 938 158 GEORGII
960 127 1200 159 PACHYMERXE

1755 123 1808 156 536

182 191 249 210 των.
273 182 340 208 ἀλλὰ
367 182 414 208 καὶ
439 181 491 209 τῶν
520 182 581 209 λίαν
611 182 803 218 λυμαντικῶν;
820 183 861 210 Τὰ
887 183 910 210 δ’
926 182 969 217 ἐφ’
984 185 1006 212 Α
1021 185 1172 219 νοτροφείν.
1197 182 1393 219 Ἀποχρώντως
1410 181 1439 208 δὲ
1455 180 1502 208 καὶ
1515 180 1533 208 ἃ
1558 178 1736 214 κερτομηθεὶς
1749 179 1808 205 δια·

183 229 287 264 ἑκάστῃ
304 229 379 255 πόλει
407 229 454 255 καὶ
467 228 543 264 χώρᾳ
566 228 722 264 πραχθέντα
741 229 889 264 μετέπειτα
906 229 969 261 τοὺς

184 274 320 306 παθόντας
336 275 434 306 αὐτοὺς
453 275 598 309 Στέντορος
615 274 692 308 δίκην
707 274 779 305 οἴους
795 274 819 300 τ’
837 273 905 301 εἶναι
921 275 970 309 δη-

183 321 256 349 λοῦν.
272 322 309 349 Τὸ
321 321 348 348 δὲ
362 321 408 348 καὶ
421 320 583 355 Μαγνησίαν
600 321 753 355 πολιορκεῖν
764 321 809 346 καὶ
823 322 879 352 τοῖς
896 321 970 351 ἰδίοις

185 367 269 394 αὐτοῦ
286 368 428 402 περιιστᾷν
445 366 487 402 ll).
505 366 568 402 339]
583 365 704 392 κίνδυνον
720 367 767 393 καὶ
783 367 829 393 ἐπὶ
843 367 970 393 τοσοῦτον

184 414 281 448 χῴνον
308 415 353 440 τὶν
370 414 424 440 τῶν
445 412 590 447 Ῥωμαίων
615 412 791 447 κατατρίϐειν
816 411 890 444 λαὸν,
912 411 971 441 πῶς

185 461 218 487 ἂν
236 462 302 495 ἡμῖν
318 459 333 495 ἢ
349 460 430 490 αὑτὺς
452 460 469 494 ἢ
485 460 583 486 ἐκεῖνοι
606 459 724 493 εὐλόγως
751 458 970 492 ἀπολογίσαιντο,

185 507 288 540 ἔλεγεν.
310 507 357 533 Ἓν
371 504 443 541 εἶχεν
468 506 580 537 ἐκείνοις
606 507 838 541 προσμαρτυρεῖν,
857 506 905 531 καὶ
921 505 971 532 οὐκ

186 553 390 587 ἀπεκρύπτετο,
404 552 434 578 τὸ
451 553 483 586 τῇ
500 551 678 585 Φιλαδελφείᾳ
696 552 727 578 ἐκ
742 551 900 586 πολιορκίας
915 560 973 577 κιν-

185 598 334 633 δυνευούσῃ
360 598 395 625 τὰ
413 597 530 632 μέγιστα
548 598 592 624 ἐπ’
618 597 707 630 ὀλίγον
730 597 837 631 ὠθῆσαι
852 596 899 622 τὸν
914 596 972 623 κίν-

186 645 275 670 δυνον.
298 644 330 670 Τί
346 644 409 676 δαί;
431 643 511 670 Ἀλλὰ
529 644 577 669 καὶ
591 642 670 669 τοῦτο
691 643 737 668 καὶ
753 642 833 676 μόνον
848 642 902 668 τῶν
925 650 972 668 το-

188 691 292 716 σούτων
308 686 377 716 εἶναι
402 689 505 723 μισθῶν
520 688 655 721 ἀντάξιον,
674 688 774 722 μᾶλλον
799 688 846 722 μὲν
864 687 910 714 οὖν
926 687 973 714 καὶ

186 737 236 769 τὴν
253 736 299 761 ἐπὶ
324 737 379 767 τοῖς
400 735 503 766 λοιποῖς
528 734 691 768 ἁλαστορίαν
713 733 805 760 καὶτὸ
826 733 872 759 ἐπὶ
888 732 974 769 ταύτῃ

187 783 364 816 ἀφαιρεῖσθαι
391 781 567 817 κατόρθωμα.
589 780 647 807 Νῦν
674 780 702 806 δὲ
722 779 799 811 ,ἀλλὰ
821 780 868 806 καὶ
896 778 974 810 αὖθις

188 827 377 862 ὲκλεξαμὲνων
397 827 511 862 χρῄζειν
529 827 645 853 τοσῶνδε
664 826 711 853 καὶ
726 825 764 860 μὴ
781 825 835 852 τῶν
853 824 971 855 πάντων,

187 874 224 905 ὡς
237 874 275 909 μὴ
288 873 347 905 οἵας
361 874 384 900 τ’
398 873 482 908 οῠσης
496 873 545 907 τῆς
567 872 716 908 Ῥωμαῖδος
732 871 796 903 τοὺς
812 871 915 902 πάντας
932 870 974 903 ξε-

189 973 249 992 rum
267 973 352 1000 pensa
366 965 496 992 libentius
511 964 620 992 obirent
636 963 677 991 vel
694 967 887 999 repraesentata
907 963 976 990 fide.

191 1011 244 1038 lius
261 1011 296 1038 ad
310 1011 381 1038 diem
411 1010 568 1044 acciperem
585 1009 733 1044 stipendia.
749 1008 800 1036 llic
814 1008 870 1035 acri
888 1007 976 1036 Ront-

191 1057 295 1084 acrium
311 1057 409 1084 obtutu
430 1056 526 1091 ﬁgens,
542 1055 619 1089 quasi
634 1060 662 1082 ut
677 1056 765 1089 ipsum
790 1055 895 1089 pudore
907 1061 975 1080 con-

192 1103 327 1134 funderet,
342 1102 539 1137 interrogavit:
559 1111 568 1127 ι
583 1101 656 1128 Heus
669 1105 697 1127 tu
709 1108 758 1135 age
770 1100 824 1131 dic,
837 1099 975 1134 inquiens,

192 1150 256 1182 quid
278 1153 316 1175 tot
329 1156 360 1175 ac
378 1149 462 1175 tantis
481 1147 576 1175 eﬂ‘usis
603 1147 630 1173 in
649 1147 727 1173 sintts
744 1151 852 1173 vestros
866 1147 976 1172 thesau-

193 1196 231 1223 ris
248 1194 415 1230 profecimus
429 1194 440 1220 ?
457 1194 520 1229 quid
547 1201 597 1229 pro
614 1193 755 1221 exinanito
770 1192 886 1220 totiesin
901 1193 977 1219 lucra

193 1246 284 1269 vestra
306 1241 412 1276 imperii
431 1240 528 1268 aerario
559 1240 637 1267 nobis
655 1247 744 1274 opera:
772 1239 851 1272 pretii
877 1246 976 1273 repen-

193 1287 272 1315 distis
287 1287 298 1314 ?
315 1287 485 1314 llibernastis
501 1286 571 1322 apud
584 1285 729 1321 Cyzicum:
745 1290 770 1312 at
784 1285 838 1312 illic
854 1285 976 1320 quidem,

194 1341 248 1359 non
268 1332 356 1359 dicam
373 1332 441 1359 nihil
456 1331 521 1359 tttile
539 1331 695 1365 reipublicae
708 1330 769 1363 ,sed
786 1330 902 1365 plurima
917 1337 977 1357 ma-

195 1379 266 1405 xime
286 1378 367 1405 noxia
382 1377 499 1405 fecistis.
519 1377 583 1409 Quae
602 1384 667 1404 vero
688 1376 785 1404 deinde
801 1376 827 1402 in
848 1376 976 1411 singulis,

195 1428 243 1456 per
257 1428 326 1456 quas
341 1421 492 1454 transistis,
508 1421 534 1448 in
553 1421 654 1456 quibus
678 1421 773 1448 morali
806 1421 884 1453 estis,
901 1421 977 1448 urbi-

195 1468 246 1495 bus
260 1473 306 1495 aut
332 1468 492 1502 regionibus
509 1467 633 1503 egeritis,
659 1466 740 1494 facile
756 1471 846 1502 potest
861 1468 975 1502 intelligi

194 1523 227 1542 ex
249 1515 406 1551 planctibus
430 1514 638 1542 lamentantium
663 1522 712 1542 sua
741 1515 841 1542 damna
871 1515 977 1542 incola-

195 1569 254 1589 rum
273 1569 281 1589 :
300 1561 443 1589 Stentorea
455 1561 527 1588 enim
545 1561 660 1596 ideoque
679 1561 720 1588 vel
737 1561 896 1597 longissime
912 1569 976 1589 sen-

194 1608 268 1636 sibili
281 1608 315 1637 de
329 1608 372 1636 his
388 1615 455 1635 voce
467 1607 865 1643 conqueruntur.~0ppugnatz
879 1607 978 1635 deinde

195 1655 299 1682 crimen
318 1651 475 1689 Magitesiae,
491 1655 578 1688 signis
590 1655 732 1688 armisque
747 1656 849 1682 nostris
865 1654 892 1681 in
910 1654 978 1682 sub-

195 1701 314 1727 ditorum
333 1705 504 1733 nostrorum,
521 1699 573 1728 hoc
597 1704 639 1728 est
654 1701 681 1727 in
696 1705 791 1727 nostra
806 1701 928 1735 ipsorum
951 1704 979 1728 et

195 1746 355 1781 reipublicae.
374 1745 494 1779 pericula
520 1746 674 1778 conversis,
697 1746 891 1780 exercitusque
922 1745 978 1773 lio-

197 1792 281 1825 mani,
297 1791 381 1827 488
406 1791 486 1826 cujus
508 1796 567 1818 erat
590 1791 654 1818 alibi
684 1791 815 1819 adversus
845 1791 980 1818 Barbaros

197 1843 252 1865 tam
268 1838 435 1870 desiderata,
450 1841 504 1864 tam
531 1837 687 1864 necessaria
711 1843 805 1870 opera,
831 1841 932 1864 temere
947 1844 980 1864 ac

197 1884 330 1919 ﬂagitiose
348 1883 443 1911 tandiu
457 1883 483 1910 in
500 1883 606 1911 civibus
622 1883 784 1911 obsidendis
796 1883 980 1918 vestrojussu

197 1938 228 1958 ac
245 1931 328 1958 ductu
345 1929 459 1961 detenti.
477 1937 558 1964 quam
583 1929 756 1958 comminisci
774 1938 896 1965 unquam
919 1930 982 1958 ido-

197 1985 288 2010 neam,
305 1984 388 2012 quam
407 1977 527 2011 allegare
539 1976 581 2004 vel
597 1977 765 2004 tolerabiletn
778 1977 978 2010 defensionem,

197 2032 258 2060 age.
276 2023 428 2059 poteritis?
444 2022 533 2051 Unius
562 2023 628 2050 recti
652 2031 684 2051 ac
698 2023 844 2051 laudabilis
861 2023 926 2051 facti
943 2028 982 2051 te-

197 2071 358 2098 stimonium
387 2070 464 2098 vobis
479 2070 575 2102 debeo,
588 2074 614 2098 et
642 2070 823 2098 libentissime
843 2069 980 2105 persolvo.

197 2117 341 2150 Profiteor,
359 2117 482 2150 inquam,
504 2115 575 2143 ultro
589 2123 621 2143 ac
647 2119 741 2149 gratus
768 2115 897 2149 praedico,
932 2122 983 2142 na-

197 2168 288 2192 vatam
318 2171 332 2190 a
351 2163 430 2190 vobis
451 2161 569 2196 imperio
593 2161 702 2188 fortiter
724 2168 756 2188 ac
776 2161 892 2188 feliciter
918 2168 983 2195 ope-

198 2219 256 2238 ram
275 2211 301 2238 in
318 2208 505 2243 Philadelphia
526 2215 541 2235 a
556 2207 708 2235 barbaricae
727 2207 880 2236 obsidionis
902 2208 980 2235 malis
999 2206 1021 2234 D

199 2257 325 2284 maximis
338 2255 531 2291 'periculisque
551 2253 782 2286 liberanda.Qitid
808 2259 863 2280 tum
890 2257 980 2281 autem

199 2303 318 2339 pestea‘?
335 2309 369 2329 an
397 2308 545 2328 successus
575 2300 620 2327 hic
640 2300 738 2328 unicus
758 2304 794 2327 tot
817 2300 979 2335 pensiouum

201 2354 395 2382 tantarumque
417 2351 471 2373 tam
491 2346 563 2381 longi
582 2346 716 2380 temporis
744 2348 898 2374 mercedum
925 2347 981 2373 fiu-

201 2400 262 2423 ctus
279 2393 388 2421 abunde
402 2400 515 2428 magnus
532 2399 680 2427 :rquusque
707 2393 887 2419 censebitur?
900 2400 981 2426 quem

201 2440 358 2476 praesertim
375 2439 479 2466 inliciat
494 2446 525 2466 ac
545 2442 705 2473 corrumpat
718 2438 826 2465 licentia
841 2444 868 2465 et
882 2439 984 2473 ubique

203 2487 269 2514 alibi
296 2491 323 2514 et
352 2486 378 2513 in
404 2493 434 2514 ea
451 2486 509 2520 ipsa
536 2485 605 2513 urbe
638 2490 768 2520 usurpata
803 2486 984 2520 rapacissime

204 2533 368 2569 grassandi;
385 2541 444 2568 quae
461 2537 547 2560 totum
572 2532 695 2568 przeclari
724 2539 772 2567 per
797 2540 827 2559 se
852 2532 985 2559 facinoris

203 2580 321 2615 pretium
341 2587 373 2606 ac
390 2579 474 2606 decus
490 2576 607 2605 oliterat.
628 2587 636 2603 ι
654 2577 711 2605 Sub
731 2585 762 2604 ea
779 2585 912 2611 perorans
932 2578 985 2604 im-

204 2632 312 2661 perator
326 2626 410 2653 rediit
428 2625 460 2652 ad
478 2633 534 2651 ιϊιιι
559 2624 639 2651 initio
657 2630 839 2658 propOsttam,
856 2632 937 2659 egere
957 2632 986 2651 se

203 2677 309 2700 tantum
328 2672 423 2700 dicetis
440 2679 493 2698 non
509 2675 566 2698 toto
586 2670 638 2698 isto
655 2677 769 2697 numero
787 2670 916 2702 militum,
938 2670 986 2698 sed

203 2720 277 2747 mille
302 2719 413 2746 circiter
428 2727 442 2745 c
456 2721 530 2745 tanta
548 2717 724 2745 multitudine
736 2716 853 2745 delectis
873 2726 880 2745 :
899 2725 988 2751 neque

203 2766 276 2793 enim
305 2766 397 2801 plures
413 2772 460 2796 per
476 2765 515 2792 rei
532 2764 672 2796 Romamn,
706 2771 766 2798 quae
786 2771 859 2790 nunc
883 2769 986 2798 essent,

203 2812 345 2845 angustias
358 2812 393 2839 ali
410 2819 423 2839 a
434 2819 463 2839 se
473 2811 635 2838 auxiliarios
647 2813 754 2838 exteros
766 2818 856 2844 posse.
875 2810 986 2839 Monere

205 2865 261 2884 rem
279 2858 364 2892 ipsam
383 2857 516 2893 publicam
533 2857 587 2891 jam
603 2865 686 2892 prope
705 2857 837 2893 perditam
852 2863 877 2886 ct
891 2866 987 2893 cogere

1022 231 1104 264 κενῆς
1130 230 1288 265 ὲξήντλησε.
1311 229 1397 255 Τοῦτο
1419 227 1520 261 γνῶναι
1550 226 1636 252 θέλειν
1660 225 1736 259 παρὰ
1752 224 1808 251 τῶν

1022 278 1178 305 ἀκουόντων
1189 277 1250 303 τότε
1265 276 1313 302 καιὶ
1325 276 1387 307 τοὺς
1403 274 1509 306 ἄλλους.
1528 274 1552 300 οἳ
1565 273 1596 308 δὴ
1613 272 1660 299 καὶ
1672 273 1702 298 οὺ
1716 271 1809 306 παρῆ-

1023 333 1072 351 σαν
1086 332 1093 339 ·
1115 323 1194 350 τοῦτο
1213 322 1314 357 γνῶναι
1339 324 1386 348 καὶ
1407 321 1452 347 τὸν
1469 320 1572 346 τούτων
1595 319 1754 353 ὲξάρχοντα,
1770 317 1809 349 ὡς

1024 371 1089 406 μήθ’
1103 371 1192 406 ὑμεῖς.
1206 369 1299 403 φησὶν,
1315 368 1455 394 ἀπαιτοῖτε
1469 367 1502 393 τὰ
1517 366 1588 401 ὑπὲρ
1603 365 1729 399 δύναμιν,
1745 363 1809 399 μήτ’

1022 418 1125 448 ἐκεῖνος
1143 415 1264 450 ἐνοχλοίη
1278 413 1383 448 τρύζων
1398 412 1468 447 ὑπὲρ
1487 411 1575 446 ὑμῶν.
1592 410 1684 437 Ταῦτα
1697 410 1746 443 μὲν
1761 408 1811 434 καὶ

1022 463 1057 491 τὰ
1075 462 1182 493 τούτοις
1212 460 1297 488 πλείω
1314 460 1441 495 βασιλεὺς
1468 457 1575 490 ἔλεξεν·
1594 457 1691 483 ὲκεῖνοι
1714 454 1744 481 δὲ
1759 463 1812 489 μη-

1021 511 1065 537 δὲν
1085 509 1193 544 ἔχοντες
1216 507 1377 541 ἀντιλέγειν,
1400 505 1481 540 μόνον
1502 504 1622 539 κορύζης
1645 501 1811 535 πλησθέντες

1028 555 1174 590 Ἰταλικῆς,
1192 555 1229 586 ὡς
1250 553 1329 588 δῆθεν
1355 550 1615 588 παραλογισθέντες,
1640 549 1749 583 ἐπεῖχον
1770 546 1812 581 τῷ

1023 603 1127 637 ἄγοντι.
1302 600 1305 605 ⁷
1426 618 1429 622 .

1025 648 1062 681 ς’.
1082 646 1291 683 Προσαγγελία
1304 645 1380 683 πρὸς
1392 643 1526 682 ,ϐασιλέα
1543 641 1618 670 κατὰ
1632 640 1814 668 Κιιτελὰνων

1280 681 1339 708 τῶν
1355 681 1554 707 Γεννουῑτῶν.

1058 741 1102 777 [Ρ.
1117 739 1181 776 540]
1203 739 1247 766 Ἐν
1261 738 1380 772 τοσούτῳ
1394 737 1421 763 δὲ
1435 737 1482 762 καὶ
1497 736 1521 762 οἱ
1544 734 1615 762 κατὰ
1636 733 1685 768 τὴν
1697 731 1814 766 μεγαλό-

1025 788 1101 814 πολιν
1124 785 1280 813 Γεννουῖται
1310 785 1397 820 πέραν
1422 783 1471 814 τὰς
1492 782 1613 816 οἰκήσεις
1643 778 1813 812 ποιούμενοι,

1024 835 1072 862 καὶ
1085 833 1162 865 αὖθις
1173 833 1295 868 σχόντες,
1318 830 1387 866 πρὸς
1402 830 1434 855 τδ
1448 827 1654 862 μεγαλειὸτερυν
1677 823 1816 851 ἐποικοδο-

1028 880 1194 917 μησάμενοι,
1212 877 1282 904 ὥστε
1303 877 1348 903 mi
1360 875 1488 909 πλείστην
1512 873 1583 907 ὑπὲρ
1608 873 1657 907 τὴν
1679 871 1815 906 προτέραν

1027 977 1057 999 ιιι
1081 970 1178 998 modus
1196 969 1305 1003 tandem
1327 966 1426 1002 aliquis
1440 965 1603 993 adhibeatur
1619 961 1734 990 inﬁnitis
1750 960 1816 988 inu-

1027 1014 1362 1051 tilissitnisquejacturis,
1376 1012 1478 1048 quibus
1496 1010 1550 1038 sint
1570 1010 1702 1037 hactenus
1715 1009 1815 1034 incon-

1028 1065 1181 1093 sultissime
1197 1063 1332 1090 universa:
1347 1059 1454 1095 imperii
1473 1059 1559 1092 c0pize
1571 1056 1703 1093 profusa}.
1722 1055 1751 1082 in
1762 1054 1816 1081 hoc

1029 1115 1114 1139 testes
1131 1118 1161 1138 se
1179 1108 1320 1136 auditores
1334 1107 1380 1142 qui
1399 1113 1492 1134 coram
1512 1104 1641 1132 adessent
1656 1102 1736 1134 velle,
1752 1108 1815 1134 per-

1028 1167 1081 1194 que
1094 1158 1154 1185 hos'
1168 1157 1239 1184 idem
1264 1154 1381 1182 indicari
1395 1151 1556 1180 absentibus
1574 1153 1681 1185 optare,
1695 1148 1816 1182 denique

1029 1192 1111 1233 istum
1133 1210 1214 1239 quem
1232 1203 1417 1228 memorarem
1440 1205 1536 1225 recens
1548 1204 1610 1223 cum
1630 1202 1702 1222 novo
1715 1192 1815 1228 appul-

1028 1262 1088 1282 sttm
1113 1252 1238 1279 exercitu
1262 1248 1371 1277 edoceri
1392 1250 1418 1274 et
1441 1246 1545 1273 diserte
1576 1240 1744 1270 commoneri
1781 1239 1817 1267 de

1029 1301 1081 1327 ista
1097 1299 1156 1333 ipsa
1177 1304 1226 1324 stta
1241 1296 1382 1323 voluntate
1394 1300 1425 1320 ac
1443 1292 1492 1319 lixa
1510 1290 1647 1318 sententia
1658 1294 1770 1322 cupere.
1785 1292 1816 1313 se

1030 1346 1121 1381 plures
1138 1343 1213 1370 mille
1227 1339 1404 1369 conductitiis
1420 1337 1555 1365 militibus
1574 1337 1600 1362 in
1613 1335 1737 1362 rationes
1763 1333 1817 1359 im-

1029 1391 1119 1427 putari
1137 1389 1262 1425 publicas
1287 1387 1369 1414 nolle.
1403 1385 1567 1412 Desinerth
1599 1390 1658 1410 sese
1690 1381 1816 1415 ingerere

1029 1446 1061 1465 ac
1078 1435 1305 1464 vclutinculcare
1325 1439 1407 1467 supra
1430 1439 1522 1463 usum,
1541 1438 1624 1465 supra
1646 1436 1713 1463 opes
1727 1427 1815 1454 facul-

1030 1489 1158 1518 tatesque
1173 1486 1284 1508 nostras
1299 1478 1391 1507 ceteri
1405 1487 1412 1511 ;
1432 1477 1552 1512 bonique
1567 1476 1745 1503 consulerent
1763 1480 1816 1500 nos

992 1525 1013 1554 α
1030 1539 1084 1558 non
1104 1529 1218 1565 prodire
1243 1527 1399 1562 pollicendo
1418 1525 1490 1552 ultra
1509 1530 1591 1558 quam
1613 1522 1640 1548 in
1669 1524 1817 1548 numerato

1029 1583 1076 1605 aut
1094 1584 1142 1612 spe
1169 1579 1245 1603 certa
1263 1581 1314 1600 nos
1339 1573 1441 1600 habere
1473 1571 1559 1598 simus
1584 1569 1678 1596 intime
1698 1566 1815 1595 Conscii.

1022 1629 1042 1651 ἰ
1062 1624 1101 1651 Ne
1116 1623 1199 1658 igitur
1209 1626 1256 1649 aut
1269 1627 1318 1647 vos
1339 1629 1364 1650 ι.
1380 1617 1487 1646 addidit
1503 1621 1654 1652 praesentes
1669 1615 1818 1643 Calelanos

1030 1671 1151 1700 intuens,
1161 1676 1170 1693 ι
1182 1666 1320 1701 exigatisa
1332 1665 1411 1692 nobis
1425 1663 1496 1698 qttod
1511 1662 1576 1689 dare
1593 1669 1646 1688 non
1660 1667 1817 1696 possumus.

1031 1720 1078 1743 aut
1094 1714 1139 1742 ille
1159 1717 1252 1748 speret
1267 1720 1327 1747 qum
1350 1712 1372 1739 si
1388 1710 1614 1746 promitteremus
1630 1707 1692 1735 fidei
1717 1711 1818 1734 nostra:

1033 1761 1288 1790 transcenderemtts
1315 1759 1437 1785 modum.
1454 1756 1514 1784 Non
1537 1764 1598 1784 eum
1621 1755 1752 1782 fallimus.
1780 1753 1820 1781 De

1031 1809 1120 1839 rc,-"ut
1146 1811 1200 1838 est.
1219 1809 1325 1832 mature
1344 1804 1520 1838 ingenueque
1548 1809 1764 1837 praemonetuus,
1784 1807 1819 1827 ne

1032 1854 1175 1888 deceptum
1197 1859 1227 1879 se
1242 1850 1339 1878 deinde
1358 1850 1435 1885 queri
1453 1849 1550 1884 possit,
1567 1852 1615 1875 aut
1647 1847 1710 1874 lites
1728 1847 1820 1874 intert-

1032 1905 1091 1928 tare
1104 1895 1303 1926 murmuraudo
1320 1895 1412 1927 nobis,
1427 1895 1506 1930 quasi
1523 1894 1546 1922 ei
1561 1893 1639 1922 falsis
1655 1892 1820 1920 ostentatio-

1033 1947 1116 1975 nibus
1142 1945 1322 1973 illuserimus.
1343 1952 1352 1969 ι
1371 1941 1436 1970 Hec
1450 1947 1477 1969 et
1489 1941 1515 1968 id
1533 1948 1622 1976 genus
1639 1940 1718 1975 plura
1740 1939 1820 1967 locu-

1034 1999 1078 2021 tus
1095 1993 1244 2027 imperator
1267 1990 1427 2018 concionem
1452 1988 1568 2021 dimisit,
1593 1987 1748 2020 Catelanis,
1767 1986 1820 2014 etsi

1034 2041 1179 2076 gemebant
1190 2039 1217 2065 in
1229 2038 1337 2065 irritum
1348 2037 1450 2064 abiisse
1461 2044 1524 2071 spes
1533 2035 1724 2070 inanes,'quod
1736 2033 1823 2070 489

1034 2087 1092 2122 ipsa
1112 2089 1204 2112 tamen
1224 2092 1255 2111 os
1278 2083 1436 2111 Obstrueret
1456 2090 1547 2110 rerum
1561 2082 1822 2113 evidentia,contra

1034 2132 1181 2167 quidquam
1194 2131 1299 2158 hiscere
1311 2138 1364 2157 non
1378 2129 1542 2162 valentibus,
1552 2135 1708 2164 quanquam
1726 2128 1768 2154 vel
1783 2128 1824 2154 sie

1036 2178 1146 2213 proprio
1158 2177 1249 2204 Latini
1270 2176 1380 2212 generis
1395 2175 1467 2202 fastu
1489 2179 1631 2210 turgentes
1643 2175 1824 2209 ringebantur

1036 2225 1141 2258 intime,
1152 2225 1379 2258 stomachumque
1389 2224 1417 2250 iu
1430 2223 1527 2250 ducem
1544 2223 1678 2258 ipsorum,
1689 2226 1823 2256 tanquam

1037 2271 1071 2298 ab
1095 2278 1129 2298 eo
1161 2269 1352 2300 circumventi.
1380 2273 1583 2296 murmurantes
1596 2267 1787 2303 erumpebant.

1037 2327 1065 2355 6.
1082 2327 1214 2354 Indicium
1232 2326 1390 2361 imperatori
1412 2325 1531 2352 delatam
1543 2334 1558 2352 α
1582 2323 1760 2361 Genuertaibur
1774 2323 1826 2352 ad-

1293 2369 1395 2388 versum
1412 2361 1566 2388 Catelanos.
1673 2358 1676 2362 ’

1071 2407 1146 2434 inter
1164 2408 1222 2434 hrrc
1242 2406 1401 2434 Geuuenses
1431 2406 1477 2441 qui
1507 2405 1747 2440 Constantinopoli
1772 2405 1824 2432 tle-

1037 2460 1116 2488 gunt,
1134 2454 1161 2480 iu
1186 2453 1247 2480 urbi
1270 2453 1380 2487 objecta
1399 2452 1470 2480 ultra
1494 2452 1594 2479 fretum
1617 2451 1749 2480 suburbio
1773 2451 1826 2479 do-

1037 2499 1140 2527 micilia
1162 2499 1295 2526 habentes
1316 2498 1354 2535 (et
1370 2499 1511 2534 splendida
1526 2498 1635 2533 quidem
1656 2498 1795 2526 domicilia
1815 2505 1822 2525 :

1037 2553 1100 2573 nam
1112 2553 1144 2573 ex
1161 2553 1216 2580 quo
1229 2545 1285 2573 illic
1304 2546 1384 2573 sedes
1400 2545 1588 2576 obtinuerant.
1608 2545 1722 2572 aedilicia
1743 2549 1825 2572 erant

1038 2599 1106 2619 sane
1125 2592 1269 2627 magniﬁca
1291 2591 1389 2622 moliti,
1412 2591 1535 2620 dilatatis
1556 2591 1627 2618 haud
1643 2592 1749 2618 modice
1770 2591 1824 2618 soli

1038 2637 1105 2672 ipsis
1133 2637 1210 2664 initio
1238 2637 1364 2665 concessi
1389 2637 1526 2669 terminis,
1545 2637 1609 2664 dum
1629 2638 1733 2665 sensim
1757 2638 1825 2665 sub-

1038 2683 1238 2711 structionibus
1268 2684 1405 2711 excedunt
1433 2685 1609 2719 pomeriaque
1640 2689 1824 2719 promovent,

1037 2737 1091 2757 non
1117 2729 1176 2756 sine
1199 2737 1295 2756 secura
1319 2737 1367 2764 per
1381 2731 1529 2757 circuitum
1546 2731 1698 2758 munitione
1713 2731 1777 2756 valli
1793 2737 1826 2758 ac

1037 2776 1117 2804 fossa
1136 2775 1284 2811 perpetrm)
1303 2776 1427 2803 nuntium
1446 2784 1461 2803 a
1479 2777 1537 2804 suis
1564 2778 1670 2803 civibus
1691 2783 1705 2803 e
1722 2781 1826 2804 metro-

1038 2825 1091 2860 poli
1117 2824 1253 2859 trcpidum
1282 2824 1399 2851 navibus
1424 2825 1577 2852 celerrimis
1602 2825 1725 2852 studiose
1745 2824 1824 2851 ft'sli-

1039 2876 1131 2899 natum
1156 2871 1375 2904 accipiunt,quo
1393 2871 1576 2898 adrnoacmur
1592 2877 1702 2899 strcnuc
1723 2870 1825 2898 armari
