1953 3065
89 94 148 126 537

579 105 629 135 DE
650 106 875 139 ANDRONICO
892 97 1127 141 PAIJEOLOGO
1142 113 1215 144 LIB.
1235 112 1277 146 γι.

1683 113 1736 148 538

86 165 111 181 π
132 156 290 190 ριϐαλέσθαι
304 160 356 196 γῆν
369 158 403 198 ἧς
423 162 598 196 ἐπελάϐοντο,
615 165 662 192 καὶ
684 165 814 201 ἀσφαλῶς
843 167 929 200 κύ-Α,
942 169 1023 197 αὑτὸν
1047 170 1156 205 σύναμα
1178 171 1283 199 δώδεκα
1300 172 1450 200 ἑκπλευσαι
1474 173 1563 205 ναυσὶ,
1597 173 1644 201 καὶ
1673 175 1736 202 ὅσον

86 205 149 236 κλῳ
164 207 448 242 περιταφρεύσαντες,
460 209 581 245 δέχονται
604 212 679 246 παρὰ
703 213 758 239 τῶν
783 213 890 240 οἰκείων

87 250 138 276 διὰ
154 253 338 288 ταχυδρόμιυν
350 255 497 290 μηνύματα
509 256 545 287 ὡς
560 257 642 289 πολὺς
659 258 819 294 ἐξαρτύεται
832 260 891 286 στό-

90 296 141 327 λος
154 297 216 332 ἅμα
227 296 276 334 ἦρι
294 301 456 334 προσϐαλεῖν
469 304 502 337 τῇ
515 303 603 336 πόλει,
620 305 663 338 ἐφ’
679 302 700 338 ᾧ
728 306 891 340 παραφυλα-

95 343 183 378 κτέην
201 345 279 378 σφίσι
291 346 340 381 τὴν
358 348 520 384 προσϐολὴν,
545 351 585 380 εἰς
601 350 723 378 κίνδυνον
735 351 782 378 καὶ
799 352 890 382 αὐτοῖς

94 389 236 422 κειμένοις
251 390 291 421 ὡς
309 392 359 426 τῆς
384 394 492 427 μερίδος
520 395 567 422 τοῦ
589 396 722 430 βασιλέως
747 395 832 428 οὖσιν,
861 398 890 431 ἐξ

97 436 232 468 ἐμφανῶν
248 438 371 474 bno-rom]
377 440 479 472 μάτων,
489 441 526 473 ὡς
537 442 650 474 ἐκεινοις
666 443 751 471 ἐδόκει
765 444 891 478 βουλευο-

99 483 202 516 μένοις.
226 484 422 518 Ταῦτέὖϐέως
439 488 539 514 ἐκεῖνοι
560 489 599 524 τῷ
619 489 725 523 βασιλεί
752 491 890 525 προσανέ-

98 537 194 562 φερον.
205 531 373 563 προσθέντες
387 533 425 564 ὡς
444 534 490 560 καὶ
508 534 585 561 αὐτοὶ
601 535 647 566 οὓς
661 536 810 570 ὑπεδέξατο
823 537 891 569 ξενι‹

97 574 174 607 κιὺς,
188 576 236 602 καὶ
253 577 302 603 σὺν
319 578 410 610 αὐτοῖς
425 580 448 605 οε
465 581 666 614 ὲπιγεγονότες,
683 583 748 617 μιᾶς
771 583 817 609 καὶ
840 584 891 617 τῆς

98 621 186 655 αὐτῆς
209 623 326 656 ἐκείνοις
348 625 402 651 εἰσὶ
426 625 533 660 βουλῆς.
563 628 609 654 καὶ
636 629 829 662 κατασκόπων,
859 630 889 656 οὐ

98 669 253 702 συμμάχων
263 670 364 704 τρόπον
379 671 524 707 ἐπέχουσι⁸
542 675 599 705 τοῖς
622 674 676 710 γὰρ
710 676 742 702 ἐκ
765 676 890 708 Σικελίας

97 714 240 748 κρυφηδὸν
260 716 308 743 καὶ
328 717 427 749 αὐτοὺς
456 720 657 755 συμπράττειν,
690 722 736 748 καὶ
764 722 890 757 μήνυτρα

96 760 225 794 δέχεσθαι
238 763 286 788 καὶ
298 763 458 798 λαμϐάνειν,
473 765 511 797 ὡς
523 766 568 793 ἐπὶ
584 767 682 802 καιροῦ
700 768 816 800 ἐκεινοις
842 768 890 795 καὶ

96 806 196 838 αὐτοὺς
214 810 471 844 συμμαχυυμένους.
487 811 572 846 Δῆλον
587 813 616 839 δὲ
633 815 679 840 καὶ
692 814 722 840 ὲκ
733 814 780 841 τοῦ
792 815 890 848 ἄλλους

96 852 224 888 ἁπαντᾷν
236 854 430 889 ἑτοιμάζεσθαι
440 856 480 892 [Ρ.
494 857 557 895 541]
569 860 617 885 καὶ
628 860 705 891 αὒθις
715 861 836 896 ἑτέρους.
847 862 892 896 φί-

95 897 150 924 λων
176 898 337 932 δεικνύντας
360 901 408 928 καὶ
424 904 525 938 τρόπον
545 905 592 931 καὶ
606 905 702 940 ὄνομα.
716 907 768 933 Τὸν
781 907 837 943 γὰρ
845 907 892 934 τοῦ

96 945 182 980 ρηγδς
193 946 357 983 Θευδερίχου
366 949 442 976 νόθον
453 949 619 986 αὐτάδελφον
632 952 729 985 μαθεῖν
742 952 836 989 ἔλεγον
846 954 893 980 καὶ

96 1048 217 1076 classem
237 1057 365 1086 magnam
387 1059 448 1086 quae
463 1052 554 1087 primo
573 1061 637 1081 vere
659 1054 894 1091 Constantinopo-

96 1094 144 1121 lim
168 1100 363 1130 oppugnatura
388 1102 467 1125 certo
489 1099 674 1127 existimetur.
702 1101 768 1135 Ejus
785 1106 891 1135 partem

98 1141 216 1175 periculi
235 1142 268 1168 ad
296 1143 371 1177 ipsos
397 1151 507 1178 quoque
535 1146 685 1179 pertinere,
702 1148 748 1180 qui
776 1148 846 1175 lares
865 1153 893 1176 et

99 1186 222 1219 familias
242 1189 301 1216 illic
320 1189 474 1218 obtineant.
497 1190 587 1224 Quare
602 1200 652 1228 pro
677 1201 726 1221 sua
751 1199 826 1228 parte
849 1195 892 1222 iu-

100 1234 232 1268 vigilent;
268 1242 301 1262 ac
329 1243 390 1263 cum
430 1236 550 1264 fortunae
591 1240 727 1267 societate
758 1239 892 1268 fmderato

102 1281 170 1315 ipsis
183 1282 344 1316 imperatori
359 1283 412 1311 sint
428 1286 579 1319 conjuncti,
597 1287 734 1320 quomodo
747 1295 894 1316 commune

100 1327 170 1362 ipsis
188 1336 251 1355 cum
278 1336 311 1356 eo
326 1337 388 1357 mox
409 1330 582 1359 inferendum
608 1333 708 1360 bellum
724 1335 832 1361 collatis
844 1343 893 1370 pro

101 1380 132 1400 se
152 1375 254 1408 opibus
282 1383 316 1402 ac
332 1377 477 1404 conatibus
503 1384 603 1412 queant
634 1380 806 1414 propulsare.
834 1389 891 1408 ma-

102 1424 164 1446 lure
200 1421 384 1455 prospiciant.
412 1421 468 1450 Nec
494 1425 700 1459 suspicionibus
728 1427 780 1454 niti
813 1428 893 1455 vanis

103 1471 202 1502 putent
227 1475 288 1503 quae
304 1468 475 1501 dicerentur,
493 1478 555 1498 cum
574 1473 625 1499 ista
641 1473 688 1508 qui
710 1475 891 1502 admmterent

941 215 1018 242 οὖπω
1029 218 1085 248 τοῖς
1095 218 1158 252 τῇδε
1175 218 1341 253 προσϐαλεῖν
1352 219 1455 254 τρόπον
1467 219 1514 246 τὸν
1529 220 1662 251 τοιοῦτον,
1688 221 1737 255 μέ-

942 271 1003 298 χρις
1017 263 1050 290 ἂν
1071 264 1087 299 ἠ
1110 264 1205 299 ὁλότης
1224 265 1321 300 φανείη
1342 265 1388 292 καὶ
1416 265 1445 292 ἐν
1469 266 1571 298 πάντες
1604 267 1735 301 γένοιντο.

942 308 1039 343 Ὅμως
1053 317 1085 342 γε
1102 310 1194 344 μέντοι
1213 310 1262 336 καὶ
1277 310 1481 343 συνεϐούλευον,
1499 312 1523 338 el
1541 312 1672 346 βασιλεὺς
1688 313 1735 338 θέ-

941 353 982 380 λει
998 355 1197 389 συμπράττειν,
1215 355 1382 382 ἀπεντεῦοεν
1396 356 1444 382 τὸν
1458 357 1527 391 πρὸς
1540 358 1662 388 ἐκείνους
1688 357 1736 383 πό-

941 400 1023 432 λεμον
1039 401 1176 436 δέχεσθαι,
1191 402 1245 428 ἀπὸ
1258 403 1359 429 τυύτων
1374 403 1446 429 κατὰ
1467 403 1552 438 θύρας
1564 404 1737 439 ἀρξαμένους

941 446 978 478 ὡς
993 448 1147 483 προχείρων
1159 449 1251 476 ὅντων.
1277 450 1370 484 Ἕχειν
1392 450 1446 484 γὰρ
1473 450 1571 482 αὐτοὺς
1593 451 1736 486 ὲξαρτύειν

941 494 1112 528 πεντήκοντα
1146 494 1223 526 ναῦς.
1260 496 1390 531 Ἐζήτουν
1418 496 1446 522 δὲ
1477 498 1525 522 καὶ
1551 496 1664 530 βασιλέα
1685 497 1736 528 τὰς

942 540 1012 571 [σας.
1032 540 1047 575 ἢ
1067 541 1120 574 μὴν
1135 541 1169 567 τὰ
1186 543 1213 572 ἐς
1229 542 1367 577 πλήρωμα
1384 543 1488 569 τούτων
1503 543 1643 578 χρήματα,
1676 543 1735 569 Κᾶν

943 587 980 621 μὴ
992 586 1039 613 νῦν
1054 586 1108 621 ἔχοι
1123 586 1233 618 διδόναι,
1248 588 1345 619 αὐτοὺς
1363 588 1430 620 τέως
1446 588 1652 619 καταϐαλόντας
1666 589 1734 614 αὐτὰ

941 632 988 658 ἐπὶ
1003 632 1100 667 καιροῦ
1114 633 1189 668 παρὰ
1213 633 1344 667 βασιλέως
1373 632 1646 668 ἀνταπολαμϐάνειν(
1658 635 1735 669 Μηδὲ

941 680 995 715 γὰρ
1007 676 1182 711 εἶναιαὺτοὺς
1197 679 1362 710 ἀλλοδαποὺς
1376 679 1392 714 ἢ
1423 679 1578 714 Ῥωμαίους
1610 679 1736 705 τούντεῦ-

941 726 996 754 θεν.
1012 727 1066 752 Καὶ
1076 726 1156 752 πόνον
1170 724 1238 752 εἶναι
1251 726 1326 760 σφίσι
1339 726 1369 752 τὸ
1380 726 1417 760 μὴ
1433 727 1535 760 φθάσαι
1559 725 1735 761 προσαμῦναι

947 771 1093 806 Ῥωμαιοις
1113 773 1247 806 πάσχουσι
1264 772 1324 798 κατ’
1336 772 1479 806 ἀνατολὴν,
1496 772 1525 805 ἐξ
1544 769 1582 798 ὧν
1595 773 1643 798 καὶ
1660 773 1736 798 αὐτοὶ

941 818 990 849 τὰς
1006 819 1156 854 ὲμπορείας
1178 819 1310 851 πλουσίας
1340 816 1422 854 εἶχον.
1454 819 1491 845 Οὐ
1526 818 1580 853 μὴν
1594 817 1736 844 ἀλλὰκαὶ

944 864 991 890 τοῦ
1005 865 1101 891 λοιποῦ
1130 867 1289 900 συμμςιχεῖν
1308 865 1411 891 ἐθέλειν
1443 865 1490 891 καὶ
1516 865 1578 895 τοὺς
1608 864 1737 895 ἐπιόντας

945 910 1107 944 ἀμύνεσθαι.
1128 910 1222 946 Ἐχειν
1238 911 1265 937 δὲ
1279 911 1325 937 καὶ
1345 912 1377 937 ὲκ
1392 910 1438 937 τοῦ
1454 911 1541 946 ῥᾷστα
1556 910 1734 937 ἀποστείλαν-

944 963 994 986 τας
1007 956 1055 987 τὰς
1070 955 1117 982 τοῦ
1138 955 1257 991 μεγάλου
1281 955 1377 987 δουκὸς
1400 956 1438 988 ὡς
1467 955 1615 991 πολεμίους
1650 963 1736 981 κατα-

945 1061 995 1081 nos
1026 1054 1176 1081 vertendis.
1199 1054 1262 1082 Htec
1286 1055 1354 1083 satis
1378 1059 1507 1084 c0nstare
1533 1063 1566 1083 ex
1596 1064 1629 1083 eo
1647 1055 1733 1090 quod,

943 1104 1045 1134 przrter
1063 1100 1144 1128 tundo
1171 1101 1198 1128 itt
1222 1106 1316 1135 portus
1343 1102 1450 1137 itnperii
1467 1102 1607 1137 appulsam
1625 1102 1734 1136 iujussu

943 1146 1060 1173 classem
1094 1146 1269 1181 Mpyrigerii,
1295 1148 1341 1174 alii
1367 1149 1463 1175 eodem
1492 1149 1647 1183 navigaturi
1674 1157 1735 1176 sese

943 1201 1042 1228 parare
1067 1194 1231 1221 nuntientur
1246 1213 1253 1226 ,
1279 1202 1375 1223 rursus
1396 1195 1445 1222 hos
1464 1195 1601 1222 secuturis
1619 1199 1646 1223 et
1661 1196 1734 1226 aliis.

943 1247 976 1266 eo
992 1239 1120 1267 videlicet
1137 1241 1241 1275 perfido
1257 1242 1348 1268 animo
1364 1249 1395 1269 ac
1419 1242 1553 1269 scelerata
1573 1249 1632 1275 spe,
1650 1246 1678 1268 ιιι
1695 1247 1735 1269 ιοι.

944 1286 1027 1313 semel
1053 1286 1263 1314 insidiatoribus
1291 1287 1469 1315 simulatione
1502 1287 1631 1315 amicitue
1660 1288 1734 1315 intra

944 1337 1038 1358 nostra
1057 1333 1183 1367 praesidia
1207 1333 1318 1360 credule
1338 1333 1477 1365 admissis,
1492 1333 1537 1360 ubi
1555 1333 1654 1361 deinde
1668 1340 1736 1361 con-

941 1378 1043 1412 juratis
1068 1386 1160 1405 seettm
1179 1379 1205 1405 in
1231 1387 1283 1406 nos
1301 1380 1389 1414 palam
1423 1379 1593 1406 irruentibus
1622 1379 1673 1413 ipsi
1701 1386 1733 1406 ex

944 1428 1091 1457 compacto
1111 1425 1313 1460 conspirantes,
1336 1425 1540 1456 rebellaverint,
1556 1433 1635 1460 pares
1651 1425 1734 1453 simul

943 1472 1068 1498 extentis
1085 1472 1320 1505 oppugnatoribus
1337 1471 1508 1506 internisque
1539 1471 1729 1506 perduellibus

102 1513 171 1548 ipsis
204 1515 331 1543 benevoli
357 1521 384 1544 et
405 1518 557 1552 prudentes
589 1521 770 1548 aestimatores
800 1529 890 1549 rerum
906 1521 927 1550 ϐ
945 1526 998 1545 una
1028 1519 1197 1546 sustinendis
1223 1526 1255 1545 ac
1271 1519 1435 1553 repellendis
1463 1526 1524 1546 esse
1553 1526 1732 1552 nequeamus.

103 1560 189 1594 signis
204 1568 292 1596 prope
313 1562 467 1591 manifestis
491 1564 613 1592 eminere
636 1566 893 1599 deprehendissent.

103 1606 152 1634 His
171 1607 211 1634 illi
231 1608 273 1635 sic
296 1609 455 1644 compertis.
473 1619 575 1638 moram
593 1612 697 1639 fu‘ciunt
722 1614 822 1640 nullam
840 1614 894 1640 im-

103 1655 244 1688 peratoris
271 1655 303 1683 de
326 1664 356 1683 re
372 1660 427 1684 tota
446 1657 593 1691 edocendi,
611 1668 829 1696 rnagnopereque
847 1662 896 1688 ad-

103 1698 236 1727 hortandi
264 1704 294 1727 ut
318 1707 423 1736 partem
442 1711 502 1738 qua:
530 1704 582 1738 ipsi
603 1712 771 1740 competeret
793 1707 893 1742 negotii

102 1750 277 1781 capesseret.
308 1755 380 1779 sese.
403 1757 473 1783 quos
501 1750 563 1778 alibi
592 1756 682 1784 natos,
705 1752 822 1788 benigno
838 1754 894 1781 illic

102 1798 236 1828 exceptos
255 1794 376 1829 hospitio
399 1804 484 1831 prope
510 1805 625 1825 numero
656 1798 756 1826 civium
781 1799 895 1827 haberet

102 1840 268 1875 inquilinos,
287 1841 438 1876 liberisque
458 1843 581 1878 ipsorum
600 1845 627 1871 in
642 1845 702 1879 ejus
716 1845 773 1879 jam
790 1846 895 1874 ditione

102 1887 229 1914 etlucatis
238 1892 266 1915 et
274 1888 386 1921 adullis,
397 1890 527 1917 conCordi
541 1892 680 1924 proposito
690 1893 794 1927 paratis
805 1893 894 1920 nullas

102 1939 197 1967 partes
209 1935 372 1968 explorandi
392 1938 626 1972 propulsandique
639 1939 758 1966 insultus
774 1940 893 1967 hostium

103 1981 246 2013 omittere,
263 1981 330 2016 quin
348 1988 374 2009 et
401 1984 618 2018 promptissitnis
632 1992 681 2018 pro
696 1985 747 2013 fide
758 1986 896 2013 societatis

104 2028 138 2054 ad
148 2036 258 2056 omnem
270 2036 442 2064 qurecunque
454 2031 535 2058 instet
550 2031 576 2058 in
589 2039 670 2059 causa
678 2032 784 2067 publica
797 2033 894 2060 tuenda

104 2074 323 2102 dimicationem.
337 2074 441 2104 Instare
454 2081 543 2104 autem
557 2082 689 2112 quantum
706 2086 758 2105 non
779 2079 896 2106 obscure

103 2125 268 2155 appareret.
284 2122 440 2154 maximam.
456 2130 543 2157 eoque
559 2123 801 2152 formidabiliorem
822 2125 894 2159 quod

103 2167 281 2201 proditorutn
306 2168 377 2203 apud
400 2176 450 2196 nos
467 2177 515 2203 pro
535 2170 601 2204 ipsis
617 2171 800 2205 satageutium
830 2179 894 2198 con—

104 2213 222 2240 scientia
249 2213 311 2241 freti
336 2215 442 2242 externi
469 2216 583 2248 ltostes,
613 2215 766 2244 faciliorem
783 2217 834 2245 sibi
860 2217 894 2245 de

106 2261 190 2288 nobis
218 2260 357 2296 spondent
384 2262 541 2290 victoriam.
560 2272 569 2288 ι
592 2262 707 2298 Nempe,
734 2263 892 2296 addebant,

107 2307 150 2335 isti
166 2315 238 2342 quos
253 2315 285 2336 ex
303 2307 397 2335 Sicilia
419 2308 568 2343 profectos,
581 2309 704 2341 domine,
721 2313 798 2337 tanto
816 2318 893 2337 sum-

109 2360 155 2389 ptu
182 2354 234 2381 alis
260 2355 344 2382 ductu
366 2355 514 2383 militantes
539 2356 616 2383 ducis
644 2356 733 2391 magni
759 2356 892 2388 Calelani,

107 2401 211 2435 quique
237 2409 267 2428 se
285 2401 318 2428 de
345 2408 414 2428 novo
429 2401 497 2436 ipsis
519 2401 681 2437 adjungunt,
698 2411 798 2430 arcano
818 2410 894 2429 coru-

110 2449 222 2474 missum
239 2454 300 2473 cum
317 2447 394 2473 hoste
411 2446 502 2473 fovent
516 2449 722 2480 commercium,
735 2448 818 2484 490
833 2453 893 2476 slu-

109 2492 184 2520 diose
208 2492 274 2519 hinc
292 2493 443 2519 indicantes
467 2501 527 2528 qua:
548 2498 689 2528 geruntur,
715 2498 741 2521 et
766 2495 829 2522 inde
854 2495 895 2522 vi-

110 2539 200 2567 cissim
227 2539 261 2566 de
283 2538 412 2566 otnnibus
435 2539 577 2571 admoniti,
596 2544 677 2575 prout
697 2548 767 2574 opus
781 2546 895 2569 censent

109 2585 141 2611 ad
157 2593 207 2613 sua
226 2585 330 2612 nefaria
353 2585 469 2612 consilia
488 2585 514 2612 in
534 2593 680 2614 commune
695 2591 819 2614 nostrum
836 2588 896 2615 exi-

109 2632 174 2658 tium
196 2631 342 2666 patranda.
361 2631 538 2660 Constituunt
552 2633 623 2660 enim
640 2633 681 2660 sic
698 2633 812 2661 invicem
827 2638 896 2662 tem-

109 2686 172 2713 pora
205 2685 269 2705 cum
293 2683 394 2706 euerte
422 2679 574 2707 incursioni
604 2679 800 2707 foederatorum
826 2681 895 2715 ipsis

108 2730 264 2752 nostrorum
292 2725 423 2757 hostium,
441 2729 496 2752 tttm
516 2733 571 2753 suae
594 2726 718 2760 ipsarum
740 2726 890 2760 proditioni

106 2777 260 2806 opportuna
274 2791 281 2802 ,
298 2771 468 2804 pollicentes,
486 2771 567 2799 simul
584 2772 621 2799 illi
642 2772 695 2798 huc
710 2772 816 2799 advecti
835 2780 892 2800 rem

107 2825 200 2848 gerere
229 2817 383 2850 cmperint,
402 2825 451 2851 pro
474 2817 547 2845 virili
579 2822 606 2844 et
634 2818 710 2852 ipsos
730 2818 890 2849 annisnros.

108 2864 179 2890 latr:
205 2862 330 2897 obsequii
346 2863 454 2890 tandem
472 2862 594 2890 exucnda
610 2869 636 2890 ct
653 2861 737 2888 armis
758 2862 846 2896 palam
864 2862 890 2889 in

945 1564 984 1592 En
1003 1569 1106 1597 quanto
1123 1565 1161 1592 rei
1185 1572 1299 1592 summa:
1316 1565 1436 1599 pericttlo
1456 1565 1515 1592 istis
1534 1564 1647 1599 ignotis,
1664 1565 1734 1592 anti—

945 1619 991 1638 cos
1005 1619 1035 1638 se
1050 1612 1131 1639 verbo
1142 1616 1169 1639 et
1183 1612 1277 1645 specie
1293 1611 1453 1644 ferentibus,
1472 1611 1574 1638 aditum
1593 1611 1625 1638 ad
1641 1616 1734 1639 nostra

945 1658 1043 1685 intima
1062 1659 1227 1693 paudamus.
1242 1657 1328 1685 Nobis
1341 1658 1413 1685 enim
1432 1661 1603 1692 compertum
1622 1662 1735 1693 praeter-

944 1712 975 1733 ea
999 1711 1040 1732 est
1061 1706 1133 1740 regis
1154 1705 1337 1733 Tlteuderichi
1353 1705 1465 1732 fratrem
1479 1705 1591 1731 nothutn
1607 1711 1670 1731 cum
1688 1711 1736 1731 na-

944 1751 1025 1779 vibus
1041 1751 1187 1779 duodecim
1209 1751 1267 1778 vela
1281 1751 1336 1787 jam
1354 1751 1452 1779 fecisse
1467 1751 1500 1778 ad
1517 1756 1611 1779 nostra
1627 1752 1734 1785 littora,

948 1806 1002 1833 quo
1030 1798 1136 1825 scilicet
1167 1798 1251 1825 sociis
1268 1798 1324 1831 jam
1338 1796 1391 1824 huc
1407 1797 1530 1832 appulsis
1548 1805 1577 1825 se
1592 1798 1734 1833 adiungat,

945 1845 1172 1872 dissimulaturus
1198 1843 1344 1871 consiliutn
1373 1844 1547 1879 oppugnandi
1564 1852 1626 1876 nos,
1645 1845 1735 1880 quoad

945 1891 1007 1918 aliis
1026 1898 1138 1925 quoque
1163 1898 1276 1917 suorum
1307 1889 1365 1924 pari
1391 1895 1484 1917 nostra
1519 1890 1651 1918 facilitate
1674 1898 1737 1925 per-

946 1936 1039 1963 missis
1056 1935 1080 1962 ei
1103 1943 1132 1962 se
1150 1942 1296 1970 aggregare
1312 1942 1418 1962 summa
1442 1934 1498 1969 jam
1519 1935 1569 1969 ipsi
1596 1939 1651 1962 tota
1667 1943 1736 1962 con-

946 1986 1000 2009 stet
1018 1981 1216 2008 deslinatarum
1245 1980 1325 2007 nobis
1349 1979 1531 2015 subjugandis
1546 1980 1698 2015 copiarum.
1722 1990 1731 2007 ι

948 2028 995 2056 llis
1017 2028 1057 2055 sic
1080 2027 1212 2062 expositis
1230 2034 1396 2061 magnopere
1420 2026 1518 2053 deinde
1537 2027 1735 2054 incumbebant

947 2076 980 2104 ad
998 2074 1170 2102 suadendttm
1199 2073 1358 2108 imperatori
1383 2078 1412 2100 ut
1433 2073 1500 2100 nihil
1524 2078 1657 2100 cunctatis
1679 2074 1735 2100 dis-

947 2123 1115 2151 simulansve
1131 2121 1248 2155 amplius
1265 2120 1352 2154 palam
1367 2119 1434 2154 ipsis
1449 2120 1590 2154 cooperari
1608 2118 1735 2146 Genuen—

948 2170 1024 2196 sibus
1046 2168 1138 2201 vellet,
1155 2167 1301 2195 Catelanos
1318 2166 1364 2201 qui
1382 2166 1416 2194 ad
1443 2174 1555 2193 manum
1577 2170 1653 2193 crant
1674 2173 1736 2200 pro-

949 2216 1023 2243 tinus
1042 2214 1145 2250 paratis
1165 2213 1237 2241 bello
1258 2213 1367 2248 aggredi
1383 2212 1566 2247 iuvadereque
1586 2213 1736 2247 imparatos

948 2262 1038 2290 adhuc
1059 2261 1174 2296 ideoque
1193 2260 1310 2288 subactu
1327 2259 1475 2287 faciliores.
1492 2260 1576 2287 Posse
1592 2259 1647 2294 jam
1663 2266 1736 2286 nunc

949 2317 978 2336 se
1001 2316 1108 2335 armare
1135 2314 1219 2335 naves
1243 2306 1452 2342 quinquaginta.
1481 2306 1578 2334 Parem
1602 2307 1666 2334 huic
1686 2314 1736 2333 lltt-

949 2363 1054 2383 merum
1077 2362 1110 2381 ne
1134 2358 1295 2389 gravaretur
1318 2353 1446 2380 conferre
1464 2353 1629 2387 imperator;
1648 2356 1694 2378 aut
1711 2351 1734 2378 si

949 2400 1091 2435 expeditas
1114 2404 1154 2426 tot
1178 2407 1234 2426 non
1258 2399 1362 2430 habet,
1387 2398 1533 2433 pecuniam
1563 2397 1735 2424 instruendis

950 2447 984 2473 iis
1009 2445 1186 2474 sull‘ecturam
1212 2445 1300 2472 daret.
1326 2444 1373 2471 Vel
1402 2444 1425 2471 si
1457 2451 1508 2471 nec
1536 2444 1562 2470 iu
1590 2448 1735 2470 numerato

950 2492 1054 2520 nummi
1076 2492 1177 2525 forent,
1195 2492 1345 2519 collaturus
1360 2491 1386 2517 in
1402 2494 1573 2518 antecessum
1591 2498 1620 2517 se
1641 2490 1674 2517 de
1685 2497 1736 2517 suo

947 2547 1007 2574 quae.
1026 2538 1167 2572 Augustus
1194 2537 1338 2565 cotnmodo
1364 2537 1416 2563 sibi
1433 2541 1555 2571 tempore
1580 2541 1673 2570 postea
1689 2543 1734 2563 rc-

946 2585 1082 2612 funderet.
1102 2585 1180 2612 llunc
1198 2584 1273 2619 ipsos
1289 2584 1341 2611 sibi
1362 2584 1438 2616 solis,
1459 2583 1541 2610 modo
1560 2585 1600 2610 sic
1623 2582 1734 2617 adjtttis,

946 2633 1019 2659 ultro
1037 2632 1186 2666 deposcere
1218 2630 1339 2657 laborem
1370 2630 1505 2658 liberandi
1536 2628 1675 2656 Romanos
1702 2627 1737 2653 ah

946 2678 1056 2710 injuriis
1084 2684 1152 2712 quas
1176 2677 1279 2704 dudum
1296 2677 1370 2704 diras
1386 2684 1434 2710 per
1460 2674 1601 2703 Orientem
1620 2682 1634 2701 ει
1654 2677 1736 2707 gente

949 2724 1032 2751 inﬁda
1058 2728 1230 2758 paterentur.
1248 2722 1304 2750 lloc
1321 2723 1421 2750 debere
1448 2722 1523 2756 ipsos
1538 2728 1570 2748 eo
1590 2719 1670 2754 ᾔει
1687 2725 1739 2745 uo-

949 2771 1024 2798 mine
1037 2769 1109 2804 quod
1132 2768 1296 2804 qtmsluosis
1314 2776 1362 2803 per
1384 2772 1472 2795 terras
1492 2771 1519 2794 et
1537 2769 1632 2800 portus
1649 2765 1738 2799 impe-

948 2817 982 2843 rii
1005 2815 1183 2843 commetciis
1203 2823 1259 2842 rem
1282 2813 1405 2849 quotidie
1421 2816 1572 2846 augerent:
1592 2809 1638 2836 sed
1654 2809 1694 2836 rel
1711 2807 1738 2836 si

947 2862 1021 2889 nulla
1041 2869 1124 2890 causa
1143 2862 1252 2894 propria
1278 2861 1304 2888 in
1330 2861 1355 2888 id
1375 2859 1592 2892 impellerentur,
1613 2856 1672 2885 solo
1687 2861 1739 2882 re.-
