1957 3066
223 145 276 177 5¹ἶ9

224 205 299 239 σχεῖν
322 213 398 235 vaec,
434 205 482 230 καὶ
503 203 575 230 οὕτω
599 203 844 238 προσαρξαμένους
873 203 907 229 τὰ
927 203 1010 229 λοιπὰ
1026 206 1045 233 Α

224 250 403 285 ξυμπ).ηροῦν
416 251 482 282 ἐκεῖ,
506 249 754 284 προσυπαντῶντας
773 250 820 276 καὶ
844 249 930 285 στόλῳ
947 258 1015 276 παν-

223 298 260 329 τὶ,
273 297 421 332 ἦνφανείη,
433 297 480 323 καὶ
493 296 530 331 μὴ
541 297 642 326 ἐῶντας
655 297 827 332 προσχωρεῖν
836 296 1013 331 προσωτέρω.

225 344 320 371 Ταῦτα
351 343 476 379 βασιλεὺς
505 343 612 370 ἀκούων
639 343 776 377 διηπίστει
797 344 854 373 τοῖς
878 342 1015 373 πλείστοις

227 391 280 418 τῶν
295 390 461 424 λεγομένων.
479 390 526 416 καὶ
540 389 627 415 ταῦτα
645 389 703 424 ἅμα
718 389 768 423 μὲν
785 389 894 422 φθόνον,
916 389 973 423 ἅμα
985 389 1014 414 δὲ

226 437 274 463 καὶ
285 435 387 463 κακίαν
407 435 596 469 συμπράττειν
617 434 667 469 τὴν
681 435 735 461 ἀπὸ
766 435 822 461 τῶν
848 434 1014 461 Γεννουῖτῶν

226 482 391 513 ὑπετόπαζε.
412 481 496 516 Καὶή
515 480 635 515 ἀρχῆθεν
653 480 729 514 σφῶν
756 480 825 515 προς
857 480 903 506 τδν
926 480 1014 514 μέγαν

225 527 310 553 δοῦκα
320 526 466 561 δυσμένεια
482 526 529 552 καὶ
545 527 559 552 ό
581 526 648 561 πρὸς
675 526 756 552 αὐτὸν
774 526 890 560 πόλεμος
915 526 1015 561 πιστὴν

225 576 341 609 παρεῖχε
357 573 405 608 τὴν
425 573 552 608 ὑποψίαν.
572 572 630 600 Οὐκ
645 570 703 599 οἶδα
717 573 746 599 δὲ
770 572 818 598 καὶ
831 573 857 599 εἰ
877 573 907 599 τὸ
935 573 1015 607 κῆδος

227 621 257 646 τὺ
273 620 342 654 πρὸς
365 620 445 646 αὑτὸν
461 619 508 644 καὶ
522 619 551 645 αι
578 618 631 644 τῶν
660 619 750 652 ὄργων
767 618 935 652 ἐμπεδώσεις
965 619 1014 652 τὴν

229 665 372 700 βασιλικὴν
392 665 601 699 κατεμάλαστον
612 664 734 699 γνώμην,
757 664 805 690 καὶ
821 664 852 690 οὑ
876 665 933 695 τοῖς
955 664 1014 690 κατ’

227 711 339 738 ἐκείνων
371 711 481 744 λέγουσι
505 709 680 744 συνεφέρετο,
701 709 796 742 Ὅμως
821 709 934 741 ἐκείνοις
966 709 1016 744 μὲν

228 758 430 793 εὐχαριστήσας
455 757 488 783 τὰ
507 756 622 791 μέγιστα
648 755 685 787 ὥς
704 756 774 790 ὑπὲρ
797 756 851 782 τῶν
872 756 1016 791 Ῥωμαίων

228 805 320 829 πονεῖν
342 802 451 829 δοκοῦσι
473 803 552 837 σιγᾷν
570 801 707 833 ἐκέλευεν,
724 801 804 832 αὐτὸς
824 801 847 828 δ’
861 802 1016 836 ὑπισχνεῖτο

229 848 406 883 βἰυῗεύεσολι
434 848 497 882 περὶ
523 846 626 873 τούτων
656 848 703 873 καὶ
726 846 756 872 τὸ
785 845 864 878 δόξαν
893 848 1016 873 συνοῖσον

229 896 326 921 ποιεῖν.

1029 907 1052 936 Β

229 974 262 1006 ζ’.
281 973 400 1008 Ἀφιξις
421 974 495 1006 πρὸς
516 973 650 1005 ,ϐασιλέα
675 972 727 999 τοῦ
747 972 881 1006 μεγάλου
905 972 1015 1005 δουιιὸς

334 1009 383 1036 καὶ
400 1009 474 1042 ὑπὲρ
489 1008 543 1035 τοῦ
558 1008 760 1042 Μπνριγερίου
773 1009 907 1040 ἀξίωσις.

265 1077 307 1112 [Ρ.
325 1076 389 1113 διν]
410 1077 439 1104 Ὀ
459 1077 594 1112 μέντοιγε
611 1077 697 1112 μέγας
718 1076 779 1110 δοῦξ
799 1077 933 1111 ἀπογνοὺς
961 1077 1016 1103 τῶν

231 1217 326 1247 specta
341 1211 400 1239 initi
421 1211 532 1239 fmderis
548 1216 576 1239 et
590 1211 725 1240 charitate
743 1213 854 1248 hospitii
868 1213 1017 1248 periclitari

233 1267 282 1292 pro
300 1259 391 1286 salute
408 1259 546 1286 sociorum
563 1258 633 1286 velle
656 1258 818 1287 discrimine
840 1267 1017 1294 quocunque,

232 1308 314 1339 atque
340 1305 416 1338 ipsos
446 1304 647 1332 incursantium
679 1305 797 1340 injurias
825 1306 930 1333 ulcisci.
961 1305 1015 1333 Sibi

231 1351 299 1385 quin
317 1351 398 1377 etiam
425 1358 484 1378 esse
511 1350 670 1378 facillimum
698 1352 845 1385 (annucret
866 1351 947 1380 modo
963 1352 1018 1379 An-

231 1397 341 1433 gustus)
371 1398 493 1426 immissa
526 1399 619 1426 statim
647 1399 675 1425 in
703 1406 788 1426 naves
820 1399 899 1427 ducis
927 1398 1018 1433 magni

231 1451 312 1476 quam
331 1448 485 1479 promptam
510 1445 566 1480 jam
592 1446 727 1473 haberent
750 1445 839 1474 classe
856 1453 902 1474 eas
917 1454 1019 1480 capere

232 1489 409 1525 detinereque
435 1495 465 1518 ut
487 1492 603 1519 hostiles
624 1492 674 1519 sub
690 1496 747 1519 tuta
764 1492 901 1524 custodia,
917 1492 1019 1527 talique

232 1536 313 1563 initio
329 1537 427 1564 bellum
445 1537 480 1565 iis
505 1537 610 1566 illatum
636 1543 750 1567 strenue
776 1538 906 1573 deinceps
927 1539 1020 1566 conti-

232 1588 318 1607 nuare
335 1581 529 1615 occurrendoi,
546 1583 750 1618 suheundisqne
768 1590 937 1618 qua-cunque
954 1583 1020 1611 inci-
1036 1585 1057 1614 C.

233 1626 331 1654 derent
346 1627 485 1661 periculis,
502 1628 585 1655 etiam
601 1629 739 1656 navalium
756 1637 818 1656 cum
832 1630 920 1657 classe
937 1629 1019 1657 Cate-

233 1672 295 1700 lana
321 1674 497 1707 praeliorum;
527 1675 660 1709 omnique
684 1675 765 1702 modo
790 1675 958 1712 prohibendo
975 1684 1019 1709 ne,

233 1723 448 1754 quantacunque
488 1719 531 1747 his
559 1720 700 1748 admoveri
730 1721 854 1756 partibus
891 1722 1020 1757 deinceps

234 1766 336 1800 poterit
363 1765 486 1800 potentia
514 1766 605 1800 gentis
632 1766 726 1798 istius,
758 1767 890 1801 proﬁcere
918 1768 1021 1795 nostris

234 1810 343 1838 damnis
360 1817 387 1838 et
401 1819 565 1846 progressus
586 1811 675 1840 facere
696 1813 728 1839 ad
751 1814 957 1848 oppressionem
971 1814 1022 1840 im-

234 1857 305 1892 perii
324 1862 416 1892 queat.
434 1857 497 1886 Haec
516 1858 666 1893 imperator
691 1859 808 1888 audiens
834 1868 903 1887 vana
931 1861 1022 1895 plera-

235 1911 288 1936 que
304 1907 330 1931 et
346 1904 398 1931 ﬁde
411 1904 524 1939 indigna
540 1905 659 1937 censuit,
683 1906 781 1940 partim
800 1905 901 1933 invidia
919 1907 1019 1941 partim

235 1949 334 1978 fraude
350 1954 499 1984 astutoque
522 1951 640 1979 artiﬁcio
655 1952 772 1986 conﬁngi
798 1960 814 1980 a
829 1953 1023 1980 Genuensibus

235 1997 300 2023 talia
330 2000 504 2031 suspectans.
523 1996 662 2025 Prmbebat
690 1998 714 2025 ei
748 1998 955 2027 fundamentum
983 2000 1023 2028 sic

235 2041 366 2076 opinandi
391 2041 530 2069 declarata
548 2042 652 2070 dudum
670 2051 764 2071 eorum
785 2044 977 2072 malevolentia
995 2045 1022 2072 in

236 2095 364 2123 magnum
382 2089 493 2121 ducem,
510 2089 567 2123 jam
587 2094 644 2116 tum
659 2090 772 2124 quando
784 2090 873 2125 ipsum
889 2091 1024 2119 Constan—

237 2134 351 2166 Iinnpoli
379 2133 566 2168 egredientem
595 2134 653 2161 rixa
679 2139 794 2162 cruenta
826 2139 891 2161 sunt
920 2135 1023 2163 adorti.

238 2176 313 2203 llaud
329 2177 386 2205 scio
402 2178 485 2205 ctiam
504 2186 538 2206 an
556 2186 608 2206 non
628 2179 743 2206 multum
763 2179 881 2206 valuerit
903 2179 936 2206 ad
953 2180 1025 2206 miti-

237 2222 355 2255 gandum
385 2223 448 2250 duci
474 2231 572 2259 magno
595 2224 770 2259 imperatoris
795 2224 936 2255 animum,
964 2233 1025 2259 pra-

237 2275 341 2302 rasque
365 2268 399 2296 de
426 2270 474 2296 illo
495 2270 669 2304 suspiciones
684 2270 858 2302 avertendas,
879 2271 1023 2298 conscien-
1039 2262 1061 2289 ί)

238 2316 274 2342 lia
303 2319 356 2341 tam
380 2315 611 2348 artsaﬁinitatis,
637 2323 689 2350 qtta
702 2317 753 2344 sibi
769 2324 829 2343 cum
848 2317 1021 2350 admoverat,

237 2365 265 2386 et
284 2361 439 2387 reverentia
464 2365 557 2388 sancto
576 2361 656 2395 iurati
679 2369 740 2387 cum
755 2369 788 2388 eo
807 2361 852 2388 tali
877 2361 1024 2390 occasione

240 2406 361 2432 fmdcris.
389 2405 438 2433 llis
464 2407 629 2434 crediderim
653 2407 780 2441 equidem
810 2407 938 2442 obseptas
969 2408 1024 2435 Au-

239 2452 311 2485 gusti
328 2459 409 2478 aures
426 2451 578 2485 quamlibet
607 2452 804 2480 verisimililms
831 2453 858 2480 in
877 2458 930 2480 tam
953 2461 1023 2489 prse-

238 2497 367 2531 judirala:
381 2498 473 2532 gratia:
490 2499 577 2524 virum
603 2497 710 2524 delatis-
723 2498 888 2525 criminibus
913 2500 1025 2527 minime

239 2543 373 2577 patuisse.
387 2543 582 2570 Gennensihns
600 2549 691 2570 tamen
710 2544 780 2571 idem
802 2545 948 2572 declarata!
964 2545 1024 2573 ﬁdei

240 2597 273 2615 ac
291 2589 488 2617 benevolentia:
517 2589 545 2616 in
573 2594 627 2616 tam
654 2589 774 2617 olﬁciose
796 2591 967 2618 consulendo
984 2592 1022 2620 rei

240 2634 371 2662 Romanae
388 2635 490 2670 gratias
507 2636 560 2670 egit
576 2636 721 2667 maximas,
738 2637 863 2664 hortatus
879 2638 912 2665 de
927 2644 1025 2666 caetero

208 2708 214 2714 ,
242 2686 271 2708 ut
297 2681 324 2708 in
339 2688 441 2708 arcano
461 2689 521 2714 uiue
537 2681 725 2710 indicaverant
743 2683 851 2711 interim
868 2684 1001 2711 haberent
1016 2693 1023 2712 :

243 2735 273 2755 se
286 2728 361 2754 enim
376 2727 515 2762 impertita
533 2729 630 2755 notitia
646 2737 760 2756 usurum
776 2730 846 2756 haud
862 2731 981 2764 segniter
997 2731 1024 2758 in

242 2778 402 2809 pontorum,
434 2774 600 2809 invigilando
634 2780 712 2810 prout
754 2785 799 2812 par
836 2781 908 2804 csswt
945 2777 1026 2804 saluti

242 2822 373 2855 publira‘,
411 2828 435 2850 ct
474 2831 533 2858 que
583 2823 636 2850 huc
676 2823 861 2852 (‘Oltdllt‘t‘l't'l‘l

244 2869 358 2899 'zgcndu.

911 2827 1025 2860 impigre

844 145 1004 175 GEORGII
1019 146 1261 176 PACHYMER/E

1805 146 1863 177 540

1062 203 1199 230 τοσούτων
1209 203 1360 238 χρημάτων
1383 200 1422 230 ὧν
1442 202 1517 238 παρὰ
1547 202 1682 237 βασιλέως
1707 202 1864 237 λαμϐάνειν

1067 250 1182 286 ἡλπιζεν
1201 251 1251 284 (εἰς
1263 250 1317 285 γὰρ
1330 242 1683 284 τριακοσίων-νομισμάτων
1700 249 1863 284 χιλιοστύες

1065 296 1096 322 τὸ
1110 297 1164 323 πᾶν
1187 295 1318 322 ὲποσοῦτο
1336 295 1386 330 τῆς
1403 295 1589 329 ἀπαιτήσεως)
1607 294 1650 321 ἐπ’
1669 295 1771 328 ὀλίγοις
1797 295 1863 321 ἵστα

1064 344 1114 373 τὰς
1126 342 1224 374 δόσεις,
1239 342 1284 368 τὸν
1297 341 1379 376 θροῦν
1390 341 1582 368 καταστέλλειν
1593 341 1648 367 τῶν
1671 341 1779 368 Ἰταλῶν
1792 341 1862 367 ὑπι-

1067 387 1243 423 σχνούμενος,
1259 388 1304 414 ναὶ
1320 388 1373 423 μὴν
1394 388 1440 414 καί
1457 397 1532 419 τινας
1550 388 1579 420 ὲξ
1596 388 1685 414 αὐτῶν
1711 387 1863 415 ἱκανωθέν-

1066 442 1115 465 τας
1133 434 1239 468 μισθοῖς
1256 434 1307 468 τῆς
1317 434 1385 468 πρὸς
1403 434 1514 469 βασιλέα
1524 433 1634 469 Μιχαὴλ
1652 434 1772 469 ἅψασθαι
1790 431 1874 467 συμ-’

1068 481 1252 515 μαχήσοντας,
1268 480 1300 506 Εἰ
1314 480 1336 506 δ’
1355 478 1412 513 οὖν,
1439 480 1497 506 ἀλλ’
1522 480 1604 507 αὑτὸν
1633 480 1682 515 μὲν
1705 481 1751 506 καὶ
1779 479 1861 511 αὖθις

1066 527 1219 562 ἁντιπερᾷν
1235 527 1297 553 κατ’
1312 527 1520 562 ἀνατολὴν,,τδν
1537 526 1628 562 μέντοι
1654 535 1686 560 γε
1713 526 1865 561 Μπυριγέ-

1068 582 1124 608 ριον
1136 573 1266 605 Τέντζαν,
1278 573 1316 604 ὡς
1329 574 1376 599 καὶ
1389 573 1469 599 αὐτὴν
1494 572 1571 606 ἄξιον
1594 572 1625 599 ὃν
1661 572 1863 608 προσδέχεσθαι

1066 621 1118 646 uno
1133 619 1273 654 μεγίστοις
1291 621 1347 652 τοῖς
1362 619 1506 654 ὲλπισμοϊς
1523 619 1770 654 προσχωρήσαντα,
1791 627 1864 653 συμ-

1067 667 1159 692 πεῖσαι
1173 664 1376 700 παραγενέσθαι
1392 665 1471 700 μόνον
1486 665 1532 691 ὑπ’
1551 664 1686 698 ἀσφαλείᾳ
1710 666 1743 700 τῇ
1773 673 1863 698 προσ-

1066 712 1181 747 ηκούσῃ,
1206 712 1254 738 καὶ
1273 712 1330 742 τοῖς
1352 711 1399 738 ἀπ’
1429 711 1511 738 αὐτοῦ
1525 710 1733 746 χρυσοῦούλλοις
1761 710 1863 746 σχόντα

1066 759 1113 785 τοῦ
1132 759 1250 793 Οάρῤους
1263 757 1293 785 τὸ
1311 758 1411 784 ἱκανόν.
1431 758 1561 791 Ἐτοιμον
1577 757 1599 783 δ’
1612 755 1682 783 εἶναι
1703 756 1798 783 τοῦτον
1813 758 1863 782 καὶ

1068 804 1259 840 μισθοφοριαις
1277 803 1443 830 ἱκανωθέντσι
1462 803 1502 838 τῷ
1518 803 1575 838 ἰδίῳ
1594 804 1701 837 σύναμα
1724 803 1780 838 λαῷ
1810 803 1862 837 τὴν

1068 849 1136 884 πρὸς
1151 849 1196 875 τὸν
1208 848 1267 875 νέον
1280 849 1393 884 βασιλέα
1414 848 1582 884 πορευθῆναι
1601 848 1725 883 σφοδρῶς
1756 848 1862 883 ἰσχυρί-

1067 894 1137 924 ζετο.
1151 894 1244 921 Ταῦτα
1258 894 1346 928 λέγων
1362 895 1409 921 καὶ
1429 894 1540 920 πλείονα
1563 894 1638 928 αἱρεῖ
1662 893 1712 928 τὴν
1745 894 1862 927 γνώμην

1067 941 1167 967 αὐτίκα
1181 941 1227 967 τοῦ
1242 940 1385 975 βασιλέως.
1401 941 1456 967 Καὶ
1469 940 1527 974 ἅμα
1543 941 1610 975 πρδς
1627 940 1676 974 μὲν
1705 939 1750 965 τὸν
1776 941 1861 966 Μιτυ-

1069 987 1189 1022 ριγέριον
1203 988 1308 1018 πίστεις
1323 986 1542 1021 “musa-mem
1563 986 1758 1021 σχεδτάξονται,
1779 986 1862 1018 αὑτὺς

1066 1033 1093 1060 δὲ
1111 1034 1144 1060 τὰ
1157 1034 1242 1060 πολλὰ
1258 1035 1308 1067 μὲν
1326 1034 1372 1060 καὶ
1387 1034 1433 1067 ἀφ’
1458 1033 1558 1060 ἑαυτοῦ
1586 1033 1625 1067 τῷ
1650 1030 1759 1067 μεγάλῳ
1783 1032 1861 1058 δοιαὶ

1068 1079 1248 1115 προσνείμας,
1275 1080 1308 1106 τὰ
1330 1079 1443 1106 πλεῖστα
1474 1079 1501 1106 δὲ
1527 1079 1573 1106 καὶ
1588 1079 1686 1105 ἐκτῶν
1713 1078 1758 1104 τὸν
1786 1079 1861 1104 σῖτον

1070 1213 1098 1241 7.
1130 1213 1258 1240 Accessit:
1286 1212 1320 1239 ad
1347 1213 1531 1247 imperatorem
1560 1211 1634 1238 ducis
1658 1211 1747 1246 magni
1759 1216 1783 1237 et
1811 1218 1863 1244 pro

1320 1247 1482 1282 Mpyrigrrio
1509 1247 1610 1282 petilio.

1107 1305 1141 1332 At
1159 1312 1274 1340 magnus
1299 1305 1354 1332 dux
1379 1304 1536 1339 intelligens
1559 1303 1860 1342 oﬁ‘ensum‘imperalo-

1070 1359 1127 1379 rem
1145 1355 1228 1378 tanta:
1245 1351 1271 1377 in
1289 1350 1425 1384 stipendia
1452 1350 1582 1385 petitione
1600 1350 1733 1384 pecuniae,
1757 1349 1858 1382 despe-

1071 1406 1192 1432 ransque
1208 1402 1331 1424 trecenta
1348 1404 1522 1424 nummorum
1541 1397 1625 1423 millia
1638 1397 1760 1431 (totidem
1776 1395 1859 1432 5,92

1071 1444 1144 1472 enim
1164 1444 1360 1479 postulaverat)
1379 1443 1414 1470 ab
1438 1451 1472 1471 eo
1497 1451 1577 1477 posse
1593 1451 1712 1477 unquam
1728 1443 1858 1477 exprimi,

1071 1499 1102 1518 ea
1131 1492 1158 1518 in
1187 1492 1268 1526 longe
1298 1491 1432 1517 minorem
1461 1491 1599 1518 contraxit
1621 1497 1768 1521 summam,
1786 1490 1860 1516 inse

1071 1539 1207 1573 recipiens
1232 1537 1361 1565 donativo
1380 1545 1434 1564 non
1455 1545 1555 1571 magno
1569 1557 1576 1568 ,
1595 1545 1646 1564 nec
1669 1544 1740 1571 aegre
1757 1537 1791 1563 ab
1805 1537 1860 1563 im-

1075 1591 1199 1620 peratore
1223 1592 1272 1618 pro
1291 1584 1368 1618 copia
1387 1583 1514 1618 praesenti
1539 1583 1720 1615 numerando,
1734 1590 1794 1610 sese
1809 1590 1858 1617 pa-

1073 1623 1209 1657 caturum.
1232 1629 1393 1656 Latinorum
1424 1636 1548 1655 murmur
1563 1634 1590 1655 et
1612 1628 1710 1654 horum
1735 1628 1759 1655 ei
1780 1628 1860 1663 plene

1074 1676 1315 1704 reconciliaturum
1343 1675 1509 1702 voluntates.
1541 1673 1682 1701 Nuntiavit
1702 1675 1785 1701 ctiam
1803 1674 1859 1708 jam

1073 1723 1208 1758 quosdam
1223 1730 1255 1749 ex
1275 1721 1318 1754 iis,
1336 1728 1415 1756 prout
1442 1721 1594 1756 imperator
1616 1728 1645 1747 se
1662 1720 1731 1747 velle
1754 1720 1861 1754 signiﬁ-

1074 1775 1185 1802 casset,
1214 1776 1229 1796 a
1251 1776 1280 1796 se
1309 1768 1439 1796 mercede
1461 1768 1613 1795 instrictus
1641 1767 1737 1794 idonea
1765 1775 1862 1795 versus

1074 1815 1248 1850 imperatoris
1269 1814 1412 1842 Michaelis
1434 1818 1537 1846 castra,
1553 1813 1613 1848 ejus
1635 1813 1767 1848 auspiciis
1791 1813 1861 1840 mili-

1076 1867 1190 1893 laturos,
1209 1861 1262 1889 iter
1276 1862 1439 1896 arripuisse.
1458 1861 1493 1888 So
1509 1869 1573 1888 vero
1587 1865 1712 1895 paratum
1729 1860 1862 1892 ostendit,

1075 1907 1147 1943 quod
1166 1907 1191 1934 id
1207 1908 1289 1934 etiam
1308 1907 1360 1934 sibi
1386 1915 1449 1934 esse
1477 1906 1553 1934 cordi
1576 1906 1747 1934 declarasset
1770 1906 1864 1940 Augu-

1075 1958 1145 1985 stus,
1173 1961 1235 1980 cum
1266 1953 1380 1987 reliquis
1408 1953 1435 1980 in
1454 1951 1622 1980 Orientalem
1652 1952 1742 1979 redire
1771 1952 1865 1978 conti-

1077 2004 1199 2026 nentem.
1223 1998 1418 2033 Mpyrigerium
1446 1997 1578 2025 Tentzam
1611 1998 1683 2032 quod
1715 1998 1864 2030 attineret,

1077 2054 1130 2073 non
1147 2045 1232 2072 videri
1251 2045 1476 2072 committendum
1497 2050 1527 2072 ut
1549 2044 1591 2072 vir
1607 2050 1699 2072 tantus
1725 2050 1779 2071 tam
1807 2053 1867 2072 ma-

1077 2092 1137 2128 gnis
1154 2092 1286 2126 appulsns
1304 2092 1403 2126 spebus
1421 2092 1517 2118 irritus
1543 2092 1744 2119 remitteretur.
1765 2091 1865 2119 Videre

1077 2138 1174 2166 saltem
1202 2137 1354 2165 sustineret
1393 2137 1533 2164 hominem
1567 2137 1707 2173 Augustus
1739 2142 1864 2172 paratum

1077 2184 1138 2218 ejus
1156 2183 1293 2218 maiestati
1321 2191 1351 2210 se
1376 2184 1485 2215 sistere,
1505 2183 1527 2211 si
1554 2183 1698 2218 praemissa
1714 2183 1865 2211 securitate

1079 2230 1112 2258 ad
1143 2229 1169 2256 id
1186 2229 1284 2257 idonea
1302 2235 1423 2261 vocetur,
1450 2229 1502 2256 hoc
1525 2234 1567 2257 est
1590 2229 1613 2257 si
1630 2228 1692 2256 dato
1713 2229 1741 2256 in
1764 2237 1866 2257 manus

1076 2276 1127 2311 ipsi
1155 2275 1306 2311 diplomate
1332 2275 1507 2310 imperatoris
1538 2283 1621 2303 aurea
1640 2275 1761 2302 'munito
1791 2275 1865 2303 bulla

1077 2322 1156 2357 plena
1180 2322 1231 2356 ipsi
1257 2321 1355 2348 ﬁducia
1372 2322 1514 2356 contingat
1533 2321 1693 2349 honorilicze
1716 2321 1866 2348 admissio-

1077 2366 1120 2393 nis
1144 2370 1170 2393 et
1193 2366 1242 2393 tuti
1271 2371 1331 2400 post
1360 2366 1529 2400 colloquium
1555 2372 1692 2400 receptus.
1713 2366 1802 2400 Atque
1820 2366 1866 2393 hic

1077 2413 1253 2440 Vehementer
1269 2413 1445 2447 asseverabat
1467 2412 1672 2446 paratissimum
1701 2412 1773 2439 hunc
1791 2419 1864 2441 esse.

1075 2457 1166 2484 ductis
1180 2465 1272 2484 secum
1286 2456 1423 2484 universis
1440 2457 1541 2492 quibus
1558 2461 1675 2491 prmerat
1692 2456 1793 2491 copiis,
1811 2456 1867 2484 sub

1072 2503 1191 2537 junioris
1216 2502 1330 2536 Augusti
1346 2503 1423 2536 signa
1445 2501 1594 2537 proﬁcisci,
1614 2510 1670 2529 rem
1697 2501 1757 2535 ejus
1780 2501 1866 2527 ductu

1075 2553 1188 2576 strenue
1211 2553 1364 2582 gesturum.
1396 2547 1459 2575 Haec
1483 2553 1510 2575 ct
1530 2549 1608 2581 plura
1627 2547 1783 2574 iSti-ismodi
1810 2547 1866 2573 dux

1075 2603 1192 2628 magnus
1219 2602 1373 2621 memorans
1390 2594 1534 2621 assensum
1557 2595 1678 2621 in‘suam
1699 2594 1866 2621 sententiam

1074 2640 1168 2667 statim
1200 2640 1292 2674 rapuit
1312 2640 1442 2674 Augusti.
1472 2639 1584 2667 Littera:
1610 2640 1695 2674 igitur
1718 2647 1801 2666 aurea
1824 2639 1868 2666 in-

1081 2686 1174 2720 signes
1198 2685 1290 2717 bulla,
1318 2685 1419 2719 quibus
1440 2685 1506 2712 ﬁdes
1535 2685 1611 2712 ﬁeret
1640 2685 1718 2711 liberi
1736 2691 1868 2712 accessus

1081 2731 1228 2765 securique
1251 2739 1390 2762 recessus,
1411 2731 1575 2767 Mpyrigcrio
1596 2732 1790 2766 expediuntur.
1808 2730 1868 2764 Ipse

1082 2781 1171 2804 autent
1197 2777 1337 2812 Augustus
1362 2778 1455 2805 multis
1473 2783 1634 2811 prrosentt-m
1660 2784 1789 2812 magnum
1816 2777 1867 2802 du-

1083 2831 1141 2849 cem
1163 2823 1286 2850 donariis
1307 2824 1463 2856 cumulatis,
1489 2824 1647 2858 pleramque
1672 2823 1784 2858 insuper
1804 2830 1867 2855 par-

1087 2876 1138 2895 tt'lIt
1153 2870 1290 2903 vectigalis
1302 2870 1472 2897 frumentarii
1492 2870 1579 2898 cidem
1599 2870 1771 2905 postmodum
1787 2877 1866 2896 litan-
