1957 3066
117 111 174 145 541

583 118 632 150 DE
652 119 876 151 ANDRONICO
894 121 1131 153 PALJEOLOGO
1152 124 1224 155 LIB.
1254 123 1305 154 VI.

1700 124 1752 156 542

119 172 298 205 συναγόντων
311 174 444 208 κελεύσας
459 175 613 211 ἀναλαϐεῖν,
632 179 702 214 μετὰ
719 180 808 216 πάσης
828 181 911 215 εὐμε-
926 182 948 211 Α
964 181 1129 216 προστάσσει
1144 183 1285 218 πράττειν.
1304 183 1351 209 Ἐκ
1367 182 1470 210 τούτων
1493 182 1559 217 γοῦν
1579 185 1627 210 καὶ
1652 183 1690 218 τῷ
1708 192 1751 218 με·

118 219 198 250 νεὶας
213 220 366 255 ἐκπέμπει.

117 282 159 312 η’.
174 279 261 306 Attia
274 279 330 314 τῆς
339 281 392 308 τοῦ
406 282 578 316 σιτοκρίθου
595 283 775 318 συναγωγῆς
792 283 850 311 ἀπὸ
863 283 914 311 δύ-

110 327 115 331 ’
477 326 564 350 σεως.

158 361 196 386 Τὸ
205 361 234 387 δὲ
249 361 297 388 τοῦ
313 363 548 398 ὲπισυναγομένου
565 366 719 400 σιτοκρίθου
741 367 838 393 τοιόνδ’
865 364 910 402 ἦν.

69 428 76 434 .
119 407 162 433 Τὰ
186 407 236 441 μὲν
251 409 306 443 γὰρ
322 410 370 443 τῆς
386 410 520 445 ἀνατολῆς
537 411 584 438 καὶ
609 411 670 438 λίαν
689 412 856 447 ἐξηπορήθη,
875 412 913 444 ὠς

121 453 209 488 μηδὲν
221 454 293 488 ἔχειν
309 455 434 483 ἐντεῦθεν
447 456 495 491 τὴν
508 457 658 491 βασιλείαν,
685 458 785 492 μᾶλλον
802 458 851 492 μὲν
866 458 912 484 οὖν

120 500 172 526 καὶ
200 500 323 535 ἀνάγκην
344 502 514 536 καταστῆναι
542 503 612 538 ὑπὲρ
638 504 746 538 ἐκείνης
781 504 913 531 ἐκκενοῦν

121 546 269 580 χρήματα.
296 546 368 574 Ἡδὲ
394 548 448 574 τῶν
469 549 633 575 Μακεδόνων
661 550 707 577 καὶ
732 549 808 581 δύσις
837 552 912 577 πᾶσα

122 593 172 618 καὶ
193 592 255 618 λίαν
272 593 433 628 εὐφόρησεν.
450 595 473 621 εί
489 595 536 622 καὶ
553 596 590 630 μὴ
603 595 699 622 εὔωνοι
719 597 860 631 οῑ’καρποὶ
883 596 912 630 ἐξ

121 636 215 663 αὐτῶν
232 637 276 672 [Ρ.
297 638 362 674 διδ]
377 639 488 666 ἁλώνων
499 638 579 675 ἦσαν,
596 640 652 666 ἀλλ’
667 640 704 671 ὡς
713 641 741 667 ὲν
756 641 845 675 καιρῷ
862 649 912 675 με-

121 683 220 716 γίστου
231 684 311 718 λιμοῦ
321 685 333 710 ὁ
343 686 415 716 σῖτος
429 685 652 720 διεπιπράσκετο,
666 687 719 712 τῶν
742 687 802 713 κατ’
817 687 912 713 ἀνατο-

120 727 173 762 λὴν
209 729 278 763 πρὸς
305 729 381 756 δύσιν
407 731 657 766 μετενηνεγμένον).
674 731 757 757 Ταῦτ’
783 731 837 767 ἄρα
864 732 912 758 καὶ

123 774 255 808 βασιλεὺς
273 775 374 810 πόρους
389 777 518 809 ἐπινοῶν,
531 777 612 804 τοῦτο
628 778 679 812 μὲν
693 777 748 804 τῶν
761 778 829 813 πρὸς
848 778 911 810 τοὺς

128 821 252 852 Ἰταλοὺς
269 822 454 855 μισοωμάτων
470 823 651 858 ὑπερηφάνων
672 823 767 855 ὄντων,
789 823 867 850 τοῦτο
882 823 910 849 δὲ

122 865 172 891 καὶ
187 865 242 890 τῶν
255 854 303 892 έᾶτι
321 866 427 900 χρείαις
457 854 790 903 ἂλ).α“ιςμδαπανημάτων,
817 869 846 895 τὸ
865 869 911 902 ἀφ’
928 854 950 884 Β

123 911 244 937 ἑκάστου
257 912 383 946 γεωργοῦ
395 913 530 947 ὀλίγιστον
545 915 584 945 είς
607 915 697 948 μεῖζον
727 914 785 949 ἅμα
808 923 915 949 συμπο-

126 957 192 984 σοῦν
202 958 286 992 ἔγνω,
301 959 349 986 καὶ
373 960 537 992 ἀποστείλας
566 960 612 994 ἀφ’
639 961 696 992 ἑνὸς
724 961 839 987 ἑκάστου
862 961 915 988 τῶν

124 1004 326 1039 γεωργούντων
342 1006 412 1040 ὑπὲρ
429 1007 596 1041 συγκομιδῆς
606 1006 756 1041 ζευγίτιδος
779 1007 854 1034 σίτου
868 1007 917 1042 μὲν

128 1050 240 1085 μοδίους
255 1051 295 1085 ἓξ,
322 1052 421 1088 κριθῆς
441 1053 469 1079 δὲ
497 1053 605 1088 μοδίους
630 1053 765 1089 τέσσαρας
788 1054 918 1085 τοπικοὺς

127 1140 200 1168 dans
226 1141 353 1173 attribui,
370 1141 462 1169 laetum
479 1149 540 1170 eum
563 1150 594 1170 ac
611 1144 666 1171 voti
681 1149 834 1178 compotem
854 1152 916 1171 cum

127 1188 205 1215 omni
231 1188 401 1223 benignitate
423 1189 539 1217 dimisit.

129 1243 157 1270 8.
183 1242 297 1271 Occasio
319 1249 344 1271 et
364 1244 434 1271 ratio
463 1245 556 1272 tributi
568 1246 637 1276 quod
660 1246 858 1274 tritichordeum
880 1251 918 1274 est

467 1281 577 1308 dictum.

166 1325 276 1353 Tributi
291 1333 374 1360 porro
390 1327 534 1354 memorati
551 1327 633 1354 modo
650 1326 834 1360 frumentarii,
845 1328 918 1362 quod

131 1371 216 1406 vulgo
245 1371 422 1406 σιτόκριθον,
445 1373 523 1406 quasi
548 1372 656 1401 diceres
685 1373 895 1401 tritichordeum
910 1395 918 1407 ,

131 1417 297 1453 appellatum
324 1422 382 1449 est,
404 1418 462 1445 haec
487 1418 563 1453 origo
584 1423 666 1453 alque
692 1419 829 1447 institutio
856 1419 919 1447 fuit.

131 1463 245 1491 Vastata
271 1463 479 1491 incursionibus
495 1464 649 1492 barbaricis
670 1466 735 1494 Asia
751 1470 778 1493 et
794 1465 920 1493 Orienta-

131 1509 172 1536 les
201 1513 305 1536 tractus
327 1509 460 1541 universi,
483 1514 598 1537 vacante
631 1510 687 1537 illic
708 1518 836 1546 agrorum
860 1511 919 1538 cul-

131 1559 206 1586 tura,
226 1558 349 1582 extrema
378 1555 467 1582 victus
492 1555 583 1590 inopia
609 1555 690 1591 593
710 1555 914 1590 premebantur.

130 1601 166 1628 At
191 1600 287 1628 eodem
318 1605 441 1635 tempore
461 1602 575 1629 adversa
605 1603 755 1630 continens
781 1602 915 1638 Europae,

130 1647 291 1674 Macedonia
310 1651 336 1673 et
351 1655 447 1674 omnes
472 1647 600 1675 Occidute
623 1649 759 1683 regiones,
779 1649 917 1677 messibus

130 1697 198 1721 sunt
225 1693 373 1721 uberrimis
397 1694 500 1721 ditatte.
522 1693 580 1721 Non
610 1695 705 1727 enim,
738 1700 767 1721 ιιι
792 1695 849 1723 fere
878 1695 918 1729 ﬁt,

131 1740 304 1768 abundantia
321 1740 448 1767 vilitatem
473 1748 588 1768 annona;
611 1741 773 1774 induxerat,
792 1742 838 1769 sed
856 1749 919 1776 pro-

132 1792 194 1823 pter
211 1791 411 1815 eoncurreutes
436 1794 469 1814 eo
496 1779 616 1815 Asianos
648 1788 762 1815 sedibus
787 1792 917 1816 extrusos

132 1833 254 1868 propriis
267 1832 303 1859 ita
318 1831 487 1859 frumentum
516 1832 542 1860 io
565 1841 673 1860 summa
698 1837 820 1868 segetum
837 1833 919 1861 uber-

131 1883 187 1906 tate
204 1878 389 1910 vendebatur,
409 1883 438 1906 ut
461 1878 541 1906 annis
568 1880 609 1906 vel
640 1880 760 1907 maxime
785 1879 920 1907 famelicis

132 1930 336 1957 consueverat;
351 1924 422 1952 ttude
446 1929 568 1959 quaestus
586 1926 744 1953 aratoribus
760 1931 787 1953 et
802 1925 921 1953 dominis

132 1981 264 2009 agrorum
290 1973 523 2000 cunmlatissimus
545 1973 662 2000 redibat.
693 1973 750 2001 [loc
773 1973 921 2008 imperator

133 2019 326 2047 animadverso
348 2019 435 2046 locum
463 2026 524 2046 esse
546 2020 663 2047 credidit
681 2019 824 2047 indictioni
838 2020 922 2047 vecti-

134 2067 203 2101 galis
221 2065 298 2096 novi.
314 2073 369 2100 quo
389 2065 537 2099 plurimum
560 2066 655 2100 egebat
672 2066 770 2100 partim
789 2065 823 2092 ad
843 2072 921 2093 com-

135 2113 289 2148 pescendos
314 2112 488 2140 mercedibus
515 2113 748 2147 repraesentandis
766 2119 923 2140 murmura-

135 2162 224 2188 tiones
251 2160 454 2187 contumacium
478 2159 650 2190 Latinorum.
674 2160 773 2195 partim
803 2160 836 2187 ad
857 2167 923 2187 usus

135 2208 203 2235 alios
223 2206 442 2234 necessariorum
458 2211 625 2241 sumptuum.
640 2194 712 2242 Ergo
725 2207 808 2235 edicit
822 2212 850 2234 ut
864 2207 923 2235 siu-
939 2194 961 2223 Β

136 2255 190 2288 guli
207 2253 337 2288 agricola:
351 2260 508 2280 mensuram
521 2260 535 2279 e
547 2260 596 2280 sua
613 2261 701 2281 messe
718 2260 771 2281 non
785 2261 923 2287 magnam,

136 2298 250 2325 minime
275 2297 352 2331 gravi
381 2297 408 2324 in
440 2301 515 2324 tanta
540 2297 619 2331 copia
649 2298 807 2329 collatione.
826 2298 923 2325 darent

136 2344 305 2378 reipublicae,
329 2351 417 2378 eoque
448 2343 557 2371 modico
586 2344 674 2378 pretio
704 2343 922 2372 lucrosissimam

137 2390 187 2417 sibi
205 2389 365 2416 facultatem
385 2393 510 2416 emerent
525 2388 653 2416 frumenti
670 2389 712 2416 sui
725 2392 810 2423 atque
826 2388 923 2416 hordei

137 2436 268 2470 plaustris
281 2435 418 2470 bigisque,
440 2442 551 2470 quoquo
569 2435 680 2468 vellent,
697 2435 837 2463 venditurun
862 2434 924 2462 mit-

137 2482 222 2509 tendi.
249 2482 289 2508 Ad
311 2482 363 2509 hoc
377 2482 525 2517 unicuique
549 2481 633 2509 modii
652 2489 699 2509 sex
715 2481 812 2513 tritici,
829 2481 923 2509 hordei

137 2533 264 2562 quatuor,
284 2535 332 2562 per
345 2528 403 2555 loca
422 2528 529 2563 singula
546 2527 682 2562 pendendi
705 2531 769 2555 sunt
785 2527 922 2562 imperati.

137 2574 174 2602 Ες
192 2575 245 2602 hac
261 2574 408 2602 collectitia
423 2582 532 2602 annona
551 2582 649 2608 magno
664 2574 755 2601 statim
772 2574 922 2608 divendita,

138 2622 195 2648 auri
225 2621 388 2656 argentique
416 2628 539 2648 summas
564 2621 689 2655 ingentes
717 2619 792 2648 reddi
822 2627 922 2653 magno

137 2667 198 2695 duci
211 2667 313 2702 jussit;
334 2668 442 2702 istoque
459 2667 498 2695 sic
513 2667 623 2699 satiato,
640 2667 750 2702 quietus
763 2667 819 2701 jam
842 2667 876 2693 ab
891 2674 921 2694 ea

138 2719 215 2748 parte
239 2714 389 2748 imperator
417 2713 572 2749 Mpyrigerii
594 2720 705 2747 quoque
726 2720 774 2746 pro
788 2712 848 2748 ejus
860 2716 924 2740 voto

138 2758 301 2787 munerandi
319 2759 513 2794 cogitationem
527 2759 669 2792 ingressus
680 2762 732 2788 est.
749 2758 925 2792 decrevitque

138 2806 225 2840 ipsum
239 2805 272 2832 ad
292 2813 322 2832 se
335 2805 486 2832 venientem
503 2804 650 2831 admittere
668 2812 698 2831 ea
711 2811 793 2838 quam
812 2811 924 2838 sperare

139 2853 215 2880 illum
232 2855 323 2884 norat,
350 2850 568 2879 honoriﬁcentia.
589 2850 617 2878 ld
636 2855 664 2878 ut
688 2850 805 2883 laceret,
823 2857 921 2878 manus

966 227 1042 263 γάλῳ
1055 228 1130 254 δουκὶ
1146 229 1275 260 κελεύσας
1290 229 1410 256 δίδοσθαι
1434 229 1556 265 ἀργύρου
1585 239 1614 256 τε
1631 230 1677 256 καί.
1693 239 1757 264 χρυ-

968 273 1025 300 σίου
1047 274 1290 306 άπεμπολούντων,
1318 275 1367 301 καὶ
1396 275 1542 310 ἁνακωχὴν
1562 275 1622 301 τῶν
1649 275 1754 301 ἐκείνου

967 319 1048 355 σχὼν,
1081 320 1116 346 τὰ
1131 321 1196 355 περὶ
1214 320 1261 347 τοῦ
1292 321 1481 355 Μπυριγερίου
1507 321 1701 352 διεΰουλεύετο,
1717 321 1756 352 ὡς

965 367 1064 394 αὐτίκα
1073 367 1200 393 κάκεῖνον
1212 367 1405 402 προσηκόντως
1426 369 1472 394 καὶ
1487 367 1523 398 ὡς
1541 368 1645 398 ἐκεῖνος
1674 367 1756 401 ἠλπί-

965 422 1008 441 κει
1029 414 1235 447 ὑποδεξάμενος.
1256 414 1304 440 Διὰ
1323 413 1410 440 ταῦτα
1432 415 1480 442 καὶ
1499 414 1552 441 τῶν
1580 414 1650 441 κατὰ
1679 414 1756 440 δύσιν

965 459 1098 493 προνοιῶν
1113 460 1225 494 ἥπτετο,
1242 461 1289 486 καὶ
1304 459 1334 486 τὸ
1349 460 1440 495 τρίτον
1461 461 1493 486 ὲκ
1518 459 1621 486 τούτων
1634 460 1734 495 ἀφῄρει
1744 467 1752 475 ·

965 505 999 532 τὰ
1021 505 1070 541 γὰρ
1079 504 1132 532 τῶν
1148 505 1252 540 μισθῶν
1265 506 1318 531 τῶν
1328 505 1399 531 κατᾶ
1413 505 1446 531 τὰ
1463 505 1600 539 ἀνάκτορα
1613 505 1755 532 ἑκδουλευ-

964 551 1047 578 όντων
1066 552 1113 578 καὶ
1130 550 1183 585 πρὸ
1214 551 1317 586 χρόνων
1339 550 1453 585 διεκόπη
1476 551 1573 577 πάλαι,
1595 550 1675 576 Ἀλλὰ
1705 559 1754 577 καὶ

963 597 994 624 τὸ
1008 598 1130 632 νόμισμα
1142 597 1186 623 διὰ
1201 597 1251 632 τὴν
1276 597 1371 631 χρείαν
1391 596 1592 631 ὲκιὸδηλεύετο.
1620 596 1756 631 Πρότερον

965 644 1015 679 μὲν
1041 643 1093 678 γὰρ
1113 643 1160 669 ἐπὶ
1183 643 1309 670 Ἰωάννου
1325 643 1371 669 τοῦ
1399 643 1487 669 Δούκα
1508 642 1540 669 τὸ
1560 642 1683 677 δίμοιρον
1709 642 1756 668 τοῦ

963 689 1094 716 ταλάντου
1108 689 1161 715 τῶν
1172 689 1349 723 νομισμάτων
1365 689 1468 723 χρυσὸς
1481 686 1514 723 ἦν
1530 688 1660 722 άπεφῦος,
1692 687 1706 713 ὅ
1722 688 1756 722 δὴ

963 735 1009 762 καὶ
1022 736 1035 761 ό
1051 734 1080 766 ἐξ
1093 734 1198 760 ἐκείνου
1214 734 1332 769 διετήρει
1349 743 1356 751 ·
1379 734 1491 768 ὕστερον
1519 734 1550 760 δὲ
1574 734 1621 760 ὲπὶ
1646 733 1757 768 Μιχαὴλ

962 779 1011 814 τῆς
1025 780 1128 811 πόλεως
1144 779 1271 815 ἀλούσης,
1287 779 1330 805 διὰ
1346 780 1394 810 τὰς
1407 779 1467 805 τότε
1484 780 1545 806 κατ’
1569 779 1694 814 ἀνάγκην
1711 779 1756 806 δό-

964 834 1030 856 σεις,
1057 825 1104 852 καὶ
1126 825 1226 860 μᾶλλον
1252 825 1320 859 πρὸς
1361 825 1497 856 Ἰταλοὺς,
1532 825 1757 859 μετεγεγράφατο

968 871 1018 905 μὲν
1034 870 1067 897 τὰ
1079 870 1134 897 τῶν
1148 871 1271 897 παλαιῶν
1290 870 1421 905 σημείων,
1441 870 1491 904 τῆς
1522 870 1626 901 πόλεως
1653 878 1757 905 χαρατ-

966 916 1082 952 τομένης
1093 916 1217 949 ὄπισθεν,
1231 917 1380 950 καθυφῐετο
1411 916 1438 942 δὲ
1464 915 1511 942 καὶ
1531 916 1607 950 παρὰ
1629 916 1758 950 κεράτιον

966 962 996 988 τὺ
1010 962 1042 988 ὲκ
1057 961 1156 997 χρυσοῦ
1175 961 1362 996 νομιζόμενον,
1375 961 1412 991 ὤς
1428 961 1625 986 πεντεκαίδεκα
1638 961 1706 994 προς
1721 959 1756 986 τὰ

967 1008 1177 1042 είκοσιτέσσαρα
1188 1007 1324 1042 γίνεσθαι.
1348 1006 1574 1040 Μεταλλάξαντος
1599 1007 1622 1032 δ’
1651 1006 1758 1032 ἐκείνου

967 1055 1100 1090 πρότερον
1113 1054 1162 1089 μὲν
1181 1054 1220 1085 είς
1231 1053 1419 1088 δεκατέσσαρα
1436 1053 1566 1088 περιέστη
1594 1052 1661 1087 πρὸς
1675 1052 1754 1084 δέκα,

968 1146 1063 1180 injecit
1086 1144 1267 1180 pensionibus
1291 1151 1352 1178 quae
1375 1143 1535 1178 reipublicm
1558 1142 1693 1170 ministris
1708 1150 1757 1176 per

970 1196 1077 1220 tractus
1106 1191 1243 1218 Occiduos
1276 1189 1378 1217 dudum
1411 1189 1571 1216 constitutae
1604 1189 1755 1222 quotannis

968 1238 1057 1265 adhuc
1087 1237 1276 1264 solvebantur.
1308 1235 1361 1263 Has
1388 1236 1467 1263 tertia
1498 1241 1572 1270 parte
1604 1235 1754 1262 dimirmit:

969 1292 1024 1311 non
1046 1284 1118 1311 enim
1146 1283 1196 1310 fuit
1215 1283 1289 1310 aliud
1312 1282 1385 1317 quod
1416 1282 1562 1317 arriperet.
1578 1289 1638 1308 cum
1659 1286 1756 1308 aucto-

970 1333 1104 1363 ramenta,
1121 1337 1182 1364 quae
1198 1329 1350 1356 certissima
1368 1328 1445 1363 prius
1461 1333 1488 1355 et
1505 1328 1649 1362 prazcipua:
1663 1327 1758 1354 condi-

970 1376 1054 1403 tionis
1072 1375 1265 1406 habebantur,
1279 1374 1458 1401 servientium
1476 1373 1502 1400 in
1522 1373 1656 1408 imperiali
1673 1373 1758 1400 domo

971 1422 1157 1457 palatinorum
1183 1421 1239 1456 jam
1269 1421 1374 1455 pridem
1405 1420 1616 1448 imervertisset.
1649 1420 1702 1446 Sed
1729 1423 1756 1446 et

972 1468 1066 1499 alium,
1098 1468 1172 1495 unde
1198 1467 1278 1494 istam
1304 1467 1330 1493 in
1353 1466 1546 1500 Mpyrigerium
1563 1465 1756 1493 ell‘undondam

932 1521 953 1549 ε
972 1513 1114 1548 pecuniam
1128 1513 1286 1545 conﬁceret,
1297 1515 1432 1546 quaestum
1451 1511 1616 1545 excogitavit
1631 1519 1662 1538 ex
1679 1511 1756 1537 adul-

938 1585 942 1588 ι
968 1560 1105 1587 teratione
1132 1562 1250 1586 monetae
1265 1558 1393 1592 publica,
1411 1557 1437 1584 in
1457 1557 1568 1591 sequius
1586 1556 1757 1583 detrahenda

969 1606 1103 1642 qualitate
1127 1605 1226 1640 signati
1252 1605 1324 1636 auri,
1353 1604 1489 1637 siquidem
1518 1610 1580 1629 cum
1609 1603 1685 1637 prius
1704 1602 1757 1629 sub

969 1652 1077 1680 Joanne
1094 1652 1168 1679 Duca
1187 1655 1303 1679 eatenus
1318 1654 1447 1684 corrupta
1463 1649 1545 1685 494
1562 1652 1636 1676 esset
1653 1648 1757 1675 nummi

968 1699 1044 1726 aurei
1071 1698 1219 1726 sinceritas
1235 1702 1264 1725 ut
1280 1697 1339 1724 auri
1367 1695 1428 1730 puri
1453 1695 1596 1722 dimidium
1625 1694 1760 1722 duntaxat

971 1746 1084 1773 haberet
1102 1744 1218 1779 pondus,
1246 1743 1355 1778 reliquo
1377 1750 1392 1771 e
1415 1742 1545 1770 deteriori
1565 1741 1678 1768 materia
1695 1742 1760 1767 anh-

972 1791 1055 1818 misto
1077 1790 1136 1826 (qui
1168 1798 1235 1818 usus
1270 1797 1358 1824 usque
1394 1788 1428 1816 ad
1462 1788 1604 1816 Michaelis
1634 1793 1761 1822 tempora

970 1836 1177 1870 perseveravit),
1195 1835 1277 1870 hujus
1294 1835 1391 1870 primis
1418 1834 1509 1866 annis,
1525 1838 1634 1868 recepta
1650 1841 1665 1860 e
1686 1832 1759 1860 Lati-

970 1883 1016 1910 nis
1037 1881 1291 1916 Constantinopoli,
1311 1888 1373 1908 cum
1402 1880 1474 1907 idem
1499 1879 1615 1906 Michael
1644 1879 1760 1914 pecunia

971 1932 1063 1962 egeret
1080 1926 1113 1953 ad
1139 1926 1301 1961 largitiones
1331 1925 1504 1952 necessarias
1518 1943 1525 1956 ,
1553 1924 1703 1959 praesertim
1721 1923 1760 1950 fa-

972 1973 1083 2001 ciendas
1110 1971 1196 2002 Italis,
1218 1971 1313 1998 recudi
1339 1975 1478 1997 monetam
1507 1977 1616 1996 omnem
1646 1976 1758 1996 auream

971 2019 1067 2054 jussit,
1096 2020 1230 2052 prmtextu
1260 2015 1424 2043 imnmtandi
1450 2019 1530 2043 notas
1550 2019 1661 2042 veteres
1676 2022 1683 2039 τ
1697 2022 1762 2041 nam

973 2073 1024 2101 pro
1047 2068 1128 2092 antea
1148 2063 1260 2091 usitatis
1274 2062 1359 2097 signis
1374 2061 1470 2089 urbem
1492 2060 1760 2095 Constantinopolim

974 2112 1001 2139 in
1023 2111 1128 2146 postica
1146 2109 1250 2137 nummi
1265 2108 1336 2136 facie
1351 2108 1438 2135 Voluit
1452 2114 1572 2136 exstare.
1590 2107 1691 2134 Verum
1708 2107 1761 2135 ista

974 2156 1118 2184 occasione
1134 2154 1244 2183 detrivit
1267 2153 1368 2180 metalli
1387 2153 1549 2187 probitatem
1574 2161 1606 2180 eo
1623 2160 1709 2187 usque
1731 2156 1762 2179 ut

976 2212 990 2230 ε
1008 2203 1104 2237 viginti
1129 2207 1248 2237 quatuor
1272 2200 1399 2235 partibus
1425 2200 1499 2227 aurei
1516 2199 1597 2227 solidi
1615 2199 1676 2226 auri
1691 2199 1762 2226 duu-

975 2253 1050 2278 taxat
1071 2249 1131 2284 puri
1151 2255 1247 2276 novem
1274 2250 1378 2278 essent,
1393 2245 1551 2281 quindecim
1580 2246 1703 2273 mistura:
1717 2254 1762 2273 se-

975 2296 1090 2331 quioris.
1112 2295 1178 2322 Post
1203 2293 1348 2321 Michaelis
1365 2297 1483 2320 mortem
1499 2293 1598 2327 exigua
1613 2297 1656 2319 est
1668 2300 1762 2319 eniten-

976 2342 1052 2370 datio
1070 2345 1176 2374 secuta,
1199 2332 1295 2368 decem
1319 2340 1418 2367 saltem
1438 2339 1563 2374 partibus
1577 2339 1637 2366 auri
1654 2338 1761 2374 purgati

974 2389 1007 2416 ad
1031 2388 1145 2416 vitiosas
1174 2386 1386 2422 quatuordecim
1415 2385 1541 2418 adjectis.
1569 2387 1605 2412 At
1620 2393 1694 2412 nunc
1717 2384 1763 2411 isti

974 2435 1028 2470 ipsi
1052 2434 1131 2467 probi
1157 2433 1260 2460 metalli
1285 2431 1428 2468 particulae
1444 2431 1589 2459 dimidium
1606 2431 1762 2458 detractum

975 2480 1063 2508 scoria
1078 2484 1104 2507 et
1118 2479 1279 2506 retrimento
1302 2478 1457 2512 suppletum
1472 2482 1526 2509 est,
1550 2476 1623 2504 unde
1643 2475 1764 2503 securim

975 2525 1062 2561 inﬂigi
1074 2532 1201 2559 magnam
1215 2524 1277 2551 lidei
1296 2523 1547 2551 commutationum
1562 2527 1589 2550 et
1605 2521 1764 2549 necessario

976 2579 1068 2599 rerum
1102 2570 1186 2597 victui
1221 2573 1347 2604 aptarum
1369 2568 1535 2596 commercio
1562 2568 1688 2603 contigit,
1713 2574 1764 2593 nec

977 2618 1080 2646 exteris
1095 2616 1176 2644 facile
1194 2616 1406 2650 importantibus
1434 2615 1467 2643 ad
1489 2622 1547 2642 nos
1568 2622 1628 2645 sua,
1648 2621 1698 2641 nec
1714 2621 1765 2641 uo-

966 2658 1042 2691 lstris
1073 2662 1275 2690 invenientibus
1306 2662 1350 2688 cui
1383 2661 1441 2689 suis
1467 2661 1562 2689 usibus
1580 2658 1763 2687 redundantia

977 2710 1139 2742 venderent,
1168 2709 1264 2743 utique
1291 2707 1345 2735 illis
1378 2706 1451 2734 haud
1482 2706 1549 2734 satis
1563 2704 1762 2738 accipientibus

967 2765 1028 2795 Vpro
1046 2763 1138 2783 merce
1157 2755 1240 2789 proba
1267 2754 1384 2789 pretium
1415 2753 1610 2782 adulteratum.
1639 2757 1665 2778 et
1685 2759 1763 2778 suam

977 2802 1099 2830 melioris
1123 2806 1193 2828 noue
1210 2805 1348 2828 monetam
1367 2799 1424 2833 pari
1438 2806 1500 2826 cum
1528 2803 1623 2824 nostra
1642 2797 1682 2824 sic
1699 2805 1765 2823 ror-

974 2854 1052 2885 rupta
1086 2847 1265 2876 mstimaliono
1300 2846 1444 2882 proﬂigare
1483 2844 1689 2872 recusantibus.
1724 2843 1764 2871 Ex
