  <div class='ocr_page' id='page_1' title='image "/cluster/home/n/w/nwhite01/storage/ocr_20150623/144/njp.32101010942892/295.png"; bbox 0 0 1957 3066; ppageno 0'>
   <div class='ocr_carea' id='block_1_1' title="bbox 190 132 242 166">
    <p class='ocr_par' dir='ltr' id='par_1_1' title="bbox 190 132 242 166">
     <span class='ocr_line' id='line_1_1' title="bbox 190 132 242 166; baseline -0.019 0"><span class='ocrx_word' id='word_1_1' title='bbox 190 132 242 166; x_wconf 66' lang='grc'><strong>54⁸1</strong></span> 
     </span>
    </p>
   </div>
   <div class='ocr_carea' id='block_1_2' title="bbox 779 129 1210 162">
    <p class='ocr_par' dir='ltr' id='par_1_2' title="bbox 779 129 1210 162">
     <span class='ocr_line' id='line_1_2' title="bbox 779 129 1210 162; baseline -0.007 0"><span class='ocrx_word' id='word_1_2' title='bbox 779 130 948 162; x_wconf 80' lang='lat' dir='ltr'><strong>GEORGII</strong></span> <span class='ocrx_word' id='word_1_3' title='bbox 966 129 1210 161; x_wconf 71' lang='lat' dir='ltr'><strong>PACHYMEIUE</strong></span> 
     </span>
    </p>
   </div>
   <div class='ocr_carea' id='block_1_3' title="bbox 1760 130 1818 163">
    <p class='ocr_par' dir='ltr' id='par_1_3' title="bbox 1760 130 1818 163">
     <span class='ocr_line' id='line_1_3' title="bbox 1760 130 1818 163; baseline 0.017 -1"><span class='ocrx_word' id='word_1_4' title='bbox 1760 130 1818 163; x_wconf 72' lang='grc'><strong>548</strong></span> 
     </span>
    </p>
   </div>
   <div class='ocr_carea' id='block_1_4' title="bbox 190 189 1818 226">
    <p class='ocr_par' dir='ltr' id='par_1_4' title="bbox 190 189 1818 226">
     <span class='ocr_line' id='line_1_4' title="bbox 190 189 1818 226; baseline 0 -9"><span class='ocrx_word' id='word_1_5' title='bbox 190 192 386 226; x_wconf 72' lang='grc' dir='ltr'><strong>μεγαλοπρεπῆ</strong></span> <span class='ocrx_word' id='word_1_6' title='bbox 402 191 451 226; x_wconf 85' lang='grc' dir='ltr'>τὴν</span> <span class='ocrx_word' id='word_1_7' title='bbox 469 191 602 226; x_wconf 77' lang='grc' dir='ltr'>ὑποδοχὴν</span> <span class='ocrx_word' id='word_1_8' title='bbox 625 190 757 226; x_wconf 78' lang='grc' dir='ltr'>εὑρίσκει,</span> <span class='ocrx_word' id='word_1_9' title='bbox 774 191 822 218; x_wconf 76' lang='grc' dir='ltr'>καὶ</span> <span class='ocrx_word' id='word_1_10' title='bbox 839 190 975 226; x_wconf 73' lang='grc' dir='ltr'><strong>ὁσημέραι</strong></span> <span class='ocrx_word' id='word_1_11' title='bbox 991 192 1014 220; x_wconf 81' lang='grc' dir='ltr'><strong>Α</strong></span> <span class='ocrx_word' id='word_1_12' title='bbox 1028 190 1107 224; x_wconf 65' lang='lat' dir='ltr'><strong>mpii</strong></span> <span class='ocrx_word' id='word_1_13' title='bbox 1120 190 1254 224; x_wconf 84' lang='grc' dir='ltr'>βασιλέως</span> <span class='ocrx_word' id='word_1_14' title='bbox 1271 189 1316 217; x_wconf 69' lang='grc' dir='ltr'><strong>καὶ</strong></span> <span class='ocrx_word' id='word_1_15' title='bbox 1346 190 1562 225; x_wconf 77' lang='grc' dir='ltr'><strong>μεγαλοπρεπῶς</strong></span> <span class='ocrx_word' id='word_1_16' title='bbox 1591 190 1818 226; x_wconf 77' lang='grc' dir='ltr'>πεφιλοτίμηντο.</span> 
     </span>
    </p>
   </div>
   <div class='ocr_carea' id='block_1_5' title="bbox 188 236 977 273">
    <p class='ocr_par' dir='ltr' id='par_1_5' title="bbox 188 236 977 273">
     <span class='ocr_line' id='line_1_5' title="bbox 188 236 977 273; baseline -0.004 -8"><span class='ocrx_word' id='word_1_17' title='bbox 188 239 287 273; x_wconf 78' lang='grc' dir='ltr'>πεῖραν</span> <span class='ocrx_word' id='word_1_18' title='bbox 313 238 400 269; x_wconf 79' lang='grc' dir='ltr'>διδοὺς</span> <span class='ocrx_word' id='word_1_19' title='bbox 429 238 476 264; x_wconf 79' lang='grc' dir='ltr'>καὶ</span> <span class='ocrx_word' id='word_1_20' title='bbox 497 237 653 272; x_wconf 73' lang='grc' dir='ltr'>λαμϐάνων,</span> <span class='ocrx_word' id='word_1_21' title='bbox 676 236 729 263; x_wconf 82' lang='grc' dir='ltr'>τῶν</span> <span class='ocrx_word' id='word_1_22' title='bbox 754 237 804 271; x_wconf 79' lang='grc' dir='ltr'>μὲν</span> <span class='ocrx_word' id='word_1_23' title='bbox 825 236 897 271; x_wconf 86' lang='grc' dir='ltr'>νηῶν</span> <span class='ocrx_word' id='word_1_24' title='bbox 926 236 977 262; x_wconf 82' lang='grc' dir='ltr'><strong>οὐκ</strong></span> 
     </span>
    </p>
   </div>
   <div class='ocr_carea' id='block_1_6' title="bbox 188 283 975 320">
    <p class='ocr_par' dir='ltr' id='par_1_6' title="bbox 188 283 975 320">
     <span class='ocr_line' id='line_1_6' title="bbox 188 283 975 320; baseline -0.004 -9"><span class='ocrx_word' id='word_1_25' title='bbox 188 286 335 320; x_wconf 77' lang='grc' dir='ltr'><strong>ἀπέσχετο,</strong></span> <span class='ocrx_word' id='word_1_26' title='bbox 364 285 421 311; x_wconf 80' lang='grc' dir='ltr'>ἀλλ’</span> <span class='ocrx_word' id='word_1_27' title='bbox 448 285 486 316; x_wconf 81' lang='grc' dir='ltr'>ὡς</span> <span class='ocrx_word' id='word_1_28' title='bbox 517 283 690 319; x_wconf 81' lang='grc' dir='ltr'><strong>καταλύματι</strong></span> <span class='ocrx_word' id='word_1_29' title='bbox 716 283 829 314; x_wconf 77' lang='grc' dir='ltr'>ταύταις</span> <span class='ocrx_word' id='word_1_30' title='bbox 866 283 975 317; x_wconf 76' lang='grc' dir='ltr'>ἐχρῆτο,</span> 
     </span>
    </p>
   </div>
   <div class='ocr_carea' id='block_1_7' title="bbox 188 327 976 366">
    <p class='ocr_par' dir='ltr' id='par_1_7' title="bbox 188 327 976 366">
     <span class='ocr_line' id='line_1_7' title="bbox 188 327 976 366; baseline -0.004 -8"><span class='ocrx_word' id='word_1_31' title='bbox 188 332 304 358; x_wconf 79' lang='grc' dir='ltr'><strong>ἐδεστῶν</strong></span> <span class='ocrx_word' id='word_1_32' title='bbox 320 332 379 358; x_wconf 83' lang='grc' dir='ltr'>καθ’</span> <span class='ocrx_word' id='word_1_33' title='bbox 394 332 512 366; x_wconf 79' lang='grc' dir='ltr'>ἑκάστην</span> <span class='ocrx_word' id='word_1_34' title='bbox 524 330 727 366; x_wconf 76' lang='grc' dir='ltr'>ἐμφορούμενος</span> <span class='ocrx_word' id='word_1_35' title='bbox 741 330 788 365; x_wconf 81' lang='grc' dir='ltr'>τὴν</span> <span class='ocrx_word' id='word_1_36' title='bbox 802 329 910 365; x_wconf 77' lang='grc' dir='ltr'>ἡμέραν</span> <span class='ocrx_word' id='word_1_37' title='bbox 935 327 976 361; x_wconf 76' lang='grc' dir='ltr'>οἷς</span> 
     </span>
    </p>
   </div>
   <div class='ocr_carea' id='block_1_8' title="bbox 187 375 975 410">
    <p class='ocr_par' dir='ltr' id='par_1_8' title="bbox 187 375 975 410">
     <span class='ocr_line' id='line_1_8' title="bbox 187 375 975 410; baseline -0.004 -8"><span class='ocrx_word' id='word_1_38' title='bbox 187 377 276 403; x_wconf 79' lang='grc' dir='ltr'>εἱστία</span> <span class='ocrx_word' id='word_1_39' title='bbox 289 377 381 402; x_wconf 82' lang='grc' dir='ltr'>τοῦτον</span> <span class='ocrx_word' id='word_1_40' title='bbox 399 377 412 403; x_wconf 79' lang='grc' dir='ltr'><strong>ὁ</strong></span> <span class='ocrx_word' id='word_1_41' title='bbox 427 376 564 410; x_wconf 75' lang='grc' dir='ltr'>βασιλεὺς,</span> <span class='ocrx_word' id='word_1_42' title='bbox 583 376 631 402; x_wconf 76' lang='grc' dir='ltr'>καὶ</span> <span class='ocrx_word' id='word_1_43' title='bbox 648 376 704 406; x_wconf 85' lang='grc' dir='ltr'>τοῖς</span> <span class='ocrx_word' id='word_1_44' title='bbox 724 375 788 410; x_wconf 81' lang='grc' dir='ltr'>περὶ</span> <span class='ocrx_word' id='word_1_45' title='bbox 816 375 897 400; x_wconf 78' lang='grc' dir='ltr'>αὑτὸν</span> <span class='ocrx_word' id='word_1_46' title='bbox 925 375 975 410; x_wconf 78' lang='grc' dir='ltr'>τὴν</span> 
     </span>
    </p>
   </div>
   <div class='ocr_carea' id='block_1_9' title="bbox 189 420 975 456">
    <p class='ocr_par' dir='ltr' id='par_1_9' title="bbox 189 420 975 456">
     <span class='ocr_line' id='line_1_9' title="bbox 189 420 975 456; baseline 0 -10"><span class='ocrx_word' id='word_1_47' title='bbox 189 421 307 456; x_wconf 75' lang='grc' dir='ltr'><strong>εὐωχίαν</strong></span> <span class='ocrx_word' id='word_1_48' title='bbox 322 423 427 455; x_wconf 76' lang='grc' dir='ltr'>συχνοῖς</span> <span class='ocrx_word' id='word_1_49' title='bbox 439 421 603 456; x_wconf 80' lang='grc' dir='ltr'>νομίσμασιν</span> <span class='ocrx_word' id='word_1_50' title='bbox 625 420 812 455; x_wconf 78' lang='grc' dir='ltr'>ἱκανούμενος,</span> <span class='ocrx_word' id='word_1_51' title='bbox 840 420 935 455; x_wconf 78' lang='grc' dir='ltr'>ἀνέδην</span> <span class='ocrx_word' id='word_1_52' title='bbox 952 420 975 446; x_wconf 73' lang='grc' dir='ltr'><strong>δ’</strong></span> 
     </span>
    </p>
   </div>
   <div class='ocr_carea' id='block_1_10' title="bbox 187 466 975 503">
    <p class='ocr_par' dir='ltr' id='par_1_10' title="bbox 187 466 975 503">
     <span class='ocr_line' id='line_1_10' title="bbox 187 466 975 503; baseline -0.003 -9"><span class='ocrx_word' id='word_1_53' title='bbox 187 469 262 503; x_wconf 80' lang='grc' dir='ltr'>ὅμως</span> <span class='ocrx_word' id='word_1_54' title='bbox 286 468 336 499; x_wconf 71' lang='grc' dir='ltr'><strong>τὰς</strong></span> <span class='ocrx_word' id='word_1_55' title='bbox 355 468 424 502; x_wconf 79' lang='grc' dir='ltr'>πρὸς</span> <span class='ocrx_word' id='word_1_56' title='bbox 449 467 560 502; x_wconf 80' lang='grc' dir='ltr'>βασιλέα</span> <span class='ocrx_word' id='word_1_57' title='bbox 589 468 706 493; x_wconf 78' lang='grc' dir='ltr'>ἐποιεῖτο</span> <span class='ocrx_word' id='word_1_58' title='bbox 733 467 890 502; x_wconf 79' lang='grc' dir='ltr'><strong>προσόδους,</strong></span> <span class='ocrx_word' id='word_1_59' title='bbox 927 466 975 492; x_wconf 78' lang='grc' dir='ltr'><strong>καὶ</strong></span> 
     </span>
    </p>
   </div>
   <div class='ocr_carea' id='block_1_11' title="bbox 188 510 975 548">
    <p class='ocr_par' dir='ltr' id='par_1_11' title="bbox 188 510 975 548">
     <span class='ocr_line' id='line_1_11' title="bbox 188 510 975 548; baseline -0.004 -8"><span class='ocrx_word' id='word_1_60' title='bbox 188 513 332 540; x_wconf 84' lang='grc' dir='ltr'>ὲκυδνοῦτο</span> <span class='ocrx_word' id='word_1_61' title='bbox 359 514 417 544; x_wconf 82' lang='grc' dir='ltr'>ταῖς</span> <span class='ocrx_word' id='word_1_62' title='bbox 450 513 560 548; x_wconf 76' lang='grc' dir='ltr'><strong>συχναῖς</strong></span> <span class='ocrx_word' id='word_1_63' title='bbox 586 512 727 547; x_wconf 83' lang='grc' dir='ltr'>ἀλλαγαῖς,</span> <span class='ocrx_word' id='word_1_64' title='bbox 761 513 807 539; x_wconf 76' lang='grc' dir='ltr'>καὶ</span> <span class='ocrx_word' id='word_1_65' title='bbox 833 513 912 545; x_wconf 79' lang='grc' dir='ltr'>δῆλος</span> <span class='ocrx_word' id='word_1_66' title='bbox 941 510 975 546; x_wconf 84' lang='grc' dir='ltr'>ἦν</span> 
     </span>
    </p>
   </div>
   <div class='ocr_carea' id='block_1_12' title="bbox 188 559 973 594">
    <p class='ocr_par' dir='ltr' id='par_1_12' title="bbox 188 559 973 594">
     <span class='ocr_line' id='line_1_12' title="bbox 188 559 973 594; baseline -0.003 -8"><span class='ocrx_word' id='word_1_67' title='bbox 188 560 451 594; x_wconf 76' lang='grc' dir='ltr'>ὕτωταχθησόμενος.</span> <span class='ocrx_word' id='word_1_68' title='bbox 469 560 560 592; x_wconf 79' lang='grc' dir='ltr'>Τέλος,</span> <span class='ocrx_word' id='word_1_69' title='bbox 587 560 680 593; x_wconf 81' lang='grc' dir='ltr'>ὲπεὶή</span> <span class='ocrx_word' id='word_1_70' title='bbox 702 559 782 594; x_wconf 75' lang='grc' dir='ltr'>ἑορτὴ</span> <span class='ocrx_word' id='word_1_71' title='bbox 807 559 973 593; x_wconf 72' lang='grc' dir='ltr'><strong>ἐφειστήκει,</strong></span> 
     </span>
    </p>
   </div>
   <div class='ocr_carea' id='block_1_13' title="bbox 188 604 974 640">
    <p class='ocr_par' dir='ltr' id='par_1_13' title="bbox 188 604 974 640">
     <span class='ocr_line' id='line_1_13' title="bbox 188 604 974 640; baseline -0.004 -8"><span class='ocrx_word' id='word_1_72' title='bbox 188 606 240 632; x_wconf 76' lang='grc' dir='ltr'>ἔδει</span> <span class='ocrx_word' id='word_1_73' title='bbox 267 606 295 632; x_wconf 82' lang='grc' dir='ltr'><strong>δὲ</strong></span> <span class='ocrx_word' id='word_1_74' title='bbox 320 605 364 631; x_wconf 69' lang='grc' dir='ltr'>καὶ</span> <span class='ocrx_word' id='word_1_75' title='bbox 378 606 458 631; x_wconf 73' lang='grc' dir='ltr'>αὐτὸν</span> <span class='ocrx_word' id='word_1_76' title='bbox 469 605 517 632; x_wconf 70' lang='grc' dir='ltr'>ἕνα</span> <span class='ocrx_word' id='word_1_77' title='bbox 541 605 592 640; x_wconf 63' lang='grc' dir='ltr'><strong>Ιήδη</strong></span> <span class='ocrx_word' id='word_1_78' title='bbox 615 605 732 639; x_wconf 77' lang='grc' dir='ltr'>φανέντα</span> <span class='ocrx_word' id='word_1_79' title='bbox 752 605 801 638; x_wconf 78' lang='grc' dir='ltr'>τῆς</span> <span class='ocrx_word' id='word_1_80' title='bbox 827 604 974 639; x_wconf 69' lang='grc' dir='ltr'>γερουσίας</span> 
     </span>
    </p>
   </div>
   <div class='ocr_carea' id='block_1_14' title="bbox 188 651 974 687">
    <p class='ocr_par' dir='ltr' id='par_1_14' title="bbox 188 651 974 687">
     <span class='ocr_line' id='line_1_14' title="bbox 188 651 974 687; baseline -0.003 -9"><span class='ocrx_word' id='word_1_81' title='bbox 188 652 308 686; x_wconf 70' lang='grc' dir='ltr'>ὁφφικίῳ</span> <span class='ocrx_word' id='word_1_82' title='bbox 320 653 366 678; x_wconf 80' lang='grc' dir='ltr'>καὶ</span> <span class='ocrx_word' id='word_1_83' title='bbox 384 653 559 687; x_wconf 79' lang='grc' dir='ltr'>παρασήμοις</span> <span class='ocrx_word' id='word_1_84' title='bbox 575 651 717 686; x_wconf 82' lang='grc' dir='ltr'>τιμᾶσθαι,</span> <span class='ocrx_word' id='word_1_85' title='bbox 731 652 828 686; x_wconf 81' lang='grc' dir='ltr'>ὅρκους</span> <span class='ocrx_word' id='word_1_86' title='bbox 842 652 892 685; x_wconf 79' lang='grc' dir='ltr'><strong>τῆς</strong></span> <span class='ocrx_word' id='word_1_87' title='bbox 908 651 974 677; x_wconf 82' lang='grc' dir='ltr'>ὑπο-</span> 
     </span>
    </p>
   </div>
   <div class='ocr_carea' id='block_1_15' title="bbox 187 697 973 733">
    <p class='ocr_par' dir='ltr' id='par_1_15' title="bbox 187 697 973 733">
     <span class='ocr_line' id='line_1_15' title="bbox 187 697 973 733; baseline -0.003 -9"><span class='ocrx_word' id='word_1_88' title='bbox 187 699 273 732; x_wconf 79' lang='grc' dir='ltr'>ταγῆς</span> <span class='ocrx_word' id='word_1_89' title='bbox 291 698 477 733; x_wconf 75' lang='grc' dir='ltr'>παρασχόντα,</span> <span class='ocrx_word' id='word_1_90' title='bbox 494 699 597 730; x_wconf 82' lang='grc' dir='ltr'>γίνεται</span> <span class='ocrx_word' id='word_1_91' title='bbox 622 697 712 727; x_wconf 82' lang='grc' dir='ltr'>τοῦτο,</span> <span class='ocrx_word' id='word_1_92' title='bbox 739 697 784 723; x_wconf 70' lang='grc' dir='ltr'>καὶ</span> <span class='ocrx_word' id='word_1_93' title='bbox 814 697 900 731; x_wconf 77' lang='grc' dir='ltr'>μέγας</span> <span class='ocrx_word' id='word_1_94' title='bbox 924 697 973 730; x_wconf 82' lang='grc' dir='ltr'>μὲν</span> 
     </span>
    </p>
   </div>
   <div class='ocr_carea' id='block_1_16' title="bbox 188 743 973 778">
    <p class='ocr_par' dir='ltr' id='par_1_16' title="bbox 188 743 973 778">
     <span class='ocr_line' id='line_1_16' title="bbox 188 743 973 778; baseline -0.003 -8"><span class='ocrx_word' id='word_1_95' title='bbox 188 744 326 778; x_wconf 80' lang='grc' dir='ltr'>παρευθὺς</span> <span class='ocrx_word' id='word_1_96' title='bbox 342 743 476 775; x_wconf 77' lang='grc' dir='ltr'>κλετζεται</span> <span class='ocrx_word' id='word_1_97' title='bbox 498 743 560 775; x_wconf 78' lang='grc' dir='ltr'>δοὺξ</span> <span class='ocrx_word' id='word_1_98' title='bbox 578 743 728 778; x_wconf 78' lang='grc' dir='ltr'><strong>συγκλήτου</strong></span> <span class='ocrx_word' id='word_1_99' title='bbox 745 744 834 777; x_wconf 80' lang='grc' dir='ltr'>πάσης</span> <span class='ocrx_word' id='word_1_100' title='bbox 862 744 908 769; x_wconf 79' lang='grc' dir='ltr'>καὶ</span> <span class='ocrx_word' id='word_1_101' title='bbox 924 751 973 768; x_wconf 87' lang='grc' dir='ltr'>πο-</span> 
     </span>
    </p>
   </div>
   <div class='ocr_carea' id='block_1_17' title="bbox 187 788 972 825">
    <p class='ocr_par' dir='ltr' id='par_1_17' title="bbox 187 788 972 825">
     <span class='ocr_line' id='line_1_17' title="bbox 187 788 972 825; baseline -0.004 -8"><span class='ocrx_word' id='word_1_102' title='bbox 187 790 290 821; x_wconf 77' lang='grc' dir='ltr'>λιτείας</span> <span class='ocrx_word' id='word_1_103' title='bbox 317 790 533 825; x_wconf 76' lang='grc' dir='ltr'>παρισταμένης,</span> <span class='ocrx_word' id='word_1_104' title='bbox 557 790 604 816; x_wconf 74' lang='grc' dir='ltr'>καὶ</span> <span class='ocrx_word' id='word_1_105' title='bbox 627 791 676 823; x_wconf 86' lang='grc' dir='ltr'><strong>τὴν</strong></span> <span class='ocrx_word' id='word_1_106' title='bbox 704 788 855 824; x_wconf 75' lang='grc' dir='ltr'>βακτηρίαν</span> <span class='ocrx_word' id='word_1_107' title='bbox 879 789 972 823; x_wconf 76' lang='grc' dir='ltr'>τὸτῆς</span> 
     </span>
    </p>
   </div>
   <div class='ocr_carea' id='block_1_18' title="bbox 188 832 973 869">
    <p class='ocr_par' dir='ltr' id='par_1_18' title="bbox 188 832 973 869">
     <span class='ocr_line' id='line_1_18' title="bbox 188 832 973 869; baseline -0.004 -8"><span class='ocrx_word' id='word_1_108' title='bbox 188 835 265 868; x_wconf 81' lang='grc' dir='ltr'>ἀξίας</span> <span class='ocrx_word' id='word_1_109' title='bbox 281 834 552 869; x_wconf 74' lang='grc' dir='ltr'>λαμΰᾶνειξύμϐολον</span> <span class='ocrx_word' id='word_1_110' title='bbox 566 833 715 866; x_wconf 73' lang='grc' dir='ltr'>(καὶτοῦτο</span> <span class='ocrx_word' id='word_1_111' title='bbox 736 834 788 868; x_wconf 85' lang='grc' dir='ltr'><strong>γὰρ</strong></span> <span class='ocrx_word' id='word_1_112' title='bbox 806 833 844 868; x_wconf 87' lang='grc' dir='ltr'><strong>τῷ</strong></span> <span class='ocrx_word' id='word_1_113' title='bbox 870 832 973 867; x_wconf 80' lang='grc' dir='ltr'>βασιλεῖ</span> 
     </span>
    </p>
   </div>
   <div class='ocr_carea' id='block_1_19' title="bbox 187 877 972 914">
    <p class='ocr_par' dir='ltr' id='par_1_19' title="bbox 187 877 972 914">
     <span class='ocr_line' id='line_1_19' title="bbox 187 877 972 914; baseline -0.004 -8"><span class='ocrx_word' id='word_1_114' title='bbox 187 879 413 914; x_wconf 77' lang='grc' dir='ltr'>κεκαινούργητο,</span> <span class='ocrx_word' id='word_1_115' title='bbox 430 878 648 914; x_wconf 79' lang='grc' dir='ltr'>ἀργυροχρύσοις</span> <span class='ocrx_word' id='word_1_116' title='bbox 668 877 831 912; x_wconf 80' lang='grc' dir='ltr'>βακτηρίαις</span> <span class='ocrx_word' id='word_1_117' title='bbox 845 878 908 907; x_wconf 72' lang='grc' dir='ltr'>τοὺς</span> <span class='ocrx_word' id='word_1_118' title='bbox 924 878 972 910; x_wconf 83' lang='grc' dir='ltr'>τῆς</span> 
     </span>
    </p>
   </div>
   <div class='ocr_carea' id='block_1_20' title="bbox 187 923 974 961">
    <p class='ocr_par' dir='ltr' id='par_1_20' title="bbox 187 923 974 961">
     <span class='ocr_line' id='line_1_20' title="bbox 187 923 974 961; baseline -0.005 -9"><span class='ocrx_word' id='word_1_119' title='bbox 187 925 331 961; x_wconf 80' lang='grc' dir='ltr'>γερουσίας</span> <span class='ocrx_word' id='word_1_120' title='bbox 344 925 514 960; x_wconf 83' lang='grc' dir='ltr'>πρωτίστους</span> <span class='ocrx_word' id='word_1_121' title='bbox 527 924 689 958; x_wconf 78' lang='grc' dir='ltr'><strong>ἀξιωμάτων</strong></span> <span class='ocrx_word' id='word_1_122' title='bbox 705 923 894 954; x_wconf 77' lang='grc' dir='ltr'>ἐπιϐαίνοντας</span> <span class='ocrx_word' id='word_1_123' title='bbox 909 930 974 956; x_wconf 88' lang='grc' dir='ltr'>σεμ-</span> 
     </span>
    </p>
   </div>
   <div class='ocr_carea' id='block_1_21' title="bbox 187 968 974 1005">
    <p class='ocr_par' dir='ltr' id='par_1_21' title="bbox 187 968 974 1005">
     <span class='ocr_line' id='line_1_21' title="bbox 187 968 974 1005; baseline -0.004 -7"><span class='ocrx_word' id='word_1_124' title='bbox 187 971 334 1004; x_wconf 72' lang='grc' dir='ltr'>νύνεσθαι),</span> <span class='ocrx_word' id='word_1_125' title='bbox 351 971 400 1005; x_wconf 86' lang='grc' dir='ltr'>τὴν</span> <span class='ocrx_word' id='word_1_126' title='bbox 416 970 471 996; x_wconf 86' lang='grc' dir='ltr'>ἄνω</span> <span class='ocrx_word' id='word_1_127' title='bbox 483 970 511 996; x_wconf 81' lang='grc' dir='ltr'><strong>δὲ</strong></span> <span class='ocrx_word' id='word_1_128' title='bbox 523 969 615 1004; x_wconf 82' lang='grc' dir='ltr'>χώραν</span> <span class='ocrx_word' id='word_1_129' title='bbox 628 969 774 1004; x_wconf 72' lang='grc' dir='ltr'>λαμϐάνει,</span> <span class='ocrx_word' id='word_1_130' title='bbox 792 970 838 996; x_wconf 70' lang='grc' dir='ltr'><strong>καὶ</strong></span> <span class='ocrx_word' id='word_1_131' title='bbox 858 968 974 1003; x_wconf 80' lang='grc' dir='ltr'>ὲορτίοις</span> 
     </span>
    </p>
   </div>
   <div class='ocr_carea' id='block_1_22' title="bbox 186 1014 974 1052">
    <p class='ocr_par' dir='ltr' id='par_1_22' title="bbox 186 1014 974 1052">
     <span class='ocr_line' id='line_1_22' title="bbox 186 1014 974 1052; baseline -0.004 -9"><span class='ocrx_word' id='word_1_132' title='bbox 186 1018 272 1050; x_wconf 80' lang='grc' dir='ltr'>ἀξίοις</span> <span class='ocrx_word' id='word_1_133' title='bbox 289 1017 464 1052; x_wconf 80' lang='grc' dir='ltr'>παρασήμοις</span> <span class='ocrx_word' id='word_1_134' title='bbox 477 1018 546 1042; x_wconf 75' lang='grc' dir='ltr'>κατὰ</span> <span class='ocrx_word' id='word_1_135' title='bbox 563 1015 714 1050; x_wconf 73' lang='grc' dir='ltr'>Ῥωμαίους</span> <span class='ocrx_word' id='word_1_136' title='bbox 740 1015 901 1047; x_wconf 74' lang='grc' dir='ltr'>στολίξεται,</span> <span class='ocrx_word' id='word_1_137' title='bbox 928 1014 974 1041; x_wconf 77' lang='grc' dir='ltr'>καὶ</span> 
     </span>
    </p>
   </div>
   <div class='ocr_carea' id='block_1_23' title="bbox 186 1062 974 1098">
    <p class='ocr_par' dir='ltr' id='par_1_23' title="bbox 186 1062 974 1098">
     <span class='ocr_line' id='line_1_23' title="bbox 186 1062 974 1098; baseline -0.003 -8"><span class='ocrx_word' id='word_1_138' title='bbox 186 1064 216 1090; x_wconf 76' lang='grc' dir='ltr'>τὸ</span> <span class='ocrx_word' id='word_1_139' title='bbox 231 1063 439 1098; x_wconf 81' lang='grc' dir='ltr'>σκαραμάγκιον</span> <span class='ocrx_word' id='word_1_140' title='bbox 458 1062 628 1097; x_wconf 71' lang='grc' dir='ltr'>ἐπιθέμενος.</span> <span class='ocrx_word' id='word_1_141' title='bbox 655 1062 808 1088; x_wconf 85' lang='grc' dir='ltr'>Κάντεῦθεν</span> <span class='ocrx_word' id='word_1_142' title='bbox 833 1062 974 1097; x_wconf 70' lang='grc' dir='ltr'>θαρρήσας</span> 
     </span>
    </p>
   </div>
   <div class='ocr_carea' id='block_1_24' title="bbox 185 1107 975 1143">
    <p class='ocr_par' dir='ltr' id='par_1_24' title="bbox 185 1107 975 1143">
     <span class='ocr_line' id='line_1_24' title="bbox 185 1107 975 1143; baseline -0.003 -8"><span class='ocrx_word' id='word_1_143' title='bbox 185 1109 270 1142; x_wconf 72' lang='grc' dir='ltr'>ἔξεισι</span> <span class='ocrx_word' id='word_1_144' title='bbox 283 1109 331 1143; x_wconf 82' lang='grc' dir='ltr'>τῆς</span> <span class='ocrx_word' id='word_1_145' title='bbox 344 1110 422 1139; x_wconf 83' lang='grc' dir='ltr'>νεὼς,</span> <span class='ocrx_word' id='word_1_146' title='bbox 436 1108 483 1134; x_wconf 79' lang='grc' dir='ltr'>καὶ</span> <span class='ocrx_word' id='word_1_147' title='bbox 496 1107 538 1142; x_wconf 77' lang='grc' dir='ltr'><strong>ἐφ’</strong></span> <span class='ocrx_word' id='word_1_148' title='bbox 557 1108 675 1142; x_wconf 72' lang='grc' dir='ltr'>ἡμέραις</span> <span class='ocrx_word' id='word_1_149' title='bbox 691 1108 719 1133; x_wconf 84' lang='grc' dir='ltr'>ὲν</span> <span class='ocrx_word' id='word_1_150' title='bbox 732 1108 764 1141; x_wconf 85' lang='grc' dir='ltr'>τῇ</span> <span class='ocrx_word' id='word_1_151' title='bbox 779 1109 847 1143; x_wconf 83' lang='grc' dir='ltr'>μονῇ</span> <span class='ocrx_word' id='word_1_152' title='bbox 860 1107 905 1133; x_wconf 78' lang='grc' dir='ltr'>τοῦ</span> <span class='ocrx_word' id='word_1_153' title='bbox 923 1108 975 1133; x_wconf 84' lang='grc' dir='ltr'><strong>Κο-</strong></span> 
     </span>
    </p>
   </div>
   <div class='ocr_carea' id='block_1_25' title="bbox 187 1152 976 1188">
    <p class='ocr_par' dir='ltr' id='par_1_25' title="bbox 187 1152 976 1188">
     <span class='ocr_line' id='line_1_25' title="bbox 187 1152 976 1188; baseline -0.003 -8"><span class='ocrx_word' id='word_1_154' title='bbox 187 1154 295 1188; x_wconf 84' lang='grc' dir='ltr'>σμιδίου</span> <span class='ocrx_word' id='word_1_155' title='bbox 309 1153 379 1188; x_wconf 85' lang='grc' dir='ltr'>μετὰ</span> <span class='ocrx_word' id='word_1_156' title='bbox 395 1153 449 1179; x_wconf 83' lang='grc' dir='ltr'><strong>τῶν</strong></span> <span class='ocrx_word' id='word_1_157' title='bbox 466 1152 539 1178; x_wconf 84' lang='grc' dir='ltr'>ἰδίων</span> <span class='ocrx_word' id='word_1_158' title='bbox 556 1152 696 1184; x_wconf 75' lang='grc' dir='ltr'>αὐλίζεται</span> <span class='ocrx_word' id='word_1_159' title='bbox 710 1160 717 1167; x_wconf 75' lang='grc' dir='ltr'><strong>ο</strong></span> <span class='ocrx_word' id='word_1_160' title='bbox 739 1153 847 1187; x_wconf 78' lang='grc' dir='ltr'>καὶγὰρ</span> <span class='ocrx_word' id='word_1_161' title='bbox 873 1152 919 1178; x_wconf 83' lang='grc' dir='ltr'><strong>καί</strong></span> <span class='ocrx_word' id='word_1_162' title='bbox 933 1161 976 1178; x_wconf 88' lang='grc' dir='ltr'>τι·</span> 
     </span>
    </p>
   </div>
   <div class='ocr_carea' id='block_1_26' title="bbox 186 1198 974 1234">
    <p class='ocr_par' dir='ltr' id='par_1_26' title="bbox 186 1198 974 1234">
     <span class='ocr_line' id='line_1_26' title="bbox 186 1198 974 1234; baseline -0.001 -8"><span class='ocrx_word' id='word_1_163' title='bbox 186 1209 231 1232; x_wconf 85' lang='grc' dir='ltr'><strong>νες</strong></span> <span class='ocrx_word' id='word_1_164' title='bbox 261 1199 290 1232; x_wconf 74' lang='grc' dir='ltr'>ἐξ</span> <span class='ocrx_word' id='word_1_165' title='bbox 312 1199 425 1226; x_wconf 77' lang='grc' dir='ltr'>ἐκείνων</span> <span class='ocrx_word' id='word_1_166' title='bbox 454 1198 669 1234; x_wconf 73' lang='grc' dir='ltr'>καϐαλλαρικαίς</span> <span class='ocrx_word' id='word_1_167' title='bbox 696 1199 789 1232; x_wconf 84' lang='grc' dir='ltr'>τιμαῖς</span> <span class='ocrx_word' id='word_1_168' title='bbox 814 1199 974 1233; x_wconf 84' lang='grc' dir='ltr'>ὲτετίμηντο</span> 
     </span>
    </p>
   </div>
   <div class='ocr_carea' id='block_1_27' title="bbox 187 1291 975 1328">
    <p class='ocr_par' dir='ltr' id='par_1_27' title="bbox 187 1291 975 1328">
     <span class='ocr_line' id='line_1_27' title="bbox 187 1291 975 1328; baseline 0.003 -8"><span class='ocrx_word' id='word_1_169' title='bbox 187 1292 372 1324; x_wconf 80' lang='lat' dir='ltr'><strong>declarabant,</strong></span> <span class='ocrx_word' id='word_1_170' title='bbox 397 1292 547 1319; x_wconf 80' lang='lat' dir='ltr'><strong>delectatus</strong></span> <span class='ocrx_word' id='word_1_171' title='bbox 565 1291 704 1326; x_wconf 78' lang='lat' dir='ltr'><strong>Augustus</strong></span> <span class='ocrx_word' id='word_1_172' title='bbox 728 1293 834 1320; x_wconf 76' lang='lat' dir='ltr'><strong>crebris</strong></span> <span class='ocrx_word' id='word_1_173' title='bbox 862 1293 975 1328; x_wconf 87' lang='lat' dir='ltr'><strong>insuper</strong></span> 
     </span>
    </p>
   </div>
   <div class='ocr_carea' id='block_1_28' title="bbox 186 1338 972 1373">
    <p class='ocr_par' dir='ltr' id='par_1_28' title="bbox 186 1338 972 1373">
     <span class='ocr_line' id='line_1_28' title="bbox 186 1338 972 1373; baseline -0.001 -7"><span class='ocrx_word' id='word_1_174' title='bbox 186 1346 249 1367; x_wconf 91' lang='lat' dir='ltr'><strong>cttm</strong></span> <span class='ocrx_word' id='word_1_175' title='bbox 279 1339 460 1373; x_wconf 83' lang='lat' dir='ltr'><strong>pretiosarum</strong></span> <span class='ocrx_word' id='word_1_176' title='bbox 487 1338 604 1364; x_wconf 83' lang='lat' dir='ltr'><strong>vestium</strong></span> <span class='ocrx_word' id='word_1_177' title='bbox 631 1338 784 1365; x_wconf 75' lang='lat' dir='ltr'><strong>honorabat</strong></span> <span class='ocrx_word' id='word_1_178' title='bbox 811 1338 901 1367; x_wconf 86' lang='lat' dir='ltr'><strong>donis.</strong></span> <span class='ocrx_word' id='word_1_179' title='bbox 932 1340 972 1366; x_wconf 81' lang='lat' dir='ltr'><strong>Ad</strong></span> 
     </span>
    </p>
   </div>
   <div class='ocr_carea' id='block_1_29' title="bbox 187 1384 973 1420">
    <p class='ocr_par' dir='ltr' id='par_1_29' title="bbox 187 1384 973 1420">
     <span class='ocr_line' id='line_1_29' title="bbox 187 1384 973 1420; baseline 0.001 -9"><span class='ocrx_word' id='word_1_180' title='bbox 187 1385 260 1420; x_wconf 87' lang='lat' dir='ltr'><strong>qttod</strong></span> <span class='ocrx_word' id='word_1_181' title='bbox 288 1384 462 1411; x_wconf 64' lang='lat' dir='ltr'><strong>liberalitatis</strong></span> <span class='ocrx_word' id='word_1_182' title='bbox 496 1384 628 1418; x_wconf 82' lang='lat' dir='ltr'><strong>principis</strong></span> <span class='ocrx_word' id='word_1_183' title='bbox 656 1388 831 1419; x_wconf 66' lang='lat' dir='ltr'><strong>augmentum</strong></span> <span class='ocrx_word' id='word_1_184' title='bbox 857 1385 973 1419; x_wconf 89' lang='lat' dir='ltr'><strong>hospitis</strong></span> 
     </span>
    </p>
   </div>
   <div class='ocr_carea' id='block_1_30' title="bbox 185 1430 971 1467">
    <p class='ocr_par' dir='ltr' id='par_1_30' title="bbox 185 1430 971 1467">
     <span class='ocr_line' id='line_1_30' title="bbox 185 1430 971 1467; baseline -0.001 -9"><span class='ocrx_word' id='word_1_185' title='bbox 185 1438 297 1467; x_wconf 82' lang='lat' dir='ltr'><strong>quoque</strong></span> <span class='ocrx_word' id='word_1_186' title='bbox 324 1430 436 1464; x_wconf 85' lang='lat' dir='ltr'><strong>antiqua</strong></span> <span class='ocrx_word' id='word_1_187' title='bbox 459 1431 634 1457; x_wconf 76' lang='lat' dir='ltr'><strong>contumacia</strong></span> <span class='ocrx_word' id='word_1_188' title='bbox 662 1430 688 1456; x_wconf 90' lang='lat' dir='ltr'><strong>in</strong></span> <span class='ocrx_word' id='word_1_189' title='bbox 713 1430 800 1465; x_wconf 68' lang='lat' dir='ltr'><strong>magis</strong></span> <span class='ocrx_word' id='word_1_190' title='bbox 825 1431 971 1458; x_wconf 79' lang='lat' dir='ltr'><strong>obnoxiam</strong></span> 
     </span>
    </p>
   </div>
   <div class='ocr_carea' id='block_1_31' title="bbox 186 1477 971 1509">
    <p class='ocr_par' dir='ltr' id='par_1_31' title="bbox 186 1477 971 1509">
     <span class='ocr_line' id='line_1_31' title="bbox 186 1477 971 1509; baseline -0.003 -3"><span class='ocrx_word' id='word_1_191' title='bbox 186 1479 289 1506; x_wconf 80' lang='lat' dir='ltr'><strong>sensim</strong></span> <span class='ocrx_word' id='word_1_192' title='bbox 302 1485 331 1505; x_wconf 87' lang='lat' dir='ltr'><strong>se</strong></span> <span class='ocrx_word' id='word_1_193' title='bbox 344 1477 537 1504; x_wconf 84' lang='lat' dir='ltr'><strong>verecundiam</strong></span> <span class='ocrx_word' id='word_1_194' title='bbox 556 1484 587 1503; x_wconf 85' lang='lat' dir='ltr'><strong>ac</strong></span> <span class='ocrx_word' id='word_1_195' title='bbox 601 1478 806 1504; x_wconf 73' lang='lat' dir='ltr'><strong>venerationem</strong></span> <span class='ocrx_word' id='word_1_196' title='bbox 821 1478 971 1509; x_wconf 78' lang='lat' dir='ltr'><strong>molliente,</strong></span> 
     </span>
    </p>
   </div>
   <div class='ocr_carea' id='block_1_32' title="bbox 185 1522 1004 1561">
    <p class='ocr_par' dir='ltr' id='par_1_32' title="bbox 185 1522 1004 1561">
     <span class='ocr_line' id='line_1_32' title="bbox 185 1522 1004 1561; baseline 0 -9"><span class='ocrx_word' id='word_1_197' title='bbox 185 1533 218 1552; x_wconf 88' lang='lat' dir='ltr'><strong>eo</strong></span> <span class='ocrx_word' id='word_1_198' title='bbox 241 1525 360 1559; x_wconf 89' lang='lat' dir='ltr'><strong>denique</strong></span> <span class='ocrx_word' id='word_1_199' title='bbox 388 1528 499 1550; x_wconf 76' lang='lat' dir='ltr'><strong>ventum</strong></span> <span class='ocrx_word' id='word_1_200' title='bbox 528 1527 572 1550; x_wconf 87' lang='lat' dir='ltr'><strong>est</strong></span> <span class='ocrx_word' id='word_1_201' title='bbox 599 1528 629 1549; x_wconf 90' lang='lat' dir='ltr'><strong>ut</strong></span> <span class='ocrx_word' id='word_1_202' title='bbox 652 1522 832 1558; x_wconf 80' lang='lat' dir='ltr'><strong>Mpyrigerius</strong></span> <span class='ocrx_word' id='word_1_203' title='bbox 856 1532 886 1552; x_wconf 85' lang='lat' dir='ltr'><strong>se</strong></span> <span class='ocrx_word' id='word_1_204' title='bbox 916 1530 1004 1561; x_wconf 82' lang='lat' dir='ltr'><strong>nonc</strong></span> 
     </span>
    </p>
   </div>
   <div class='ocr_carea' id='block_1_33' title="bbox 184 1569 970 1604">
    <p class='ocr_par' dir='ltr' id='par_1_33' title="bbox 184 1569 970 1604">
     <span class='ocr_line' id='line_1_33' title="bbox 184 1569 970 1604; baseline -0.003 -6"><span class='ocrx_word' id='word_1_205' title='bbox 184 1571 334 1598; x_wconf 81' lang='lat' dir='ltr'><strong>abhorrere</strong></span> <span class='ocrx_word' id='word_1_206' title='bbox 359 1569 513 1597; x_wconf 82' lang='lat' dir='ltr'><strong>declararet</strong></span> <span class='ocrx_word' id='word_1_207' title='bbox 536 1576 550 1595; x_wconf 95' lang='lat' dir='ltr'><strong>a</strong></span> <span class='ocrx_word' id='word_1_208' title='bbox 574 1570 626 1596; x_wconf 89' lang='lat' dir='ltr'><strong>rite</strong></span> <span class='ocrx_word' id='word_1_209' title='bbox 644 1570 795 1604; x_wconf 87' lang='lat' dir='ltr'><strong>protitenda</strong></span> <span class='ocrx_word' id='word_1_210' title='bbox 810 1570 970 1604; x_wconf 90' lang='lat' dir='ltr'><strong>imperatori</strong></span> 
     </span>
    </p>
   </div>
   <div class='ocr_carea' id='block_1_34' title="bbox 185 1616 970 1652">
    <p class='ocr_par' dir='ltr' id='par_1_34' title="bbox 185 1616 970 1652">
     <span class='ocr_line' id='line_1_34' title="bbox 185 1616 970 1652; baseline -0.001 -8"><span class='ocrx_word' id='word_1_211' title='bbox 185 1617 366 1652; x_wconf 86' lang='lat' dir='ltr'><strong>subjectionis</strong></span> <span class='ocrx_word' id='word_1_212' title='bbox 390 1617 461 1648; x_wconf 88' lang='lat' dir='ltr'><strong>iide,</strong></span> <span class='ocrx_word' id='word_1_213' title='bbox 488 1624 571 1650; x_wconf 87' lang='lat' dir='ltr'><strong>quam</strong></span> <span class='ocrx_word' id='word_1_214' title='bbox 597 1617 718 1650; x_wconf 92' lang='lat' dir='ltr'><strong>primum</strong></span> <span class='ocrx_word' id='word_1_215' title='bbox 747 1617 769 1643; x_wconf 92' lang='lat' dir='ltr'><strong>is</strong></span> <span class='ocrx_word' id='word_1_216' title='bbox 793 1616 912 1651; x_wconf 73' lang='lat' dir='ltr'><strong>juberet.</strong></span> <span class='ocrx_word' id='word_1_217' title='bbox 942 1617 970 1643; x_wconf 86' lang='lat' dir='ltr'><strong>id</strong></span> 
     </span>
    </p>
   </div>
   <div class='ocr_carea' id='block_1_35' title="bbox 188 1662 970 1697">
    <p class='ocr_par' dir='ltr' id='par_1_35' title="bbox 188 1662 970 1697">
     <span class='ocr_line' id='line_1_35' title="bbox 188 1662 970 1697; baseline -0.003 -7"><span class='ocrx_word' id='word_1_218' title='bbox 188 1671 252 1690; x_wconf 85' lang='lat' dir='ltr'><strong>vero</strong></span> <span class='ocrx_word' id='word_1_219' title='bbox 267 1668 297 1690; x_wconf 90' lang='lat' dir='ltr'><strong>ut</strong></span> <span class='ocrx_word' id='word_1_220' title='bbox 310 1664 402 1689; x_wconf 81' lang='lat' dir='ltr'><strong>statim</strong></span> <span class='ocrx_word' id='word_1_221' title='bbox 422 1663 509 1694; x_wconf 81' lang='lat' dir='ltr'><strong>ﬁeret.</strong></span> <span class='ocrx_word' id='word_1_222' title='bbox 528 1663 641 1696; x_wconf 77' lang='lat' dir='ltr'><strong>urgebat</strong></span> <span class='ocrx_word' id='word_1_223' title='bbox 655 1663 715 1689; x_wconf 81' lang='lat' dir='ltr'><strong>festi</strong></span> <span class='ocrx_word' id='word_1_224' title='bbox 731 1666 836 1689; x_wconf 90' lang='lat' dir='ltr'><strong>tantum</strong></span> <span class='ocrx_word' id='word_1_225' title='bbox 851 1670 905 1689; x_wconf 92' lang='lat' dir='ltr'><strong>non</strong></span> <span class='ocrx_word' id='word_1_226' title='bbox 916 1662 970 1697; x_wconf 91' lang='lat' dir='ltr'><strong>jam</strong></span> 
     </span>
    </p>
   </div>
   <div class='ocr_carea' id='block_1_36' title="bbox 186 1708 972 1743">
    <p class='ocr_par' dir='ltr' id='par_1_36' title="bbox 186 1708 972 1743">
     <span class='ocr_line' id='line_1_36' title="bbox 186 1708 972 1743; baseline 0 -9"><span class='ocrx_word' id='word_1_227' title='bbox 186 1708 328 1743; x_wconf 77' lang='lat' dir='ltr'><strong>praesentis</strong></span> <span class='ocrx_word' id='word_1_228' title='bbox 354 1708 472 1738; x_wconf 84' lang='lat' dir='ltr'><strong>vicinia;</strong></span> <span class='ocrx_word' id='word_1_229' title='bbox 504 1715 559 1742; x_wconf 86' lang='lat' dir='ltr'><strong>quo</strong></span> <span class='ocrx_word' id='word_1_230' title='bbox 584 1715 645 1734; x_wconf 91' lang='lat' dir='ltr'><strong>cum</strong></span> <span class='ocrx_word' id='word_1_231' title='bbox 673 1708 707 1735; x_wconf 87' lang='lat' dir='ltr'><strong>de</strong></span> <span class='ocrx_word' id='word_1_232' title='bbox 732 1716 808 1735; x_wconf 78' lang='lat' dir='ltr'><strong>inore</strong></span> <span class='ocrx_word' id='word_1_233' title='bbox 832 1712 972 1742; x_wconf 82' lang='lat' dir='ltr'><strong>oporteret</strong></span> 
     </span>
    </p>
   </div>
   <div class='ocr_carea' id='block_1_37' title="bbox 185 1753 970 1799">
    <p class='ocr_par' dir='ltr' id='par_1_37' title="bbox 185 1753 970 1799">
     <span class='ocr_line' id='line_1_37' title="bbox 185 1753 970 1799; baseline 0 -19"><span class='ocrx_word' id='word_1_234' title='bbox 185 1761 318 1789; x_wconf 83' lang='lat' dir='ltr'><strong>apparere</strong></span> <span class='ocrx_word' id='word_1_235' title='bbox 344 1753 451 1788; x_wconf 84' lang='lat' dir='ltr'><strong>publice</strong></span> <span class='ocrx_word' id='word_1_236' title='bbox 480 1753 634 1799; x_wconf 62' lang='lat' dir='ltr'><strong>aii/stantem</strong></span> <span class='ocrx_word' id='word_1_237' title='bbox 659 1754 818 1788; x_wconf 84' lang='lat' dir='ltr'><strong>imperatori</strong></span> <span class='ocrx_word' id='word_1_238' title='bbox 846 1760 970 1781; x_wconf 84' lang='lat' dir='ltr'><strong>senatum</strong></span> 
     </span>
    </p>
   </div>
   <div class='ocr_carea' id='block_1_38' title="bbox 187 1800 971 1835">
    <p class='ocr_par' dir='ltr' id='par_1_38' title="bbox 187 1800 971 1835">
     <span class='ocr_line' id='line_1_38' title="bbox 187 1800 971 1835; baseline 0.003 -9"><span class='ocrx_word' id='word_1_239' title='bbox 187 1800 344 1827; x_wconf 86' lang='lat' dir='ltr'><strong>universum</strong></span> <span class='ocrx_word' id='word_1_240' title='bbox 360 1805 531 1833; x_wconf 72' lang='lat' dir='ltr'><strong>cunctosque</strong></span> <span class='ocrx_word' id='word_1_241' title='bbox 546 1801 723 1834; x_wconf 74' lang='lat' dir='ltr'><strong>magistratus</strong></span> <span class='ocrx_word' id='word_1_242' title='bbox 738 1808 800 1827; x_wconf 84' lang='lat' dir='ltr'><strong>cum</strong></span> <span class='ocrx_word' id='word_1_243' title='bbox 818 1801 971 1835; x_wconf 73' lang='lat' dir='ltr'><strong>insignibus</strong></span> 
     </span>
    </p>
   </div>
   <div class='ocr_carea' id='block_1_39' title="bbox 161 1845 972 1880">
    <p class='ocr_par' dir='ltr' id='par_1_39' title="bbox 161 1845 972 1880">
     <span class='ocr_line' id='line_1_39' title="bbox 161 1845 972 1880; baseline 0.005 -10"><span class='ocrx_word' id='word_1_244' title='bbox 161 1863 166 1870; x_wconf 95' lang='lat'><strong>.</strong></span> <span class='ocrx_word' id='word_1_245' title='bbox 185 1853 321 1880; x_wconf 86' lang='lat' dir='ltr'><strong>quemque</strong></span> <span class='ocrx_word' id='word_1_246' title='bbox 338 1845 483 1880; x_wconf 87' lang='lat' dir='ltr'><strong>potestatis</strong></span> <span class='ocrx_word' id='word_1_247' title='bbox 498 1854 564 1876; x_wconf 51' lang='lat' dir='ltr'><strong>suae,</strong></span> <span class='ocrx_word' id='word_1_248' title='bbox 582 1853 614 1872; x_wconf 85' lang='lat' dir='ltr'><strong>ne</strong></span> <span class='ocrx_word' id='word_1_249' title='bbox 633 1845 696 1872; x_wconf 86' lang='lat' dir='ltr'><strong>huic</strong></span> <span class='ocrx_word' id='word_1_250' title='bbox 710 1848 880 1874; x_wconf 67' lang='lat' dir='ltr'><strong>caeremoniae</strong></span> <span class='ocrx_word' id='word_1_251' title='bbox 896 1847 972 1874; x_wconf 83' lang='lat' dir='ltr'><strong>dees-</strong></span> 
     </span>
    </p>
   </div>
   <div class='ocr_carea' id='block_1_40' title="bbox 186 1892 971 1927">
    <p class='ocr_par' dir='ltr' id='par_1_40' title="bbox 186 1892 971 1927">
     <span class='ocr_line' id='line_1_40' title="bbox 186 1892 971 1927; baseline 0 -7"><span class='ocrx_word' id='word_1_252' title='bbox 186 1898 225 1920; x_wconf 89' lang='lat' dir='ltr'><strong>set</strong></span> <span class='ocrx_word' id='word_1_253' title='bbox 254 1899 347 1919; x_wconf 79' lang='lat' dir='ltr'><strong>novus</strong></span> <span class='ocrx_word' id='word_1_254' title='bbox 365 1892 408 1918; x_wconf 88' lang='lat' dir='ltr'><strong>hic</strong></span> <span class='ocrx_word' id='word_1_255' title='bbox 425 1897 536 1919; x_wconf 88' lang='lat' dir='ltr'><strong>senator</strong></span> <span class='ocrx_word' id='word_1_256' title='bbox 561 1896 587 1918; x_wconf 91' lang='lat' dir='ltr'><strong>et</strong></span> <span class='ocrx_word' id='word_1_257' title='bbox 609 1892 784 1926; x_wconf 74' lang='lat' dir='ltr'><strong>magistratus</strong></span> <span class='ocrx_word' id='word_1_258' title='bbox 802 1892 971 1927; x_wconf 81' lang='lat' dir='ltr'><strong>designatus,</strong></span> 
     </span>
    </p>
   </div>
   <div class='ocr_carea' id='block_1_41' title="bbox 184 1935 972 1972">
    <p class='ocr_par' dir='ltr' id='par_1_41' title="bbox 184 1935 972 1972">
     <span class='ocr_line' id='line_1_41' title="bbox 184 1935 972 1972; baseline 0.001 -8"><span class='ocrx_word' id='word_1_259' title='bbox 184 1937 232 1964; x_wconf 83' lang='lat' dir='ltr'><strong>sed</strong></span> <span class='ocrx_word' id='word_1_260' title='bbox 250 1938 275 1963; x_wconf 93' lang='lat' dir='ltr'><strong>in</strong></span> <span class='ocrx_word' id='word_1_261' title='bbox 293 1945 324 1964; x_wconf 83' lang='lat' dir='ltr'><strong>ea</strong></span> <span class='ocrx_word' id='word_1_262' title='bbox 342 1937 470 1964; x_wconf 82' lang='lat' dir='ltr'><strong>destinati</strong></span> <span class='ocrx_word' id='word_1_263' title='bbox 486 1937 510 1963; x_wconf 92' lang='lat' dir='ltr'><strong>ci</strong></span> <span class='ocrx_word' id='word_1_264' title='bbox 526 1935 605 1963; x_wconf 76' lang='lat' dir='ltr'><strong>ollicii</strong></span> <span class='ocrx_word' id='word_1_265' title='bbox 620 1944 755 1971; x_wconf 87' lang='lat' dir='ltr'><strong>occupare</strong></span> <span class='ocrx_word' id='word_1_266' title='bbox 771 1938 861 1964; x_wconf 87' lang='lat' dir='ltr'><strong>locum</strong></span> <span class='ocrx_word' id='word_1_267' title='bbox 874 1942 900 1964; x_wconf 89' lang='lat' dir='ltr'><strong>et</strong></span> <span class='ocrx_word' id='word_1_268' title='bbox 913 1938 972 1972; x_wconf 83' lang='lat' dir='ltr'><strong>ejus</strong></span> 
     </span>
    </p>
   </div>
   <div class='ocr_carea' id='block_1_42' title="bbox 185 1983 971 2018">
    <p class='ocr_par' dir='ltr' id='par_1_42' title="bbox 185 1983 971 2018">
     <span class='ocr_line' id='line_1_42' title="bbox 185 1983 971 2018; baseline -0.001 -8"><span class='ocrx_word' id='word_1_269' title='bbox 185 1984 339 2018; x_wconf 80' lang='lat' dir='ltr'><strong>insignibus</strong></span> <span class='ocrx_word' id='word_1_270' title='bbox 363 1991 431 2010; x_wconf 82' lang='lat' dir='ltr'><strong>orna</strong></span> <span class='ocrx_word' id='word_1_271' title='bbox 448 1991 479 2010; x_wconf 90' lang='lat' dir='ltr'><strong>us</strong></span> <span class='ocrx_word' id='word_1_272' title='bbox 498 1989 590 2016; x_wconf 63' lang='lat' dir='ltr'><strong>posset.</strong></span> <span class='ocrx_word' id='word_1_273' title='bbox 605 1983 739 2017; x_wconf 77' lang='lat' dir='ltr'><strong>conspici,</strong></span> <span class='ocrx_word' id='word_1_274' title='bbox 758 1983 971 2017; x_wconf 61' lang='lat' dir='ltr'><strong>praifestinanda</strong></span> 
     </span>
    </p>
   </div>
   <div class='ocr_carea' id='block_1_43' title="bbox 184 2029 972 2064">
    <p class='ocr_par' dir='ltr' id='par_1_43' title="bbox 184 2029 972 2064">
     <span class='ocr_line' id='line_1_43' title="bbox 184 2029 972 2064; baseline -0.001 -8"><span class='ocrx_word' id='word_1_275' title='bbox 184 2030 242 2057; x_wconf 87' lang='lat' dir='ltr'><strong>visa</strong></span> <span class='ocrx_word' id='word_1_276' title='bbox 254 2036 293 2057; x_wconf 88' lang='lat' dir='ltr'><strong>est</strong></span> <span class='ocrx_word' id='word_1_277' title='bbox 308 2030 443 2064; x_wconf 80' lang='lat' dir='ltr'><strong>professio</strong></span> <span class='ocrx_word' id='word_1_278' title='bbox 460 2029 641 2064; x_wconf 87' lang='lat' dir='ltr'><strong>subjectionis</strong></span> <span class='ocrx_word' id='word_1_279' title='bbox 656 2029 714 2064; x_wconf 83' lang='lat' dir='ltr'><strong>ejus</strong></span> <span class='ocrx_word' id='word_1_280' title='bbox 729 2030 762 2056; x_wconf 89' lang='lat' dir='ltr'><strong>ad</strong></span> <span class='ocrx_word' id='word_1_281' title='bbox 777 2029 972 2064; x_wconf 79' lang='lat' dir='ltr'><strong>imperatorem</strong></span> 
     </span>
    </p>
   </div>
   <div class='ocr_carea' id='block_1_44' title="bbox 183 2074 972 2110">
    <p class='ocr_par' dir='ltr' id='par_1_44' title="bbox 183 2074 972 2110">
     <span class='ocr_line' id='line_1_44' title="bbox 183 2074 972 2110; baseline 0 -9"><span class='ocrx_word' id='word_1_282' title='bbox 183 2075 364 2110; x_wconf 82' lang='lat' dir='ltr'><strong>jurejurando</strong></span> <span class='ocrx_word' id='word_1_283' title='bbox 381 2074 498 2107; x_wconf 83' lang='lat' dir='ltr'><strong>ﬁrmata,</strong></span> <span class='ocrx_word' id='word_1_284' title='bbox 514 2076 615 2109; x_wconf 78' lang='lat' dir='ltr'><strong>quippe</strong></span> <span class='ocrx_word' id='word_1_285' title='bbox 633 2083 694 2109; x_wconf 72' lang='lat' dir='ltr'><strong>qum</strong></span> <span class='ocrx_word' id='word_1_286' title='bbox 707 2075 740 2102; x_wconf 83' lang='lat' dir='ltr'><strong>ad</strong></span> <span class='ocrx_word' id='word_1_287' title='bbox 757 2075 802 2101; x_wconf 89' lang='lat' dir='ltr'><strong>illa</strong></span> <span class='ocrx_word' id='word_1_288' title='bbox 822 2083 883 2109; x_wconf 68' lang='lat' dir='ltr'><strong>qua:</strong></span> <span class='ocrx_word' id='word_1_289' title='bbox 899 2075 972 2101; x_wconf 84' lang='lat' dir='ltr'><strong>dicta</strong></span> 
     </span>
    </p>
   </div>
   <div class='ocr_carea' id='block_1_45' title="bbox 184 2121 972 2157">
    <p class='ocr_par' dir='ltr' id='par_1_45' title="bbox 184 2121 972 2157">
     <span class='ocr_line' id='line_1_45' title="bbox 184 2121 972 2157; baseline -0.001 -8"><span class='ocrx_word' id='word_1_290' title='bbox 184 2126 249 2149; x_wconf 85' lang='lat' dir='ltr'><strong>sunt</strong></span> <span class='ocrx_word' id='word_1_291' title='bbox 268 2126 342 2149; x_wconf 90' lang='lat' dir='ltr'><strong>esset</strong></span> <span class='ocrx_word' id='word_1_292' title='bbox 368 2122 524 2148; x_wconf 83' lang='lat' dir='ltr'><strong>necessaria</strong></span> <span class='ocrx_word' id='word_1_293' title='bbox 550 2122 723 2156; x_wconf 63' lang='lat' dir='ltr'><strong>praeparatio.</strong></span> <span class='ocrx_word' id='word_1_294' title='bbox 747 2121 801 2148; x_wconf 89' lang='lat' dir='ltr'><strong>Isto</strong></span> <span class='ocrx_word' id='word_1_295' title='bbox 816 2122 898 2157; x_wconf 79' lang='lat' dir='ltr'><strong>igitur</strong></span> <span class='ocrx_word' id='word_1_296' title='bbox 917 2122 972 2148; x_wconf 90' lang='lat' dir='ltr'><strong>ritu</strong></span> 
     </span>
    </p>
   </div>
   <div class='ocr_carea' id='block_1_46' title="bbox 185 2167 972 2202">
    <p class='ocr_par' dir='ltr' id='par_1_46' title="bbox 185 2167 972 2202">
     <span class='ocr_line' id='line_1_46' title="bbox 185 2167 972 2202; baseline 0 -8"><span class='ocrx_word' id='word_1_297' title='bbox 185 2168 285 2202; x_wconf 70' lang='lat' dir='ltr'><strong>praevio</strong></span> <span class='ocrx_word' id='word_1_298' title='bbox 302 2167 473 2202; x_wconf 76' lang='lat' dir='ltr'><strong>perfunctus,</strong></span> <span class='ocrx_word' id='word_1_299' title='bbox 492 2169 582 2194; x_wconf 81' lang='lat' dir='ltr'><strong>statim</strong></span> <span class='ocrx_word' id='word_1_300' title='bbox 596 2167 775 2202; x_wconf 71' lang='lat' dir='ltr'><strong>Mpyrigcrius</strong></span> <span class='ocrx_word' id='word_1_301' title='bbox 797 2168 972 2194; x_wconf 85' lang='lat' dir='ltr'><strong>renuntiatur</strong></span> 
     </span>
    </p>
   </div>
   <div class='ocr_carea' id='block_1_47' title="bbox 1019 236 1820 273">
    <p class='ocr_par' dir='ltr' id='par_1_47' title="bbox 1019 236 1820 273">
     <span class='ocr_line' id='line_1_47' title="bbox 1019 236 1820 273; baseline 0.004 -11"><span class='ocrx_word' id='word_1_302' title='bbox 1019 236 1110 267; x_wconf 69' lang='grc' dir='ltr'>›”υλος</span> <span class='ocrx_word' id='word_1_303' title='bbox 1127 237 1216 264; x_wconf 88' lang='grc' dir='ltr'>τοίνυν</span> <span class='ocrx_word' id='word_1_304' title='bbox 1232 237 1391 264; x_wconf 71' lang='grc' dir='ltr'>τούντεῦθεν</span> <span class='ocrx_word' id='word_1_305' title='bbox 1414 237 1612 271; x_wconf 79' lang='grc' dir='ltr'>προσκείμενος</span> <span class='ocrx_word' id='word_1_306' title='bbox 1643 238 1680 272; x_wconf 84' lang='grc' dir='ltr'><strong>τῷ</strong></span> <span class='ocrx_word' id='word_1_307' title='bbox 1708 238 1820 273; x_wconf 64' lang='grc' dir='ltr'>βασιλεῖ</span> 
     </span>
    </p>
   </div>
   <div class='ocr_carea' id='block_1_48' title="bbox 1028 282 1756 319">
    <p class='ocr_par' dir='ltr' id='par_1_48' title="bbox 1028 282 1756 319">
     <span class='ocr_line' id='line_1_48' title="bbox 1028 282 1756 319; baseline 0.003 -11"><span class='ocrx_word' id='word_1_308' title='bbox 1028 283 1074 308; x_wconf 68' lang='grc' dir='ltr'>καὶ</span> <span class='ocrx_word' id='word_1_309' title='bbox 1086 282 1119 309; x_wconf 86' lang='grc' dir='ltr'>τὰ</span> <span class='ocrx_word' id='word_1_310' title='bbox 1131 283 1227 318; x_wconf 84' lang='grc' dir='ltr'>πρῶτα</span> <span class='ocrx_word' id='word_1_311' title='bbox 1243 283 1297 310; x_wconf 83' lang='grc' dir='ltr'>τῶν</span> <span class='ocrx_word' id='word_1_312' title='bbox 1314 284 1488 319; x_wconf 67' lang='grc' dir='ltr'>βουληφόρων</span> <span class='ocrx_word' id='word_1_313' title='bbox 1501 285 1546 310; x_wconf 76' lang='grc' dir='ltr'><strong>καὶ</strong></span> <span class='ocrx_word' id='word_1_314' title='bbox 1563 283 1709 319; x_wconf 74' lang='grc' dir='ltr'>κράτιστον</span> <span class='ocrx_word' id='word_1_315' title='bbox 1722 283 1756 319; x_wconf 84' lang='grc' dir='ltr'><strong>ἦν</strong></span> 
     </span>
    </p>
   </div>
   <div class='ocr_carea' id='block_1_49' title="bbox 1028 339 1819 375">
    <p class='ocr_par' dir='ltr' id='par_1_49' title="bbox 1028 339 1819 375">
     <span class='ocr_line' id='line_1_49' title="bbox 1028 339 1819 375; baseline 0.003 -9"><span class='ocrx_word' id='word_1_316' title='bbox 1028 339 1071 375; x_wconf 81' lang='grc' dir='ltr'><strong>ιβ’.</strong></span> <span class='ocrx_word' id='word_1_317' title='bbox 1095 339 1198 374; x_wconf 78' lang='grc' dir='ltr'>Ὀρκοι</span> <span class='ocrx_word' id='word_1_318' title='bbox 1221 340 1273 367; x_wconf 73' lang='grc' dir='ltr'>τοῦ</span> <span class='ocrx_word' id='word_1_319' title='bbox 1297 340 1499 374; x_wconf 64' lang='grc' dir='ltr'>Μπυριγερίου</span> <span class='ocrx_word' id='word_1_320' title='bbox 1529 340 1634 371; x_wconf 79' lang='grc' dir='ltr'>Τέντζα</span> <span class='ocrx_word' id='word_1_321' title='bbox 1654 342 1704 368; x_wconf 75' lang='grc' dir='ltr'><strong>καὶ</strong></span> <span class='ocrx_word' id='word_1_322' title='bbox 1726 342 1819 374; x_wconf 80' lang='grc' dir='ltr'><strong>ἀξιώ-</strong></span> 
     </span>
    </p>
   </div>
   <div class='ocr_carea' id='block_1_50' title="bbox 1371 384 1461 409">
    <p class='ocr_par' dir='ltr' id='par_1_50' title="bbox 1371 384 1461 409">
     <span class='ocr_line' id='line_1_50' title="bbox 1371 384 1461 409; baseline 0.011 -7"><span class='ocrx_word' id='word_1_323' title='bbox 1371 384 1450 409; x_wconf 77' lang='grc' dir='ltr'>μιιτα</span> <span class='ocrx_word' id='word_1_324' title='bbox 1455 397 1461 403; x_wconf 87' lang='grc'><strong>.</strong></span> 
     </span>
    </p>
   </div>
   <div class='ocr_carea' id='block_1_51' title="bbox 1019 420 1817 462">
    <p class='ocr_par' dir='ltr' id='par_1_51' title="bbox 1019 420 1817 462">
     <span class='ocr_line' id='line_1_51' title="bbox 1019 420 1817 462; baseline 0.003 -15"><span class='ocrx_word' id='word_1_325' title='bbox 1019 458 1024 462; x_wconf 45' lang='grc'>.</span> <span class='ocrx_word' id='word_1_326' title='bbox 1063 420 1106 456; x_wconf 84' lang='grc' dir='ltr'><strong>[Ρ.</strong></span> <span class='ocrx_word' id='word_1_327' title='bbox 1123 421 1187 456; x_wconf 66' lang='grc' dir='ltr'><strong>54η</strong></span> <span class='ocrx_word' id='word_1_328' title='bbox 1207 421 1278 454; x_wconf 82' lang='grc' dir='ltr'><strong>Πλὴν</strong></span> <span class='ocrx_word' id='word_1_329' title='bbox 1294 421 1354 447; x_wconf 76' lang='grc' dir='ltr'>ὅσον</span> <span class='ocrx_word' id='word_1_330' title='bbox 1370 421 1425 448; x_wconf 87' lang='grc' dir='ltr'>τῶν</span> <span class='ocrx_word' id='word_1_331' title='bbox 1437 421 1491 448; x_wconf 77' lang='grc' dir='ltr'>ἀπὸ</span> <span class='ocrx_word' id='word_1_332' title='bbox 1502 421 1597 448; x_wconf 83' lang='grc' dir='ltr'>τούτου</span> <span class='ocrx_word' id='word_1_333' title='bbox 1619 422 1684 457; x_wconf 80' lang='grc' dir='ltr'>πρὸς</span> <span class='ocrx_word' id='word_1_334' title='bbox 1702 423 1817 457; x_wconf 78' lang='grc' dir='ltr'>βασιλέα</span> 
     </span>
    </p>
   </div>
   <div class='ocr_carea' id='block_1_52' title="bbox 1026 466 1815 502">
    <p class='ocr_par' dir='ltr' id='par_1_52' title="bbox 1026 466 1815 502">
     <span class='ocr_line' id='line_1_52' title="bbox 1026 466 1815 502; baseline 0.003 -10"><span class='ocrx_word' id='word_1_335' title='bbox 1026 466 1162 493; x_wconf 78' lang='grc' dir='ltr'>τελεῖσθαι</span> <span class='ocrx_word' id='word_1_336' title='bbox 1176 467 1330 501; x_wconf 79' lang='grc' dir='ltr'>μελλουσῶν</span> <span class='ocrx_word' id='word_1_337' title='bbox 1344 467 1522 502; x_wconf 71' lang='grc' dir='ltr'>ὁρκωμοσιῶν</span> <span class='ocrx_word' id='word_1_338' title='bbox 1549 468 1609 493; x_wconf 73' lang='grc' dir='ltr'>ἐπεί</span> <span class='ocrx_word' id='word_1_339' title='bbox 1627 469 1650 493; x_wconf 73' lang='lat' dir='ltr'><strong>oi</strong></span> <span class='ocrx_word' id='word_1_340' title='bbox 1668 469 1745 501; x_wconf 75' lang='grc' dir='ltr'>φίλον</span> <span class='ocrx_word' id='word_1_341' title='bbox 1762 468 1815 502; x_wconf 73' lang='grc' dir='ltr'><strong>μὲν</strong></span> 
     </span>
    </p>
   </div>
   <div class='ocr_carea' id='block_1_53' title="bbox 1027 512 1817 546">
    <p class='ocr_par' dir='ltr' id='par_1_53' title="bbox 1027 512 1817 546">
     <span class='ocr_line' id='line_1_53' title="bbox 1027 512 1817 546; baseline 0.003 -8"><span class='ocrx_word' id='word_1_342' title='bbox 1027 512 1075 538; x_wconf 80' lang='grc' dir='ltr'>τοῦ</span> <span class='ocrx_word' id='word_1_343' title='bbox 1089 512 1221 546; x_wconf 74' lang='grc' dir='ltr'>βασιλέως</span> <span class='ocrx_word' id='word_1_344' title='bbox 1235 513 1319 546; x_wconf 73' lang='grc' dir='ltr'>φίλων</span> <span class='ocrx_word' id='word_1_345' title='bbox 1333 513 1478 538; x_wconf 81' lang='grc' dir='ltr'>ἀντίπαλον</span> <span class='ocrx_word' id='word_1_346' title='bbox 1490 513 1518 539; x_wconf 79' lang='grc' dir='ltr'>δὲ</span> <span class='ocrx_word' id='word_1_347' title='bbox 1529 513 1581 539; x_wconf 84' lang='grc' dir='ltr'><strong>τῶν</strong></span> <span class='ocrx_word' id='word_1_348' title='bbox 1594 514 1757 546; x_wconf 76' lang='grc' dir='ltr'>ἀντιπάλων,</span> <span class='ocrx_word' id='word_1_349' title='bbox 1775 515 1817 546; x_wconf 81' lang='grc' dir='ltr'>ὡς</span> 
     </span>
    </p>
   </div>
   <div class='ocr_carea' id='block_1_54' title="bbox 1025 555 1818 592">
    <p class='ocr_par' dir='ltr' id='par_1_54' title="bbox 1025 555 1818 592">
     <span class='ocr_line' id='line_1_54' title="bbox 1025 555 1818 592; baseline 0.003 -8"><span class='ocrx_word' id='word_1_350' title='bbox 1025 558 1136 589; x_wconf 75' lang='grc' dir='ltr'>εἴθιστο,</span> <span class='ocrx_word' id='word_1_351' title='bbox 1145 559 1190 584; x_wconf 66' lang='grc' dir='ltr'><strong>καὶ</strong></span> <span class='ocrx_word' id='word_1_352' title='bbox 1200 555 1280 584; x_wconf 51' lang='lat' dir='ltr'><strong>iuth</strong></span> <span class='ocrx_word' id='word_1_353' title='bbox 1290 559 1404 592; x_wconf 79' lang='grc' dir='ltr'>ὀμνύναι</span> <span class='ocrx_word' id='word_1_354' title='bbox 1420 559 1612 588; x_wconf 67' lang='grc' dir='ltr'>καθίστασθαι,</span> <span class='ocrx_word' id='word_1_355' title='bbox 1623 561 1636 586; x_wconf 87' lang='grc' dir='ltr'>ὁ</span> <span class='ocrx_word' id='word_1_356' title='bbox 1655 559 1683 585; x_wconf 74' lang='grc' dir='ltr'><strong>δὲ</strong></span> <span class='ocrx_word' id='word_1_357' title='bbox 1695 563 1725 586; x_wconf 72' lang='grc' dir='ltr'><strong>τὸ</strong></span> <span class='ocrx_word' id='word_1_358' title='bbox 1737 560 1818 589; x_wconf 72' lang='grc' dir='ltr'>ευθὲς</span> 
     </span>
    </p>
   </div>
   <div class='ocr_carea' id='block_1_55' title="bbox 1025 605 1817 642">
    <p class='ocr_par' dir='ltr' id='par_1_55' title="bbox 1025 605 1817 642">
     <span class='ocr_line' id='line_1_55' title="bbox 1025 605 1817 642; baseline 0.003 -12"><span class='ocrx_word' id='word_1_359' title='bbox 1025 606 1074 638; x_wconf 70' lang='grc' dir='ltr'><strong>τῆς</strong></span> <span class='ocrx_word' id='word_1_360' title='bbox 1090 605 1201 639; x_wconf 78' lang='grc' dir='ltr'>γνώμης</span> <span class='ocrx_word' id='word_1_361' title='bbox 1216 605 1243 638; x_wconf 79' lang='grc' dir='ltr'>ἐξ</span> <span class='ocrx_word' id='word_1_362' title='bbox 1260 605 1346 640; x_wconf 82' lang='grc' dir='ltr'>ἀρχῆς</span> <span class='ocrx_word' id='word_1_363' title='bbox 1362 606 1440 640; x_wconf 79' lang='grc' dir='ltr'>δῆθεν</span> <span class='ocrx_word' id='word_1_364' title='bbox 1456 606 1765 641; x_wconf 74' lang='grc' dir='ltr'>ὑποκρινόμενος,δῆλο;</span> <span class='ocrx_word' id='word_1_365' title='bbox 1779 605 1817 642; x_wconf 84' lang='grc' dir='ltr'>ἦν</span> 
     </span>
    </p>
   </div>
   <div class='ocr_carea' id='block_1_56' title="bbox 1025 650 1817 686">
    <p class='ocr_par' dir='ltr' id='par_1_56' title="bbox 1025 650 1817 686">
     <span class='ocr_line' id='line_1_56' title="bbox 1025 650 1817 686; baseline 0.004 -10"><span class='ocrx_word' id='word_1_366' title='bbox 1025 650 1140 684; x_wconf 72' lang='grc' dir='ltr'>ἐξαιρῶν</span> <span class='ocrx_word' id='word_1_367' title='bbox 1149 651 1194 676; x_wconf 71' lang='grc' dir='ltr'><strong>τὺν</strong></span> <span class='ocrx_word' id='word_1_368' title='bbox 1206 651 1366 686; x_wconf 79' lang='grc' dir='ltr'>Θευδερίχον</span> <span class='ocrx_word' id='word_1_369' title='bbox 1376 651 1429 677; x_wconf 84' lang='grc' dir='ltr'>τῶν</span> <span class='ocrx_word' id='word_1_370' title='bbox 1443 651 1544 677; x_wconf 78' lang='grc' dir='ltr'>λοιπῶν</span> <span class='ocrx_word' id='word_1_371' title='bbox 1553 652 1701 686; x_wconf 67' lang='grc' dir='ltr'>πολεμίων·</span> <span class='ocrx_word' id='word_1_372' title='bbox 1713 653 1817 686; x_wconf 74' lang='grc' dir='ltr'>φθάσαι</span> 
     </span>
    </p>
   </div>
   <div class='ocr_carea' id='block_1_57' title="bbox 1025 695 1820 730">
    <p class='ocr_par' dir='ltr' id='par_1_57' title="bbox 1025 695 1820 730">
     <span class='ocr_line' id='line_1_57' title="bbox 1025 695 1820 730; baseline 0.001 -9"><span class='ocrx_word' id='word_1_373' title='bbox 1025 696 1080 730; x_wconf 72' lang='grc' dir='ltr'><strong>γὰρ</strong></span> <span class='ocrx_word' id='word_1_374' title='bbox 1091 697 1137 722; x_wconf 71' lang='grc' dir='ltr'><strong>καὶ</strong></span> <span class='ocrx_word' id='word_1_375' title='bbox 1147 695 1214 729; x_wconf 65' lang='grc' dir='ltr'>πρὸς</span> <span class='ocrx_word' id='word_1_376' title='bbox 1227 697 1329 723; x_wconf 77' lang='grc' dir='ltr'>ἐκεῖνον</span> <span class='ocrx_word' id='word_1_377' title='bbox 1344 696 1476 730; x_wconf 72' lang='grc' dir='ltr'>ὁρκώσεις</span> <span class='ocrx_word' id='word_1_378' title='bbox 1488 697 1589 730; x_wconf 77' lang='grc' dir='ltr'>πρᾶξαι</span> <span class='ocrx_word' id='word_1_379' title='bbox 1603 697 1650 723; x_wconf 70' lang='grc' dir='ltr'>καί</span> <span class='ocrx_word' id='word_1_380' title='bbox 1665 698 1689 722; x_wconf 77' lang='grc' dir='ltr'>οἱ</span> <span class='ocrx_word' id='word_1_381' title='bbox 1707 697 1820 723; x_wconf 79' lang='grc' dir='ltr'>δουλεῦ-</span> 
     </span>
    </p>
   </div>
   <div class='ocr_carea' id='block_1_58' title="bbox 1026 741 1819 776">
    <p class='ocr_par' dir='ltr' id='par_1_58' title="bbox 1026 741 1819 776">
     <span class='ocr_line' id='line_1_58' title="bbox 1026 741 1819 776; baseline 0.003 -10"><span class='ocrx_word' id='word_1_382' title='bbox 1026 749 1081 772; x_wconf 81' lang='grc' dir='ltr'>σαι,</span> <span class='ocrx_word' id='word_1_383' title='bbox 1108 741 1137 767; x_wconf 87' lang='grc' dir='ltr'><strong>ὂν</strong></span> <span class='ocrx_word' id='word_1_384' title='bbox 1157 741 1186 767; x_wconf 77' lang='grc' dir='ltr'><strong>οὐ</strong></span> <span class='ocrx_word' id='word_1_385' title='bbox 1213 741 1316 767; x_wconf 84' lang='grc' dir='ltr'>δίκα.ον</span> <span class='ocrx_word' id='word_1_386' title='bbox 1336 742 1420 776; x_wconf 70' lang='grc' dir='ltr'>μηδὲν</span> <span class='ocrx_word' id='word_1_387' title='bbox 1441 742 1494 768; x_wconf 83' lang='grc' dir='ltr'><strong>τῶν</strong></span> <span class='ocrx_word' id='word_1_388' title='bbox 1519 743 1708 776; x_wconf 82' lang='grc' dir='ltr'>συγκειμένων</span> <span class='ocrx_word' id='word_1_389' title='bbox 1724 742 1819 773; x_wconf 79' lang='grc' dir='ltr'>αὐτοῖς</span> 
     </span>
    </p>
   </div>
   <div class='ocr_carea' id='block_1_59' title="bbox 1024 786 1818 822">
    <p class='ocr_par' dir='ltr' id='par_1_59' title="bbox 1024 786 1818 822">
     <span class='ocr_line' id='line_1_59' title="bbox 1024 786 1818 822; baseline 0 -10"><span class='ocrx_word' id='word_1_390' title='bbox 1024 786 1194 821; x_wconf 77' lang='grc' dir='ltr'>ὰθετήσαντα</span> <span class='ocrx_word' id='word_1_391' title='bbox 1209 786 1289 818; x_wconf 76' lang='grc' dir='ltr'>εὐθὺς</span> <span class='ocrx_word' id='word_1_392' title='bbox 1304 788 1441 822; x_wconf 79' lang='grc' dir='ltr'>ἁπαρτᾷν,</span> <span class='ocrx_word' id='word_1_393' title='bbox 1455 787 1583 819; x_wconf 79' lang='grc' dir='ltr'>καθάπαξ</span> <span class='ocrx_word' id='word_1_394' title='bbox 1594 787 1647 813; x_wconf 79' lang='grc' dir='ltr'><strong>τῶν</strong></span> <span class='ocrx_word' id='word_1_395' title='bbox 1664 787 1749 822; x_wconf 84' lang='grc' dir='ltr'>φίλων</span> <span class='ocrx_word' id='word_1_396' title='bbox 1764 796 1818 821; x_wconf 70' lang='grc' dir='ltr'><strong>φα-</strong></span> 
     </span>
    </p>
   </div>
   <div class='ocr_carea' id='block_1_60' title="bbox 1024 831 1818 868">
    <p class='ocr_par' dir='ltr' id='par_1_60' title="bbox 1024 831 1818 868">
     <span class='ocr_line' id='line_1_60' title="bbox 1024 831 1818 868; baseline 0.005 -12"><span class='ocrx_word' id='word_1_397' title='bbox 1024 831 1102 857; x_wconf 76' lang='grc' dir='ltr'>νέντα</span> <span class='ocrx_word' id='word_1_398' title='bbox 1120 834 1166 857; x_wconf 75' lang='grc' dir='ltr'>καὶ</span> <span class='ocrx_word' id='word_1_399' title='bbox 1181 832 1329 858; x_wconf 73' lang='grc' dir='ltr'>δεσποτῶν.</span> <span class='ocrx_word' id='word_1_400' title='bbox 1348 833 1402 859; x_wconf 81' lang='grc' dir='ltr'>Καὶ</span> <span class='ocrx_word' id='word_1_401' title='bbox 1417 833 1461 860; x_wconf 76' lang='grc' dir='ltr'><strong>διὰ</strong></span> <span class='ocrx_word' id='word_1_402' title='bbox 1477 833 1554 860; x_wconf 72' lang='grc' dir='ltr'>ταῦτ’</span> <span class='ocrx_word' id='word_1_403' title='bbox 1571 834 1658 868; x_wconf 80' lang='grc' dir='ltr'>ἠξίου,</span> <span class='ocrx_word' id='word_1_404' title='bbox 1678 834 1762 860; x_wconf 77' lang='grc' dir='ltr'>αὑτοῦ</span> <span class='ocrx_word' id='word_1_405' title='bbox 1788 835 1818 868; x_wconf 77' lang='grc' dir='ltr'><strong>γ’</strong></span> 
     </span>
    </p>
   </div>
   <div class='ocr_carea' id='block_1_61' title="bbox 1025 877 1818 916">
    <p class='ocr_par' dir='ltr' id='par_1_61' title="bbox 1025 877 1818 916">
     <span class='ocr_line' id='line_1_61' title="bbox 1025 877 1818 916; baseline 0.005 -13"><span class='ocrx_word' id='word_1_406' title='bbox 1025 877 1213 912; x_wconf 71' lang='grc' dir='ltr'>ἐξαιρεθέντος</span> <span class='ocrx_word' id='word_1_407' title='bbox 1226 879 1272 904; x_wconf 71' lang='grc' dir='ltr'><strong>καὶ</strong></span> <span class='ocrx_word' id='word_1_408' title='bbox 1290 879 1380 913; x_wconf 77' lang='grc' dir='ltr'>μόνου,</span> <span class='ocrx_word' id='word_1_409' title='bbox 1394 880 1440 906; x_wconf 79' lang='grc' dir='ltr'>ἐπὶ</span> <span class='ocrx_word' id='word_1_410' title='bbox 1456 881 1510 912; x_wconf 81' lang='grc' dir='ltr'>τοῖς</span> <span class='ocrx_word' id='word_1_411' title='bbox 1527 881 1696 914; x_wconf 78' lang='grc' dir='ltr'>ὁπουδήποτε</span> <span class='ocrx_word' id='word_1_412' title='bbox 1708 880 1818 916; x_wconf 74' lang='grc' dir='ltr'>ἐχθροῖς</span> 
     </span>
    </p>
   </div>
   <div class='ocr_carea' id='block_1_62' title="bbox 1024 925 1817 962">
    <p class='ocr_par' dir='ltr' id='par_1_62' title="bbox 1024 925 1817 962">
     <span class='ocr_line' id='line_1_62' title="bbox 1024 925 1817 962; baseline 0.004 -11"><span class='ocrx_word' id='word_1_413' title='bbox 1024 933 1053 951; x_wconf 84' lang='grc' dir='ltr'><strong>τε</strong></span> <span class='ocrx_word' id='word_1_414' title='bbox 1064 927 1109 951; x_wconf 70' lang='grc' dir='ltr'><strong>καὶ</strong></span> <span class='ocrx_word' id='word_1_415' title='bbox 1121 925 1208 958; x_wconf 75' lang='grc' dir='ltr'>φίλοις</span> <span class='ocrx_word' id='word_1_416' title='bbox 1222 927 1284 957; x_wconf 76' lang='grc' dir='ltr'>τοὺς</span> <span class='ocrx_word' id='word_1_417' title='bbox 1298 926 1396 961; x_wconf 80' lang='grc' dir='ltr'>ὅρκους</span> <span class='ocrx_word' id='word_1_418' title='bbox 1413 927 1579 960; x_wconf 79' lang='grc' dir='ltr'>προϐαίνειν.</span> <span class='ocrx_word' id='word_1_419' title='bbox 1590 927 1669 954; x_wconf 80' lang='grc' dir='ltr'>Τοῦτ’</span> <span class='ocrx_word' id='word_1_420' title='bbox 1681 928 1754 959; x_wconf 71' lang='grc' dir='ltr'>ἔδοξε</span> <span class='ocrx_word' id='word_1_421' title='bbox 1765 928 1817 962; x_wconf 81' lang='grc' dir='ltr'>μὲν</span> 
     </span>
    </p>
   </div>
   <div class='ocr_carea' id='block_1_63' title="bbox 1025 971 1816 1009">
    <p class='ocr_par' dir='ltr' id='par_1_63' title="bbox 1025 971 1816 1009">
     <span class='ocr_line' id='line_1_63' title="bbox 1025 971 1816 1009; baseline 0.004 -13"><span class='ocrx_word' id='word_1_422' title='bbox 1025 971 1098 1004; x_wconf 81' lang='grc' dir='ltr'>ἔχειν</span> <span class='ocrx_word' id='word_1_423' title='bbox 1115 971 1160 996; x_wconf 85' lang='grc' dir='ltr'><strong>καί</strong></span> <span class='ocrx_word' id='word_1_424' title='bbox 1176 979 1201 998; x_wconf 89' lang='grc' dir='ltr'><strong>τι</strong></span> <span class='ocrx_word' id='word_1_425' title='bbox 1218 971 1378 1007; x_wconf 81' lang='grc' dir='ltr'>βαθύτερον,</span> <span class='ocrx_word' id='word_1_426' title='bbox 1394 973 1432 1004; x_wconf 87' lang='grc' dir='ltr'>ὠς</span> <span class='ocrx_word' id='word_1_427' title='bbox 1445 974 1542 1008; x_wconf 73' lang='grc' dir='ltr'>ἐκείνῳ</span> <span class='ocrx_word' id='word_1_428' title='bbox 1554 975 1753 1009; x_wconf 76' lang='grc' dir='ltr'>προσκειμένου</span> <span class='ocrx_word' id='word_1_429' title='bbox 1767 973 1816 999; x_wconf 79' lang='grc' dir='ltr'>τοῦ</span> 
     </span>
    </p>
   </div>
   <div class='ocr_carea' id='block_1_64' title="bbox 1024 1017 1814 1053">
    <p class='ocr_par' dir='ltr' id='par_1_64' title="bbox 1024 1017 1814 1053">
     <span class='ocr_line' id='line_1_64' title="bbox 1024 1017 1814 1053; baseline 0.003 -11"><span class='ocrx_word' id='word_1_430' title='bbox 1024 1017 1086 1047; x_wconf 76' lang='grc' dir='ltr'>τοὺς</span> <span class='ocrx_word' id='word_1_431' title='bbox 1098 1017 1198 1048; x_wconf 63' lang='grc' dir='ltr'>ὅρκους</span> <span class='ocrx_word' id='word_1_432' title='bbox 1213 1018 1422 1053; x_wconf 75' lang='grc' dir='ltr'>άπαιτουμένου,</span> <span class='ocrx_word' id='word_1_433' title='bbox 1444 1019 1516 1051; x_wconf 77' lang='grc' dir='ltr'>ἔδοξε</span> <span class='ocrx_word' id='word_1_434' title='bbox 1539 1019 1566 1045; x_wconf 85' lang='grc' dir='ltr'><strong>δὲ</strong></span> <span class='ocrx_word' id='word_1_435' title='bbox 1590 1020 1636 1046; x_wconf 79' lang='grc' dir='ltr'>καὶ</span> <span class='ocrx_word' id='word_1_436' title='bbox 1668 1020 1737 1046; x_wconf 83' lang='grc' dir='ltr'><strong>κατά</strong></span> <span class='ocrx_word' id='word_1_437' title='bbox 1753 1028 1814 1045; x_wconf 85' lang='grc' dir='ltr'>τινα</span> 
     </span>
    </p>
   </div>
   <div class='ocr_carea' id='block_1_65' title="bbox 1025 1062 1817 1102">
    <p class='ocr_par' dir='ltr' id='par_1_65' title="bbox 1025 1062 1817 1102">
     <span class='ocr_line' id='line_1_65' title="bbox 1025 1062 1817 1102; baseline 0.005 -14"><span class='ocrx_word' id='word_1_438' title='bbox 1025 1062 1112 1097; x_wconf 81' lang='grc' dir='ltr'>θήραν</span> <span class='ocrx_word' id='word_1_439' title='bbox 1122 1063 1243 1095; x_wconf 62' lang='grc' dir='ltr'>εᾷδοξὶας</span> <span class='ocrx_word' id='word_1_440' title='bbox 1256 1064 1391 1098; x_wconf 86' lang='grc' dir='ltr'>γίνεσθαι,</span> <span class='ocrx_word' id='word_1_441' title='bbox 1409 1066 1455 1091; x_wconf 75' lang='grc' dir='ltr'>καὶ</span> <span class='ocrx_word' id='word_1_442' title='bbox 1474 1066 1591 1100; x_wconf 80' lang='grc' dir='ltr'>μάλιστα</span> <span class='ocrx_word' id='word_1_443' title='bbox 1604 1066 1653 1102; x_wconf 84' lang='grc' dir='ltr'>τὴν</span> <span class='ocrx_word' id='word_1_444' title='bbox 1680 1066 1747 1101; x_wconf 69' lang='grc' dir='ltr'>πρὸς</span> <span class='ocrx_word' id='word_1_445' title='bbox 1765 1066 1817 1100; x_wconf 84' lang='grc' dir='ltr'><strong>βα-</strong></span> 
     </span>
    </p>
   </div>
   <div class='ocr_carea' id='block_1_66' title="bbox 1026 1109 1816 1146">
    <p class='ocr_par' dir='ltr' id='par_1_66' title="bbox 1026 1109 1816 1146">
     <span class='ocr_line' id='line_1_66' title="bbox 1026 1109 1816 1146; baseline 0.005 -12"><span class='ocrx_word' id='word_1_446' title='bbox 1026 1109 1132 1141; x_wconf 79' lang='grc' dir='ltr'>σιλέως,</span> <span class='ocrx_word' id='word_1_447' title='bbox 1146 1109 1183 1140; x_wconf 86' lang='grc' dir='ltr'>ὠς</span> <span class='ocrx_word' id='word_1_448' title='bbox 1197 1111 1302 1136; x_wconf 76' lang='grc' dir='ltr'>ἐκείνου</span> <span class='ocrx_word' id='word_1_449' title='bbox 1317 1112 1364 1136; x_wconf 83' lang='grc' dir='ltr'>καὶ</span> <span class='ocrx_word' id='word_1_450' title='bbox 1380 1111 1453 1145; x_wconf 60' lang='grc' dir='ltr'>μάλα</span> <span class='ocrx_word' id='word_1_451' title='bbox 1465 1111 1494 1137; x_wconf 84' lang='grc' dir='ltr'>τὸ</span> <span class='ocrx_word' id='word_1_452' title='bbox 1522 1111 1648 1138; x_wconf 77' lang='grc' dir='ltr'>πλεῖστον</span> <span class='ocrx_word' id='word_1_453' title='bbox 1681 1112 1816 1146; x_wconf 72' lang='grc' dir='ltr'>φυλαττο-</span> 
     </span>
    </p>
   </div>
   <div class='ocr_carea' id='block_1_67' title="bbox 1026 1154 1811 1190">
    <p class='ocr_par' dir='ltr' id='par_1_67' title="bbox 1026 1154 1811 1190">
     <span class='ocr_line' id='line_1_67' title="bbox 1026 1154 1811 1190; baseline 0.003 -10"><span class='ocrx_word' id='word_1_454' title='bbox 1026 1154 1107 1188; x_wconf 87' lang='grc' dir='ltr'>μένου</span> <span class='ocrx_word' id='word_1_455' title='bbox 1129 1154 1158 1180; x_wconf 80' lang='grc' dir='ltr'>τδ</span> <span class='ocrx_word' id='word_1_456' title='bbox 1169 1155 1237 1188; x_wconf 73' lang='grc' dir='ltr'>πρὸς</span> <span class='ocrx_word' id='word_1_457' title='bbox 1253 1155 1317 1186; x_wconf 80' lang='grc' dir='ltr'>τοὺς</span> <span class='ocrx_word' id='word_1_458' title='bbox 1329 1155 1428 1190; x_wconf 74' lang='grc' dir='ltr'>ὅρκους</span> <span class='ocrx_word' id='word_1_459' title='bbox 1440 1155 1559 1190; x_wconf 73' lang='grc' dir='ltr'>ἕτοιμον,</span> <span class='ocrx_word' id='word_1_460' title='bbox 1576 1155 1646 1182; x_wconf 79' lang='grc' dir='ltr'>ὥστε</span> <span class='ocrx_word' id='word_1_461' title='bbox 1659 1156 1706 1182; x_wconf 76' lang='grc' dir='ltr'>καὶ</span> <span class='ocrx_word' id='word_1_462' title='bbox 1721 1156 1811 1189; x_wconf 75' lang='grc' dir='ltr'>ἀσφα-</span> 
     </span>
    </p>
   </div>
   <div class='ocr_carea' id='block_1_68' title="bbox 1025 1200 1814 1237">
    <p class='ocr_par' dir='ltr' id='par_1_68' title="bbox 1025 1200 1814 1237">
     <span class='ocr_line' id='line_1_68' title="bbox 1025 1200 1814 1237; baseline 0.004 -12"><span class='ocrx_word' id='word_1_463' title='bbox 1025 1200 1080 1231; x_wconf 79' lang='grc' dir='ltr'>λεῖς</span> <span class='ocrx_word' id='word_1_464' title='bbox 1093 1201 1292 1236; x_wconf 83' lang='grc' dir='ltr'>προσίστασθαι</span> <span class='ocrx_word' id='word_1_465' title='bbox 1306 1202 1368 1232; x_wconf 62' lang='grc' dir='ltr'>τοῦς</span> <span class='ocrx_word' id='word_1_466' title='bbox 1382 1201 1524 1237; x_wconf 78' lang='grc' dir='ltr'>δευτέρους</span> <span class='ocrx_word' id='word_1_467' title='bbox 1535 1202 1623 1228; x_wconf 81' lang='grc' dir='ltr'>δοκεῖν</span> <span class='ocrx_word' id='word_1_468' title='bbox 1633 1201 1677 1228; x_wconf 79' lang='grc' dir='ltr'><strong>διὰ</strong></span> <span class='ocrx_word' id='word_1_469' title='bbox 1689 1201 1719 1228; x_wconf 84' lang='grc' dir='ltr'>τὸ</span> <span class='ocrx_word' id='word_1_470' title='bbox 1731 1204 1814 1237; x_wconf 81' lang='grc' dir='ltr'>στερ-</span> 
     </span>
    </p>
   </div>
   <div class='ocr_carea' id='block_1_69' title="bbox 1025 1291 1811 1328">
    <p class='ocr_par' dir='ltr' id='par_1_69' title="bbox 1025 1291 1811 1328">
     <span class='ocr_line' id='line_1_69' title="bbox 1025 1291 1811 1328; baseline 0.003 -10"><span class='ocrx_word' id='word_1_471' title='bbox 1025 1291 1184 1326; x_wconf 73' lang='lat' dir='ltr'><strong>dignitatem</strong></span> <span class='ocrx_word' id='word_1_472' title='bbox 1200 1300 1215 1319; x_wconf 77' lang='grc' dir='ltr'><strong>ο</strong></span> <span class='ocrx_word' id='word_1_473' title='bbox 1230 1300 1311 1319; x_wconf 84' lang='lat' dir='ltr'><strong>manu</strong></span> <span class='ocrx_word' id='word_1_474' title='bbox 1326 1293 1504 1327; x_wconf 84' lang='lat' dir='ltr'><strong>imperatoris</strong></span> <span class='ocrx_word' id='word_1_475' title='bbox 1522 1297 1697 1328; x_wconf 88' lang='lat' dir='ltr'><strong>acceperunt,</strong></span> <span class='ocrx_word' id='word_1_476' title='bbox 1713 1301 1811 1322; x_wconf 86' lang='lat' dir='ltr'><strong>omnes</strong></span> 
     </span>
    </p>
   </div>
   <div class='ocr_carea' id='block_1_70' title="bbox 1025 1338 1811 1375">
    <p class='ocr_par' dir='ltr' id='par_1_70' title="bbox 1025 1338 1811 1375">
     <span class='ocr_line' id='line_1_70' title="bbox 1025 1338 1811 1375; baseline 0.004 -11"><span class='ocrx_word' id='word_1_477' title='bbox 1025 1339 1059 1364; x_wconf 86' lang='lat' dir='ltr'><strong>ab</strong></span> <span class='ocrx_word' id='word_1_478' title='bbox 1072 1345 1105 1364; x_wconf 89' lang='lat' dir='ltr'><strong>eo</strong></span> <span class='ocrx_word' id='word_1_479' title='bbox 1120 1338 1264 1373; x_wconf 78' lang='lat' dir='ltr'><strong>magnifice</strong></span> <span class='ocrx_word' id='word_1_480' title='bbox 1278 1339 1425 1367; x_wconf 84' lang='lat' dir='ltr'><strong>munerati.</strong></span> <span class='ocrx_word' id='word_1_481' title='bbox 1439 1339 1522 1375; x_wconf 67' lang='grc'><strong>499</strong></span> <span class='ocrx_word' id='word_1_482' title='bbox 1532 1339 1598 1366; x_wconf 88' lang='lat' dir='ltr'><strong>inde</strong></span> <span class='ocrx_word' id='word_1_483' title='bbox 1611 1344 1682 1366; x_wconf 88' lang='lat' dir='ltr'><strong>totus</strong></span> <span class='ocrx_word' id='word_1_484' title='bbox 1697 1340 1811 1367; x_wconf 89' lang='lat' dir='ltr'><strong>intimus</strong></span> 
     </span>
    </p>
   </div>
   <div class='ocr_carea' id='block_1_71' title="bbox 1025 1383 1811 1421">
    <p class='ocr_par' dir='ltr' id='par_1_71' title="bbox 1025 1383 1811 1421">
     <span class='ocr_line' id='line_1_71' title="bbox 1025 1383 1811 1421; baseline 0.003 -11"><span class='ocrx_word' id='word_1_485' title='bbox 1025 1383 1219 1418; x_wconf 85' lang='lat' dir='ltr'><strong>iudivulseque</strong></span> <span class='ocrx_word' id='word_1_486' title='bbox 1230 1385 1358 1413; x_wconf 84' lang='lat' dir='ltr'><strong>assiduus</strong></span> <span class='ocrx_word' id='word_1_487' title='bbox 1368 1385 1527 1420; x_wconf 85' lang='lat' dir='ltr'><strong>imperatori</strong></span> <span class='ocrx_word' id='word_1_488' title='bbox 1541 1394 1628 1412; x_wconf 87' lang='lat' dir='ltr'><strong>novus</strong></span> <span class='ocrx_word' id='word_1_489' title='bbox 1640 1386 1684 1413; x_wconf 83' lang='lat' dir='ltr'><strong>hic</strong></span> <span class='ocrx_word' id='word_1_490' title='bbox 1696 1393 1811 1421; x_wconf 78' lang='lat' dir='ltr'><strong>magnus</strong></span> 
     </span>
    </p>
   </div>
   <div class='ocr_carea' id='block_1_72' title="bbox 1025 1431 1812 1467">
    <p class='ocr_par' dir='ltr' id='par_1_72' title="bbox 1025 1431 1812 1467">
     <span class='ocr_line' id='line_1_72' title="bbox 1025 1431 1812 1467; baseline 0.003 -10"><span class='ocrx_word' id='word_1_491' title='bbox 1025 1431 1080 1457; x_wconf 81' lang='lat' dir='ltr'><strong>dux</strong></span> <span class='ocrx_word' id='word_1_492' title='bbox 1094 1432 1211 1464; x_wconf 86' lang='lat' dir='ltr'><strong>primam</strong></span> <span class='ocrx_word' id='word_1_493' title='bbox 1228 1433 1449 1467; x_wconf 73' lang='lat' dir='ltr'><strong>praecipuamque</strong></span> <span class='ocrx_word' id='word_1_494' title='bbox 1474 1434 1663 1461; x_wconf 82' lang='lat' dir='ltr'><strong>auctoritatem</strong></span> <span class='ocrx_word' id='word_1_495' title='bbox 1678 1433 1704 1460; x_wconf 93' lang='lat' dir='ltr'><strong>iu</strong></span> <span class='ocrx_word' id='word_1_496' title='bbox 1720 1434 1812 1460; x_wconf 81' lang='lat' dir='ltr'><strong>cousi-</strong></span> 
     </span>
    </p>
   </div>
   <div class='ocr_carea' id='block_1_73' title="bbox 1024 1476 1215 1505">
    <p class='ocr_par' dir='ltr' id='par_1_73' title="bbox 1024 1476 1215 1505">
     <span class='ocr_line' id='line_1_73' title="bbox 1024 1476 1215 1505; baseline 0.01 -2"><span class='ocrx_word' id='word_1_497' title='bbox 1024 1476 1069 1503; x_wconf 86' lang='lat' dir='ltr'><strong>liis</strong></span> <span class='ocrx_word' id='word_1_498' title='bbox 1085 1477 1215 1505; x_wconf 74' lang='lat' dir='ltr'><strong>habebat.</strong></span> 
     </span>
    </p>
   </div>
   <div class='ocr_carea' id='block_1_74' title="bbox 1059 1542 1773 1580">
    <p class='ocr_par' dir='ltr' id='par_1_74' title="bbox 1059 1542 1773 1580">
     <span class='ocr_line' id='line_1_74' title="bbox 1059 1542 1773 1580; baseline 0.007 -12"><span class='ocrx_word' id='word_1_499' title='bbox 1059 1543 1102 1569; x_wconf 67' lang='lat'><strong>1‘2.</strong></span> <span class='ocrx_word' id='word_1_500' title='bbox 1118 1542 1275 1570; x_wconf 82' lang='lat' dir='ltr'><strong>Juramenm</strong></span> <span class='ocrx_word' id='word_1_501' title='bbox 1292 1543 1448 1580; x_wconf 75' lang='lat' dir='ltr'><strong>JIpyrigerii</strong></span> <span class='ocrx_word' id='word_1_502' title='bbox 1468 1544 1572 1573; x_wconf 68' lang='lat' dir='ltr'><strong>Teuma</strong></span> <span class='ocrx_word' id='word_1_503' title='bbox 1585 1551 1608 1572; x_wconf 83' lang='lat' dir='ltr'><strong>et</strong></span> <span class='ocrx_word' id='word_1_504' title='bbox 1623 1546 1773 1580; x_wconf 66' lang='lat' dir='ltr'><strong>dignitates.</strong></span> 
     </span>
    </p>
   </div>
   <div class='ocr_carea' id='block_1_75' title="bbox 1057 1614 1810 1650">
    <p class='ocr_par' dir='ltr' id='par_1_75' title="bbox 1057 1614 1810 1650">
     <span class='ocr_line' id='line_1_75' title="bbox 1057 1614 1810 1650; baseline 0.005 -10"><span class='ocrx_word' id='word_1_505' title='bbox 1057 1614 1191 1641; x_wconf 62' lang='lat' dir='ltr'><strong>Caeterum</strong></span> <span class='ocrx_word' id='word_1_506' title='bbox 1215 1621 1276 1641; x_wconf 89' lang='lat' dir='ltr'><strong>cutn</strong></span> <span class='ocrx_word' id='word_1_507' title='bbox 1296 1620 1358 1649; x_wconf 87' lang='lat' dir='ltr'><strong>post</strong></span> <span class='ocrx_word' id='word_1_508' title='bbox 1374 1614 1449 1642; x_wconf 84' lang='lat' dir='ltr'><strong>illam</strong></span> <span class='ocrx_word' id='word_1_509' title='bbox 1465 1623 1545 1650; x_wconf 82' lang='lat' dir='ltr'><strong>quain</strong></span> <span class='ocrx_word' id='word_1_510' title='bbox 1567 1615 1621 1642; x_wconf 86' lang='lat' dir='ltr'><strong>dixi</strong></span> <span class='ocrx_word' id='word_1_511' title='bbox 1641 1616 1731 1643; x_wconf 87' lang='lat' dir='ltr'><strong>obiter</strong></span> <span class='ocrx_word' id='word_1_512' title='bbox 1747 1616 1810 1645; x_wconf 79' lang='lat' dir='ltr'><strong>festi</strong></span> 
     </span>
    </p>
   </div>
   <div class='ocr_carea' id='block_1_76' title="bbox 1022 1660 1810 1695">
    <p class='ocr_par' dir='ltr' id='par_1_76' title="bbox 1022 1660 1810 1695">
     <span class='ocr_line' id='line_1_76' title="bbox 1022 1660 1810 1695; baseline 0.001 -8"><span class='ocrx_word' id='word_1_513' title='bbox 1022 1667 1105 1688; x_wconf 81' lang='lat' dir='ltr'><strong>causa</strong></span> <span class='ocrx_word' id='word_1_514' title='bbox 1132 1660 1260 1687; x_wconf 85' lang='lat' dir='ltr'><strong>instantis</strong></span> <span class='ocrx_word' id='word_1_515' title='bbox 1278 1660 1486 1695; x_wconf 86' lang='lat' dir='ltr'><strong>deproperatam</strong></span> <span class='ocrx_word' id='word_1_516' title='bbox 1506 1660 1704 1695; x_wconf 77' lang='lat' dir='ltr'><strong>professionem</strong></span> <span class='ocrx_word' id='word_1_517' title='bbox 1725 1662 1810 1689; x_wconf 85' lang='lat' dir='ltr'><strong>tideli-</strong></span> 
     </span>
    </p>
   </div>
   <div class='ocr_carea' id='block_1_77' title="bbox 1023 1706 1812 1741">
    <p class='ocr_par' dir='ltr' id='par_1_77' title="bbox 1023 1706 1812 1741">
     <span class='ocr_line' id='line_1_77' title="bbox 1023 1706 1812 1741; baseline 0.003 -10"><span class='ocrx_word' id='word_1_518' title='bbox 1023 1706 1098 1736; x_wconf 90' lang='lat' dir='ltr'><strong>tatis,</strong></span> <span class='ocrx_word' id='word_1_519' title='bbox 1113 1709 1251 1740; x_wconf 85' lang='lat' dir='ltr'><strong>oporteret</strong></span> <span class='ocrx_word' id='word_1_520' title='bbox 1269 1714 1300 1732; x_wconf 85' lang='lat' dir='ltr'><strong>ex</strong></span> <span class='ocrx_word' id='word_1_521' title='bbox 1318 1713 1393 1732; x_wconf 85' lang='lat' dir='ltr'><strong>more</strong></span> <span class='ocrx_word' id='word_1_522' title='bbox 1406 1707 1530 1741; x_wconf 80' lang='lat' dir='ltr'><strong>qtnedam</strong></span> <span class='ocrx_word' id='word_1_523' title='bbox 1547 1711 1636 1741; x_wconf 78' lang='lat' dir='ltr'><strong>capita</strong></span> <span class='ocrx_word' id='word_1_524' title='bbox 1651 1708 1812 1734; x_wconf 84' lang='lat' dir='ltr'><strong>distinctius</strong></span> 
     </span>
    </p>
   </div>
   <div class='ocr_carea' id='block_1_78' title="bbox 1022 1751 1812 1788">
    <p class='ocr_par' dir='ltr' id='par_1_78' title="bbox 1022 1751 1812 1788">
     <span class='ocr_line' id='line_1_78' title="bbox 1022 1751 1812 1788; baseline 0.003 -10"><span class='ocrx_word' id='word_1_525' title='bbox 1022 1751 1176 1785; x_wconf 82' lang='lat' dir='ltr'><strong>exprimere</strong></span> <span class='ocrx_word' id='word_1_526' title='bbox 1198 1752 1329 1786; x_wconf 87' lang='lat' dir='ltr'><strong>jurando,</strong></span> <span class='ocrx_word' id='word_1_527' title='bbox 1355 1752 1399 1778; x_wconf 88' lang='lat' dir='ltr'><strong>ubi</strong></span> <span class='ocrx_word' id='word_1_528' title='bbox 1427 1758 1537 1779; x_wconf 83' lang='lat' dir='ltr'><strong>ventum</strong></span> <span class='ocrx_word' id='word_1_529' title='bbox 1561 1753 1595 1780; x_wconf 86' lang='lat' dir='ltr'><strong>ad</strong></span> <span class='ocrx_word' id='word_1_530' title='bbox 1613 1753 1679 1780; x_wconf 85' lang='lat' dir='ltr'><strong>illud</strong></span> <span class='ocrx_word' id='word_1_531' title='bbox 1699 1758 1739 1780; x_wconf 88' lang='lat' dir='ltr'><strong>est</strong></span> <span class='ocrx_word' id='word_1_532' title='bbox 1756 1761 1812 1788; x_wconf 79' lang='lat' dir='ltr'><strong>quo</strong></span> 
     </span>
    </p>
   </div>
   <div class='ocr_carea' id='block_1_79' title="bbox 1023 1796 1812 1832">
    <p class='ocr_par' dir='ltr' id='par_1_79' title="bbox 1023 1796 1812 1832">
     <span class='ocr_line' id='line_1_79' title="bbox 1023 1796 1812 1832; baseline 0.006 -10"><span class='ocrx_word' id='word_1_533' title='bbox 1023 1796 1185 1830; x_wconf 77' lang='lat' dir='ltr'><strong>exigebatur</strong></span> <span class='ocrx_word' id='word_1_534' title='bbox 1200 1803 1214 1823; x_wconf 88' lang='lat' dir='ltr'><strong>a</strong></span> <span class='ocrx_word' id='word_1_535' title='bbox 1231 1796 1394 1831; x_wconf 71' lang='lat' dir='ltr'><strong>Mpyrigcrio</strong></span> <span class='ocrx_word' id='word_1_536' title='bbox 1414 1802 1443 1824; x_wconf 82' lang='grc' dir='ltr'><strong>ιιι</strong></span> <span class='ocrx_word' id='word_1_537' title='bbox 1462 1798 1573 1832; x_wconf 87' lang='lat' dir='ltr'><strong>juratus</strong></span> <span class='ocrx_word' id='word_1_538' title='bbox 1589 1799 1737 1832; x_wconf 85' lang='lat' dir='ltr'><strong>sponderet</strong></span> <span class='ocrx_word' id='word_1_539' title='bbox 1750 1807 1812 1827; x_wconf 81' lang='lat' dir='ltr'><strong>eus-</strong></span> 
     </span>
    </p>
   </div>
   <div class='ocr_carea' id='block_1_80' title="bbox 1022 1841 1809 1876">
    <p class='ocr_par' dir='ltr' id='par_1_80' title="bbox 1022 1841 1809 1876">
     <span class='ocr_line' id='line_1_80' title="bbox 1022 1841 1809 1876; baseline 0.004 -8"><span class='ocrx_word' id='word_1_540' title='bbox 1022 1841 1084 1868; x_wconf 88' lang='lat' dir='ltr'><strong>detu</strong></span> <span class='ocrx_word' id='word_1_541' title='bbox 1100 1849 1129 1868; x_wconf 90' lang='lat' dir='ltr'><strong>se</strong></span> <span class='ocrx_word' id='word_1_542' title='bbox 1140 1849 1202 1868; x_wconf 91' lang='lat' dir='ltr'><strong>cum</strong></span> <span class='ocrx_word' id='word_1_543' title='bbox 1216 1842 1385 1876; x_wconf 89' lang='lat' dir='ltr'><strong>imperatore</strong></span> <span class='ocrx_word' id='word_1_544' title='bbox 1400 1844 1504 1870; x_wconf 86' lang='lat' dir='ltr'><strong>amicos</strong></span> <span class='ocrx_word' id='word_1_545' title='bbox 1519 1843 1689 1876; x_wconf 84' lang='lat' dir='ltr'><strong>habiturum,</strong></span> <span class='ocrx_word' id='word_1_546' title='bbox 1702 1845 1809 1871; x_wconf 72' lang='lat' dir='ltr'><strong>eesdem</strong></span> 
     </span>
    </p>
   </div>
   <div class='ocr_carea' id='block_1_81' title="bbox 1024 1886 1811 1924">
    <p class='ocr_par' dir='ltr' id='par_1_81' title="bbox 1024 1886 1811 1924">
     <span class='ocr_line' id='line_1_81' title="bbox 1024 1886 1811 1924; baseline 0.004 -11"><span class='ocrx_word' id='word_1_547' title='bbox 1024 1886 1128 1920; x_wconf 69' lang='lat' dir='ltr'><strong>hostes,</strong></span> <span class='ocrx_word' id='word_1_548' title='bbox 1159 1887 1237 1913; x_wconf 76' lang='lat' dir='ltr'><strong>ltzesit</strong></span> <span class='ocrx_word' id='word_1_549' title='bbox 1263 1887 1318 1921; x_wconf 79' lang='lat' dir='ltr'><strong>ille,</strong></span> <span class='ocrx_word' id='word_1_550' title='bbox 1343 1887 1484 1923; x_wconf 79' lang='lat' dir='ltr'><strong>libereque</strong></span> <span class='ocrx_word' id='word_1_551' title='bbox 1501 1889 1654 1924; x_wconf 83' lang='lat' dir='ltr'><strong>respondit,</strong></span> <span class='ocrx_word' id='word_1_552' title='bbox 1677 1890 1755 1924; x_wconf 83' lang='lat' dir='ltr'><strong>quasi</strong></span> <span class='ocrx_word' id='word_1_553' title='bbox 1777 1889 1811 1916; x_wconf 83' lang='lat' dir='ltr'><strong>ad</strong></span> 
     </span>
    </p>
   </div>
   <div class='ocr_carea' id='block_1_82' title="bbox 1023 1934 1808 1971">
    <p class='ocr_par' dir='ltr' id='par_1_82' title="bbox 1023 1934 1808 1971">
     <span class='ocr_line' id='line_1_82' title="bbox 1023 1934 1808 1971; baseline 0.006 -12"><span class='ocrx_word' id='word_1_554' title='bbox 1023 1937 1129 1961; x_wconf 88' lang='lat' dir='ltr'><strong>tnature</strong></span> <span class='ocrx_word' id='word_1_555' title='bbox 1147 1934 1267 1961; x_wconf 87' lang='lat' dir='ltr'><strong>dandttm</strong></span> <span class='ocrx_word' id='word_1_556' title='bbox 1286 1935 1365 1962; x_wconf 93' lang='lat' dir='ltr'><strong>initio</strong></span> <span class='ocrx_word' id='word_1_557' title='bbox 1391 1935 1452 1970; x_wconf 89' lang='lat' dir='ltr'><strong>ipso</strong></span> <span class='ocrx_word' id='word_1_558' title='bbox 1475 1937 1612 1970; x_wconf 85' lang='lat' dir='ltr'><strong>specimen</strong></span> <span class='ocrx_word' id='word_1_559' title='bbox 1640 1936 1749 1971; x_wconf 78' lang='lat' dir='ltr'><strong>ingenui</strong></span> <span class='ocrx_word' id='word_1_560' title='bbox 1766 1939 1808 1964; x_wconf 85' lang='lat' dir='ltr'><strong>sui</strong></span> 
     </span>
    </p>
   </div>
   <div class='ocr_carea' id='block_1_83' title="bbox 1023 1975 1809 2017">
    <p class='ocr_par' dir='ltr' id='par_1_83' title="bbox 1023 1975 1809 2017">
     <span class='ocr_line' id='line_1_83' title="bbox 1023 1975 1809 2017; baseline 0.005 -12"><span class='ocrx_word' id='word_1_561' title='bbox 1023 1975 1165 2014; x_wconf 77' lang='lat' dir='ltr'><strong>cujusdam</strong></span> <span class='ocrx_word' id='word_1_562' title='bbox 1178 1979 1364 2014; x_wconf 83' lang='lat' dir='ltr'><strong>simplicisqne</strong></span> <span class='ocrx_word' id='word_1_563' title='bbox 1375 1980 1513 2014; x_wconf 83' lang='lat' dir='ltr'><strong>candoris;</strong></span> <span class='ocrx_word' id='word_1_564' title='bbox 1526 1982 1674 2016; x_wconf 85' lang='lat' dir='ltr'><strong>respondit,</strong></span> <span class='ocrx_word' id='word_1_565' title='bbox 1687 1983 1809 2017; x_wconf 85' lang='lat' dir='ltr'><strong>inquam,</strong></span> 
     </span>
    </p>
   </div>
   <div class='ocr_carea' id='block_1_84' title="bbox 1024 2026 1810 2062">
    <p class='ocr_par' dir='ltr' id='par_1_84' title="bbox 1024 2026 1810 2062">
     <span class='ocr_line' id='line_1_84' title="bbox 1024 2026 1810 2062; baseline 0.005 -10"><span class='ocrx_word' id='word_1_566' title='bbox 1024 2026 1051 2053; x_wconf 90' lang='lat' dir='ltr'><strong>in</strong></span> <span class='ocrx_word' id='word_1_567' title='bbox 1068 2034 1099 2053; x_wconf 88' lang='lat' dir='ltr'><strong>eo</strong></span> <span class='ocrx_word' id='word_1_568' title='bbox 1110 2026 1181 2061; x_wconf 87' lang='lat' dir='ltr'><strong>quod</strong></span> <span class='ocrx_word' id='word_1_569' title='bbox 1197 2034 1212 2052; x_wconf 94' lang='lat' dir='ltr'><strong>a</strong></span> <span class='ocrx_word' id='word_1_570' title='bbox 1224 2033 1253 2053; x_wconf 84' lang='lat' dir='ltr'><strong>se</strong></span> <span class='ocrx_word' id='word_1_571' title='bbox 1264 2026 1384 2062; x_wconf 77' lang='lat' dir='ltr'><strong>exigeret</strong></span> <span class='ocrx_word' id='word_1_572' title='bbox 1396 2032 1425 2054; x_wconf 88' lang='lat' dir='ltr'><strong>ttt</strong></span> <span class='ocrx_word' id='word_1_573' title='bbox 1440 2036 1551 2055; x_wconf 89' lang='lat' dir='ltr'><strong>numero</strong></span> <span class='ocrx_word' id='word_1_574' title='bbox 1565 2029 1681 2056; x_wconf 85' lang='lat' dir='ltr'><strong>hostium</strong></span> <span class='ocrx_word' id='word_1_575' title='bbox 1697 2031 1810 2058; x_wconf 83' lang='lat' dir='ltr'><strong>haberet</strong></span> 
     </span>
    </p>
   </div>
   <div class='ocr_carea' id='block_1_85' title="bbox 1022 2072 1810 2107">
    <p class='ocr_par' dir='ltr' id='par_1_85' title="bbox 1022 2072 1810 2107">
     <span class='ocr_line' id='line_1_85' title="bbox 1022 2072 1810 2107; baseline 0.004 -8"><span class='ocrx_word' id='word_1_576' title='bbox 1022 2080 1117 2100; x_wconf 87' lang='lat' dir='ltr'><strong>omnes</strong></span> <span class='ocrx_word' id='word_1_577' title='bbox 1135 2072 1308 2107; x_wconf 88' lang='lat' dir='ltr'><strong>imperatoris</strong></span> <span class='ocrx_word' id='word_1_578' title='bbox 1331 2073 1434 2106; x_wconf 82' lang='lat' dir='ltr'><strong>hostes,</strong></span> <span class='ocrx_word' id='word_1_579' title='bbox 1465 2075 1648 2101; x_wconf 73' lang='lat' dir='ltr'><strong>necessariam</strong></span> <span class='ocrx_word' id='word_1_580' title='bbox 1678 2075 1729 2102; x_wconf 85' lang='lat' dir='ltr'><strong>sibi</strong></span> <span class='ocrx_word' id='word_1_581' title='bbox 1749 2084 1810 2103; x_wconf 86' lang='lat' dir='ltr'><strong>esse</strong></span> 
     </span>
    </p>
   </div>
   <div class='ocr_carea' id='block_1_86' title="bbox 1023 2119 1808 2154">
    <p class='ocr_par' dir='ltr' id='par_1_86' title="bbox 1023 2119 1808 2154">
     <span class='ocr_line' id='line_1_86' title="bbox 1023 2119 1808 2154; baseline 0.005 -10"><span class='ocrx_word' id='word_1_582' title='bbox 1023 2119 1211 2152; x_wconf 82' lang='lat' dir='ltr'><strong>exceptionem</strong></span> <span class='ocrx_word' id='word_1_583' title='bbox 1244 2126 1325 2145; x_wconf 87' lang='lat' dir='ltr'><strong>unam</strong></span> <span class='ocrx_word' id='word_1_584' title='bbox 1354 2124 1479 2154; x_wconf 85' lang='lat' dir='ltr'><strong>respectu</strong></span> <span class='ocrx_word' id='word_1_585' title='bbox 1505 2119 1701 2153; x_wconf 77' lang='lat' dir='ltr'><strong>Tlteuderiehi,</strong></span> <span class='ocrx_word' id='word_1_586' title='bbox 1733 2122 1756 2150; x_wconf 90' lang='lat' dir='ltr'><strong>si</strong></span> <span class='ocrx_word' id='word_1_587' title='bbox 1781 2128 1808 2149; x_wconf 86' lang='lat' dir='ltr'><strong>et</strong></span> 
     </span>
    </p>
   </div>
   <div class='ocr_carea' id='block_1_87' title="bbox 1024 2164 1806 2207">
    <p class='ocr_par' dir='ltr' id='par_1_87' title="bbox 1024 2164 1806 2207">
     <span class='ocr_line' id='line_1_87' title="bbox 1024 2164 1806 2207; baseline 0.008 -17"><span class='ocrx_word' id='word_1_588' title='bbox 1024 2164 1097 2192; x_wconf 88' lang='lat' dir='ltr'><strong>lnmc</strong></span> <span class='ocrx_word' id='word_1_589' title='bbox 1116 2172 1228 2192; x_wconf 85' lang='lat' dir='ltr'><strong>exosum</strong></span> <span class='ocrx_word' id='word_1_590' title='bbox 1246 2164 1303 2191; x_wconf 81' lang='lat' dir='ltr'><strong>ﬁeri</strong></span> <span class='ocrx_word' id='word_1_591' title='bbox 1319 2165 1441 2199; x_wconf 79' lang='lat' dir='ltr'><strong>Augusto</strong></span> <span class='ocrx_word' id='word_1_592' title='bbox 1459 2167 1646 2207; x_wconf 81' lang='lat' dir='ltr'><strong>contingeret:</strong></span> <span class='ocrx_word' id='word_1_593' title='bbox 1665 2169 1765 2203; x_wconf 82' lang='lat' dir='ltr'><strong>quippe</strong></span> <span class='ocrx_word' id='word_1_594' title='bbox 1777 2177 1806 2196; x_wconf 82' lang='lat' dir='ltr'><strong>se</strong></span> 
     </span>
    </p>
   </div>
   <div class='ocr_carea' id='block_1_88' title="bbox 185 2205 1808 2248">
    <p class='ocr_par' dir='ltr' id='par_1_88' title="bbox 185 2205 1808 2248">
     <span class='ocr_line' id='line_1_88' title="bbox 185 2205 1808 2248; baseline 0.001 -8"><span class='ocrx_word' id='word_1_595' title='bbox 185 2221 302 2248; x_wconf 73' lang='lat' dir='ltr'><strong>magnus</strong></span> <span class='ocrx_word' id='word_1_596' title='bbox 322 2214 389 2244; x_wconf 83' lang='lat' dir='ltr'><strong>dux,</strong></span> <span class='ocrx_word' id='word_1_597' title='bbox 416 2215 544 2241; x_wconf 80' lang='lat' dir='ltr'><strong>universo</strong></span> <span class='ocrx_word' id='word_1_598' title='bbox 570 2220 665 2241; x_wconf 83' lang='lat' dir='ltr'><strong>senatu</strong></span> <span class='ocrx_word' id='word_1_599' title='bbox 684 2219 710 2240; x_wconf 86' lang='lat' dir='ltr'><strong>et</strong></span> <span class='ocrx_word' id='word_1_600' title='bbox 726 2222 841 2248; x_wconf 88' lang='lat' dir='ltr'><strong>corpore</strong></span> <span class='ocrx_word' id='word_1_601' title='bbox 866 2213 967 2240; x_wconf 83' lang='lat' dir='ltr'><strong>civium</strong></span> <span class='ocrx_word' id='word_1_602' title='bbox 985 2205 1007 2232; x_wconf 77' lang='lat' dir='ltr'><strong>D</strong></span> <span class='ocrx_word' id='word_1_603' title='bbox 1023 2210 1060 2238; x_wconf 87' lang='lat' dir='ltr'><strong>illi</strong></span> <span class='ocrx_word' id='word_1_604' title='bbox 1076 2210 1223 2245; x_wconf 87' lang='lat' dir='ltr'><strong>autiquiori</strong></span> <span class='ocrx_word' id='word_1_605' title='bbox 1238 2210 1296 2245; x_wconf 88' lang='lat' dir='ltr'><strong>jam</strong></span> <span class='ocrx_word' id='word_1_606' title='bbox 1309 2219 1370 2238; x_wconf 85' lang='lat' dir='ltr'><strong>esse</strong></span> <span class='ocrx_word' id='word_1_607' title='bbox 1382 2205 1510 2239; x_wconf 73' lang='lat' dir='ltr'><strong>amicitiae</strong></span> <span class='ocrx_word' id='word_1_608' title='bbox 1537 2220 1568 2240; x_wconf 89' lang='lat' dir='ltr'><strong>ac</strong></span> <span class='ocrx_word' id='word_1_609' title='bbox 1584 2213 1725 2247; x_wconf 83' lang='lat' dir='ltr'><strong>cujusdam</strong></span> <span class='ocrx_word' id='word_1_610' title='bbox 1745 2216 1808 2242; x_wconf 87' lang='lat' dir='ltr'><strong>sub-</strong></span> 
     </span>
    </p>
   </div>
   <div class='ocr_carea' id='block_1_89' title="bbox 184 2260 971 2295">
    <p class='ocr_par' dir='ltr' id='par_1_89' title="bbox 184 2260 971 2295">
     <span class='ocr_line' id='line_1_89' title="bbox 184 2260 971 2295; baseline -0.003 -8"><span class='ocrx_word' id='word_1_611' title='bbox 184 2264 301 2292; x_wconf 86' lang='lat' dir='ltr'><strong>astante,</strong></span> <span class='ocrx_word' id='word_1_612' title='bbox 320 2260 526 2295; x_wconf 84' lang='lat' dir='ltr'><strong>scipionemque</strong></span> <span class='ocrx_word' id='word_1_613' title='bbox 546 2260 686 2294; x_wconf 80' lang='lat' dir='ltr'><strong>dignitatis</strong></span> <span class='ocrx_word' id='word_1_614' title='bbox 707 2260 766 2294; x_wconf 78' lang='lat' dir='ltr'><strong>ejus</strong></span> <span class='ocrx_word' id='word_1_615' title='bbox 783 2260 884 2294; x_wconf 85' lang='lat' dir='ltr'><strong>accipit.</strong></span> <span class='ocrx_word' id='word_1_616' title='bbox 896 2267 971 2293; x_wconf 80' lang='lat' dir='ltr'><strong>sym-</strong></span> 
     </span>
    </p>
   </div>
   <div class='ocr_carea' id='block_1_90' title="bbox 183 2304 973 2339">
    <p class='ocr_par' dir='ltr' id='par_1_90' title="bbox 183 2304 973 2339">
     <span class='ocr_line' id='line_1_90' title="bbox 183 2304 973 2339; baseline -0.003 -6"><span class='ocrx_word' id='word_1_617' title='bbox 183 2306 288 2333; x_wconf 85' lang='lat' dir='ltr'><strong>bolum.</strong></span> <span class='ocrx_word' id='word_1_618' title='bbox 305 2305 372 2332; x_wconf 84' lang='lat' dir='ltr'><strong>Nam</strong></span> <span class='ocrx_word' id='word_1_619' title='bbox 395 2311 419 2333; x_wconf 91' lang='lat' dir='ltr'><strong>et</strong></span> <span class='ocrx_word' id='word_1_620' title='bbox 441 2305 492 2333; x_wconf 92' lang='lat' dir='ltr'><strong>hoc</strong></span> <span class='ocrx_word' id='word_1_621' title='bbox 505 2314 604 2333; x_wconf 82' lang='lat' dir='ltr'><strong>novum</strong></span> <span class='ocrx_word' id='word_1_622' title='bbox 622 2304 973 2339; x_wconf 81' lang='lat' dir='ltr'><strong>institutumimperatoris</strong></span> 
     </span>
    </p>
   </div>
   <div class='ocr_carea' id='block_1_91' title="bbox 183 2348 971 2383">
    <p class='ocr_par' dir='ltr' id='par_1_91' title="bbox 183 2348 971 2383">
     <span class='ocr_line' id='line_1_91' title="bbox 183 2348 971 2383; baseline -0.004 -5"><span class='ocrx_word' id='word_1_623' title='bbox 183 2352 332 2379; x_wconf 81' lang='lat' dir='ltr'><strong>Andronici</strong></span> <span class='ocrx_word' id='word_1_624' title='bbox 354 2355 408 2383; x_wconf 88' lang='lat' dir='ltr'><strong>est,</strong></span> <span class='ocrx_word' id='word_1_625' title='bbox 431 2351 538 2378; x_wconf 85' lang='lat' dir='ltr'><strong>bacillis</strong></span> <span class='ocrx_word' id='word_1_626' title='bbox 553 2358 584 2377; x_wconf 83' lang='lat' dir='ltr'><strong>ex</strong></span> <span class='ocrx_word' id='word_1_627' title='bbox 604 2358 671 2376; x_wconf 86' lang='lat' dir='ltr'><strong>auro</strong></span> <span class='ocrx_word' id='word_1_628' title='bbox 687 2354 855 2383; x_wconf 77' lang='lat' dir='ltr'><strong>argeanue</strong></span> <span class='ocrx_word' id='word_1_629' title='bbox 868 2348 971 2376; x_wconf 79' lang='lat' dir='ltr'><strong>aﬂ&#39;abre</strong></span> 
     </span>
    </p>
   </div>
   <div class='ocr_carea' id='block_1_92' title="bbox 184 2395 970 2432">
    <p class='ocr_par' dir='ltr' id='par_1_92' title="bbox 184 2395 970 2432">
     <span class='ocr_line' id='line_1_92' title="bbox 184 2395 970 2432; baseline -0.006 -7"><span class='ocrx_word' id='word_1_630' title='bbox 184 2399 265 2426; x_wconf 64' lang='lat' dir='ltr'><strong>lat-tis</strong></span> <span class='ocrx_word' id='word_1_631' title='bbox 280 2399 414 2424; x_wconf 86' lang='lat' dir='ltr'><strong>honorare</strong></span> <span class='ocrx_word' id='word_1_632' title='bbox 429 2397 574 2432; x_wconf 87' lang='lat' dir='ltr'><strong>primarios</strong></span> <span class='ocrx_word' id='word_1_633' title='bbox 591 2400 760 2426; x_wconf 86' lang='lat' dir='ltr'><strong>senatorum,</strong></span> <span class='ocrx_word' id='word_1_634' title='bbox 777 2403 831 2429; x_wconf 86' lang='lat' dir='ltr'><strong>quo</strong></span> <span class='ocrx_word' id='word_1_635' title='bbox 847 2395 890 2422; x_wconf 85' lang='lat' dir='ltr'><strong>dic</strong></span> <span class='ocrx_word' id='word_1_636' title='bbox 904 2402 970 2430; x_wconf 85' lang='lat' dir='ltr'><strong>pos-</strong></span> 
     </span>
    </p>
   </div>
   <div class='ocr_carea' id='block_1_93' title="bbox 183 2441 969 2477">
    <p class='ocr_par' dir='ltr' id='par_1_93' title="bbox 183 2441 969 2477">
     <span class='ocr_line' id='line_1_93' title="bbox 183 2441 969 2477; baseline -0.004 -6"><span class='ocrx_word' id='word_1_637' title='bbox 183 2446 334 2472; x_wconf 84' lang='lat' dir='ltr'><strong>sessionem</strong></span> <span class='ocrx_word' id='word_1_638' title='bbox 361 2444 456 2470; x_wconf 85' lang='lat' dir='ltr'><strong>ineunt</strong></span> <span class='ocrx_word' id='word_1_639' title='bbox 482 2442 646 2477; x_wconf 74' lang='lat' dir='ltr'><strong>dignitatum</strong></span> <span class='ocrx_word' id='word_1_640' title='bbox 674 2441 740 2474; x_wconf 82' lang='lat' dir='ltr'><strong>ipsis</strong></span> <span class='ocrx_word' id='word_1_641' title='bbox 762 2441 969 2468; x_wconf 84' lang='lat' dir='ltr'><strong>attributarum.</strong></span> 
     </span>
    </p>
   </div>
   <div class='ocr_carea' id='block_1_94' title="bbox 181 2487 970 2524">
    <p class='ocr_par' dir='ltr' id='par_1_94' title="bbox 181 2487 970 2524">
     <span class='ocr_line' id='line_1_94' title="bbox 181 2487 970 2524; baseline -0.006 -6"><span class='ocrx_word' id='word_1_642' title='bbox 181 2492 251 2518; x_wconf 80' lang='lat' dir='ltr'><strong>Cum</strong></span> <span class='ocrx_word' id='word_1_643' title='bbox 269 2491 319 2518; x_wconf 81' lang='lat' dir='ltr'><strong>hoc</strong></span> <span class='ocrx_word' id='word_1_644' title='bbox 336 2490 381 2516; x_wconf 89' lang='lat' dir='ltr'><strong>ille</strong></span> <span class='ocrx_word' id='word_1_645' title='bbox 398 2489 500 2524; x_wconf 77' lang='lat' dir='ltr'><strong>insigni</strong></span> <span class='ocrx_word' id='word_1_646' title='bbox 515 2487 705 2523; x_wconf 64' lang='lat' dir='ltr'><strong>prmcessionis</strong></span> <span class='ocrx_word' id='word_1_647' title='bbox 721 2491 748 2514; x_wconf 88' lang='lat' dir='ltr'><strong>et</strong></span> <span class='ocrx_word' id='word_1_648' title='bbox 762 2487 842 2521; x_wconf 89' lang='lat' dir='ltr'><strong>primi</strong></span> <span class='ocrx_word' id='word_1_649' title='bbox 857 2495 970 2514; x_wconf 85' lang='lat' dir='ltr'><strong>conses-</strong></span> 
     </span>
    </p>
   </div>
   <div class='ocr_carea' id='block_1_95' title="bbox 182 2532 970 2571">
    <p class='ocr_par' dir='ltr' id='par_1_95' title="bbox 182 2532 970 2571">
     <span class='ocr_line' id='line_1_95' title="bbox 182 2532 970 2571; baseline -0.005 -7"><span class='ocrx_word' id='word_1_650' title='bbox 182 2545 230 2565; x_wconf 86' lang='lat' dir='ltr'><strong>sus</strong></span> <span class='ocrx_word' id='word_1_651' title='bbox 246 2536 404 2571; x_wconf 88' lang='lat' dir='ltr'><strong>impertitus</strong></span> <span class='ocrx_word' id='word_1_652' title='bbox 423 2535 527 2562; x_wconf 89' lang='lat' dir='ltr'><strong>honore</strong></span> <span class='ocrx_word' id='word_1_653' title='bbox 548 2539 601 2565; x_wconf 88' lang='lat' dir='ltr'><strong>est,</strong></span> <span class='ocrx_word' id='word_1_654' title='bbox 617 2537 644 2560; x_wconf 89' lang='lat' dir='ltr'><strong>et</strong></span> <span class='ocrx_word' id='word_1_655' title='bbox 659 2533 736 2568; x_wconf 80' lang='lat' dir='ltr'><strong>juxta</strong></span> <span class='ocrx_word' id='word_1_656' title='bbox 752 2541 854 2560; x_wconf 91' lang='lat' dir='ltr'><strong>morem</strong></span> <span class='ocrx_word' id='word_1_657' title='bbox 870 2532 970 2560; x_wconf 80' lang='lat' dir='ltr'><strong>Roma-</strong></span> 
     </span>
    </p>
   </div>
   <div class='ocr_carea' id='block_1_96' title="bbox 181 2577 969 2616">
    <p class='ocr_par' dir='ltr' id='par_1_96' title="bbox 181 2577 969 2616">
     <span class='ocr_line' id='line_1_96' title="bbox 181 2577 969 2616; baseline -0.006 -7"><span class='ocrx_word' id='word_1_658' title='bbox 181 2590 250 2609; x_wconf 91' lang='lat' dir='ltr'><strong>noru</strong></span> <span class='ocrx_word' id='word_1_659' title='bbox 264 2593 277 2608; x_wconf 89' lang='grc' dir='ltr'><strong>ιι</strong></span> <span class='ocrx_word' id='word_1_660' title='bbox 291 2581 409 2616; x_wconf 81' lang='lat' dir='ltr'><strong>propriis</strong></span> <span class='ocrx_word' id='word_1_661' title='bbox 423 2579 503 2606; x_wconf 88' lang='lat' dir='ltr'><strong>ducis</strong></span> <span class='ocrx_word' id='word_1_662' title='bbox 520 2579 609 2613; x_wconf 72' lang='lat' dir='ltr'><strong>magni</strong></span> <span class='ocrx_word' id='word_1_663' title='bbox 624 2578 670 2605; x_wconf 85' lang='lat' dir='ltr'><strong>tali</strong></span> <span class='ocrx_word' id='word_1_664' title='bbox 684 2577 832 2605; x_wconf 70' lang='lat' dir='ltr'><strong>lesliritate</strong></span> <span class='ocrx_word' id='word_1_665' title='bbox 848 2578 969 2605; x_wconf 82' lang='lat' dir='ltr'><strong>vestibus</strong></span> 
     </span>
    </p>
   </div>
   <div class='ocr_carea' id='block_1_97' title="bbox 181 2624 966 2661">
    <p class='ocr_par' dir='ltr' id='par_1_97' title="bbox 181 2624 966 2661">
     <span class='ocr_line' id='line_1_97' title="bbox 181 2624 966 2661; baseline -0.006 -6"><span class='ocrx_word' id='word_1_666' title='bbox 181 2633 296 2655; x_wconf 88' lang='lat' dir='ltr'><strong>ornatus</strong></span> <span class='ocrx_word' id='word_1_667' title='bbox 317 2625 428 2661; x_wconf 89' lang='lat' dir='ltr'><strong>prodiit,</strong></span> <span class='ocrx_word' id='word_1_668' title='bbox 450 2625 640 2657; x_wconf 69' lang='lat' dir='ltr'><strong>scaramangio</strong></span> <span class='ocrx_word' id='word_1_669' title='bbox 661 2631 770 2658; x_wconf 82' lang='lat' dir='ltr'><strong>quoque</strong></span> <span class='ocrx_word' id='word_1_670' title='bbox 789 2624 906 2658; x_wconf 86' lang='lat' dir='ltr'><strong>desuper</strong></span> <span class='ocrx_word' id='word_1_671' title='bbox 922 2625 966 2650; x_wconf 92' lang='lat' dir='ltr'><strong>in-</strong></span> 
     </span>
    </p>
   </div>
   <div class='ocr_carea' id='block_1_98' title="bbox 181 2670 966 2702">
    <p class='ocr_par' dir='ltr' id='par_1_98' title="bbox 181 2670 966 2702">
     <span class='ocr_line' id='line_1_98' title="bbox 181 2670 966 2702; baseline -0.005 0"><span class='ocrx_word' id='word_1_672' title='bbox 181 2676 276 2702; x_wconf 86' lang='lat' dir='ltr'><strong>ducto.</strong></span> <span class='ocrx_word' id='word_1_673' title='bbox 297 2674 359 2700; x_wconf 74' lang='lat' dir='ltr'><strong>llzec</strong></span> <span class='ocrx_word' id='word_1_674' title='bbox 374 2672 484 2700; x_wconf 82' lang='lat' dir='ltr'><strong>tandem</strong></span> <span class='ocrx_word' id='word_1_675' title='bbox 501 2671 538 2698; x_wconf 92' lang='lat' dir='ltr'><strong>illi</strong></span> <span class='ocrx_word' id='word_1_676' title='bbox 555 2671 681 2698; x_wconf 84' lang='lat' dir='ltr'><strong>ﬁduciam</strong></span> <span class='ocrx_word' id='word_1_677' title='bbox 697 2670 834 2698; x_wconf 87' lang='lat' dir='ltr'><strong>dederunt</strong></span> <span class='ocrx_word' id='word_1_678' title='bbox 850 2671 877 2697; x_wconf 89' lang='lat' dir='ltr'><strong>ill</strong></span> <span class='ocrx_word' id='word_1_679' title='bbox 898 2672 966 2698; x_wconf 89' lang='lat' dir='ltr'><strong>urbe</strong></span> 
     </span>
    </p>
   </div>
   <div class='ocr_carea' id='block_1_99' title="bbox 179 2717 965 2751">
    <p class='ocr_par' dir='ltr' id='par_1_99' title="bbox 179 2717 965 2751">
     <span class='ocr_line' id='line_1_99' title="bbox 179 2717 965 2751; baseline -0.005 -4"><span class='ocrx_word' id='word_1_680' title='bbox 179 2721 348 2748; x_wconf 79' lang='lat' dir='ltr'><strong>domicilium</strong></span> <span class='ocrx_word' id='word_1_681' title='bbox 362 2718 500 2751; x_wconf 77' lang='lat' dir='ltr'><strong>sumendi,</strong></span> <span class='ocrx_word' id='word_1_682' title='bbox 517 2718 629 2750; x_wconf 82' lang='lat' dir='ltr'><strong>omisso,</strong></span> <span class='ocrx_word' id='word_1_683' title='bbox 649 2717 721 2751; x_wconf 85' lang='lat' dir='ltr'><strong>quod</strong></span> <span class='ocrx_word' id='word_1_684' title='bbox 737 2717 870 2744; x_wconf 89' lang='lat' dir='ltr'><strong>hactenus</strong></span> <span class='ocrx_word' id='word_1_685' title='bbox 890 2718 965 2744; x_wconf 87' lang='lat' dir='ltr'><strong>otttni</strong></span> 
     </span>
    </p>
   </div>
   <div class='ocr_carea' id='block_1_100' title="bbox 179 2763 967 2801">
    <p class='ocr_par' dir='ltr' id='par_1_100' title="bbox 179 2763 967 2801">
     <span class='ocr_line' id='line_1_100' title="bbox 179 2763 967 2801; baseline -0.004 -8"><span class='ocrx_word' id='word_1_686' title='bbox 179 2774 293 2801; x_wconf 87' lang='lat' dir='ltr'><strong>vespera</strong></span> <span class='ocrx_word' id='word_1_687' title='bbox 309 2766 465 2800; x_wconf 79' lang='lat' dir='ltr'><strong>repetierat,</strong></span> <span class='ocrx_word' id='word_1_688' title='bbox 486 2765 563 2791; x_wconf 86' lang='lat' dir='ltr'><strong>navis</strong></span> <span class='ocrx_word' id='word_1_689' title='bbox 578 2771 634 2791; x_wconf 66' lang='lat' dir='ltr'><strong>sua:</strong></span> <span class='ocrx_word' id='word_1_690' title='bbox 649 2763 812 2790; x_wconf 70' lang='lat' dir='ltr'><strong>diversorio.</strong></span> <span class='ocrx_word' id='word_1_691' title='bbox 830 2763 967 2790; x_wconf 78' lang='lat' dir='ltr'><strong>Habitavit</strong></span> 
     </span>
    </p>
   </div>
   <div class='ocr_carea' id='block_1_101' title="bbox 179 2811 966 2848">
    <p class='ocr_par' dir='ltr' id='par_1_101' title="bbox 179 2811 966 2848">
     <span class='ocr_line' id='line_1_101' title="bbox 179 2811 966 2848; baseline -0.004 -7"><span class='ocrx_word' id='word_1_692' title='bbox 179 2815 251 2841; x_wconf 89' lang='lat' dir='ltr'><strong>enim</strong></span> <span class='ocrx_word' id='word_1_693' title='bbox 276 2813 372 2841; x_wconf 88' lang='lat' dir='ltr'><strong>diebus</strong></span> <span class='ocrx_word' id='word_1_694' title='bbox 396 2812 500 2848; x_wconf 87' lang='lat' dir='ltr'><strong>aliquot</strong></span> <span class='ocrx_word' id='word_1_695' title='bbox 526 2811 553 2838; x_wconf 92' lang='lat' dir='ltr'><strong>in</strong></span> <span class='ocrx_word' id='word_1_696' title='bbox 582 2811 747 2838; x_wconf 85' lang='lat' dir='ltr'><strong>monasterio</strong></span> <span class='ocrx_word' id='word_1_697' title='bbox 763 2811 894 2838; x_wconf 89' lang='lat' dir='ltr'><strong>Cusmidii</strong></span> <span class='ocrx_word' id='word_1_698' title='bbox 913 2819 966 2838; x_wconf 86' lang='lat' dir='ltr'><strong>una</strong></span> 
     </span>
    </p>
   </div>
   <div class='ocr_carea' id='block_1_102' title="bbox 181 2857 965 2893">
    <p class='ocr_par' dir='ltr' id='par_1_102' title="bbox 181 2857 965 2893">
     <span class='ocr_line' id='line_1_102' title="bbox 181 2857 965 2893; baseline -0.001 -9"><span class='ocrx_word' id='word_1_699' title='bbox 181 2865 242 2885; x_wconf 88' lang='lat' dir='ltr'><strong>cum</strong></span> <span class='ocrx_word' id='word_1_700' title='bbox 260 2859 319 2887; x_wconf 88' lang='lat' dir='ltr'><strong>suis</strong></span> <span class='ocrx_word' id='word_1_701' title='bbox 338 2859 538 2891; x_wconf 77' lang='lat' dir='ltr'><strong>fatniliaribus;</strong></span> <span class='ocrx_word' id='word_1_702' title='bbox 561 2864 678 2893; x_wconf 87' lang='lat' dir='ltr'><strong>quorum</strong></span> <span class='ocrx_word' id='word_1_703' title='bbox 704 2857 790 2892; x_wconf 90' lang='lat' dir='ltr'><strong>aliqui</strong></span> <span class='ocrx_word' id='word_1_704' title='bbox 813 2862 965 2892; x_wconf 84' lang='lat' dir='ltr'><strong>equestrem</strong></span> 
     </span>
    </p>
   </div>
   <div class='ocr_carea' id='block_1_103' title="bbox 1019 2256 1805 2291">
    <p class='ocr_par' dir='ltr' id='par_1_103' title="bbox 1019 2256 1805 2291">
     <span class='ocr_line' id='line_1_103' title="bbox 1019 2256 1805 2291; baseline 0.003 -9"><span class='ocrx_word' id='word_1_705' title='bbox 1019 2256 1318 2291; x_wconf 83' lang='lat' dir='ltr'><strong>jectionisjurameuto</strong></span> <span class='ocrx_word' id='word_1_706' title='bbox 1330 2256 1505 2289; x_wconf 82' lang='lat' dir='ltr'><strong>devinctum;</strong></span> <span class='ocrx_word' id='word_1_707' title='bbox 1532 2257 1611 2291; x_wconf 85' lang='lat' dir='ltr'><strong>cujus</strong></span> <span class='ocrx_word' id='word_1_708' title='bbox 1639 2257 1750 2285; x_wconf 69' lang='lat' dir='ltr'><strong>hederis</strong></span> <span class='ocrx_word' id='word_1_709' title='bbox 1778 2259 1805 2285; x_wconf 88' lang='lat' dir='ltr'><strong>iu</strong></span> 
     </span>
    </p>
   </div>
   <div class='ocr_carea' id='block_1_104' title="bbox 1021 2301 1808 2338">
    <p class='ocr_par' dir='ltr' id='par_1_104' title="bbox 1021 2301 1808 2338">
     <span class='ocr_line' id='line_1_104' title="bbox 1021 2301 1808 2338; baseline 0.004 -10"><span class='ocrx_word' id='word_1_710' title='bbox 1021 2301 1223 2328; x_wconf 87' lang='lat' dir='ltr'><strong>conditionibus</strong></span> <span class='ocrx_word' id='word_1_711' title='bbox 1233 2309 1294 2328; x_wconf 87' lang='lat' dir='ltr'><strong>cum</strong></span> <span class='ocrx_word' id='word_1_712' title='bbox 1306 2301 1374 2328; x_wconf 93' lang='lat' dir='ltr'><strong>nihil</strong></span> <span class='ocrx_word' id='word_1_713' title='bbox 1387 2301 1408 2329; x_wconf 90' lang='lat' dir='ltr'><strong>is</strong></span> <span class='ocrx_word' id='word_1_714' title='bbox 1421 2303 1578 2335; x_wconf 83' lang='lat' dir='ltr'><strong>mutaverit,</strong></span> <span class='ocrx_word' id='word_1_715' title='bbox 1592 2303 1661 2330; x_wconf 87' lang='lat' dir='ltr'><strong>haud</strong></span> <span class='ocrx_word' id='word_1_716' title='bbox 1675 2311 1704 2330; x_wconf 88' lang='lat' dir='ltr'><strong>se</strong></span> <span class='ocrx_word' id='word_1_717' title='bbox 1718 2312 1808 2338; x_wconf 86' lang='lat' dir='ltr'><strong>posse,</strong></span> 
     </span>
    </p>
   </div>
   <div class='ocr_carea' id='block_1_105' title="bbox 1022 2347 1809 2383">
    <p class='ocr_par' dir='ltr' id='par_1_105' title="bbox 1022 2347 1809 2383">
     <span class='ocr_line' id='line_1_105' title="bbox 1022 2347 1809 2383; baseline 0.005 -10"><span class='ocrx_word' id='word_1_718' title='bbox 1022 2347 1074 2374; x_wconf 87' lang='lat' dir='ltr'><strong>tide</strong></span> <span class='ocrx_word' id='word_1_719' title='bbox 1089 2355 1121 2374; x_wconf 86' lang='lat' dir='ltr'><strong>ac</strong></span> <span class='ocrx_word' id='word_1_720' title='bbox 1145 2348 1276 2382; x_wconf 80' lang='lat' dir='ltr'><strong>religione</strong></span> <span class='ocrx_word' id='word_1_721' title='bbox 1305 2348 1430 2383; x_wconf 77' lang='lat' dir='ltr'><strong>integris,</strong></span> <span class='ocrx_word' id='word_1_722' title='bbox 1456 2348 1489 2375; x_wconf 84' lang='lat' dir='ltr'><strong>ab</strong></span> <span class='ocrx_word' id='word_1_723' title='bbox 1503 2356 1536 2376; x_wconf 89' lang='lat' dir='ltr'><strong>eo</strong></span> <span class='ocrx_word' id='word_1_724' title='bbox 1564 2349 1728 2377; x_wconf 81' lang='lat' dir='ltr'><strong>desciscere.</strong></span> <span class='ocrx_word' id='word_1_725' title='bbox 1752 2349 1809 2377; x_wconf 88' lang='lat' dir='ltr'><strong>lloc</strong></span> 
     </span>
    </p>
   </div>
   <div class='ocr_carea' id='block_1_106' title="bbox 1023 2394 1808 2431">
    <p class='ocr_par' dir='ltr' id='par_1_106' title="bbox 1023 2394 1808 2431">
     <span class='ocr_line' id='line_1_106' title="bbox 1023 2394 1808 2431; baseline 0.003 -11"><span class='ocrx_word' id='word_1_726' title='bbox 1023 2394 1104 2421; x_wconf 90' lang='lat' dir='ltr'><strong>unico</strong></span> <span class='ocrx_word' id='word_1_727' title='bbox 1116 2399 1268 2429; x_wconf 72' lang='lat' dir='ltr'><strong>segregata.</strong></span> <span class='ocrx_word' id='word_1_728' title='bbox 1285 2395 1415 2422; x_wconf 87' lang='lat' dir='ltr'><strong>adversus</strong></span> <span class='ocrx_word' id='word_1_729' title='bbox 1430 2396 1560 2429; x_wconf 84' lang='lat' dir='ltr'><strong>reliquos,</strong></span> <span class='ocrx_word' id='word_1_730' title='bbox 1595 2396 1751 2431; x_wconf 75' lang='lat' dir='ltr'><strong>ubicunque</strong></span> <span class='ocrx_word' id='word_1_731' title='bbox 1776 2404 1808 2423; x_wconf 87' lang='lat' dir='ltr'><strong>ac</strong></span> 
     </span>
    </p>
   </div>
   <div class='ocr_carea' id='block_1_107' title="bbox 1020 2441 1807 2477">
    <p class='ocr_par' dir='ltr' id='par_1_107' title="bbox 1020 2441 1807 2477">
     <span class='ocr_line' id='line_1_107' title="bbox 1020 2441 1807 2477; baseline 0.005 -11"><span class='ocrx_word' id='word_1_732' title='bbox 1020 2441 1177 2475; x_wconf 87' lang='lat' dir='ltr'><strong>quicunque</strong></span> <span class='ocrx_word' id='word_1_733' title='bbox 1203 2441 1269 2473; x_wconf 86' lang='lat' dir='ltr'><strong>sint,</strong></span> <span class='ocrx_word' id='word_1_734' title='bbox 1290 2449 1386 2469; x_wconf 88' lang='lat' dir='ltr'><strong>oumes</strong></span> <span class='ocrx_word' id='word_1_735' title='bbox 1400 2449 1479 2469; x_wconf 87' lang='lat' dir='ltr'><strong>suam</strong></span> <span class='ocrx_word' id='word_1_736' title='bbox 1497 2443 1614 2476; x_wconf 88' lang='lat' dir='ltr'><strong>partiutn</strong></span> <span class='ocrx_word' id='word_1_737' title='bbox 1636 2443 1807 2477; x_wconf 84' lang='lat' dir='ltr'><strong>imperatoris</strong></span> 
     </span>
    </p>
   </div>
   <div class='ocr_carea' id='block_1_108' title="bbox 1021 2488 1805 2522">
    <p class='ocr_par' dir='ltr' id='par_1_108' title="bbox 1021 2488 1805 2522">
     <span class='ocr_line' id='line_1_108' title="bbox 1021 2488 1805 2522; baseline 0.006 -9"><span class='ocrx_word' id='word_1_738' title='bbox 1021 2488 1278 2522; x_wconf 78' lang='lat' dir='ltr'><strong>propugnandarum</strong></span> <span class='ocrx_word' id='word_1_739' title='bbox 1300 2490 1418 2516; x_wconf 86' lang='lat' dir='ltr'><strong>alacrem</strong></span> <span class='ocrx_word' id='word_1_740' title='bbox 1436 2489 1609 2516; x_wconf 72' lang='lat' dir='ltr'><strong>devationem</strong></span> <span class='ocrx_word' id='word_1_741' title='bbox 1637 2491 1805 2518; x_wconf 86' lang='lat' dir='ltr'><strong>sacramenti</strong></span> 
     </span>
    </p>
   </div>
   <div class='ocr_carea' id='block_1_109' title="bbox 1020 2533 1805 2564">
    <p class='ocr_par' dir='ltr' id='par_1_109' title="bbox 1020 2533 1805 2564">
     <span class='ocr_line' id='line_1_109' title="bbox 1020 2533 1805 2564; baseline 0.005 -4"><span class='ocrx_word' id='word_1_742' title='bbox 1020 2534 1220 2560; x_wconf 87' lang='lat' dir='ltr'><strong>contestatione</strong></span> <span class='ocrx_word' id='word_1_743' title='bbox 1235 2533 1415 2561; x_wconf 91' lang='lat' dir='ltr'><strong>sanciturmu.</strong></span> <span class='ocrx_word' id='word_1_744' title='bbox 1435 2534 1493 2562; x_wconf 89' lang='lat' dir='ltr'><strong>Non</strong></span> <span class='ocrx_word' id='word_1_745' title='bbox 1517 2535 1610 2563; x_wconf 84' lang='lat' dir='ltr'><strong>aberat</strong></span> <span class='ocrx_word' id='word_1_746' title='bbox 1627 2537 1660 2562; x_wconf 90' lang='lat' dir='ltr'><strong>ab</strong></span> <span class='ocrx_word' id='word_1_747' title='bbox 1687 2538 1729 2563; x_wconf 91' lang='lat' dir='ltr'><strong>his</strong></span> <span class='ocrx_word' id='word_1_748' title='bbox 1760 2545 1805 2564; x_wconf 87' lang='lat' dir='ltr'><strong>su-</strong></span> 
     </span>
    </p>
   </div>
   <div class='ocr_carea' id='block_1_110' title="bbox 1020 2580 1803 2618">
    <p class='ocr_par' dir='ltr' id='par_1_110' title="bbox 1020 2580 1803 2618">
     <span class='ocr_line' id='line_1_110' title="bbox 1020 2580 1803 2618; baseline 0.006 -12"><span class='ocrx_word' id='word_1_749' title='bbox 1020 2580 1106 2614; x_wconf 82' lang='lat' dir='ltr'><strong>spicio</strong></span> <span class='ocrx_word' id='word_1_750' title='bbox 1126 2580 1248 2607; x_wconf 86' lang='lat' dir='ltr'><strong>tectioris</strong></span> <span class='ocrx_word' id='word_1_751' title='bbox 1267 2588 1317 2608; x_wconf 88' lang='lat' dir='ltr'><strong>nec</strong></span> <span class='ocrx_word' id='word_1_752' title='bbox 1333 2581 1404 2608; x_wconf 77' lang='lat' dir='ltr'><strong>forte</strong></span> <span class='ocrx_word' id='word_1_753' title='bbox 1428 2580 1557 2610; x_wconf 75' lang='lat' dir='ltr'><strong>Romanis</strong></span> <span class='ocrx_word' id='word_1_754' title='bbox 1579 2583 1698 2610; x_wconf 76' lang='lat' dir='ltr'><strong>innoxia:</strong></span> <span class='ocrx_word' id='word_1_755' title='bbox 1722 2584 1803 2618; x_wconf 66' lang='lat' dir='ltr'><strong>hujus</strong></span> 
     </span>
    </p>
   </div>
   <div class='ocr_carea' id='block_1_111' title="bbox 1020 2626 1802 2662">
    <p class='ocr_par' dir='ltr' id='par_1_111' title="bbox 1020 2626 1802 2662">
     <span class='ocr_line' id='line_1_111' title="bbox 1020 2626 1802 2662; baseline 0.006 -10"><span class='ocrx_word' id='word_1_756' title='bbox 1020 2633 1081 2652; x_wconf 90' lang='lat' dir='ltr'><strong>cum</strong></span> <span class='ocrx_word' id='word_1_757' title='bbox 1097 2626 1143 2653; x_wconf 80' lang='lat' dir='ltr'><strong>illo</strong></span> <span class='ocrx_word' id='word_1_758' title='bbox 1157 2632 1270 2653; x_wconf 85' lang='lat' dir='ltr'><strong>externo</strong></span> <span class='ocrx_word' id='word_1_759' title='bbox 1293 2628 1416 2662; x_wconf 87' lang='lat' dir='ltr'><strong>principe</strong></span> <span class='ocrx_word' id='word_1_760' title='bbox 1430 2628 1505 2655; x_wconf 68' lang='lat' dir='ltr'><strong>inite</strong></span> <span class='ocrx_word' id='word_1_761' title='bbox 1528 2631 1680 2656; x_wconf 83' lang='lat' dir='ltr'><strong>societatis.</strong></span> <span class='ocrx_word' id='word_1_762' title='bbox 1701 2629 1802 2658; x_wconf 79' lang='lat' dir='ltr'><strong>Tamen</strong></span> 
     </span>
    </p>
   </div>
   <div class='ocr_carea' id='block_1_112' title="bbox 1022 2672 1804 2711">
    <p class='ocr_par' dir='ltr' id='par_1_112' title="bbox 1022 2672 1804 2711">
     <span class='ocr_line' id='line_1_112' title="bbox 1022 2672 1804 2711; baseline 0.005 -12"><span class='ocrx_word' id='word_1_763' title='bbox 1022 2672 1171 2706; x_wconf 81' lang='lat' dir='ltr'><strong>imperator</strong></span> <span class='ocrx_word' id='word_1_764' title='bbox 1185 2673 1249 2700; x_wconf 90' lang='lat' dir='ltr'><strong>idin</strong></span> <span class='ocrx_word' id='word_1_765' title='bbox 1266 2682 1325 2700; x_wconf 86' lang='lat' dir='ltr'><strong>eam</strong></span> <span class='ocrx_word' id='word_1_766' title='bbox 1341 2677 1432 2709; x_wconf 90' lang='lat' dir='ltr'><strong>potius</strong></span> <span class='ocrx_word' id='word_1_767' title='bbox 1447 2681 1550 2710; x_wconf 88' lang='lat' dir='ltr'><strong>partem</strong></span> <span class='ocrx_word' id='word_1_768' title='bbox 1568 2677 1668 2711; x_wconf 85' lang='lat' dir='ltr'><strong>rapuit,</strong></span> <span class='ocrx_word' id='word_1_769' title='bbox 1683 2681 1710 2703; x_wconf 84' lang='grc' dir='ltr'><strong>ιιι</strong></span> <span class='ocrx_word' id='word_1_770' title='bbox 1724 2683 1804 2703; x_wconf 84' lang='lat' dir='ltr'><strong>autn-</strong></span> 
     </span>
    </p>
   </div>
   <div class='ocr_carea' id='block_1_113' title="bbox 1023 2719 1808 2757">
    <p class='ocr_par' dir='ltr' id='par_1_113' title="bbox 1023 2719 1808 2757">
     <span class='ocr_line' id='line_1_113' title="bbox 1023 2719 1808 2757; baseline 0.009 -13"><span class='ocrx_word' id='word_1_771' title='bbox 1023 2719 1320 2754; x_wconf 80' lang='lat' dir='ltr'><strong>maretMpyrigcrium</strong></span> <span class='ocrx_word' id='word_1_772' title='bbox 1348 2722 1478 2755; x_wconf 89' lang='lat' dir='ltr'><strong>cupidum</strong></span> <span class='ocrx_word' id='word_1_773' title='bbox 1506 2723 1610 2757; x_wconf 66' lang='lat' dir='ltr'><strong>gloriae,</strong></span> <span class='ocrx_word' id='word_1_774' title='bbox 1637 2725 1808 2751; x_wconf 79' lang='lat' dir='ltr'><strong>ostentanda:</strong></span> 
     </span>
    </p>
   </div>
   <div class='ocr_carea' id='block_1_114' title="bbox 1023 2765 1808 2804">
    <p class='ocr_par' dir='ltr' id='par_1_114' title="bbox 1023 2765 1808 2804">
     <span class='ocr_line' id='line_1_114' title="bbox 1023 2765 1808 2804; baseline 0.008 -12"><span class='ocrx_word' id='word_1_775' title='bbox 1023 2765 1189 2792; x_wconf 83' lang='lat' dir='ltr'><strong>sinceritatis</strong></span> <span class='ocrx_word' id='word_1_776' title='bbox 1209 2766 1300 2793; x_wconf 90' lang='lat' dir='ltr'><strong>studio</strong></span> <span class='ocrx_word' id='word_1_777' title='bbox 1320 2772 1346 2794; x_wconf 89' lang='lat' dir='ltr'><strong>et</strong></span> <span class='ocrx_word' id='word_1_778' title='bbox 1364 2767 1443 2795; x_wconf 64' lang='lat' dir='ltr'><strong>fuitne</strong></span> <span class='ocrx_word' id='word_1_779' title='bbox 1469 2769 1532 2796; x_wconf 87' lang='lat' dir='ltr'><strong>inde</strong></span> <span class='ocrx_word' id='word_1_780' title='bbox 1559 2771 1729 2804; x_wconf 71' lang='lat' dir='ltr'><strong>aucupandte</strong></span> <span class='ocrx_word' id='word_1_781' title='bbox 1746 2777 1808 2798; x_wconf 90' lang='lat' dir='ltr'><strong>volo</strong></span> 
     </span>
    </p>
   </div>
   <div class='ocr_carea' id='block_1_115' title="bbox 1022 2810 1806 2850">
    <p class='ocr_par' dir='ltr' id='par_1_115' title="bbox 1022 2810 1806 2850">
     <span class='ocr_line' id='line_1_115' title="bbox 1022 2810 1806 2850; baseline 0.008 -13"><span class='ocrx_word' id='word_1_782' title='bbox 1022 2810 1062 2837; x_wconf 81' lang='lat' dir='ltr'><strong>sic</strong></span> <span class='ocrx_word' id='word_1_783' title='bbox 1077 2818 1166 2844; x_wconf 74' lang='lat' dir='ltr'><strong>agexr.</strong></span> <span class='ocrx_word' id='word_1_784' title='bbox 1185 2811 1253 2838; x_wconf 79' lang='lat' dir='ltr'><strong>lliuc</strong></span> <span class='ocrx_word' id='word_1_785' title='bbox 1272 2818 1376 2844; x_wconf 89' lang='lat' dir='ltr'><strong>autent,</strong></span> <span class='ocrx_word' id='word_1_786' title='bbox 1398 2815 1470 2848; x_wconf 86' lang='lat' dir='ltr'><strong>quod</strong></span> <span class='ocrx_word' id='word_1_787' title='bbox 1487 2823 1543 2841; x_wconf 86' lang='lat' dir='ltr'><strong>rem</strong></span> <span class='ocrx_word' id='word_1_788' title='bbox 1561 2816 1688 2843; x_wconf 84' lang='lat' dir='ltr'><strong>attineret</strong></span> <span class='ocrx_word' id='word_1_789' title='bbox 1709 2817 1806 2850; x_wconf 69' lang='lat' dir='ltr'><strong>ipsum,</strong></span> 
     </span>
    </p>
   </div>
   <div class='ocr_carea' id='block_1_116' title="bbox 1024 2857 1806 2894">
    <p class='ocr_par' dir='ltr' id='par_1_116' title="bbox 1024 2857 1806 2894">
     <span class='ocr_line' id='line_1_116' title="bbox 1024 2857 1806 2894; baseline 0.01 -11"><span class='ocrx_word' id='word_1_790' title='bbox 1024 2857 1109 2890; x_wconf 70' lang='lat' dir='ltr'><strong>magis</strong></span> <span class='ocrx_word' id='word_1_791' title='bbox 1138 2863 1242 2884; x_wconf 87' lang='lat' dir='ltr'><strong>certum</strong></span> <span class='ocrx_word' id='word_1_792' title='bbox 1267 2859 1412 2894; x_wconf 74' lang='lat' dir='ltr'><strong>augurium</strong></span> <span class='ocrx_word' id='word_1_793' title='bbox 1441 2860 1503 2888; x_wconf 90' lang='lat' dir='ltr'><strong>duci</strong></span> <span class='ocrx_word' id='word_1_794' title='bbox 1530 2861 1630 2889; x_wconf 84' lang='lat' dir='ltr'><strong>dobere</strong></span> <span class='ocrx_word' id='word_1_795' title='bbox 1653 2868 1806 2891; x_wconf 67' lang='lat' dir='ltr'><strong>constantis</strong></span> 
     </span>
    </p>
   </div>
  </div>
