1957 3066
71 138 121 170 Μ’)

70 196 118 231 pii»:
137 195 191 221 τῶν
203 194 365 229 φοασεὶντων
381 193 552 228 ἀντέχεσθαι,
577 191 772 226 ὁμολογοῦντος
800 190 846 216 καὶ
862 192 886 220 Α

69 243 146 269 ταῦτα
157 242 206 276 τὴν
223 241 292 276 πρὸς
306 241 351 266 τὸν
369 239 530 275 Θευδερίχον
555 239 660 273 φιλίαν.
687 238 717 264 Εἰ
737 237 790 272 γὰρ
805 235 854 271 τὴν

69 289 130 323 πρὸς
140 288 195 314 τῶν
208 288 314 314 πολλῶν
324 286 444 319 εὐδοξίαν
464 285 503 320 τῷ
518 285 581 312 νοῦν
604 285 692 320 ἔχοντι
705 284 854 319 προτιμᾷν,

70 336 107 372 [1³.
123 335 185 371 548]
204 334 345 368 προῦργου
361 333 409 359 καὶ
424 333 479 358 τών
497 332 617 365 εὐλὴγων
628 339 634 345 ·
649 330 702 366 χρὴ
717 330 770 364 γὰρ
787 330 855 356 πίν-

69 390 126 413 τως,
143 381 179 412 ὡς
201 380 315 406 [Ιὶάτων
332 379 416 412 λέγει,
434 378 464 403 οὐ
490 377 555 411 περὶ
570 375 687 411 σμικροῦ
719 374 854 401 ποιεῖσθαι

70 429 95 454 τὸ
107 428 192 453 δοκεῖν
204 425 324 459 ἀγαθοὺς
341 423 410 451 εἶναι
428 425 483 455 τοῖς
505 423 594 454 ἄλλοις
609 422 623 457 ἢ
642 423 678 455 μὴ
702 422 801 448 δοκεῖν.
816 420 852 447 Οὐ

70 475 116 509 γὰρ
129 475 188 500 ὅσον
200 472 297 503 οὐσίας
321 471 422 506 ἀρετῆς
437 469 642 504 ἀπεσφαλμένοι
674 468 853 503 τυγχάνουσιν

70 522 90 547 ol
112 519 215 549 πολλοὶ,
238 517 368 545 τοσοῦτον
398 517 445 543 καὶ
476 515 522 542 τοῦ
544 515 648 550 κρίνειν
664 514 727 544 τοὺς
744 513 853 545 ἄλλους,

70 566 131 592 ὥστε
160 565 286 595 καὶτοὺς
316 562 419 598 σφόδρα
439 561 540 592 κακοὺς
563 561 593 587 εὖ
612 561 668 592 τοῖς
693 560 782 594 λόγοις
807 559 853 584 καὶ

70 613 121 643 ταῖς
138 610 227 642 δόξαις
248 609 366 643 διαιρεῖν
382 608 445 638 τοὺς
459 606 588 640 ἀμείνους
607 605 662 631 τῶν
683 604 788 639 ἀνδρῶν
805 603 853 629 καὶ

70 659 123 689 τοὺς
139 658 273 692 χείρονας.
293 656 324 682 El
343 654 410 688 γοῦν
426 655 475 689 τὴν
494 653 570 688 παρὰ
585 653 639 678 τῶν
658 652 763 678 πολλῶν
775 651 853 683 δόξαν

71 706 109 731 ἐπὶ
123 706 176 735 τοῖς
194 702 345 738 πρακτέοις
366 701 438 728 οὕτω
468 701 510 728 δεῖ
536 701 682 735 θηρᾶσθαι,
716 699 752 730 ὡς
778 698 854 724 δοκεῖ

71 751 194 782 Πλάτωνι,
213 749 306 781 πολλῷ
323 757 355 783 γε
376 749 476 784 μᾶλλον
490 748 538 783 τὴν
552 747 618 782 πρὸς
635 746 778 781 βασιλέως.
805 745 853 771 καὶ

70 796 135 824 ταῦτ’
156 797 200 823 ἐπὶ
214 795 336 822 πίστεων
364 794 548 828 ὲμπεδώσεσι.
565 794 614 820 Διὰ
635 792 713 819 τοῦτο
738 792 785 818 καὶ
808 791 852 817 δέ-

71 851 137 877 χεται
154 843 202 876 μὲν
221 843 235 868 ό
250 841 361 876 κρατῶν
387 841 436 875 τὴν
449 840 573 872 ἀξίωσιν,
591 839 705 874 ἄρχεται
738 838 765 863 δὲ
786 837 852 873 μορ-

71 889 152 922 τυρεῐν
167 887 267 922 ἐκείνῳ
280 887 328 913 καὶ
338 886 388 921 τὴν
406 885 471 920 περὶ
494 885 544 920 τὴν
558 884 672 919 γνώμην
701 884 849 918 εὐθύτητα.
867 889 890 916 Β

71 934 281 968 καταλαμϐάνων
307 933 427 963 ὲκεῖνονδ
450 931 488 962 ὡς
519 931 607 965 ἔλεγε.
631 931 716 957 Τοῦτο
745 930 773 956 δὲ
803 929 850 956 καὶ

72 979 216 1014 ἀναγκαίως
233 978 410 1014 προῦβαινεν,
422 977 510 1012 οἶμαι,
524 977 568 1004 διὰ
582 977 633 1012 τὴν
649 976 716 1011 πρὶς
725 976 770 1002 τὸν
783 984 850 1011 προ-

73 1026 235 1060 ηγησάμενον
254 1024 412 1059 σύγκρισιν.

101 1071 141 1105 ιγ’.
161 1070 347 1098 Ἀτασθαλῖα
359 1069 433 1096 κατὰ
450 1069 540 1096 δύσιν
554 1068 613 1095 τῶν
626 1066 816 1095 Κατελάνων.

101 1117 129 1143 Οἱ
153 1118 244 1152 μέντοι
273 1124 304 1150 γε
337 1115 523 1150 Ἀμογάῦαροί
557 1123 586 1141 τε
618 1116 662 1140 καὶ
690 1112 851 1144 Κατήάνοι,

75 1250 159 1276 futura‘
170 1255 249 1284 atque
267 1249 404 1277 inviolata:
421 1249 448 1276 in
468 1249 596 1276 omnibus
622 1255 682 1283 qua:
707 1248 852 1283 sponderct

75 1296 252 1331 promissionis
284 1296 354 1330 ejus.
383 1296 438 1323 Cur
467 1295 540 1322 enim
573 1302 627 1321 non
653 1294 853 1322 inﬂexibilitate

75 1343 123 1376 pari
135 1351 150 1377 p
162 1343 281 1369 .steriori
298 1343 413 1369 luereret
427 1341 534 1374 fmderi,
553 1342 614 1376 eius
629 1349 710 1375 quam
732 1341 758 1367 iu
776 1340 851 1374 prio-

76 1389 351 1415 rumtonventiouum
370 1388 561 1416 observatione
583 1387 768 1415 monstraret?
792 1387 852 1414 Non

76 1435 155 1461 minus
167 1443 231 1469 ergo
262 1435 337 1461 illum
365 1433 448 1460 ﬁdum
472 1434 524 1461 sibi
550 1441 629 1467 quam
658 1433 853 1460 Thcudericho

77 1479 195 1506 futurum.
229 1480 321 1514 Atque
335 1479 416 1513 500
439 1479 464 1505 iu
479 1487 538 1506 eam
568 1478 730 1506 sententiam
759 1478 852 1505 indul-

76 1533 132 1559 gens
145 1527 193 1553 sibi
209 1526 367 1553 disserebat
396 1525 509 1559 largius,
531 1525 718 1560 praestantium
734 1528 761 1551 et
774 1531 852 1559 egre-

77 1573 111 1606 gie
121 1573 280 1607 prudentum
292 1573 412 1599 virorum
422 1579 483 1599 esse
494 1571 559 1598 nihil
572 1571 707 1599 commodi
725 1575 771 1597 aut
782 1578 857 1598 cmo—
869 1561 890 1589 θ

78 1618 176 1645 Ianiculi
200 1619 361 1654 praelmbere
385 1619 478 1653 gloria:
490 1618 589 1645 illustri
605 1617 855 1653 existimationique

79 1665 212 1694 inoffensae.
240 1666 379 1700 Oportcre
396 1665 497 1700 quippe
514 1665 637 1696 omnino,
665 1668 693 1691 ut
708 1664 786 1691 Plato
805 1663 853 1694 ait,

78 1711 191 1738 arbitrari
205 1712 290 1738 haud
324 1718 411 1745 parvo
429 1712 573 1742 interesse,
601 1711 702 1737 bonine
723 1718 755 1737 an
775 1717 855 1736 secus

79 1757 205 1784 videamur
221 1757 298 1784 aliis.
313 1756 371 1783 Non
390 1757 463 1784 enim
480 1761 509 1784 ιιι
523 1757 633 1783 virtutis
646 1764 708 1783 vera
725 1756 853 1783 substan‘

78 1802 109 1828 tia
123 1808 146 1829 et
161 1803 338 1836 possessione
363 1803 484 1838 plerique
512 1803 655 1837 hominum
685 1806 791 1833 carent,
816 1803 856 1829 sic

80 1847 163 1874 horum
176 1849 208 1875 de
223 1849 287 1875 aliis
301 1847 484 1882 judicantium
501 1847 645 1875 sententia:
671 1846 792 1881 pondere
807 1847 856 1874 de-

80 1896 218 1924 stituuntur
235 1896 408 1924 attctoritatis
423 1895 584 1928 omni.Quiu
603 1903 722 1930 persa-pe
735 1903 791 1922 rem
805 1902 855 1922 acu

81 1941 156 1976 ipsam
172 1948 299 1978 tangunt,
314 1948 340 1969 et
354 1943 492 1969 subtiliter
516 1943 717 1977 distinguentes
737 1943 855 1975 speciem

81 1995 92 2012 π
108 1996 226 2023 corpore,
240 1996 304 2016 vere
325 1997 385 2015 cum
398 1989 524 2016 sensibus
539 1995 595 2016 tum
608 1989 780 2015 sermonibus
801 1989 858 2016 dis-

81 2034 214 2062 criminant
245 2035 398 2062 tncliorcsa
422 2035 563 2069 peioribus
588 2034 857 2067 virorum‘lQuodsi,

87 2085 185 2108 auctore
202 2081 327 2112 Platone,
342 2081 368 2108 in
399 2081 481 2108 rebus
492 2081 600 2115 publice
617 2081 742 2116 gerendis
762 2079 858 2109 venari

81 2132 163 2154 auram
179 2128 316 2163 opinionis
331 2128 412 2155 etiam
437 2128 575 2163 popularis
603 2129 741 2161 convenit,
755 2134 857 2162 quanto

82 2172 157 2206 magis
168 2181 220 2200 non
235 2174 430 2208 ignoscendum
439 2174 538 2206 solum,
552 2174 598 2201 sed
617 2174 760 2201 favendum
774 2175 857 2201 etiam

82 2215 136 2243 huic
151 2218 194 2249 sit,
217 2219 263 2253 qui
281 2226 334 2245 non
354 2219 507 2252 plebis,sed
521 2219 652 2254 principis
668 2223 692 2246 et
707 2219 856 2253 imperato-

81 2261 114 2288 ris
129 2262 260 2291 demereri
279 2264 331 2291 sibi
356 2264 464 2292 laudem
485 2265 536 2292 hoc
550 2265 621 2292 facto
638 2266 763 2292 voluerit.
777 2264 854 2297 Quod

81 2313 135 2334 Cum
150 2315 207 2336 erat
223 2310 250 2337 in
268 2311 366 2345 qttavis
385 2311 496 2338 actione
512 2311 664 2345 probabile,
683 2315 786 2345 quanto
811 2313 855 2337 est

81 2356 314 2382 commendandum
330 2356 416 2391 magis
433 2356 461 2383 in
485 2356 600 2383 solemni
619 2356 784 2390 obligatione
800 2363 857 2382 sure

83 2395 272 2428 ﬁdei?Prolixe
288 2401 370 2436 igitur
386 2402 522 2429 conce5sit
537 2402 676 2436 Augustus
692 2400 856 2437 Mpyrigerio

83 2447 107 2468 ut
117 2446 191 2473 unius
209 2447 268 2481 ejus
282 2455 364 2482 qttam
392 2448 541 2475 indit-asset
572 2447 741 2482 exceptionis
762 2447 854 2473 condi.

85 2489 149 2518 tione
170 2491 258 2520 foedus
273 2498 441 2528 temperaret
452 2502 542 2521 suum.
560 2495 597 2520 Ac
611 2494 742 2528 deinceps
767 2493 856 2520 homi-

84 2542 137 2562 nem
153 2538 225 2574 large
239 2539 328 2567 afl‘ecit
346 2539 428 2568 laude
443 2540 575 2574 simplicis
587 2544 613 2567 et
639 2540 750 2567 minime
773 2539 857 2566 fucati

85 2581 168 2615 animi,
180 2585 329 2618 praedicans
345 2594 407 2613 cum
425 2587 496 2620 apud
516 2587 612 2614 obvios
632 2594 666 2614 eo
693 2587 813 2618 nomine,
828 2589 857 2612 ιιι

85 2628 154 2655 facile
163 2638 242 2665 quam
254 2632 278 2659 id
294 2633 344 2660 sibi
358 2633 411 2660 alte
424 2640 586 2668 persuasum
601 2638 682 2666 esset,
702 2637 755 2659 tam
771 2639 856 2667 prona

84 2676 265 2706 testificatione
282 2679 420 2713 proderet.
439 2680 527 2714 Atque
544 2681 617 2707 hunc
643 2679 856 2707 existimationis

85 2719 163 2748 locant
191 2731 242 2752 non
270 2724 336 2756 alia.
363 2726 472 2759 opinor,
498 2725 677 2760 blpyrigerius
709 2725 781 2759 apud
803 2725 858 2751 Au-

85 2772 182 2798 Kltstuut
211 2775 269 2798 arte
286 2779 318 2798 at:
340 2771 412 2799 facto
439 2773 602 2806 promeruit.
624 2779 704 2805 quam
735 2771 798 2802 ista.
829 2775 858 2797 ut

85 2810 153 2840 diti.
179 2817 317 2845 conventis
357 2817 502 2846 inserenda
538 2818 697 2853 exceptione
735 2816 858 2844 Theudo-

87 2857 127 2883 rici
132 2876 138 2884 .

530 136 578 166 DF.
600 135 821 165 ANDRONICO
847 133 1082 164 PALEOLOGO
1099 134 1175 164 LIB.
1198 135 1247 166 VI.

1647 134 1662 164 5
1667 135 1701 165 50

901 189 1027 225 καθάπερ
1040 198 1066 215 τι
1081 189 1182 224 πλῆθος
1199 190 1320 225 χαλάζης
1334 190 1466 226 τετρυγὸς
1492 190 1616 224 ὀλέθριον
1646 193 1702 217 εἱπ-

909 235 1049 267 πεσόντες.
1073 237 1163 262 πᾶσαν
1179 237 1298 262 ἐκάκουν
1314 237 1347 272 ἣν
1365 237 1481 271 ἐπέσχον
1497 238 1544 264 καὶ
1556 235 1589 272 ἧς
1603 238 1702 264 ἐπελά-

907 282 999 312 ϐοντο,
1019 282 1124 312 οὐδενὸς
1140 282 1296 317 φειδόμενοι
1311 283 1364 309 τῶν
1377 283 1427 309 ὅσα
1446 283 1566 309 δείκνυσι
1583 286 1628 309 τὸν
1643 284 1701 318 εἰρ-

906 327 1044 361 γασμένον
1057 327 1212 362 κακοῦργον
1230 329 1277 354 καὶ
1292 328 1388 362 βίαιον,
1405 329 1441 359 ὡς
1457 329 1541 363 ἄλλην
1557 330 1616 355 τινὰ
1634 329 1717 364 β;ρ-·

907 372 1024 407 ὅαρικὴν
1039 374 1215 408 καταδρομὴν
1230 375 1344 408 πάσχειν
1355 374 1403 409 τὴν
1424 375 1510 405 δύσιν,
1535 375 1701 401 ἀνύποιστόν

906 426 966 444 τινα
984 418 1060 452 παρὰ
1076 418 1125 453 τὴν
1141 420 1277 454 προτέραν
1300 420 1392 454 οἱστὴν
1418 419 1499 446 οὖσαν
1525 420 1571 445 καί
1589 428 1620 452 γε
1637 429 1701 454 φερ-

905 463 966 498 τὴν,
983 463 1031 498 τὴν
1045 464 1087 489 ἐπ’
1102 464 1245 498 ἀνατολῆς,
1255 465 1326 490 κατὰ
1342 463 1496 498 σύγκρισιν,
1513 465 1575 491 ὅσον
1591 466 1700 495 ὲκείνέν

908 510 957 544 μὲν
973 510 1009 538 ὡς
1038 509 1103 545 παρ’
1120 510 1224 544 ἐχθρῶν
1247 511 1271 536 οἱ
1291 510 1457 545 πειρώμενοι
1482 511 1651 545 λογιζόμενοι
1675 512 1701 536 Ξ-

907 556 1016 590 φοασαν
1032 557 1078 582 καί
1090 565 1163 586 τινες
1177 556 1207 582 τὸ
1222 557 1308 583 δεινὸν
1322 558 1519 592 προψυγόντες.
1534 557 1572 590 τῷ
1585 557 1639 582 τῶν
1653 557 1699 583 ἄλ-

906 601 959 628 λων
973 602 1047 636 φόϐῳ
1061 602 1301 637 σωφρονισθέντες,
1312 603 1413 636 ταύτην
1429 603 1456 630 δὲ
1475 603 1524 629 οὐκ
1539 601 1610 637 εἶχον
1626 604 1700 633 ὅπως

906 647 939 674 ἂν
965 648 1011 673 καὶ
1032 647 1176 679 διάοοιντο,
1204 648 1344 683 δεχόμενοι
1369 650 1418 684 μὲν
1450 649 1488 681 ὡς
1517 649 1611 682 φίλους
1636 649 1701 678 τοὺς

906 694 1042 724 ἐπιόντας.
1056 694 1227 729 πειρώμενοι
1241 695 1269 720 δὲ
1282 696 1319 726 ὡς
1332 695 1581 729 παλαμναιοτάτων
1595 695 1700 721 τούτων

905 740 1020 775 ἐχθρῶν.
1045 741 1103 766 Ἐπ’
1118 741 1177 775 ἴσης
1195 741 1222 767 δὲ
1246 741 1294 767 καὶ
1319 741 1425 772 τούτοις
1452 742 1590 771 κάκείνοις
1610 741 1643 776 ἦν
1658 749 1699 771 τις

905 785 1064 816 ἀντιϐαίνοι,
1080 785 1109 811 τὸ
1123 785 1198 819 ξίφος
1215 786 1254 816 εἰς
1271 785 1378 820 ἄμυναν
1392 783 1436 820 ἦν.
1462 785 1504 821 [Ρ.
1522 784 1586 820 5ί9]
1614 785 1699 814 Μόλις

905 831 980 857 πόλλ’
1001 832 1069 858 ἄττα
1082 832 1307 866 διαπραξάμενοι,
1327 832 1374 857 καὶ
1391 832 1474 866 μηδὲν
1491 831 1571 857 πλέον
1588 830 1699 865 ἔχοντες

903 878 1034 913 πράττειν
1049 877 1109 912 (τῆς
1126 878 1178 912 γὰρ
1194 878 1222 908 ἐς
1235 878 1270 904 τὰ
1283 878 1378 912 πρόσω
1390 879 1438 904 καὶ
1455 878 1494 904 ἔτι
1521 878 1612 912 ὁρμῆς
1638 879 1699 904 ἁνε-

903 925 1051 950 κὸπτοντο·
1070 923 1115 949 τὸν
1131 923 1186 959 γὰρ
1204 924 1316 958 βασιλέα
1342 924 1451 959 Μιχαὴλ
1468 925 1514 950 καὶ
1546 923 1596 954 τὰς
1630 924 1696 958 περὶ

901 970 996 996 τοῦτον
1019 970 1146 1004 δυνάμεις
1160 970 1197 1002 ὡς
1213 970 1311 996 αὐτίκα
1326 970 1586 1005 καταδραμευμένας
1607 970 1698 996 αὐτῶν

902 1016 934 1042 ἐκ
946 1015 991 1042 τοῦ
1009 1016 1123 1045 εἰκότος.
1140 1015 1155 1050 ἢ
1174 1017 1219 1041 καὶ
1235 1015 1263 1049 ἐξ
1286 1012 1324 1041 ὧν
1355 1015 1455 1050 ἢκουον
1485 1015 1595 1049 μᾶλλον,
1623 1014 1698 1041 ὑπώ-

902 1062 1012 1097 πτευον)
1033 1062 1155 1096 Ξγνωταν
1177 1061 1265 1093 ἄλλως
1279 1061 1419 1095 μετελθεῖν
1438 1061 1472 1087 τὰ
1497 1061 1659 1096 πράγματα.

967 1237 1009 1264 13.
1030 1236 1147 1272 Flagitia
1164 1236 1352 1263 Catelanorum
1367 1236 1393 1262 in
1410 1235 1526 1263 Occiduo
1546 1242 1643 1264 tractu.

938 1304 972 1330 At
988 1304 1148 1338 Amogabari
1165 1307 1191 1330 et
1212 1304 1332 1330 (latelani
1356 1304 1430 1331 velut
1446 1304 1549 1331 eluvies
1568 1305 1695 1339 qumdam

904 1350 1045 1385 grandinis
1083 1350 1192 1377 exitiale
1233 1355 1361 1384 strepens
1386 1351 1535 1383 irruentes.
1572 1358 1697 1383 omnem,

904 1403 1100 1431 quamcunque
1124 1395 1305 1428 insederant,
1343 1403 1510 1430 quocunque
1535 1397 1697 1431 attigerant,

904 1443 1044 1476 regionem
1072 1447 1119 1468 aut
1148 1441 1255 1474 locum,
1286 1441 1353 1468 nulli
1387 1449 1502 1476 prorsus
1539 1447 1697 1476 parcentes,

904 1487 1011 1515 cunctis
1028 1487 1061 1514 iis
1074 1487 1183 1522 injuriis
1200 1491 1227 1514 et
1249 1487 1426 1514 contumeliis
1442 1487 1610 1519 aﬁiciebaut,
1637 1496 1697 1522 qua:

907 1539 1034 1560 auctores
1051 1540 1115 1560 suos
1137 1532 1403 1560 maleﬁcentissimos
1417 1539 1443 1559 et
1457 1534 1697 1567 impudentissime

908 1579 1044 1606 violentos
1059 1578 1248 1608 ostenderent,
1269 1578 1338 1604 adeo
1362 1581 1392 1604 ut
1418 1578 1498 1604 aliam
1525 1578 1696 1605 barbaricam

910 1624 1095 1651 incursionem
1109 1623 1186 1657 501
1201 1624 1286 1649 multo
1299 1623 1439 1650 tetrioreut
1453 1622 1563 1650 Persica
1574 1623 1696 1651 Occidua

908 1669 1054 1697 continens
1075 1669 1165 1696 abhis
1189 1673 1338 1703 pateretur,
1368 1669 1452 1703 priori
1477 1670 1533 1705 jam
1563 1669 1697 1697 Orientali

908 1716 966 1748 illa,
984 1716 1028 1743 ubi
1041 1723 1102 1742 cum
1127 1716 1177 1741 hac
1190 1719 1407 1749 compararetur,
1430 1715 1501 1742 haud
1530 1720 1584 1742 tam
1611 1716 1697 1743 atroci

909 1767 1067 1797 apparente,
1087 1761 1153 1796 quin
1168 1761 1223 1788 imo
1239 1762 1295 1789 visa
1317 1761 1466 1794 tolerabili,
1486 1769 1520 1789 eo
1533 1763 1631 1789 saltem
1648 1770 1700 1789 no-

908 1809 981 1836 mine
1006 1808 1079 1842 quod
1110 1807 1144 1834 ab
1166 1808 1290 1835 hostibus
1318 1807 1475 1839 inferretur.
1507 1809 1553 1843 qui
1584 1813 1610 1836 et
1634 1809 1698 1843 quid

908 1854 972 1881 alibi
991 1854 1121 1881 iecissent
1132 1858 1159 1880 et
1171 1861 1252 1888 quam
1267 1861 1352 1889 prope
1383 1855 1523 1886 abessent,
1543 1854 1614 1881 fama
1628 1863 1700 1881 nun-

908 1900 981 1927 tians
999 1899 1151 1927 incutiebat
1165 1905 1266 1926 tuetutn
1282 1900 1387 1932 utilem,
1408 1908 1463 1934 quo
1486 1900 1613 1927 instincti
1637 1901 1698 1935 qui-

908 1945 970 1972 dam
999 1945 1061 1979 fuga
1077 1949 1182 1972 mature
1200 1949 1363 1980 praesumpta
1379 1946 1481 1972 malum
1510 1953 1633 1973 evasere.
1651 1946 1698 1973 llic

909 1992 983 2019 nulla
1003 1991 1118 2018 facultas
1138 1991 1209 2017 talis.
1228 1991 1314 2017 Amici
1331 1991 1402 2017 cnim
1421 1991 1551 2018 advenire
1567 1992 1698 2019 diceban-

911 2042 964 2069 tur,
979 2040 1005 2063 et
1020 2036 1129 2068 excepti
1144 2041 1173 2063 ut
1201 2036 1281 2067 tales.
1302 2043 1332 2063 se
1351 2037 1473 2063 omnitun
1500 2037 1581 2072 longe
1601 2037 1698 2064 imma—

909 2083 1039 2110 nissimos
1053 2082 1173 2110 hosﬁum
1189 2091 1238 2110 usu
1255 2083 1315 2116 ipso
1328 2084 1528 2110 monstrabant.
1540 2083 1594 2110 Nec
1608 2084 1698 2112 minus

910 2130 936 2156 hi
950 2137 1032 2164 quam
1053 2127 1144 2156 Persa:
1160 2129 1191 2155 ad
1209 2129 1399 2163 stringendum
1418 2130 1445 2156 in
1461 2129 1549 2156 credes
1565 2129 1697 2164 gladium.

911 2175 1008 2209 siquis
1021 2180 1116 2202 contra
1149 2180 1245 2202 nutum
1273 2175 1394 2210 ipserum
1427 2176 1533 2203 hiscere
1559 2176 1697 2211 quidpiam

871 2235 895 2261 π)
911 2220 1034 2252 auderet,
1052 2221 1169 2255 prompti
1182 2229 1215 2248 ac
1235 2221 1328 2248 faciles
1357 2226 1448 2249 erant.
1467 2221 1504 2248 Ea
1523 2221 1632 2249 licentia
1652 2222 1697 2249 ubi

905 2266 961 2301 jam
978 2267 1056 2293 obvia
1071 2272 1170 2294 cuncta
1186 2267 1332 2300 praedando
1347 2268 1553 2300 cxhausisscnt,
1581 2276 1636 2294 non
1654 2269 1698 2295 in—

907 2311 1049 2338 venientes
1061 2312 1181 2346 amplius
1201 2312 1274 2346 quod
1293 2319 1433 2347 raperent.
1452 2312 1519 2340 Nam
1534 2321 1569 2341 ne
1587 2315 1613 2341 in
1630 2315 1699 2341 ulte-

908 2358 997 2385 riores
1012 2359 1243 2393 progrederemur
1261 2359 1399 2393 regiones,
1423 2364 1496 2386 metu
1520 2361 1698 2387 retardabat:-

908 2407 952 2430 tur
975 2405 1165 2438 superventuri
1193 2404 1220 2430 in
1253 2404 1328 2439 ipsos
1356 2405 1532 2439 imperatoris
1559 2405 1698 2437 Michaelis

908 2457 968 2476 cum
988 2449 1088 2476 infesto
1104 2449 1226 2476 exercitu
1243 2449 1360 2476 militum
1377 2449 1578 2482 Romanorum,
1603 2459 1699 2485 pmuas

908 2497 1062 2530 repetitum
1091 2496 1226 2523 scelerum
1258 2496 1358 2530 quibus
1383 2501 1455 2523 tecta
1491 2496 1636 2531 hospitalia
1660 2498 1699 2524 la-

908 2550 1008 2577 resque
1032 2543 1154 2577 ipsorum
1183 2550 1214 2570 ae
1238 2542 1355 2570 fau‘ilias
1374 2545 1499 2577 precario
1515 2545 1621 2578 excepti
1649 2545 1698 2571 ad-

909 2596 986 2622 vena:
1017 2588 1210 2615 crudelissime
1240 2597 1271 2616 ac
1297 2584 1509 2624 ﬂagitiosissimo
1540 2596 1697 2618 vexassent.

909 2635 978 2666 Hoc,
992 2638 1020 2660 ut
1032 2634 1141 2661 deesset
1157 2635 1226 2661 alius
1241 2636 1302 2662 talis
1321 2636 1399 2662 iudex
1416 2636 1543 2670 periculi,
1557 2644 1605 2664 sua
1624 2638 1698 2671 ipsos

909 2681 1019 2709 abunde
1047 2682 1216 2709 conscientia
1244 2683 1389 2714 monebat,
1417 2688 1443 2710 et
1460 2691 1560 2715 rerum,
1583 2688 1611 2709 ut
1641 2689 1697 2710 tum

909 2731 989 2754 erant
1005 2746 1013 2760 ,
1037 2734 1070 2754 ex
1101 2727 1243 2753 verisimili
1273 2729 1454 2755 conﬁrmabat
1478 2732 1574 2755 status.
1603 2727 1698 2762 Itaque

909 2773 1045 2800 diversam
1062 2773 1096 2800 de
1114 2773 1219 2808 reliquo
1232 2773 1380 2801 iucundam
1397 2775 1447 2801 sibi
1470 2781 1560 2800 rerum
1584 2781 1697 2801 suarum

909 2819 1189 2847 aduiinistraudarum
1203 2821 1337 2848 rationem
1355 2820 1546 2848 decreverunt.
