1957 3066
222 121 274 151 563

833 129 993 158 GEOllGll
1017 129 1258 160 I‘ACIIYMERE

1806 134 1860 165 5’34.

222 177 377 224 προσεεωει
393 180 440 206 καὶ
463 180 500 212 ὠς
522 180 598 207 οὐδὲν
625 182 674 216 μὲν
695 182 772 209 αὐτοὶ
797 184 926 216 ἀδικοῖεν,
945 186 1012 211 ἀπο.
1029 189 1048 214 Λ
1067 185 1198 218 βασιλέως
1211 187 1319 222 Μιχαὴλ
1336 187 1428 219 δεδιὼς
1443 187 1616 221 ἑπεξέλευσιν
1631 190 1790 224 (³,γγέλλετο
1805 192 1860 224 γὰρ

223 223 396 258 περθόμενοι
405 225 433 251 δὲ
442 226 495 251 τῶν
508 226 612 260 μισθῶν
620 228 808 263 ἁφαρπάζοιεν
819 232 876 257 κατ’
889 232 1011 266 ἀνάγκην

221 269 272 303 τὴν
286 270 380 305 χώραν
396 272 554 303 κακοῦντες.
580 273 631 300 Τὺν
649 266 739 308 μέντοι
764 284 795 309 γε
828 276 941 311 βασιλέα
959 279 1011 304 Μι-

222 316 293 351 χαὴλ
305 317 434 352 δυνάμεις
447 319 513 354 περὶ
528 319 609 346 αὐτὸν
623 320 718 355 ἔχοντα
736 322 892 358 Ῥωμαϊκὰς
903 324 1011 350 ἀκούειν

223 363 285 389 κατ’
300 363 389 390 αὐτῶν
408 365 476 391 ἰέναι
497 366 534 397 ὼς
563 367 729 395 ἀδικούντων
752 369 905 403 βούλεσθαι.
923 366 958 406 ⁷ῼ
979 370 1011 404 δὴ

222 410 268 435 καὶ
283 410 326 437 διὰ
337 411 398 441 τοὺς
415 412 513 446 ὅρκους
537 410 576 445 οἷς
589 416 657 449 πρὸς
677 416 726 450 τὴν
744 416 884 450 βασιλείαν
900 417 1010 451 ἐπώμο-

220 450 268 487 ίεος
284 453 328 490 ἦν,
350 457 396 483 ἐπὶ
418 458 486 484 πόδα
501 459 548 485 καὶ
566 460 630 493 γόνυ
654 462 790 496 χωρήσειν
824 463 905 497 μέχρι
921 450 968 489 καί
984 464 1011 494 ἐς

221 503 426 538 τεσσαράκοντα
455 504 515 539 ῐχνη
537 505 706 539 διεϐεὸαίου,
736 508 896 535 τούντεῦθεν
919 508 1011 535 δὲκαὶ

221 547 297 582 αὐτῷ
309 548 439 583 μελήσειν
447 550 496 584 τῆς
510 552 647 586 σωτηρίας
662 553 745 579 αὐτοῦ
756 562 784 579 τε
798 554 844 580 καὶ
858 554 912 580 τῶν
927 554 1009 581 ἰδίων·

221 595 274 621 κᾶν
291 595 371 627 αὐτὸς
388 597 492 629 πίπτοι,
512 600 647 630 πεσεῖται,
674 600 726 626 κᾶν
741 599 853 632 ἐκεῖνος,
871 602 901 627 τὸ
917 601 1011 636 μόρσι-

223 649 283 675 μον.
297 641 351 668 Καὶ
364 643 410 669 τοῦ
423 642 516 670 λοιποῦ
530 645 566 679 μὴ
583 645 681 679 χρῆναι
699 647 770 680 σφᾶς
783 647 936 680 φροντίζειν
947 648 1011 682 περὶ

223 686 328 721 κυρίου,
346 687 382 718 ὠς
400 688 550 723 ἀναγκαῖον
567 690 596 716 ὃν
614 691 766 726 ἀμύνεσθαι
791 693 854 724 τοὺς
871 692 1010 727 ὑπάρξαν-

221 743 282 766 τας,
305 737 350 763 καὶ
372 737 408 772 μὴ
427 738 610 772 καθυφεικότα
634 738 684 772 τῆς
714 739 783 774 ὑπὲρ
808 739 857 774 τῆς
876 740 1011 774 σωτηρεας

222 782 339 817 σπουδῆς
353 784 482 816 ναυαγεῖν
495 785 523 810 ὲν
535 784 633 818 λιμένι.
649 783 742 810 Ταῦτα
758 784 916 811 καὶτοιαῦθ⁸
929 784 1011 817 ἔτερα

222 826 340 862 κορύζης
361 828 493 863 Ἰταλικῆς
506 829 574 855 πλέα
587 830 831 864 σοϐαρευσάμενος,
848 829 882 856 τὰ
898 830 947 865 μὲν
957 830 1012 856 τῶν

227 872 335 901 Ἰταλῶν
347 874 420 901 κακὰ
436 875 616 910 παρατρέχων
630 875 677 902 καὶ
688 876 728 908 εἰς
743 876 833 908 αἰτίας
849 877 1012 911 μεταφέρων

220 919 357 953 εὐλόγους,
374 920 411 952 ὡς
424 921 614 956 ὑπελάμϐανε,
641 922 674 948 τὰ
692 922 720 949 δὲ
731 922 785 949 τῶν
803 922 935 958 βασιλέων
949 923 1015 950 ὑπο-

220 966 396 999 κοριζόμενος
410 966 610 1002 ἀναισχύντως,
625 967 726 1002 μᾶλλον
742 967 832 1002 ἐαυτῷ
849 976 878 994 τε
895 969 942 994 καὶ
958 969 1015 999 τοῖς

222 1011 298 1043 ἰδίοις
311 1012 424 1044 πιθανὸς
451 1013 467 1048 ἣ
488 1015 544 1044 τοῖς
571 1014 716 1040 ἀκούουσιν
733 1013 833 1045 ἔδοξεν.
852 1013 889 1039 Οὐ
905 1013 1015 1044 πλείους

220 1057 249 1090 ἐξ
264 1058 368 1085 ἐκείνου
385 1058 438 1085 τῶν
452 1059 518 1086 δέκα
534 1059 675 1094 παρῆλθον
691 1059 805 1094 ἡμέραι,
818 1059 866 1085 καὶ
881 1059 960 1092 γνοὺς
975 1055 1015 1089 οἷς

220 1104 269 1131 οὐκ
289 1105 373 1140 ἐχρῆν
395 1105 484 1139 λόγοις
502 1105 675 1142 ἐξαμαρτὼν,
692 1106 708 1140 ἢ
727 1106 774 1132 καὶ
790 1106 840 1140 τὴν
873 1105 949 1140 παρὰ
967 1105 1013 1130 τοῦ

222 1245 328 1271 actum,
357 1242 429 1276 quod
450 1242 552 1276 injuste
579 1242 700 1269 fraudati
733 1242 882 1277 stipendiis
902 1243 1013 1274 debitis,

223 1288 384 1322 redactique
402 1288 434 1314 ad
454 1289 565 1321 incitas,
586 1290 657 1315 unde
676 1289 800 1316 viverent
815 1297 894 1316 manu
913 1290 1014 1323 qumsi-

223 1334 352 1363 vissent.
371 1334 524 1368 diripienda
549 1335 575 1368 in
600 1343 682 1369 quam
708 1335 795 1362 vocali
827 1335 946 1363 fuissent
972 1344 1015 1363 re-

222 1381 313 1414 gione.
331 1380 433 1408 Audire
451 1388 479 1408 se
498 1385 588 1409 ta'nen
605 1382 766 1409 Michaclem
784 1382 938 1416 Augustum
958 1382 1015 1409 Ro-

223 1436 321 1455 manas
332 1429 403 1454 eirea
421 1436 450 1455 se
466 1428 612 1455 habentem
629 1429 733 1462 copias,
749 1429 848 1456 minari
862 1430 1013 1457 exercitum

222 1473 355 1501 infestum
379 1474 405 1500 in
426 1474 500 1508 ipsos
518 1474 677 1501 immittere.
697 1474 767 1501 Huic
784 1482 860 1506 vero,
884 1479 913 1501 ut
929 1474 1015 1508 impe‘

1066 233 1111 258 καὶ
1127 232 1224 264 ταῦτα,
1238 233 1274 259 ὡς
1294 234 1486 269 στρατολογοίη
1504 235 1517 261 ό
1535 235 1673 269 βασιλεὺς,
1703 237 1754 263 κᾶν
1783 238 1859 270 παρὰ

1064 277 1110 303 τοῦ
1141 279 1245 312 πατρος
1272 280 1319 305 καὶ
1355 280 1488 314 βασιλέως
1519 282 1645 316 ἐπείχετο
1682 284 1857 317 γράφοντος),

1065 323 1192 357 πρύμναν
1211 326 1396 359 κρουσάμενος
1422 326 1499 358 αὖθις
1517 328 1670 362 γράμματα
1684 328 1775 364 πλήρη
1796 329 1859 354 δον-

1063 369 1137 399 λείας
1155 370 1296 403 πεπόμφει
1323 371 1390 405 πρδς
1416 371 1539 406 βασιλέα,
1566 374 1786 407 ἀπολογούμενος
1810 374 1860 407 μὲν

1063 414 1148 448 αὐτῷ,
1163 415 1189 440 εῐ
1203 416 1228 441 τί
1243 425 1292 441 πον
1306 415 1359 449 ἄρα
1375 418 1421 442 καὶ
1441 418 1627 453 παρεξελέχθη
1642 420 1740 453 πικρὸν
1754 421 1799 445 καί
1812 419 1859 445 ἄλ-

1063 461 1116 492 λως
1132 462 1254 495 ἀπρεπὲς
1271 462 1312 497 [Ρ.
1329 464 1392 499 557]
1409 465 1456 498 τὴν
1469 466 1520 491 ἀπο
1534 466 1587 491 τῶν
1606 466 1715 492 Ἰταλῶν
1730 467 1857 499 ἀνάγκην

1064 508 1111 533 καὶ
1128 508 1172 534 τον
1192 509 1297 534 ἐκεῖθεν
1313 510 1435 536 κίνδυνον
1447 511 1649 546 ὑπονοουμένη»,
1664 512 1747 544 ἀξιῶν
1769 512 1797 538 δὲ
1815 513 1861 539 λοι-

1063 553 1192 585 γίσασϐαι
1205 555 1252 589 μὲν
1268 556 1313 581 καὶ
1324 557 1373 590 τὴν
1388 557 1562 592 καινοτομίαν
1581 558 1629 592 τῆς
1659 557 1749 592 χώρας
1766 558 1854 591 ὁπόση

1064 602 1288 635 παρακατασχεῖν
1303 602 1325 627 δ’
1342 602 1412 636 ὑπὲρ
1429 602 1530 636 ταύτης
1549 603 1646 629 ὁπόσον
1664 603 1712 628 καὶ
1727 602 1860 637 βούλοιτο,

1063 645 1130 680 παρ’
1142 645 1156 671 ὂ
1170 646 1217 671 καὶ
1242 646 1321 680 μόνον
1334 647 1364 673 τὸ
1378 648 1472 674 λοιπον
1489 648 1518 680 ἐξ
1540 645 1578 675 ὧν
1593 648 1720 683 χιλιάδων
1736 647 1861 682 ἀπῄτουν

1066 692 1179 723 διδόναι,
1194 692 1247 718 κᾶν
1262 693 1291 718 οὺ
1304 692 1351 719 νῦν
1367 693 1415 724 τὰς
1435 694 1537 725 πάσας.
1558 694 1615 720 ἀλλ’
1633 693 1678 720 οὖν
1688 693 1737 723 τὰς
1750 693 1862 724 πλείους

1063 737 1117 763 τῶν
1129 737 1197 764 ὅλων
1208 738 1341 770 τέως,ὲπ”ι
1355 739 1384 765 δὲ
1399 739 1437 774 τῷ
1447 739 1569 766 λείποντι
1586 740 1625 771 εἰς
1640 740 1755 774 διωρίαν
1770 747 1859 774 προτ-

1064 783 1193 818 αναρτᾷν.
1210 784 1240 810 Εἰ
1254 784 1276 811 δ’
1291 784 1348 817 οὖν,
1361 786 1420 811 ἀλλ’
1438 786 1519 817 αὐτὸς
1539 786 1589 821 μὲν
1620 785 1697 818 ἔλεγε
1713 785 1807 816 δοῦλος
1823 783 1862 811 εἴ-

1064 837 1107 855 ναι
1120 830 1167 856 καὶ
1176 829 1256 856 πάλιν
1272 830 1319 856 καὶ
1331 832 1386 862 τοῖς
1403 832 1443 861 εἰς
1456 832 1505 865 τὴν
1517 831 1657 865 βασιλείαν
1670 832 1761 865 ὅρκοις
1775 830 1862 856 ὑπεύ-

1067 874 1156 905 Θυνος,
1171 874 1241 909 ἔχειν
1256 875 1282 901 δὲ
1298 876 1344 902 καὶ
1360 877 1408 903 σὺν
1423 876 1497 911 αὐτῷ
1513 877 1615 911 χιλίους
1628 877 1693 906 τοὺς
1712 876 1860 907 εὐπειθεῖς,

1067 920 1122 950 τοῖς
1136 920 1157 946 δ’
1173 921 1262 952 ἄλλοις
1278 921 1310 947 ἂν
1325 922 1402 956 αὐτῷ
1459 921 1615 957 βουλομένῳ
1629 922 1777 956 μάχεσθαι,
1797 921 1861 946 ἐπεὶ

1068 967 1205 998 κάκείνοις
1220 968 1323 998 σκοπὸς
1338 967 1354 1002 ἢ
1372 968 1500 994 λαὸοὗσιν
1514 968 1631 1003 ἠρεμεῖν
1654 969 1670 1002 ἢ
1694 968 1730 1002 μὴ
1744 966 1861 993 λαὸοῆσι

1067 1015 1116 1048 τὴν
1131 1014 1222 1049 χώραν
1233 1015 1429 1049 καταδραμεῖν,
1452 1016 1496 1041 καὶ
1511 1016 1594 1048 αὐτὸς
1613 1015 1723 1051 σύναιμα
1733 1016 1793 1046 ταῖς
1810 1015 1860 1050 βα-

1069 1061 1185 1092 σιλικαῖς
1198 1061 1344 1096 δυνάμεσιν
1359 1062 1539 1088 ἐπιτίθεσθαι.

1066 1248 1109 1270 sto
1125 1242 1266 1275 Michaele,
1281 1243 1424 1277 impetum,
1439 1248 1469 1269 ut
1482 1243 1634 1273 dieebatur,
1648 1249 1710 1268 mox
1727 1241 1753 1267 in
1769 1240 1858 1274 ipsum

1067 1290 1175 1316 facturo
1193 1294 1221 1317 et
1239 1290 1271 1316 ad
1296 1290 1347 1316 hoc
1369 1290 1523 1316 exercitum
1545 1295 1663 1323 augente
1679 1289 1758 1315 novis
1783 1287 1860 1315 dele-

1067 1337 1159 1363 ctihus
1176 1343 1336 1370 quanquam
1358 1337 1457 1362 litteris
1474 1336 1562 1370 patris
1582 1335 1616 1362 ab
1631 1343 1664 1362 eo
1681 1334 1798 1362 consilio
1815 1343 1859 1361 re-

1066 1383 1238 1410 trahebatur.
1265 1382 1331 1409 Utut
1353 1382 1401 1414 sit,
1431 1390 1524 1413 cursu,
1544 1381 1615 1416 quod
1643 1381 1730 1413 aiunt,
1758 1380 1861 1407 reﬂexo

1065 1429 1233 1456 Rontzerius
1247 1430 1352 1456 litteras
1370 1429 1464 1463 plenas
1482 1429 1647 1456 humilitatis
1662 1436 1722 1455 cum
1740 1429 1860 1455 olmnxia

1066 1475 1243 1510 professione
1263 1475 1406 1502 servitutis
1429 1475 1462 1502 ad
1479 1475 1634 1510 Augustum
1660 1475 1800 1502 seniorem
1817 1474 1861 1499 de-

222 1519 325 1547 ratoris
341 1520 396 1546 ﬁlio
411 1524 437 1546 et
451 1520 558 1554 imperii
572 1520 706 1553 consorti,
725 1521 798 1547 scire
817 1528 876 1548 sese
893 1528 942 1547 nec
956 1520 1014 1548 dis-
1029 1538 1050 1567 ο
1068 1520 1119 1553 dit,
1138 1529 1276 1548 excusans
1291 1521 1412 1548 sollicite
1428 1522 1450 1548 si
1466 1521 1532 1555 quid
1551 1521 1601 1556 ipsi
1616 1529 1681 1554 erga
1697 1520 1756 1555 ejus
1773 1520 1860 1554 maje-

223 1567 358 1594 simnlare
370 1566 434 1599 quid
451 1566 574 1593 deberet.
592 1566 721 1601 Adeoque
737 1571 904 1601 perstantem
919 1567 945 1593 in
963 1567 1015 1594 tide

223 1614 314 1641 debita
327 1614 426 1647 juralre
441 1613 478 1640 illi
491 1613 682 1647 snbjectionis,
701 1617 826 1646 paratum
845 1621 906 1640 esse
924 1613 1013 1648 ipsum

223 1660 351 1687 venerari
369 1660 535 1694 procidendo
551 1659 584 1686 ad
604 1659 684 1694 pedes
698 1659 769 1686 ﬂexo
787 1665 814 1686 et
832 1660 905 1686 humi
926 1661 1015 1695 posito

224 1715 308 1742 genu,
321 1706 364 1733 vel
383 1715 472 1740 usque
487 1706 521 1733 ab
535 1707 749 1741 quadragesimo
769 1707 895 1741 vestigio.
915 1707 950 1733 De
962 1715 1015 1733 ere-

224 1759 296 1785 tero.
314 1753 336 1780 si
355 1753 407 1778 vim
426 1752 550 1784 inferret,
569 1760 599 1779 se
618 1752 689 1779 haud
706 1757 869 1780 cunctanter
886 1753 1014 1788 repulsu-

223 1807 298 1830 rum,
326 1798 450 1834 nihilque
486 1799 653 1826 omissurum
673 1799 744 1833 quod
768 1807 823 1826 suae
852 1807 883 1826 ac
901 1807 1013 1826 suorum

225 1843 405 1881 expediendae
419 1846 501 1873 saluti
521 1846 681 1873 necessario
696 1845 882 1873 adhibendum
906 1846 1014 1873 videre-

224 1898 282 1921 tur.
307 1893 398 1920 Praalii
423 1899 585 1920 successum
601 1894 628 1919 in
654 1892 738 1919 sortis
752 1892 867 1919 arbitrio
885 1892 942 1920 fore
960 1901 967 1919 τ
987 1901 1015 1920 se

225 1940 299 1968 enim
316 1944 346 1967 et
360 1940 459 1967 cadere
474 1939 519 1967 tali
536 1940 689 1967 certamine
707 1944 845 1974 paratum,
861 1944 887 1967 et
899 1939 1016 1973 quemli-

225 1986 272 2014 bet
295 1994 324 2014 se
346 1991 442 2013 contra
462 1985 624 2013 inferentem
640 1986 775 2013 occidere.
793 1985 849 2013 Nec
866 1986 934 2013 velle
949 1993 1015 2014 suos

225 2033 395 2068 angurandis
419 2032 564 2060 eventibus
593 2033 728 2060 sollicitos
748 2040 809 2060 esse
836 2032 870 2059 de
891 2033 1013 2059 domino.

224 2077 295 2104 Nam
311 2077 406 2104 talium
425 2085 491 2104 ettra
506 2078 573 2105 viris
599 2077 716 2105 fortibus
733 2079 758 2105 in
782 2077 945 2105 discrimine
969 2084 1016 2104 ne-

227 2123 353 2159 gligenda
383 2128 436 2155 est.
458 2132 514 2151 uno
539 2125 680 2159 proposito
702 2123 856 2159 vigentibus
880 2124 1016 2158 intrepide

227 2171 369 2206 pugnandi
395 2171 602 2205 uleiscendique
618 2178 647 2198 se
663 2178 695 2197 ac
712 2170 854 2204 frangendi
883 2170 1014 2196 intentant

228 2224 260 2244 ex
276 2217 391 2245 adverso
418 2217 482 2243 vim.
501 2217 598 2251 Itaque
621 2224 675 2243 non
700 2216 916 2248 committamus,
933 2215 1017 2243 stulta

228 2265 327 2292 salutis
343 2265 508 2300 objicienda:
528 2264 651 2298 periculo
674 2262 833 2295 formidine,
857 2267 887 2290 ut
909 2263 1017 2297 injuria:

227 2312 444 2339 sueeumhentes
460 2310 646 2345 servitutique
670 2310 765 2343 inique
787 2309 926 2344 nancipati
950 2318 1018 2337 nau-

228 2358 346 2394 fragium
374 2357 454 2392 513
476 2357 503 2384 ἱιι
526 2360 607 2391 portu
633 2355 778 2382 faciamus.
803 2354 866 2381 "me
889 2359 915 2382 et
934 2356 1018 2391 hujus

228 2405 336 2438 generis
359 2404 436 2438 plura
459 2403 532 2429 Italae
549 2403 629 2436 plana
658 2400 813 2428 insolentia.-
835 2401 1018 2429 licentissime

227 2451 383 2478 blaterabat
409 2449 557 2480 barbarus,
576 2448 646 2474 fteda
663 2455 777 2475 suorum
801 2447 962 2475 Latinorum
978 2447 1016 2475 fa-

228 2497 324 2524 cinora
337 2495 482 2531 speciosis,
499 2499 529 2521 ut
551 2495 674 2528 putabat.
697 2495 820 2528 iutegens
845 2494 1017 2526 obtentibus.

230 2551 276 2570 res
293 2544 492 2577 imperatorum
518 2545 672 2569 extenuans
691 2541 904 2576 deprimensque
929 2541 1018 2576 impu-

230 2589 340 2618 denter.
359 2588 405 2614 sed
420 2595 453 2614 eo
475 2586 583 2613 dicendi
602 2594 746 2619 successu,
764 2590 793 2613 ut
814 2586 865 2615 sibi
882 2586 970 2614 solum
987 2595 1019 2614 ac

230 2635 299 2666 suis,
317 2635 384 2661 milli
404 2639 496 2661 autem
515 2633 631 2660 aliorum
646 2634 691 2668 qui
707 2633 845 2666 audirent,
863 2633 1017 2668 probabilia

229 2680 304 2716 loqui
327 2681 363 2708 sit
390 2680 475 2707 visus.
492 2678 552 2706 Non
576 2679 668 2714 plures
690 2680 784 2707 decem
808 2687 840 2707 ex
861 2680 911 2707 hac
925 2679 1016 2707 habita

230 2727 364 2754 concione
380 2726 441 2754 dies
455 2725 627 2758 ellluxerant,
644 2733 705 2753 eum
721 2727 797 2754 visus
809 2729 852 2753 est
867 2725 1020 2760 intelligere

231 2773 399 2801 Ronlzerius
417 2779 477 2799 sese
494 2771 564 2798 ultra
580 2779 662 2807 quam
680 2772 720 2799 fas
736 2772 808 2799 foret
827 2771 946 2799 dicendo
959 2779 1022 2806 pro-

231 2827 350 2851 vectum.
366 2819 425 2846 sive
446 2818 471 2845 id
489 2818 527 2844 illi
542 2827 591 2846 stta
606 2819 694 2853 ipsius
711 2817 855 2854 prudentia
870 2819 1018 2853 suggessit,

232 2869 289 2897 sive
307 2868 386 2897 istam
400 2866 544 2901 inspiravit
560 2866 750 2901 pit-nitentium
767 2870 856 2894 metus
877 2865 912 2893 ab
923 2865 1019 2901 Augu.

1068 1571 1166 1593 statem
1197 1568 1326 1594 acerbius
1355 1573 1402 1594 aut
1431 1567 1534 1601 alioqui
1553 1568 1642 1595 minus
1664 1568 1739 1594 dictu
1758 1574 1861 1594 conve-

1068 1613 1147 1640 niens
1171 1620 1276 1646 nupera
1305 1613 1440 1639 concione
1468 1614 1630 1640 excidisset.
1655 1613 1682 1640 Si
1711 1613 1776 1646 quid
1806 1613 1861 1639 tale

1068 1658 1148 1690 foret,
1169 1658 1223 1685 sibi
1241 1666 1350 1685 summa
1374 1658 1400 1685 vi
1416 1667 1592 1693 expressum,
1609 1659 1777 1686 necessitate
1791 1658 1862 1686 deli-

1068 1702 1160 1730 niendi
1182 1703 1336 1730 concitatos
1358 1704 1385 1730 in
1418 1704 1584 1731 seditionem
1616 1704 1642 1730 in
1675 1712 1760 1738 seque
1791 1705 1861 1731 adeo

1069 1751 1158 1784 ip~um
1186 1749 1293 1776 irruere
1322 1750 1462 1777 hostiliter
1488 1757 1599 1785 paratos
1630 1751 1703 1778 feros
1730 1751 1861 1778 Italorum

1067 1798 1184 1823 animos.
1203 1796 1240 1822 De
1257 1796 1367 1830 negotio
1391 1797 1451 1831 ipso
1468 1796 1652 1831 ﬂagitatorqu
1672 1798 1706 1823 ab
1723 1797 1765 1824 his
1783 1802 1862 1824 tanto

1067 1844 1160 1870 furore
1188 1842 1400 1876 stipendiorum,
1431 1843 1472 1870 sic
1502 1850 1575 1870 nunc
1600 1843 1653 1871 sibi
1688 1843 1775 1870 videri
1803 1852 1861 1870 rem

1067 1898 1149 1924 posse
1186 1888 1295 1915 conﬁci.
1323 1888 1467 1915 Eslimari
1501 1888 1764 1924 jubcalanajeslas
1800 1890 1862 1924 ejus

1068 1937 1168 1963 damna
1199 1943 1288 1970 nuper
1317 1935 1392 1961 illata
1429 1935 1534 1970 regioni
1567 1935 1667 1970 prmdis
1701 1935 1862 1970 rapinisque

1066 1983 1272 2009 Catelanorum.
1289 1981 1355 2008 Eam
1377 1989 1514 2008 summam
1539 1981 1565 2008 in
1584 1981 1785 2016 stipendiorum
1815 1989 1862 2009 re-

1068 2035 1110 2057 tro
1141 2029 1297 2056 debitorum
1326 2032 1433 2063 partem
1463 2028 1599 2063 imputet,
1631 2035 1719 2062 eoque
1751 2028 1863 2055 nomine

1071 2075 1186 2102 retineat
1209 2082 1241 2101 ex
1266 2074 1320 2101 illis
1344 2081 1405 2109 quae
1427 2079 1545 2109 poscunt
1572 2081 1748 2101 tmmmorum
1777 2074 1861 2101 milli-

1069 2122 1131 2153 hus,
1157 2126 1290 2156 quantum
1315 2129 1349 2147 ex
1372 2128 1451 2155 tequo
1467 2121 1615 2148 censuerit.
1641 2121 1787 2156 Reliquum
1815 2121 1863 2148 de-

1068 2168 1156 2196 bitum
1184 2171 1362 2203 reprtesentet
1392 2168 1483 2200 modo,
1506 2168 1528 2195 si
1553 2175 1607 2195 non
1632 2172 1731 2200 totum,
1763 2168 1861 2195 saltem

1071 2223 1103 2242 ex
1129 2219 1204 2249 parte
1222 2214 1327 2249 majore
1343 2223 1350 2241 :
1366 2219 1493 2241 ctrtcram
1511 2214 1677 2241 solutionem
1700 2214 1861 2248 suspendat,

1070 2261 1226 2296 pollicendo
1250 2269 1279 2288 se
1305 2261 1331 2287 in
1349 2265 1473 2295 tempore
1489 2261 1677 2295 provisurum.
1696 2260 1763 2288 Sese
1787 2261 1862 2294 quod

1070 2309 1212 2339 attineret,
1228 2309 1327 2335 iterum
1345 2315 1377 2335 ex
1395 2308 1480 2335 animi
1498 2308 1540 2334 sui
1562 2307 1699 2334 sententia
1716 2307 1863 2335 verissimo

1072 2355 1171 2382 all'eetu
1193 2354 1314 2388 proﬁteri
1331 2354 1486 2389 subjectum
1503 2361 1533 2382 se
1549 2354 1687 2388 majestati
1705 2354 1764 2388 ejus
1782 2362 1858 2386 esse,

1071 2408 1102 2427 ac
1117 2399 1366 2434 projurisjurandi
1383 2398 1516 2434 religione
1541 2398 1791 2433 obsequentissima
1815 2406 1864 2425 vo-

1071 2446 1176 2474 luntate
1203 2451 1387 2480 prmparatum
1417 2444 1451 2472 ad
1483 2445 1507 2472 ei
1534 2445 1722 2472 serviendum.
1756 2443 1864 2471 Habere

1071 2493 1151 2520 etiam
1166 2493 1217 2520 sibi
1231 2493 1298 2520 satis
1315 2492 1467 2527 morigeros
1484 2499 1499 2519 e
1514 2492 1573 2519 suis
1594 2492 1683 2524 mille;
1699 2499 1769 2526 quos
1786 2491 1810 2518 si
1829 2491 1865 2518 sit

1071 2546 1139 2573 opus
1153 2543 1180 2565 et
1193 2539 1342 2573 imperator
1356 2538 1461 2573 jubeat,
1478 2537 1560 2573 514
1577 2538 1679 2565 ducere
1691 2545 1742 2564 non
1755 2537 1865 2564 dubitet

1073 2586 1205 2613 adversus
1225 2585 1294 2612 alios
1318 2585 1346 2612 in
1368 2586 1542 2612 contumacia
1563 2588 1718 2618 perstantes
1732 2588 1758 2611 et
1772 2583 1864 2610 adhuc

1073 2631 1256 2659 vociferantes
1285 2639 1325 2664 se,
1351 2632 1375 2658 si
1401 2630 1546 2665 pecuniam
1562 2638 1645 2665 quam
1668 2635 1763 2664 petunt
1791 2629 1853 2656 acci

1075 2679 1161 2713 piant,
1178 2679 1334 2713 quieturos,
1350 2678 1392 2705 sin
1412 2677 1516 2711 minus,
1535 2677 1675 2711 regionem
1699 2677 1865 2704 incursuros

1075 2725 1223 2754 hostiliter.
1247 2726 1352 2752 Horum
1371 2725 1467 2753 ulcisci
1495 2724 1663 2760 proterviam
1689 2724 1865 2751 conserendo

1073 2780 1135 2799 cum
1158 2771 1201 2799 his
1230 2772 1324 2807 prmlio
1354 2771 1380 2798 iu
1400 2772 1492 2798 animo
1505 2771 1558 2798 sibi
1575 2778 1647 2803 esse,
1673 2770 1719 2797 ubi
1746 2776 1864 2796 suarum

1073 2825 1236 2847 czeterarum
1263 2819 1405 2854 copiarum
1429 2819 1558 2846 idoneum
1585 2818 1617 2844 ad
1641 2824 1716 2852 spem
1739 2815 1865 2845 victoria:

1073 2865 1227 2894 subsidium
1245 2866 1357 2901 adjungi
1372 2865 1424 2893 sibi
1444 2865 1584 2900 Augustus
1601 2863 1729 2899 jusserit.
