1957 3066
112 140 162 170 565

556 141 604 170 DE
627 142 848 173 ANDRONICO
866 143 1096 174 PALEOLOGO
1109 145 1181 175 LIB.
1196 145 1244 176 Vl.

1698 143 1752 173 566

113 194 153 223 ιδ’.
177 197 324 237 Πρεσῢείῃ
352 196 399 237 χιι)
427 194 514 237 αὖθις
539 198 806 237 ζῶν--Κατελιξνων
826 201 901 234 πρὸς

955 209 1022 234 γουν
1038 202 1110 228 κατὰ
1131 203 1184 229 τῶν
1195 202 1345 237 πολεμίων,
1365 202 1432 228 ἀλλὰ
1456 201 1502 228 καὶ
1517 200 1592 227 πόλλ’
1617 201 1685 227 ἄττα
1701 202 1751 234 τὴν

194 231 329 263 ,βασιλέα
342 232 392 258 καὶ
413 232 465 259 τοῦ
480 233 579 259 αὐτῶν
593 233 809 268 ἐξηγουμένου.

144 287 184 313 Τὰ
195 287 218 314 δ’
236 288 305 314 αὐτὰ
321 287 409 314 ταῦτα
424 288 472 314 καὶ
499 289 652 316 Κατελάνοι
680 291 808 324 πρέσϐεις
831 293 899 326 πρὸς

112 332 221 367 βασιλέα
237 334 311 367 τρεῖς
335 333 505 368 πέμψαντες,
524 335 571 362 ἐπὶ
586 335 683 371 Euripi;
699 338 899 365 πεντεκαίδεκα

111 379 230 412 ἡμερῶν,
250 379 310 412 μετ’
328 378 369 414 [Ρ.
386 379 450 415 558]
476 380 648 416 εὐσχήμονος
671 383 719 409 καὶ
734 384 836 418 τρόπου
859 385 899 419 τῷ

111 424 194 451 δοκεῖν
208 426 255 452 καὶ
275 426 424 460 προσώπου
445 427 685 461 διεπρεσϐεύοντο·
709 428 750 461 οἷς
764 430 796 465 δὴ
813 430 899 457 θέλων

111 472 154 498 καὶ
169 471 251 501 αὐτὸς
269 472 396 506 βασιλεὺς
424 473 470 498 ὑπ’
494 473 555 507 ὄψιν
583 475 670 500 θεῖναι
687 475 720 502 τὰ
738 477 814 510 σφίσι
828 486 900 512 πρι-

113 516 216 550 χθέντα,
234 518 281 543 καὶ
292 518 377 551 δεῖξαι
390 518 426 550 ὡς
439 518 525 545 πολλὰ
541 519 591 554 μὲν
614 519 695 555 ἔσχον
719 523 766 548 καὶ
778 523 900 556 θέλοντος

111 563 190 590 αὑτοῦ
204 565 253 590 καὶ
271 564 307 599 μὴ
319 565 452 598 θέλοντος,
463 566 540 592 οὐδὲν
554 565 577 592 δ’
589 566 711 602 ἔπραξαν
726 568 776 594 ὅσα
787 569 900 603 μισθοὺς

111 610 271 643 ἐφέλκεσθαι
298 611 437 644 δύνανται,
467 613 549 647 ἐνάτῃ
578 614 696 648 Κρονίου
725 616 788 646 τοὺς
816 616 900 648 ίδέους

111 657 355 691 συνεκχλησιάσας,
379 658 525 692 παρόντων
549 659 598 686 καὶ
621 659 676 686 τῶν
697 662 747 694 τῆς
764 662 900 694 πολιτείας

109 701 251 736 χρησίμων
266 703 296 728 ἐν
315 703 410 739 κοινῷ,
427 705 474 730 καὶ
486 704 567 736 αὐτὸς
583 705 672 740 ἀρχῆς
688 705 736 732 ἀπ’
754 707 844 741 ἄκρης
866 707 900 734 τὰ

110 748 165 774 κατ’
183 749 284 780 αὐτοὺς
299 749 412 785 διεξῄει,
429 751 492 785 ἐμοὶ
505 751 598 784 δοκεῖ,
625 753 758 787 ἀντίτομα
776 754 824 788 τῆς
842 755 900 780 ἐκεῖ

108 794 276 830 δημηγορίας
294 797 528 832 συνεργαζόμενος
551 799 693 834 ἄντικρυς.
717 800 824 835 Διεξῄει
845 800 900 835 γὰρ

110 840 152 866 καὶ
176 838 255 872 οὗτος
274 842 342 876 πρὸς
359 843 423 874 τοὺς
452 843 584 877 πρέσϐεις
601 844 689 878 λέγων
713 845 832 879 ἀρχῆθεν
851 845 899 880 τὴν

108 886 158 912 ἀπὸ
170 887 220 921 τῆς
238 888 365 920 Σικελίας
381 889 426 916 τοῦ
439 890 552 923 ἄγοντος
566 891 636 923 σφᾶς
655 891 779 923 ἀξίωσιν,
792 892 840 917 καὶ
852 893 902 925 τὴν

109 932 188 959 αὐτοῦ
203 934 251 960 ἐπὶ
265 934 373 966 τούτοις
388 936 481 962 νεῦσιν
493 937 540 962 καὶ
553 937 736 971 πρόσκλησιν,
756 939 803 963 καὶ
817 938 858 964 ὅτι
871 939 901 964 οὐ

108 979 200 1010 τόσους
217 981 401 1015 μετεκαλεῖτο
426 982 505 1013 ὅσους
520 980 554 1018 ἦν
583 983 695 1016 ἀγαγὼν
713 984 827 1016 ἐκεῖνος,
855 983 903 1010 καὶ

109 1026 217 1059 ἀγαγὼν
233 1027 314 1061 ἠξίου
333 1029 401 1063 πρὸς
418 1029 515 1063 καιρὸν
543 1029 680 1064 δέχεσθαι,
698 1030 740 1056 ὅτι
755 1039 785 1056 τε
800 1030 902 1065 διαχει-

112 1073 269 1108 μερίζοντες
283 1075 356 1101 κατὰ
373 1074 492 1107 Κύζικον
502 1075 550 1102 καὶ
564 1076 593 1107 ὲς
611 1076 661 1111 ἔαρ
675 1075 724 1111 οὐχ
736 1076 810 1105 ὅπως
820 1077 902 1112 ὲνήρ-

112 1173 152 1212 lii.
169 1172 280 1209 Legatio
292 1174 377 1201 altera
396 1174 589 1215 (Zatrlanornm
603 1180 626 1202 et
642 1176 718 1203 ducis
734 1177 852 1210 ipsorum
868 1178 903 1204 ad

409 1215 607 1244 Imperatorem.
701 1216 703 1218 '

143 1267 242 1295 Eadem
260 1275 342 1302 porro
360 1268 401 1295 vel
422 1269 464 1295 his
480 1268 582 1295 similia
601 1268 731 1296 Catelani
748 1274 811 1305 pust
827 1278 903 1298 sum-

114 1320 185 1349 ptum
203 1315 288 1350 quasi
310 1315 342 1342 ad
360 1314 569 1342 deliberandum
594 1316 767 1343 intervallum
785 1316 904 1351 quinde-

104 1358 299 1392 cimdierum.
316 1362 398 1389 trium
420 1370 434 1389 e
451 1361 509 1389 suis
533 1362 672 1396 legatione
695 1362 729 1389 ad
757 1362 903 1397 imperato-

113 1415 165 1435 rem
186 1409 284 1440 missa,
304 1416 359 1435 non
383 1408 444 1435 sine
467 1409 567 1435 decora
586 1408 681 1443 specie
706 1408 904 1436 submissionis

113 1455 310 1482 venerabunda:
325 1462 357 1481 ac
380 1455 541 1488 composita:
560 1455 616 1489 jam
642 1455 742 1482 mentis
768 1463 905 1490 exposue—

112 1507 181 1529 runt.
197 1502 309 1535 Quibus
329 1502 424 1528 volens
448 1501 600 1534 imperator
627 1501 663 1528 ob
679 1502 774 1529 oculos
801 1510 904 1537 ponere

111 1557 166 1583 qua:
182 1549 329 1581 iecissent,
350 1553 378 1576 et
403 1548 551 1575 ostendere
578 1549 695 1576 istorum
721 1557 782 1584 ane
807 1557 904 1584 posce-

112 1599 168 1621 rcnt
183 1595 388 1630 pleraque'jam
410 1595 486 1629 ipsos
503 1595 722 1629 prtcsun-psisse.
743 1597 843 1630 partim
858 1604 905 1623 vo-

111 1638 178 1665 lente
193 1640 297 1674 partim
315 1639 427 1666 nolente
442 1647 482 1669 se,
501 1639 568 1666 nihil
595 1647 658 1666 vero
676 1641 702 1667 in
723 1648 801 1667 suum
826 1642 905 1669 obse-

111 1685 200 1719 quium
215 1686 308 1721 egisse
324 1687 448 1712 omnium
466 1695 527 1721 qua:
544 1688 684 1714 attrahere
700 1687 854 1715 mercedem
875 1689 902 1716 in

111 1732 216 1759 sedulos
240 1732 388 1759 ministros
406 1737 434 1759 ut
456 1740 596 1761 merentes
615 1738 745 1768 possunt,
772 1742 843 1761 nona
859 1735 904 1762 die

111 1778 209 1805 mensis
225 1778 333 1808 Martii.
353 1779 527 1813 congregatis
546 1779 573 1806 in
589 1785 755 1807 conventum
775 1781 904 1815 palatinis

112 1824 304 1857 familiaribus,
320 1825 451 1852 adhibitis
470 1826 552 1853 etiam
573 1826 668 1853 eodem
687 1834 702 1853 e
726 1827 828 1854 civium
844 1835 905 1855 cor-

111 1878 171 1903 pore
196 1879 318 1906 quarunt
336 1872 383 1898 tali
412 1873 522 1906 negotio
537 1873 682 1907 praxsentia
700 1873 775 1900 utilis
796 1875 906 1901 videre-

115 1922 166 1948 tur,
184 1918 246 1952 ipse
265 1917 328 1944 inde
345 1925 431 1952 usque
449 1919 483 1945 ah
497 1919 592 1946 ultimo
604 1927 649 1946 res
666 1919 745 1945 initio
763 1925 902 1953 repetens,

112 1971 190 1998 super
204 1969 233 1992 et
249 1964 321 1991 actis
337 1968 364 1991 et
382 1964 530 1999 postulatis
547 1971 574 1992 et.
591 1965 696 1992 meritis
709 1965 903 1993 Catelauorum

111 2018 224 2038 exorsus
236 2017 280 2038 est
296 2011 397 2038 dicere.
425 2011 489 2038 Mihi
507 2012 618 2039 videtur
636 2016 824 2047 opportunum
845 2012 905 2047 ejus

112 2058 242 2084 orationis
270 2065 406 2084 smmnam
423 2058 468 2085 hic
495 2059 522 2086 in
551 2066 638 2093 pauca
671 2063 839 2086 contractam
856 2067 905 2093 po-

112 2112 184 2131 nere.
214 2104 358 2139 Principio
383 2111 449 2138 ergo
473 2105 540 2138 quid
559 2105 684 2133 scribens
705 2113 720 2132 c
736 2105 830 2132 Sicilia
848 2105 905 2132 dux

111 2159 201 2178 eorum
226 2152 348 2186 petierit.
374 2156 459 2186 utque
476 2153 534 2185 ipse
555 2159 587 2180 ac
611 2157 748 2187 quatenus
773 2152 904 2179 annuerit

112 2200 256 2233 ipsumque
273 2199 422 2228 vocaverit.
436 2199 611 2231 memoravit,
629 2207 796 2234 magnopere
810 2199 905 2225 obser-

954 249 1046 284 χὼραν
1064 250 1230 283 εἰργάσαντο
1248 249 1379 284 δυσχερῆ.
1399 247 1454 275 Εἶτ’
1472 248 1640 281 ὲπισυνῆπτε
1655 247 1702 273 καὶ
1715 247 1750 274 τὰ

954 297 1017 322 κατ’
1033 296 1176 331 ἀνατολὴν.
1190 296 1237 322 καὶ
1252 295 1289 327 ὡς
1304 295 1380 321 πόλλ’
1395 295 1463 322 ἄττα
1477 295 1524 320 καὶ
1549 293 1624 320 δεινὰ
1642 293 1671 319 οὐ
1685 293 1750 324 τοὺς

955 341 1080 376 ἐχθροὺς,
1105 341 1174 368 ἀλλὰ
1201 341 1265 373 τοὺς
1290 341 1443 374 Ῥωμαίους
1470 339 1666 366 διατεθείκασι.
1693 339 1750 365 Καὶ

955 389 1003 414 νῦν
1022 388 1050 415 δὲ
1063 387 1322 422 διαπεραιωθέντες.
1342 387 1428 420 ἔλεγε,
1443 387 1518 413 πόλλ’
1534 387 1602 413 ἄττα
1622 386 1669 412 καὶ
1680 386 1750 412 ἀ.τά-

956 434 1042 461 σθσλα
1063 435 1133 461 κατὰ
1144 435 1221 461 δύσιν
1234 433 1378 469 πράξειαν,
1394 430 1431 460 ὧν
1443 433 1518 459 οὐδὲν
1535 434 1566 459 ἐκ
1579 433 1627 459 τοῦ
1641 433 1746 463 εἰκότος

955 481 1029 516 αᾷτῷ
1053 481 1079 507 οἱ
1099 481 1219 508 ἄπυστον
1236 479 1316 508 εἶναι..
1340 480 1385 513 Ἐξ
1410 477 1448 506 ὦν
1478 480 1580 509 ῐκανῶς
1606 479 1678 514 ἔχειν
1693 479 1749 505 τῶν

956 527 1152 563 μισοωμάτων.
1173 528 1205 563 ἦν
1220 536 1262 559 τις
1274 527 1420 561 λογίζοιτο.
1437 527 1518 560 σφᾶς.
1535 526 1625 561 "Amp
1636 525 1750 558 ἄξιονόν

954 574 1048 605 δεινῶς
1061 574 1201 612 μετελθεῖν
1216 574 1245 600 οὺ
1264 573 1396 609 μετῆλθεν
1411 574 1497 607 ὅμως,
1520 573 1588 599 ἀλλὰ
1614 573 1661 599 καὶ
1681 572 1748 598 ἄλλα

955 622 1220 656 προσφιλοτιμεῐται,
1233 621 1279 647 καὶ
1295 621 1363 654 πρὸς
1376 620 1509 655 ἀνατολὴν
1523 620 1640 654 πέμπει,
1655 618 1749 653 χώραν

955 667 1056 698 ἱκανῶς
1072 667 1189 702 ἔχουσαν
1212 667 1283 700 σφᾶς
1300 666 1424 700 τρέφειν.
1447 667 1562 692 Ἐκεῖνοι
1577 665 1605 691 δὲ
1622 664 1690 692 ἀλλὰ
1704 673 1750 690 σου

955 712 1136 747 εαρευὸμενοι
1151 712 1308 744 ἀπειθοῦσι,
1331 712 1379 738 καὶ
1392 712 1503 750 προσέτι
1522 711 1749 746 προσαπειλοῦσι,

956 759 1039 794 μηδὲν
1050 759 1173 794 ἀκριϐῶς
1187 760 1288 791 ειδότες
1300 761 1350 794 τὴν
1364 758 1505 795 βασιλείαν
1528 757 1674 791 Ῥωμαίων
1686 756 1750 782 ὁπό-

955 813 1001 831 σον
1019 805 1107 840 ἰσχύει
1123 806 1169 832 καὶ
1180 806 1217 837 ὠς
1235 806 1358 838 εὐπετῶς
1373 806 1429 840 ἔχει
1443 805 1490 831 καὶ
1505 805 1631 839 τριήρεις
1643 812 1749 838 ναυπη-

954 851 1092 886 γήσασθαι
1107 853 1154 878 καὶ
1166 853 1300 889 μαχηταῖς
1317 852 1530 887 ἐξαρτύσασθαι,
1542 851 1626 886 μηδὲν
1633 851 1747 886 δεομένη

955 899 1110 934 συμμάχων
1128 900 1250 932 ἐκείνων,
1278 900 1335 927 ἀλλ’
1351 900 1396 926 ἐπὶ
1411 900 1538 926 τοσοῦτον
1554 900 1602 930 τὰς
1616 899 1749 932 δυνάμεις

955 946 1119 980 ἁποχρώσας
1144 946 1243 981 ἔχουσα
1267 946 1331 972 ὥστ’
1354 946 1483 981 εὐμαρῶς
1510 946 1583 980 ἔχειν
1604 946 1687 980 φόὸον
1701 945 1750 972 καὶ

954 993 1011 1022 τοῖς
1027 992 1137 1026 μακρὰν
1153 992 1293 1026 ἐμϐαλεῖν,
1314 993 1366 1018 κᾶν
1387 992 1425 1027 τῷ
1438 992 1506 1023 τέως
1520 991 1616 1019 αἰτιῶν
1641 991 1748 1017 πολλῶν

954 1037 1154 1072 προσίστανται
1170 1038 1313 1073 ἁμαρτίαι.
1339 1038 1370 1065 El
1384 1037 1473 1065 τοίνυν
1493 1038 1623 1072 ἀγαπῷεν
1638 1037 1747 1072 λαμϐά-

955 1092 1046 1116 νοντες
1064 1084 1098 1111 τὰ
1119 1083 1254 1119 διδόμενα.
1269 1084 1300 1110 Εἰ
1312 1083 1333 1110 δ’
1349 1082 1406 1117 οὖν,
1430 1085 1477 1110 καὶ
1492 1083 1572 1110 αὐτὸν
1587 1083 1660 1118 ἔχειν
1676 1084 1743 1117 ἀμυ-

955 1175 1151 1211 opinarentur,
1169 1175 1348 1202 vehementer
1365 1180 1497 1202 errarent.
1516 1176 1605 1209 Atque
1629 1174 1688 1202 hmc
1707 1178 1749 1202 tot

955 1222 1024 1250 locis
1037 1223 1071 1250 ab
1089 1223 1132 1250 his
1151 1230 1264 1250 corrasa
1285 1223 1308 1250 si
1325 1223 1386 1257 quis
1403 1222 1586 1249 aestimatione
1610 1221 1662 1248 rite
1680 1221 1748 1248 inita

955 1268 982 1294 in
1000 1276 1136 1295 summam
1155 1268 1277 1303 colligat.
1297 1269 1418 1303 reperiet
1434 1268 1506 1294 haud
1524 1268 1607 1295 dubie
1625 1267 1687 1302 plus
1705 1276 1750 1295 sa-

957 1315 994 1342 tis
1007 1314 1064 1348 jam
1080 1322 1128 1342 eos
1144 1316 1345 1350 stipendiorum
1361 1323 1394 1342 ac
1414 1315 1576 1343 mercedum
1593 1315 1748 1349 accepisse.

955 1361 1006 1388 Ubi
1023 1369 1083 1388 cttm
1100 1362 1260 1396 indignandi
1276 1363 1353 1389 locus
1368 1368 1441 1390 esset
1453 1362 1524 1397 quod
1542 1370 1603 1396 qua:
1615 1362 1751 1389 violenter

955 1409 1141 1435 extorsisscut
1161 1409 1261 1436 iterum
1287 1409 1418 1436 seditiose
1437 1409 1637 1444 minaeiterque
1667 1416 1750 1442 repo-

955 1459 1078 1487 scerent,
1090 1455 1133 1483 bis
1146 1455 1174 1482 in
1187 1456 1282 1482 eodem
1298 1456 1380 1489 idque
1395 1455 1610 1482 intolerabiliter
1631 1462 1750 1490 peccan-

955 1505 1008 1533 tes,
1025 1506 1116 1528 tamen
1131 1507 1261 1528 consueta
1275 1509 1305 1529 se
1321 1506 1442 1528 utentem
1461 1501 1584 1532 lenitate,
1597 1508 1652 1527 non
1669 1501 1749 1528 modo

957 1553 1032 1582 rapta
1049 1555 1103 1575 non
1127 1553 1262 1582 repetere,
1286 1549 1333 1575 sed
1356 1556 1439 1582 super
1454 1548 1510 1574 hrce
1530 1548 1629 1575 oﬂ‘erre
1643 1548 1746 1575 donum

958 1594 1108 1628 gratuitum
1135 1595 1270 1629 pecunia},
1295 1595 1317 1621 si
1345 1602 1375 1622 se
1402 1594 1436 1620 ad
1453 1594 1613 1621 modestiam
1635 1602 1749 1629 compo-

957 1644 1036 1673 nant,
1057 1640 1125 1675 ipsis
1145 1641 1332 1671 nunicrandae,
1349 1641 1548 1676 assignareque
1566 1643 1703 1676 regionem
1723 1642 1748 1669 in

956 1694 1010 1721 qua
1033 1687 1179 1714 connnodc
1199 1687 1303 1719 vivant.
1328 1688 1449 1722 provisis
1471 1688 1526 1722 iam
1545 1695 1559 1715 a
1579 1695 1608 1715 se
1628 1683 1749 1722 copiosis

956 1733 1108 1766 alimentis,
1133 1734 1160 1760 in
1183 1734 1320 1761 Orientali
1338 1734 1510 1767 continente,
1535 1742 1590 1769 quo
1615 1735 1750 1762 transfre-

955 1784 1016 1807 tare
1031 1780 1105 1815 ipsos
1119 1780 1225 1815 jubeat.
1243 1780 1314 1813 Quid
1333 1780 1366 1808 ad
1388 1781 1446 1808 haec
1466 1785 1557 1808 autent
1576 1781 1635 1808 illi?
1650 1780 1751 1816 Nempe

956 1829 1089 1854 consueta
1108 1826 1226 1853 fremunt
1245 1826 1374 1856 audacia.
1392 1832 1419 1853 ct
1441 1831 1624 1861 prmterquam
1652 1834 1750 1855 contu-

957 1873 1074 1900 maciter
1103 1873 1266 1907 obsequium
1290 1874 1455 1905 detrectant,
1482 1874 1565 1900 etiam
1599 1875 1750 1902 insolenter

957 1919 1055 1946 minari
1081 1927 1136 1946 non
1162 1924 1310 1952 verentur,
1339 1927 1394 1946 non
1421 1925 1580 1954 reputantes
1607 1922 1688 1955 quale
1718 1929 1750 1948 ac

956 1972 1038 1998 quam
1058 1969 1157 2000 potens
1179 1966 1216 1992 sit
1240 1965 1394 1992 Romanum
1412 1966 1568 2000 imperium.
1588 1974 1668 2001 quam
1696 1967 1748 2001 ipsi

957 2010 1038 2038 facile
1062 2016 1089 2038 et
1112 2011 1238 2038 triremes
1267 2010 1404 2038 fabricare
1434 2015 1461 2038 ct
1485 2011 1605 2039 fortibus
1634 2013 1747 2040 easdem

957 2057 1097 2092 complere
1112 2057 1211 2092 copiis,
1229 2058 1324 2092 sicque
1339 2059 1486 2085 ostendere
1500 2066 1581 2093 quam
1599 2067 1652 2086 non
1669 2065 1748 2095 egeat

956 2105 1068 2132 auxiliis
1081 2105 1223 2140 ipsorum;
1241 2105 1342 2140 quippe
1356 2105 1429 2139 quod
1447 2107 1551 2140 optimo
1567 2107 1685 2134 militum
1702 2115 1749 2143 ge-

957 2159 1023 2177 nere
1045 2151 1094 2184 ita,
1120 2158 1181 2177 cum
1210 2151 1278 2182 vult,
1298 2151 1432 2183 abundat,
1454 2157 1483 2179 ut
1500 2157 1632 2180 terroretn
1653 2155 1695 2181 sui
1722 2155 1748 2181 in

957 2198 1071 2225 dissitas
1092 2198 1188 2233 procul
1214 2203 1310 2233 gentes
1336 2198 1460 2233 proferre
1484 2199 1582 2230 soleat,
1610 2204 1750 2236 utrunque

111 2245 165 2270 vari
190 2244 292 2278 jnbcus
323 2252 382 2271 sese
408 2244 621 2279 haudquaquam
650 2249 690 2272 tot
726 2245 905 2272 accersivisse
925 2237 945 2264 D
964 2252 1037 2271 nunc
1055 2250 1201 2279 provocata
1226 2245 1347 2280 peccatis
1374 2245 1522 2273 multorqu
1543 2245 1589 2274 Dei
1616 2248 1748 2281 vindicta,

111 2296 175 2323 quot
190 2291 234 2318 ille
250 2291 395 2323 duxisset;
413 2299 482 2325 quos
505 2297 596 2318 tamen
610 2291 665 2325 iam
679 2291 815 2319 adductos
835 2293 900 2326 quia

112 2338 207 2364 durum
228 2342 303 2364 esset
329 2338 462 2365 continuo
488 2338 640 2370 dimittere,
667 2339 798 2373 precibus
822 2339 902 2366 ducis

111 2383 244 2410 indultum
262 2392 276 2410 a
294 2392 324 2411 se
351 2389 381 2410 ut
407 2385 438 2412 ad
457 2385 539 2412 breve
562 2385 695 2415 duntaxat
711 2391 819 2420 tempus
837 2386 902 2413 reti-

113 2438 251 2459 nerentur.
275 2431 433 2460 Evsecutus
451 2432 515 2459 hinc
536 2436 578 2459 est
604 2436 633 2458 nt
659 2432 698 2459 illi
723 2433 901 2459 hihernantes

113 2479 180 2511 apud
197 2479 325 2514 Cynicum
345 2478 438 2512 ibique
457 2479 489 2505 ad
505 2486 552 2505 ver
565 2486 654 2513 usque
669 2479 792 2506 adultum
811 2480 901 2505 diver-

113 2531 200 2552 samcs
223 2534 276 2552 non
297 2526 379 2552 modo
395 2526 463 2552 nihil
486 2529 583 2553 contra
600 2525 695 2554 hostes
719 2526 835 2561 egerint,
853 2527 899 2553 sed

114 2571 194 2598 multa
219 2572 329 2599 interim
358 2572 578 2606 gravissiinaque
599 2572 699 2599 damna
720 2572 819 2599 incolis
839 2572 901 2606 ejus

114 2617 231 2647 regionis
247 2617 400 2644 intulerint.
420 2617 553 2651 Adjunxit
569 2617 612 2644 his
629 2617 709 2652 515
734 2626 795 2653 qua:
818 2618 899 2645 iidem

114 2662 210 2690 deinde
228 2664 254 2690 iu
279 2668 370 2690 tractu
394 2662 529 2690 Orientali
553 2664 695 2697 fecissent,
716 2669 745 2692 ut
770 2666 900 2692 nimirum

114 2709 220 2744 injuriis
249 2715 277 2737 et
304 2711 483 2738 contumeliis
509 2711 637 2745 plurimis
664 2720 718 2738 non
739 2713 832 2740 hostes
852 2713 899 2739 sed

114 2754 250 2782 Romanos
262 2756 416 2783 adiecerint.
434 2756 465 2782 lit
482 2763 554 2784 nunc
577 2765 686 2789 quoque
704 2756 819 2791 trajectu
838 2757 901 2784 Hel-

115 2800 237 2834 lesponto
255 2810 337 2837 quam
356 2810 427 2830 saeve
440 2811 471 2830 ac
490 2803 624 2837 ﬂagitiose
640 2803 801 2830 vexaverint
818 2803 901 2831 Occi-

115 2847 160 2874 dui
180 2853 285 2875 tractus
307 2848 447 2876 Romanos
473 2849 644 2877 habitatores
669 2850 803 2882 attexuit;
831 2859 900 2884 quo-

116 2902 172 2921 rum
191 2895 338 2931 quidquam
358 2895 481 2931 ignotum
499 2896 709 2932 inauditamque
727 2896 780 2924 sibi
799 2903 860 2924 chc
875 2897 898 2923 si

956 2291 1081 2318 cladibus
1115 2292 1235 2318 attritum
1264 2292 1412 2326 inopinatis
1439 2293 1567 2328 langueat
1586 2294 1748 2329 paululum,

957 2346 1010 2364 non
1027 2338 1086 2366 sine
1098 2346 1145 2372 Spe
1162 2343 1251 2365 tamen
1266 2339 1373 2373 pristini
1390 2339 1491 2374 rigoris
1507 2340 1562 2367 cito
1576 2342 1747 2370 resutnendi.

955 2385 1108 2412 Consulant
1123 2385 1168 2411 isti
1187 2393 1252 2420 ergo
1266 2385 1349 2413 rebus
1366 2385 1435 2418 suis,
1452 2391 1478 2413 et
1498 2389 1633 2420 contenti,
1655 2390 1679 2416 si
1703 2397 1749 2416 sa-

956 2433 1046 2467 piunt,
1069 2432 1207 2460 donativis
1221 2440 1253 2459 ex
1279 2440 1352 2460 mera
1377 2441 1427 2460 sua
1455 2433 1621 2463 liberalitate
1647 2437 1749 2466 oblatis

956 2483 1053 2513 pacate
1069 2487 1100 2506 se
1110 2479 1254 2506 conferant
1272 2487 1326 2515 quo
1340 2479 1485 2514 jubentur.
1503 2481 1551 2508 Sin
1576 2482 1667 2510 furere
1689 2492 1750 2518 per-

956 2528 1034 2558 gunl,
1057 2532 1124 2551 sane
1145 2524 1236 2551 sciant
1253 2533 1282 2552 se
1306 2525 1378 2552 haud
1402 2529 1599 2554 cunctaturum
1616 2529 1746 2563 amplius.

955 2571 1028 2606 quod
1053 2571 1134 2598 facile
1153 2575 1246 2605 queat,
1272 2572 1388 2598 rebelles
1403 2573 1554 2601 sceleratos
1579 2575 1668 2609 plenis
1690 2583 1748 2602 me.-

957 2619 1017 2645 ritis
1041 2618 1199 2652 subjicere;
1229 2626 1280 2645 nec
1300 2626 1446 2652 passurum
1466 2625 1506 2650 ut.
1523 2621 1594 2655 quod
1615 2623 1748 2651 hactenus

956 2663 1091 2696 fecerunt,
1117 2663 1212 2690 hostes
1242 2671 1271 2690 se
1296 2663 1430 2692 Roiiianis
1457 2666 1678 2697 crudelissimos.
1696 2676 1746 2693 no-

955 2711 1030 2737 mine
1041 2710 1179 2737 sociorum
1195 2710 1321 2741 admissi,
1337 2712 1483 2745 perﬁdiose
1499 2713 1650 2746 lii-:ebeant.
1665 2713 1748 2751 516

955 2758 1021 2784 Sese
1036 2764 1118 2791 porro
1136 2757 1335 2792 facultatesque
1351 2758 1576 2791 circumspiciunt
1600 2767 1676 2791 suas,
1697 2768 1746 2787 nec

957 2804 1157 2831 obliviscantur
1174 2804 1245 2837 quod
1261 2805 1349 2838 palam
1369 2810 1420 2834 est,
1438 2806 1524 2837 ipsos.
1550 2805 1682 2838 quidquid
1699 2807 1748 2832 ha-

956 2849 1032 2882 bent,
1054 2857 1108 2883 quo
1124 2849 1221 2876 vivunt
1237 2852 1264 2875 et
1278 2849 1396 2883 spirant,
1413 2857 1425 2875 a
1439 2849 1568 2876 Romanis
1585 2852 1744 2884 accepisse;

955 2904 1025 2932 quos
1041 2895 1145 2923 dudum
1164 2894 1237 2922 fante
1256 2899 1282 2923 et
1295 2899 1417 2931 egestate
1433 2896 1537 2930 perisse
1553 2904 1664 2924 uccusse
1689 2898 1746 2925 lue-

1768 2977 1796 2996 f
