1957 3066
247 134 280 152 ιῖἾ

246 149 276 166 Cl

857 133 879 161 G
886 131 982 161 ΕΘΠΟ
991 131 1015 160 ll
1041 131 1134 160 l’ACll
1141 132 1243 161 YlllER
1252 132 1282 161 ΚΕ

1820 132 1876 162 5'72

240 191 295 226 ἢθη
312 191 379 226 πρὸς
394 190 429 218 τὰ
446 191 500 218 τῶν
514 191 600 218 ἄλλων
616 190 723 222 ἐξαίσια
740 187 810 224 ἦσαν
831 192 879 216 καὶ
895 190 949 216 οὐδ’
965 191 1032 220 ὅλως
1050 190 1070 217 Α
1084 186 1128 221 ἦν,
1145 189 1329 224 διαφερόντω;
1343 189 1370 215 δέ
1387 198 1417 222 γε
1430 191 1461 223 τῇ
1479 189 1592 222 ἀδελφῇ.
1611 189 1653 216 Ὠς
1663 189 1690 215 δὲ
1704 190 1750 215 καὶ
1766 190 1875 223 πικρῶς

241 237 356 268 ἐκεινοις
384 237 554 268 συνέϐαινον,
572 238 629 268 τοῖς
655 237 706 271 μὲν
735 236 764 268 ἐξ
792 237 922 271 ἐναρέτου
949 237 1029 270 ὁῆοεν

239 282 389 317 δοκήσεως,
408 284 464 312 τοῖς
483 283 505 308 δ’
527 283 556 314 ἐξ
575 283 697 317 ἐμφύτου
722 282 835 317 γνώμης
851 283 957 313 δοκοῦν,
974 284 1030 313 τοῖς

238 328 263 355 δ’
285 329 425 363 ὲμτεαοοῦς
450 329 597 356 διαθέσεωε
625 329 697 355 κατὰ
719 329 832 364 γνώμην
855 330 909 355 τῶν
932 330 1028 358 πάλαι.

245 375 360 402 Ὀπόθεν
376 376 404 402 δὲ
418 376 492 402 τοῦτ’
506 375 550 411 ἦν,
572 376 657 408 ἔξεστι
673 376 796 410 γίνεσθαι
818 376 864 403 τοῦ
888 377 1029 408 πείθοντος

239 422 383 456 λογισμοῦ.
417 424 526 455 ’Λμέλει
549 431 589 448 τοι
612 423 659 448 καὶ
680 423 716 457 μὴ
740 423 820 456 prium)
835 424 891 455 τοῖς
910 423 1029 458 ἀρχῆθεν

240 469 426 504 σχιζομένοις,
444 470 510 495 ἀλλὰ
528 470 574 495 καὶ
596 470 653 500 τοῖς
677 470 767 500 ﬁlim;
784 470 919 505 ἁγλευκὴς
944 471 1029 497 ἐδόκει

241 516 288 541 καὶ
304 516 415 545 ἀτενοῦς
432 515 516 550 ἤθους
530 516 575 542 καὶ
594 516 663 546 ὅλως
680 516 882 551 δυσπέμφελος,
898 517 1030 549 Βασιλεὺς

238 561 267 588 δὲ
285 562 316 587 οὐ
335 563 435 596 μᾶλλον
452 563 556 588 ἐκεῖνον
581 563 596 597 ἦ
616 563 666 595 τὴν
684 563 787 589 οἰκείαν
814 563 946 589 συνιπτῶν
962 561 1028 594 οἷον,

240 609 278 639 ὡς
296 608 388 642 ἐῴκει,
407 608 532 644 γνώμην,
551 607 643 642 ἐφόἷς
658 609 706 635 καὶ
717 609 766 644 τὴν
779 609 867 644 ἀρχὴν
877 609 1027 644 ὲκεκρίχει,

239 655 294 680 οὐδ’
321 656 350 685 ἐς
375 655 462 690 βραχὺ
489 656 537 690 τῆς
556 657 600 682 ἐπ’
617 656 692 691 αὐτῷ
716 656 873 691 πολυωρίας
889 657 1028 690 καθυφίει.

246 701 322 727 Ἐπεὶ
338 701 365 727 δὲ
386 702 433 727 καὶ
452 703 570 735 coimus“
597 702 666 729 ἄττα
697 702 812 737 ῥιφέντα
831 703 914 737 μέχρι
938 704 985 730 καὶ
1001 704 1030 735 ἐς

240 746 323 773 αὑτοῦ
339 749 433 782 χεῖρας
447 748 594 783 πεφοάκει,
610 749 676 775 δείν’
690 749 758 776 ἄττα
771 750 886 784 λέγοντα
896 750 942 776 καὶ
957 751 1029 786 ἀπᾴ-

239 794 329 826 δοντα,
351 795 401 820 οὐκ
418 795 513 830 ὀ“ι.ἰγην
534 795 661 826 κάκεῖνος
679 796 802 830 εὑρίσκει
821 796 1028 831 σχεδιασῦεῖσαν

239 841 277 876 τῷ
294 841 513 876 πατριαρχοῦντι
528 842 657 869 σύστασιν
677 842 706 875 ἐξ
722 843 811 875 αἰτίας
825 844 943 870 τοιᾶσδε.
964 842 1028 879 Εἶχε

241 887 311 922 μετὰ
323 888 427 914 πολλῶν
442 889 554 924 ἄλλωνὴ
567 889 645 921 πόλις
658 890 705 916 καὶ
718 890 880 924 Ἀρμενίους
890 891 1027 923 ἐποίκους.

238 931 301 959 Τῶν
312 942 353 964 τις
363 934 411 959 καὶ
426 934 634 968 προεπεφθάκει
647 935 834 971 προσδραμὼν
848 937 881 971 τῇ
898 936 1028 971 καθολικῇ

246 978 395 1013 Ἐκκλησία
421 981 467 1006 καὶ
497 981 575 1015 μύρῳ
599 981 638 1016 τῷ
656 981 727 1017 ἁγίῳ
747 982 882 1017 χρισοείς.
910 984 978 1017 Παρ⁷
996 985 1029 1019 ἦν

238 1025 328 1051 αἰτίαν
345 1026 391 1052 καὶ
406 1026 498 1058 ἄλλοις
518 1027 567 1062 μὲν
593 1029 651 1062 τοῖς
675 1030 835 1065 ὸμογενέσιν
860 1031 1028 1067 ᾶπὸστοργος

238 1119 299 1147 cat;
318 1116 393 1148 quali
421 1116 568 1145 severitate
591 1118 697 1145 nullum
717 1127 812 1147 corum
832 1121 879 1154 qui
904 1124 1026 1149 omnium

237 1161 416 1188 confessione
441 1162 609 1190 haberentur
634 1165 788 1193 divinarum
813 1167 902 1201 legum
930 1169 1027 1197 obser-

239 1212 353 1234 vatores
369 1209 549 1242 exactissimi,
566 1219 646 1239 usum
671 1213 759 1240 fuisse
778 1216 931 1243 constabat.
953 1215 1027 1244 Inter

238 1251 290 1279 hos
313 1253 357 1280 ille
378 1254 454 1281 velut
475 1256 572 1283 inanes
588 1259 767 1292 contemptim
786 1259 913 1288 fremitus
932 1267 1025 1289 erecta

239 1297 341 1331 fronte,
368 1308 423 1334 quo
449 1301 605 1329 intenderat
640 1293 826 1338 gradiehatur,
855 1306 943 1334 fretus
974 1309 1025 1336 sibi

237 1345 425 1378 paratissimo,
466 1352 493 1373 et
521 1355 577 1382 quo
601 1351 689 1384 magis
717 1356 855 1386 pergeret,
880 1353 1025 1388 benignius

238 1396 348 1423 semper
365 1392 506 1425 aspirante
531 1393 625 1421 favore
641 1396 829 1430 imperatoris,
847 1402 1025 1434 quantumvis

238 1434 347 1462 interim
371 1445 467 1465 omnes
497 1440 683 1474 ringerentur.
714 1444 832 1471 maxime
850 1451 939 1473 atttem
958 1447 1025 1475 insi-

239 1479 348 1513 gniores
362 1482 466 1516 quique
485 1486 628 1517 aegerrime
641 1486 744 1514 ferrent
760 1497 821 1522 quae
834 1490 930 1518 abillo
946 1491 1024 1520 vide-

1082 232 1154 268 εἶχον
1170 235 1218 260 καὶ
1233 235 1415 269 ἐλοιδοροῦντο
1427 235 1465 269 τῷ
1480 235 1658 261 ἁπηκλίναντι
1669 235 1712 261 διὰ
1727 235 1776 269 τὴν
1789 235 1875 269 μετά-

1082 280 1167 312 οεσιν,
1185 281 1393 316 ὲνεπικρσίνετό
1408 281 1433 307 οἰ
1460 283 1507 307 καὶ
1524 281 1539 314 ἡ
1564 281 1704 315 ὀμαῖμων,
1724 282 1771 307 καὶ
1791 281 1875 315 μέσον

1081 326 1186 353 τούτων
1202 327 1288 362 ἔχθρα
1319 329 1474 354 συνίστατο.
1493 325 1544 353 Ὧν
1570 329 1598 354 ὲν
1621 329 1670 363 μιᾷ
1687 327 1875 363 διαλοιδορουο

1084 371 1183 406 μένων,
1193 372 1322 399 κάκείνου
1332 373 1582 408 προσαπειλοῠντος
1594 373 1743 408 ἀναφέρειν
1754 372 1798 409 [Ρ.
1809 372 1875 409 ὅϐἔί]

1081 417 1121 452 τῷ
1140 419 1298 454 πατριάρχῃ
1312 421 1359 446 καὶ
1371 420 1405 446 τὰ
1423 421 1489 456 παρ’
1508 421 1598 446 αὐτῶν
1607 421 1696 454 ὀνείδη
1707 421 1874 454 διεγκαλεῖν,

1082 461 1122 494 εἷς
1138 465 1321 498 παρευρεθεὶς
1345 465 1461 497 ἐκείνοις
1486 466 1534 492 καὶ
1557 466 1781 500 ἀναξιοπαθήσας
1804 463 1875 496 οἷον,

1081 510 1131 544 τὴν
1144 510 1276 545 ἐγκλησιν
1303 511 1476 546 ἐϐλασφήμει
1502 512 1548 537 καὶ
1565 512 1656 538 πίστιν
1671 512 1718 538 καὶ
1737 512 1876 546 πατριάρ-

1084 564 1146 590 χην,
1157 556 1201 582 τὸν
1209 558 1418 592 καταφρονητὴν
1430 557 1662 592 ὺπεμφαίνων,ὡ;
1676 558 1776 592 ἥκιστα
1792 566 1876 592 φρον-

1081 603 1157 635 τιῶν,
1182 604 1206 629 εἰ
1226 604 1381 638 ἐπικαλοίη.
1408 605 1514 638 Μικρὸν
1531 604 1623 639 διῆλθε
1645 605 1694 639 τῆς
1720 604 1806 639 ὥρας,
1826 608 1876 630 καὶ

1081 651 1205 681 ἀποστὰς
1217 651 1335 683 ἐκεῖθεν,
1349 652 1452 686 μεταξὺ
1464 652 1513 685 τὴν
1525 651 1582 678 ὁδὸν
1598 651 1781 686 διερχόμενος,
1796 652 1875 685 παρὰ

1083 697 1220 731 μηδεμίαν
1248 698 1338 725 αἰτίαν
1366 698 1475 733 ἐμφανῆ
1493 698 1688 732 ξυμποδίζεται
1706 699 1753 724 καὶ
1777 699 1874 724 πίπτει

1081 743 1182 778 πτῶμα
1197 744 1296 777 δεινὸν,
1307 744 1355 771 καὶ
1363 744 1453 776 ἔδοξεν
1464 745 1591 780 ὑποσχὼν
1601 745 1679 776 δίκας
1689 746 1738 780 τῆς
1750 745 1797 779 ﬁla
1803 754 1858 780 σφη
1867 760 1876 765 -

1083 789 1158 825 μίας,
1183 790 1278 821 δεινῶς
1304 790 1460 826 συντριὸεἶς
1485 791 1531 817 τὸν
1558 791 1636 817 πόδα..
1661 791 1753 818 Ταῦτα
1778 792 1875 825 μαθὼν

1084 835 1222 871 βασιλεὺς,
1251 837 1299 863 καὶ
1325 836 1363 867 ὡς
1389 837 1462 868 εἰδὼς
1490 837 1519 863 τὺ
1547 838 1668 872 πραχθὲν
1696 838 1874 872 ἡγησάμενος

1082 882 1333 918 θαυματούργημα,
1343 883 1374 910 τὺ
1391 883 1446 910 πᾶν
1458 883 1504 909 τοῦ
1520 883 1673 918 παραδόξου
1684 884 1722 917 τῷ
1737 892 1874 919 πατριαρ-

1081 928 1174 964 χοῦντι
1193 929 1392 964 προσανετίθει,
1408 929 1467 956 δέειν
1482 929 1522 960 ὃν,
1538 926 1627 964 οἶμαι,
1638 930 1685 956 καὶ
1701 929 1802 964 μᾶλλον
1813 929 1874 964 Θεῷ

1081 976 1128 1002 καὶ
1142 976 1175 1010 τῇ
1191 975 1294 1008 πίστει,
1313 975 1347 1011 ἣν
1364 977 1468 1007 ἐκεῖνος
1482 977 1608 1011 ἀφρόνως
1632 976 1871 1011 βεϐλασφημήκει.

1082 1021 1137 1047 Καὶ
1156 1020 1255 1047 αὐτίκα.
1282 1021 1390 1056 πρωῖας
1415 1021 1526 1053 σύναξιν
1551 1022 1643 1057 κοινὴν
1671 1022 1871 1057 παραγγέλλει,

1080 1113 1282 1148 spargebantur
1300 1113 1382 1140 libelli
1400 1113 1533 1141 adversus
1549 1113 1731 1140 Athanasium
1756 1112 1869 1145 famosi,

1080 1164 1111 1185 ut
1145 1159 1258 1193 quidam
1276 1167 1370 1186 corum
1388 1160 1481 1193 gravia
1505 1164 1533 1187 et
1553 1160 1631 1187 valde
1657 1159 1761 1187 absona
1779 1159 1871 1186 conti-

1079 1209 1176 1231 nentes
1202 1212 1289 1239 usque
1320 1205 1354 1232 ad
1383 1204 1458 1240 ipsas
1492 1206 1667 1239 imperatoris
1694 1205 1870 1238 pervenircnt

1079 1258 1190 1283 manus,
1215 1251 1353 1277 inventam
1383 1252 1405 1280 is
1430 1251 1604 1278 occasionem
1627 1250 1725 1286 cupide
1752 1251 1870 1286 arripuit

1078 1296 1246 1331 patriarcha:
1272 1297 1306 1323 de
1323 1304 1395 1324 novo
1416 1297 1449 1324 ad
1467 1298 1597 1331 populum
1610 1297 1822 1324 commcndandi
1836 1304 1868 1323 ex

1077 1351 1160 1371 causa
1180 1351 1261 1379 quam
1292 1352 1355 1371 mox
1382 1351 1530 1379 exponam.
1553 1344 1677 1372 llabehat
1701 1343 1768 1371 urbs
1795 1344 1868 1371 inter

1078 1390 1146 1417 alios
1166 1391 1303 1417 variarum
1328 1391 1451 1425 gentium
1482 1390 1635 1425 inquilinos
1664 1390 1758 1426 plures
1783 1391 1866 1418 etiam

1078 1435 1184 1471 aliquos
1201 1437 1347 1464 Armeno’s.
1362 1437 1464 1464 llorutn
1481 1437 1617 1472 quispiam
1639 1437 1736 1464 relicto
1750 1445 1865 1464 suorum

1077 1483 1132 1509 rittt
1160 1487 1264 1510 nostrae
1289 1491 1319 1511 se
1335 1483 1482 1511 catltolicte
1508 1487 1702 1518 aggregaveral
1724 1483 1866 1512 Ecclesia'.

238 1525 303 1553 bant
315 1527 383 1560 ﬁeri,
402 1533 564 1565 ramumque
578 1532 708 1560 ablgssem,
724 1543 738 1562 a
757 1535 905 1570 (“gummis
921 1546 1019 1566 asse",
1035 1536 1058 1568 ο
1076 1536 1155 1556 sacro
1174 1529 1206 1555 ad
1227 1529 1278 1556 hoc
1297 1534 1397 1557 unctus
1418 1530 1584 1562 chrismate;
1600 1537 1655 1564 quo
1670 1529 1782 1556 nomine
1806 1537 1866 1555 ma-

236 1581 269 1600 su
286 1575 326 1600 vel
346 1578 543 1610 approbatione
564 1586 613 1605 sua
640 1581 693 1607 ttlla
710 1581 771 1614 ejus
787 1583 865 1614 actis.
880 1589 909 1611 ιιι
933 1593 1022 1614 mores

236 1620 324 1654 ipsius
348 1622 374 1648 in
405 1625 613 1656 comparatione
633 1634 694 1653 cum
717 1628 777 1655 aliis
798 1629 878 1657 laude
898 1632 1022 1659 omnium

236 1666 384 1694 celebratis
406 1669 569 1702 prmsidibus
591 1670 776 1700 Ecclesiarum
802 1675 880 1708 plane
910 1677 961 1704 sibi
984 1678 1023 1704 vi-

237 1711 294 1738 deri
320 1717 491 1742 monstrosos
513 1721 595 1750 atque
618 1718 764 1746 horribiles
782 1729 835 1747 non
863 1722 1024 1750 dissimula-

236 1761 309 1784 rent.
336 1757 363 1784 lu
388 1766 447 1785 eam
477 1761 546 1788 alios
575 1764 737 1790 sententiam
764 1765 918 1794 adducebat
947 1774 1022 1797 recta

235 1803 382 1831 testimntio
397 1813 468 1832 verae
486 1807 597 1834 virtutis
610 1817 617 1835 :
630 1810 677 1836 alii
693 1818 776 1838 sensu
791 1813 910 1846 quodam
925 1815 1023 1843 innato

234 1855 262 1875 et
277 1850 353 1882 quasi
377 1852 449 1885 genii
478 1853 652 1882 abhorrentis
677 1856 863 1885 incitabautur
890 1860 1020 1895 itnpnlsn.

234 1893 399 1929 Nonnullos,
424 1905 475 1924 nec
496 1898 564 1926 forte
592 1908 705 1934 paucos,
726 1903 906 1932 stimulabant
929 1893 975 1934 irze
994 1908 1021 1935 in

232 1939 412 1968 Athanasium
432 1949 549 1976 veteres,
575 1947 676 1980 prioris
699 1949 764 1975 olim
789 1950 850 1984 ejus
880 1953 1022 1987 regiminis

232 1984 314 2020 520
344 1987 454 2022 injuriis
480 1998 613 2024 accensas,
637 2001 755 2027 quarunt
774 1998 934 2024 memoriam
954 2007 1020 2033 prac-

232 2040 295 2060 sens
327 2035 454 2063 similium
484 2039 652 2071 experientia
676 2040 832 2070 refricabat.
862 2043 1021 2078 Cujusmodi

232 2079 391 2113 prmjudicia
425 2090 494 2116 quos
522 2085 671 2112 insederint
696 2087 813 2122 auitnos,
837 2089 871 2117 iis
890 2090 1019 2118 nitnirnm

231 2127 310 2153 facile
349 2126 514 2160 persuadent
542 2131 625 2164 justis
659 2141 687 2159 se
727 2142 778 2162 nec
812 2136 1020 2171 reprehensioni

229 2173 357 2201 obnoxiis
379 2177 480 2202 moveri
508 2177 588 2210 odiis,
615 2179 678 2205 dum
703 2188 750 2208 eos
774 2187 936 2211 aversantur
950 2192 1019 2218 quos

231 2223 284 2245 tant
315 2222 411 2249 merito
447 2224 554 2251 cunctis
591 2232 690 2253 exusos
721 2227 886 2263 intelligunt.
917 2230 1016 2258 Verum

230 2264 398 2293 Athanasius
414 2268 454 2294 vel
473 2268 585 2303 ignarus
600 2272 640 2298 vel
666 2271 706 2298 sic
730 2275 860 2308 tanquam
879 2275 1018 2310 ignoraret

229 2319 346 2339 securos
367 2313 434 2339 adeo
452 2314 594 2348 ﬂagrantis
620 2319 645 2344 in
664 2318 752 2353 ipsum
774 2319 892 2353 invidia-3,
910 2330 964 2349 non
982 2323 1017 2351 iis

230 2356 319 2383 solum
335 2366 404 2391 quos
423 2360 505 2392 priori
522 2360 663 2389 iunctione
679 2364 870 2396 palriarchalis
894 2372 1014 2400 potcSIa-

230 2403 266 2430 tis
281 2405 435 2432 irritaverat
453 2408 589 2440 vexando,
604 2408 786 2444 abseiudique
801 2418 815 2437 a
835 2412 878 2438 sui
891 2420 1015 2440 commu-

230 2450 313 2477 nione
338 2457 474 2485 coegerat,
495 2452 593 2479 durum
620 2453 837 2488 indomitumque
861 2463 891 2482 se
912 2457 1016 2490 praebe-

229 2496 285 2528 bat,
303 2497 349 2524 sed
368 2503 394 2524 et
411 2499 470 2525 sine
497 2499 660 2527 discrimine
682 2501 789 2528 cunctis
804 2501 866 2529 aliis
886 2503 1012 2536 acerbus,

229 2548 366 2576 austeros,
395 2539 533 2577 morosus,
552 2553 583 2572 ac
605 2545 678 2572 velut
708 2554 782 2573 mare
817 2548 1012 2581 procellosum,

229 2590 328 2616 minaci
358 2597 465 2624 semper
496 2598 629 2625 apparere
647 2592 787 2626 pergebat,
805 2593 827 2619 si
851 2600 904 2619 non
931 2593 1012 2620 etiatn

228 2634 385 2666 allectabat,
410 2636 540 2663 terribilis
565 2637 668 2670 specie.
684 2637 768 2665 Porro
795 2639 943 2674 imperator
959 2648 1013 2666 non

229 2681 314 2714 magis
333 2680 406 2707 illum
433 2689 526 2714 quam-
542 2682 645 2716 proprii
668 2689 682 2708 a
699 2683 833 2717 principio
856 2684 889 2710 de
906 2683 952 2710 illo
967 2684 1015 2711 de-

227 2725 323 2751 clarati
342 2726 535 2752 auctoritatem
563 2725 660 2760 judicii
683 2728 838 2755 constantia
856 2736 1014 2763 persevera-

228 2769 274 2796 bat
299 2771 473 2798 irrevocabili
492 2772 582 2804 tueri;
604 2780 654 2800 nec
669 2774 693 2800 ei
721 2773 881 2801 consulendi
897 2774 1013 2809 ejusque

228 2816 388 2852 invigilaudi
433 2818 575 2845 securitati
613 2819 754 2854 providam
796 2821 1009 2848 sollicitudinem

231 2863 396 2891 remittebat.
421 2862 556 2897 Quoniam
571 2873 635 2893 vero
651 2869 706 2893 tam
729 2865 846 2894 liccntcr
872 2865 899 2894 in
915 2866 1012 2902 vulgus

1075 1583 1157 1610 gnum
1173 1576 1199 1602 in
1212 1583 1241 1602 se
1257 1576 1409 1603 concitarat
1434 1576 1526 1603 odium
1544 1575 1719 1611 popularium
1739 1582 1864 1605 suorum.

1075 1622 1226 1654 praesertim
1248 1629 1312 1649 vero
1335 1622 1450 1652 sororis,
1468 1622 1537 1649 adeo
1554 1625 1585 1649 ut
1606 1621 1708 1655 passim
1721 1629 1784 1648 elllll
1802 1629 1865 1648 cum

1075 1668 1165 1694 cmteri
1181 1669 1381 1702 consanguinei
1408 1669 1541 1696 conviciis
1557 1668 1778 1703 proscindercnt,
1793 1669 1867 1703 quod

1074 1720 1089 1739 e
1109 1712 1242 1748 religione
1260 1715 1347 1747 patria
1364 1714 1397 1741 ad
1418 1714 1499 1740 aliam
1516 1714 1693 1745 descivisset,
1712 1719 1769 1740 tum
1787 1721 1867 1740 eum-

1075 1759 1136 1786 dem
1166 1761 1340 1788 amarissime
1354 1760 1390 1787 ob
1408 1761 1433 1787 id
1456 1761 1544 1794 ipsum
1572 1769 1701 1795 germana
1719 1761 1868 1795 increpare

1075 1812 1130 1831 non
1153 1805 1299 1833 desineret.
1327 1805 1446 1840 Eratque
1474 1807 1521 1834 tali
1545 1815 1577 1834 ex
1595 1815 1679 1835 causa
1702 1808 1866 1835 contimttnn

1074 1851 1146 1880 inter
1171 1859 1221 1880 eos
1249 1854 1429 1880 commissum
1462 1854 1597 1889 iurgium.
1628 1853 1706 1887 Quod
1730 1855 1796 1882 dum
1822 1856 1867 1881 die

1074 1898 1193 1932 quadam
1211 1898 1364 1926 ferventius
1380 1900 1544 1934 agitaretur,
1563 1900 1627 1927 hinc
1645 1899 1679 1926 de
1702 1908 1778 1927 more
1795 1908 1865 1927 con-

1074 1943 1241 1970 viciantibus
1260 1943 1363 1970 homini
1388 1944 1560 1975 domesticis.
1589 1944 1652 1972 inde
1676 1945 1722 1971 illo
1741 1945 1865 1971 minante

1074 1997 1103 2016 se
1127 1989 1162 2018 ad
1184 1989 1370 2024 patriarcham
1394 1990 1544 2017 relaturum
1559 1998 1621 2025 quae
1641 1990 1695 2018 sibi
1711 1991 1866 2025 exprobra-

1073 2039 1134 2062 rent
1146 2040 1173 2062 ct
1185 2043 1232 2062 eos
1246 2036 1317 2070 apud
1332 2035 1422 2070 ipsum
1440 2043 1647 2069 accusaturum,
1666 2042 1791 2071 repertus
1806 2038 1864 2063 illic

1073 2081 1184 2115 quidam
1208 2081 1324 2115 estqui,
1347 2081 1421 2109 velut
1442 2090 1498 2109 rem
1519 2082 1659 2116 indignam
1684 2088 1761 2110 ratus
1781 2083 1860 2118 521

1073 2128 1205 2155 intentari
1236 2129 1303 2163 ipsis
1331 2130 1524 2157 auctoritatem
1547 2129 1628 2157 alieni
1655 2131 1818 2164 patriarchae
1835 2136 1862 2158 et

1071 2174 1166 2208 jndicii
1188 2175 1247 2209 ejus
1266 2176 1417 2209 periculum
1437 2176 1608 2208 denuntiari,
1624 2177 1713 2210 erupit
1730 2177 1756 2203 in
1776 2179 1862 2205 male-

1070 2220 1156 2253 dicta,
1187 2221 1255 2248 diris
1289 2221 1427 2248 devoveus
1456 2227 1483 2248 ct
1509 2222 1588 2249 ﬁdem
1618 2227 1645 2249 et
1675 2223 1860 2257 patriarcltam

1069 2268 1163 2300 istum,
1184 2275 1263 2302 quem
1283 2273 1466 2295 contemnere
1481 2276 1510 2295 se
1529 2276 1579 2295 nec
1593 2269 1673 2296 nauci
1692 2269 1791 2302 facere,
1811 2275 1859 2296 attt

1068 2313 1133 2349 quid
1151 2314 1184 2341 de
1201 2321 1232 2340 se
1245 2314 1413 2346 censeret,si
1424 2322 1519 2341 coratn
1537 2323 1569 2342 eo
1581 2316 1726 2348 citaretur,
1741 2316 1858 2342 omnino

1068 2367 1166 2386 curare
1201 2359 1420 2387 deuioustrabat.
1445 2360 1571 2388 Nondum
1599 2362 1662 2389 huic
1680 2366 1736 2388 tota
1758 2369 1774 2388 a
1795 2370 1860 2396 pro-

1068 2406 1132 2433 latis
1156 2406 1244 2433 verbis
1269 2406 1369 2433 talibus
1398 2406 1467 2433 hora
1493 2406 1651 2437 efﬂuxerat.
1677 2415 1739 2434 cum
1760 2409 1859 2435 abst-e-

1070 2453 1137 2480 dens
1163 2452 1239 2485 inde,
1259 2453 1323 2480 dmn
1351 2461 1399 2488 per
1414 2454 1508 2480 urbem
1539 2454 1756 2486 atubulabat.ex
1781 2457 1858 2483 nulla

1068 2506 1129 2534 qua!
1155 2504 1301 2534 appareret
1325 2507 1409 2526 causa
1440 2500 1636 2534 supplantatur
1665 2501 1858 2537 sternittquue

1068 2545 1144 2572 Intuli
1156 2544 1215 2572 diro
1231 2553 1308 2578 casu,
1327 2545 1404 2572 visus
1418 2545 1595 2580 blasphemiae
1612 2553 1709 2580 poenas
1724 2547 1856 2581 pendere,

1068 2591 1141 2626 quod
1166 2598 1199 2618 eo
1223 2591 1300 2625 lapsu
1320 2591 1418 2624 pedum
1449 2592 1486 2618 illi
1504 2592 1641 2619 contritus
1658 2593 1727 2620 alter
1742 2598 1796 2621 est.
1819 2594 1858 2620 Eo

1070 2638 1219 2672 imperator
1238 2637 1358 2671 cognito,
1376 2644 1503 2664 eventum
1525 2645 1558 2664 ex
1576 2638 1665 2671 prima
1685 2639 1777 2665 statim
1793 2647 1856 2672 spe-

1068 2683 1110 2711 cie
1127 2683 1273 2710 manifesto
1288 2683 1421 2710 miraculo
1440 2683 1589 2718 impntaus,
1611 2691 1660 2718 pro
1675 2689 1773 2711 θείω-ιι
1798 2693 1851 2712 sua

1068 2729 1248 2756 admiratione
1272 2729 1443 2762 patriarchae,
1461 2729 1616 2764 prodigium
1643 2730 1668 2757 id
1686 2738 1747 2758 esse
1761 2738 1775 2757 a
1796 2731 1854 2759 Deo

1068 2777 1224 2804 declarante
1239 2783 1318 2802 sumn
1332 2776 1357 2802 in
1378 2777 1466 2810 ipsum
1481 2784 1603 2802 amorem
1621 2780 1648 2802 et
1665 2776 1725 2810 cjtts
1737 2776 1810 2810 apud
1825 2785 1855 2804 se

1068 2822 1165 2849 merita
1183 2821 1344 2848 mirabiliter
1370 2826 1507 2856 patratum
1529 2821 1588 2849 sine
1610 2822 1664 2849 ulla
1683 2821 1855 2850 dubitatione

1068 2867 1194 2901 credidit,
1224 2867 1419 2902 verisimilius,
1447 2868 1473 2895 ni
1503 2867 1594 2902 fallor,
1621 2868 1798 2903 opinaturus,
1830 2871 1854 2897 si
