1957 3066
87 113 149 144 573

583 116 631 145 DE
654 114 878 145 ANDBONlCO
894 113 1124 144 l‘AL/EOLOGO
1145 114 1219 145 LlB.
1239 115 1289 145 VI.

1680 113 1731 144 574

82 169 235 196 ἐπιτάττει
253 170 275 196 δ’
292 170 437 206 ἐνεχθῆναι
466 171 513 197 καὶ
540 171 586 198 τὸν
616 171 824 207 διαταραχθέντα
848 171 885 202 ὡς
901 172 924 201 Α
940 172 1037 206 σχόντα
1053 173 1116 204 τοὺς
1134 172 1231 204 ἄλλους
1248 172 1436 207 ἀποπέμπειν,
1461 171 1508 198 καὶ
1530 171 1629 198 αὐτίκα
1644 172 1732 206 περᾷν

82 213 166 250 εἶχεν
184 215 231 242 ἐπὶ
246 216 295 243 τοῦ
315 217 476 252 σκίμποδος.
493 215 531 244 Οὗ
545 217 578 253 δὴ
593 218 641 244 καὶ
656 219 684 249 ἐς
702 218 784 254 μέσον
795 219 886 244 τεθέν-

81 270 148 294 τος,
171 263 274 298 πολλὴν
288 264 333 289 καὶ
345 263 490 298 διωλύγιον
502 264 601 300 διεξῄει
615 265 788 300 δημηγορίαν
798 286 804 298 ,
822 274 885 291 συν-

84 309 176 336 ιστῶν
195 310 321 336 ἐντεῦθεν
333 310 362 336 ὂν
375 312 505 346 συνιστᾷν
518 311 610 346 ἤθελε,
634 311 688 338 τῶν
702 312 724 338 δ’
740 312 787 338 ἀπ’
803 310 885 337 αὐτοῦ

83 355 275 390 σχιζομένων,
304 356 467 390 καὶμᾶλλον
487 357 542 383 τῶν
569 358 644 389 ἰδίως
669 357 836 392 ζηλούντων,
852 357 886 383 τὰ

85 400 210 427 πλεῖστα
228 402 398 435 καθήπτετο,
419 402 470 429 xiv
496 403 597 430 ἐκεῖνοι
614 403 663 438 τὴν
685 403 800 438 γνώμην
815 403 886 436 ἀμε-

84 447 208 475 τάθετον
233 446 307 484 εἶχον
323 450 365 483 ἐφ’
383 447 424 482 οἷς
442 450 562 485 ἀρχῆθεν
581 450 804 485 ἐπισχυρίζοντο.
831 449 886 476 Καὶ

84 494 215 530 ἔπασχον
231 496 292 530 μὲν,
309 496 430 532 ἔπασχον
443 497 467 523 δ’
482 497 515 524 ἂν
533 498 579 523 καὶ
596 497 631 523 τὰ
650 497 778 531 μέγιστα,
793 496 818 522 εἰ
835 495 885 531 βα-

86 542 185 573 σιλεὺς
209 543 283 577 Opts:
298 543 344 569 καὶ
358 543 519 579 συνεχώρει.
542 543 613 570 Ἀλλ’
626 544 734 578 ἀνεῖχεν
747 543 816 575 ὅλως
835 542 885 574 τὰς

84 589 133 615 ἐπ’
151 589 269 621 ἐκείνοις
283 590 337 616 τῶν
352 590 441 617 ἄλλων
454 590 545 625 ὁρμὰς
558 591 671 624 τρόποις
684 590 883 625 χρηστότητος.

172 657 226 692 κβ’.
251 657 434 692 Ἀνάρῤησις
444 659 498 686 τοῦ
513 659 666 693 Καίσαρος
684 658 811 685 Ἰταλοῦ.

125 723 170 759 [Ρ.
185 723 252 760 565]
273 724 318 751 Ἐν
343 725 494 761 τούτῳκαὶ
521 726 536 752 ὀ
561 726 616 752 ἀπὸ
641 725 762 760 μεγάλου
789 725 885 758 δουκδς

91 770 200 802 atate;
215 771 266 805 μὲν
281 772 311 798 τὸ
322 772 410 805 γένος,
427 774 488 804 ταῖς
503 772 526 799 δ’
544 773 598 800 άπὸ
611 773 658 799 τοῦ
679 773 812 808 βασιλέως
823 773 884 800 ὀνο-

87 817 208 851 μασίαις
223 817 262 849 ὡς
277 817 402 853 γαμϐρὸς
418 819 603 853 κλεῖζόμενος,
619 819 738 854 πέμπων
753 819 885 851 πολλάκις

86 863 160 899 προς
174 864 291 898 βασιλέα
307 866 355 891 καὶ
374 866 539 900 τεχνιτεύων
551 867 600 898 τὰς
623 867 785 902 σκαιωριας,
807 867 884 899 τέλος

86 910 285 937 ἀποσταλέντα
305 911 353 937 καὶ
376 911 454 944 αὖθις
478 912 512 939 τὰ
535 912 584 939 τοῦ
603 913 744 947 Καίσαρος
762 912 886 948 σύμϐολα

89 958 164 984 κατὰ
187 958 237 994 τὴν
254 959 363 994 ἡμέραν
379 961 428 994 τῆς
445 960 491 986 τοῦ
508 961 586 994 ἁγίου
603 961 731 996 Λαζάρου
749 961 886 996 ὲγέρσεως

87 1003 254 1030 ὑποδέδεται
275 1005 322 1031 καὶ
337 1005 446 1041 Καῖσαρ
464 1005 626 1040 φημίζεται,
642 1007 751 1040 δέχεταί
764 1015 795 1032 τε
811 1007 887 1041 παρὰ

89 1050 229 1083 βασιλέως
249 1051 297 1076 καὶ
323 1052 437 1085 χρυσίου
455 1052 613 1087 νομίσματα
635 1052 794 1088 χιλιοστὺας
810 1054 886 1088 τρεῖς

88 1096 160 1130 πρὸς
176 1096 338 1131 τριάκοντα.
361 1097 507 1124 Ξυνέκειτο
526 1098 554 1125 δὲ
579 1099 654 1132 σφίσι
670 1099 821 1134 λαμϐάνειν
838 1099 885 1125 καὶ

90 1141 169 1168 σίτου
194 1143 329 1174 τοπικοὺς
352 1143 460 1177 μοδίους
474 1144 571 1170 ὲκατδν
586 1144 720 1179 χιλιάδας,
739 1146 786 1172 καὶ
804 1145 884 1180 μέχρι

89 1188 138 1215 καὶ
160 1189 191 1220 ἐς
205 1190 283 1224 τρεῖς
307 1189 433 1224 χιλιάδας
450 1191 581 1226 μαχίμων
595 1190 700 1224 ἀνδρῶν
721 1199 885 1226 παρακατα-

91 1279 155 1307 lidei
174 1279 209 1307 ab
233 1279 287 1307 isto
315 1279 490 1314 blasphemia
517 1281 626 1308 violata:
646 1282 792 1316 repetitam
816 1282 883 1309 sica

89 1325 212 1354 Numine
230 1327 363 1354 ultionem
382 1326 480 1355 fuisset
504 1327 718 1362 interpretatus.
747 1328 884 1356 Postridie

91 1375 177 1409 igitur
208 1381 291 1402 mane
328 1373 478 1401 confestim
514 1375 676 1402 concionem
711 1375 883 1409 frequentera

90 1422 223 1450 advocat.
238 1421 373 1454 Praecepit
391 1425 482 1448 autem
497 1429 530 1448 eo
546 1422 571 1448 in
588 1421 690 1450 lectulo
704 1422 805 1450 deferri
821 1430 882 1449 eum

90 1468 137 1503 qui
156 1467 245 1503 pridie
265 1467 373 1501 pedem,
392 1471 422 1494 ut
438 1467 541 1494 dictum
563 1472 616 1500 est,
631 1467 751 1503 fregerat
765 1476 772 1501 ;
787 1476 842 1503 quo
855 1468 883 1495 in

938 219 999 245 κατ’
1015 219 1162 253 ἀνατολήν.
1180 218 1249 245 Ἀλλ’
1265 219 1340 252 ὅμως
1356 221 1387 245 ἐκ
1402 219 1553 254 σκαιωρίας
1577 218 1624 245 καὶ
1652 215 1732 248 αὖθις

937 266 986 300 οὐχ
1011 265 1176 291 ὑπελείπετο
1193 265 1347 299 πρόφασις,
1365 265 1433 291 ἀλλὰ
1461 265 1576 295 πολλοὺς
1606 264 1654 298 μὲν
1681 264 1733 290 ὰνὰ

938 311 1060 343 Κύζικον
1075 311 1190 346 πέμπει,
1207 311 1323 342 πολλοὺς
1349 311 1370 337 δ’
1386 311 1437 347 άνὰ
1456 311 1553 346 Πηγὰς
1565 331 1572 341 ,
1591 309 1688 344 ἱκανὴν
1704 309 1732 335 δὲ

939 358 1038 392 μοῖραν
1060 358 1108 384 καὶ
1132 358 1171 392 τῷ
1200 357 1328 392 Λοπαδίῳ
1352 357 1511 391 προσνέμει.
1531 357 1615 387 Αὐτὸς
1632 356 1660 382 δὲ
1685 355 1731 381 καὶ

936 404 1001 435 τοὺς
1017 404 1083 438 περὶ
1098 403 1144 430 τὸν
1160 405 1352 440 Μπυριγέριον
1373 405 1486 431 θάλπων
1502 405 1553 439 ἤδη
1570 403 1730 436 ἀποστατή-

938 459 1032 483 σαντα,
1049 451 1089 477 ἔτι
1107 451 1134 477 δὲ
1151 450 1276 482 καὶτοὺς
1292 451 1364 486 ἀμφὶ
1381 451 1426 477 τὶν
1439 450 1517 476 νόθον
1530 450 1644 483 ἀδελφὸν
1664 449 1731 474 Θευ-

936 495 1044 531 δερίχου
1059 497 1285 531 ὑποποιούμενος,
1298 497 1404 528 τούτοις
1418 497 1466 531 μὲν
1484 496 1563 530 μέχρι
1581 497 1627 522 καὶ
1643 495 1731 521 Μιτυ-

936 543 1021 579 λήνης
1029 543 1075 570 τὶτν
1085 543 1170 570 πλοῦν
1183 543 1360 578 περιώριξεν,
1372 543 1491 573 ἐκείνους
1502 543 1530 568 δὲ
1543 542 1730 576 παρακατεῖχε

907 618 909 621 ,
936 590 985 617 καὶ
1000 590 1153 624 προφάσεις
1180 590 1329 617 ἐπλάττετο
1347 590 1394 616 καὶ
1420 589 1506 618 ἄλλοις
1527 589 1588 622 μὲν,
1615 589 1686 618 τέως
1704 587 1732 613 δέ

936 644 969 670 γε
986 636 1036 671 τὴν
1052 636 1177 671 ἔκδηλον,
1206 638 1243 668 ὡς
1261 636 1433 667 ἁκαῦέκτους
1458 636 1538 666 ὂντας
1563 635 1592 660 οὐ
1618 634 1732 660 δύναται

935 683 1108 717 καθυπάγειν
1126 684 1166 714 εἰς
1181 683 1211 709 τὸ
1233 684 1334 710 οἰκεῖον
1349 683 1469 718 θέλημα,
1491 682 1539 709 καὶ
1555 680 1642 708 ταῦτα
1662 680 1731 715 μηδὲ

935 730 997 760 ταῖς
1023 729 1284 764 κεχρεωστημέναις
1318 729 1514 764 μισθοφορίαις
1536 726 1731 757 ίκανωθέντας.

941 774 1116 801 ’Υπεποιεῖτο
1134 774 1161 801 δὲ
1186 776 1234 802 καὶ
1262 774 1312 809 τὴν
1328 775 1383 801 τῶν
1401 775 1500 801 ἑκατὸν
1529 773 1657 809 χιλιάδων
1684 773 1731 799 τοῦ

937 819 1011 847 σίτου
1036 821 1211 855 συναγωγήν.
1230 821 1287 847 Καὶ
1305 821 1356 846 ἀνὰ
1378 820 1460 854 μέρος
1480 820 1529 854 μὲν
1543 821 1566 845 οί
1587 819 1634 845 τοῦ
1652 819 1731 853 βασι-

937 864 1005 896 λέως
1022 865 1139 899 συνῆγον
1168 866 1199 890 ἐκ
1215 865 1265 900 τῆς
1282 865 1374 900 χώρας
1392 866 1491 900 ἐκείνῳ
1510 865 1557 891 τὸν
1580 866 1665 897 σῖτον,
1680 865 1732 891 ἀνὰ

940 911 1022 946 μέρος
1049 911 1071 937 δ’
1088 913 1191 942 ἐκεῖνος
1208 911 1272 943 τοὺς
1302 912 1384 943 ἰδίους
1413 912 1531 946 πέμπων
1559 912 1684 946 ἐξεφόρει
1701 910 1732 936 τὸ

937 958 1151 994 εὑρισκόμενον,
1181 958 1319 993 προφάσει
1347 959 1397 993 μὲν
1425 959 1461 988 ὡς
1488 958 1660 992 ἐπιταχύνων
1682 958 1732 992 τὴν

937 1004 1141 1036 ἀπανάστασιν,
1160 1005 1191 1030 τὸ
1202 1004 1223 1030 δ’
1238 1004 1339 1038 ἀληθὲς
1357 1004 1404 1031 καὶ
1417 1004 1431 1030 ὃ
1451 1004 1552 1039 μᾶλλον
1563 1004 1731 1035 κατενοεῖτο,

937 1049 987 1080 τὰς
1015 1049 1163 1083 ὲπιθυμῖας
1192 1050 1340 1085 ἐμπιπλῶν
1368 1050 1414 1077 καὶ
1438 1050 1619 1085 καταφρονῶν
1641 1050 1669 1081 ἐς
1690 1049 1731 1076 ὅτι

938 1095 1067 1130 μάλιστα.
1089 1095 1133 1122 Ἐν
1148 1096 1269 1131 τοσούτῳ
1284 1097 1313 1122 δὲ
1331 1096 1376 1122 ἵνα
1397 1096 1429 1131 δὴ
1451 1097 1499 1123 καὶ
1523 1096 1605 1122 πλέον
1619 1097 1664 1122 τδν
1681 1095 1731 1131 βαο

938 1142 1015 1169 σιλέα
1032 1142 1250 1179 ὑποποιήσηται,
1267 1143 1325 1178 ἃμα
1338 1143 1365 1170 δὲ
1380 1144 1426 1170 καὶ
1444 1143 1517 1170 κατά
1541 1150 1617 1174 τινας
1633 1143 1732 1177 ἐτέρας

937 1189 1101 1225 προφάσεις,
1116 1191 1166 1225 τὴν
1193 1190 1243 1224 μὲν
1259 1189 1395 1224 πενθερὰν
1419 1191 1465 1216 καὶ
1489 1189 1539 1224 τὴν
1560 1189 1677 1223 σύζυγον
1691 1188 1731 1224 τῷ

937 1282 1071 1308 duntaxat
1096 1281 1261 1309 bellatorum
1288 1281 1401 1309 fortium
1428 1281 1514 1308 millia
1539 1289 1554 1308 e
1570 1281 1629 1309 suis
1645 1282 1733 1317 copiis

937 1331 1121 1358 retenturum,
1139 1334 1170 1353 ac
1197 1326 1320 1354 dimissis
1344 1327 1461 1362 reliquis
1480 1334 1542 1354 cum
1564 1327 1620 1354 illis
1648 1327 1733 1361 traje-

936 1378 1045 1400 cturum
1070 1372 1095 1399 in
1122 1372 1274 1400 Orientem.
1291 1372 1400 1406 Quibus
1436 1373 1464 1400 in
1486 1364 1592 1400 cunctis
1616 1372 1736 1400 admini-

936 1417 1057 1445 strandis
1072 1423 1218 1445 consuetas
1240 1417 1388 1445 adhibebat
1402 1419 1529 1450 astutias,
1555 1418 1638 1446 variis
1663 1425 1735 1452 prae-

936 1463 1060 1492 textihns
1078 1463 1208 1492 illudens.
1221 1464 1288 1491 Nam
1302 1472 1335 1492 ex
1353 1465 1407 1493 illis
1424 1472 1494 1499 quos
1510 1473 1540 1492 se
1555 1465 1734 1492 dimissurum

91 1515 186 1542 medio
201 1514 292 1550 posito
308 1521 375 1541 sane
390 1514 500 1549 longam
513 1520 540 1541 et
554 1515 698 1542 verbosam
714 1523 730 1542 e
742 1515 884 1549 superiore
897 1523 920 1554 ρ
937 1511 1115 1546 promiserat.
1133 1511 1234 1538 ηὶυιιοε
1252 1511 1380 1546 Cyzicum
1399 1512 1485 1544 misit,
1505 1512 1606 1539 mullos
1628 1511 1732 1546 P0338;

91 1563 236 1597 Augustus
254 1560 315 1587 loco
341 1559 440 1587 effudit
467 1561 634 1594 orationem,
657 1561 806 1596 exquisitis
823 1568 886 1588 eve-

93 1608 162 1635 hens
178 1607 327 1641 praeconiis
341 1614 424 1641 quem
436 1607 548 1634 volebat
562 1609 769 1639 commendare,
782 1607 885 1636 abscis-

93 1660 140 1681 sos
157 1657 251 1679 autem
269 1652 303 1679 ab
322 1659 366 1684 eo,
386 1656 434 1678 aut
458 1653 551 1687 potius
563 1653 589 1680 ei
613 1653 742 1688 privatim
761 1653 886 1681 inviden-

93 1703 146 1730 tes.
160 1699 234 1726 haud
251 1706 334 1733 parce
348 1698 424 1726 omni
440 1699 588 1727 occasione
603 1700 764 1731 incursans.
783 1700 886 1727 frustra

94 1746 122 1774 id
150 1746 276 1780 quidem,
298 1749 432 1780 quantum
455 1745 490 1773 ad
512 1753 560 1773 eos
583 1745 618 1773 de
637 1746 776 1774 sententia
798 1746 886 1774 dimo-

95 1792 201 1820 vendes
231 1792 376 1827 pertinuit.
394 1786 470 1819 Adeo
491 1791 564 1819 enim
579 1792 711 1827 quidquid
737 1792 887 1828 imperator

96 1839 214 1871 diceret,
241 1838 346 1865 nullam
375 1837 430 1864 vim
465 1845 561 1865 eorum
588 1838 696 1865 animos
722 1838 884 1865 immutandi

95 1885 204 1917 habuit,
217 1888 248 1911 ut
263 1887 360 1911 contra
379 1885 408 1911 in
423 1884 543 1919 antiquis
559 1883 693 1911 adversus
703 1884 885 1911 Athanasium

95 1931 209 1965 judiciis
225 1934 253 1957 et
276 1930 347 1957 odiis
375 1930 464 1964 magis
481 1930 624 1964 magisque
643 1929 884 1968 continuarentur.

98 1977 128 2004 Et
143 1977 321 2012 patiebantur
347 1976 385 2003 illi
407 1976 519 2011 quidem
544 1975 579 2002 ab
603 1976 757 2003 Athanasio
790 1977 886 2008 multa,

98 2023 185 2050 tnulto
207 2023 286 2056 plura
307 2026 333 2048 et
350 2022 514 2056 gravissima
533 2021 654 2056 passuri,
671 2022 694 2048 si
714 2021 888 2056 permitteret

97 2078 158 2098 eum
185 2070 337 2104 imperator
362 2069 396 2096 ad
425 2074 579 2096 extremum
598 2068 741 2102 indulgere
766 2068 887 2103 maligno

97 2124 146 2143 suo
169 2115 263 2150 genio.
285 2115 426 2142 Inltibebat
444 2115 517 2142 enim
537 2114 582 2141 ille
604 2114 718 2141 omnino
733 2119 761 2141 et
779 2113 814 2140 ab
833 2114 888 2141 illis

98 2162 222 2192 arcebat,
248 2160 349 2186 innata:
375 2158 597 2186 mansuetudinis
627 2158 772 2189 instinctu,
801 2164 888 2184 saevos

940 1567 990 1587 nec
1013 1558 1151 1585 modicam
1182 1566 1277 1584 eorum
1307 1562 1412 1592 partem
1438 1558 1552 1593 Lopadii
1577 1558 1732 1586 collocavit.

940 1605 1052 1632 Interim
1069 1605 1128 1638 ipse
1144 1604 1343 1640 Mpyrigerium
1362 1605 1452 1639 palam
1469 1605 1629 1638 imperatori
1643 1604 1732 1632 rebel‘

941 1653 994 1680 lem
1011 1652 1131 1685 fovebat,
1150 1656 1177 1678 et.
1194 1659 1255 1678 cum
1267 1651 1352 1678 fratre
1362 1651 1447 1678 notho
1462 1650 1646 1678 Theudorichi
1660 1650 1735 1685 ejus-

940 1708 994 1735 que
1009 1699 1099 1727 classe
1116 1698 1230 1734 piratica
1246 1697 1382 1725 familiare
1395 1698 1589 1725 contmercium
1603 1696 1734 1730 habebat,

940 1746 1048 1774 idoneis
1060 1753 1107 1772 eos
1121 1745 1218 1773 officiis
1229 1745 1376 1772 deliniens.
1394 1745 1432 1772 Ac
1444 1744 1542 1772 Siculis
1555 1744 1664 1777 quidem
1679 1743 1734 1770 illis

941 1795 1063 1829 spatium
1078 1793 1241 1821 incursandi
1255 1793 1341 1821 maris
1351 1800 1439 1827 usque
1451 1794 1483 1819 ad
1495 1792 1652 1828 Mytilenem
1665 1798 1735 1826 prae-

941 1839 1046 1867 linivit:
1068 1839 1217 1867 Catelanos
1235 1843 1326 1866 autem
1343 1846 1413 1873 quos
1432 1837 1612 1864 dimissurum
1627 1843 1657 1863 se
1671 1843 1735 1870 pro-

942 1887 1055 1914 miserat
1076 1889 1172 1912 contra
1192 1890 1270 1919 pacta
1288 1885 1423 1916 retinens,
1449 1884 1530 1911 fictas
1547 1883 1668 1918 perfidia:
1685 1891 1735 1910 ex-

941 1932 1100 1960 cusationes
1122 1931 1301 1963 obtendebat,
1327 1939 1387 1957 cum
1407 1930 1486 1962 alias,
1510 1933 1567 1956 tum
1584 1929 1657 1956 illam
1676 1929 1734 1963 jam

943 1977 1114 2010 tralatitiatu,
1136 1977 1207 2003 haud
1222 1984 1303 2011 posse
1320 1984 1349 2003 se
1365 1976 1474 2010 adigere
1488 1983 1542 2010 quo
1561 1980 1672 2009 cuperet
1687 1974 1736 2001 lto-

943 2026 1031 2052 mincs
1050 2024 1189 2055 infrtenes,
1209 2024 1254 2058 qui
1274 2023 1422 2057 praesertim
1445 2022 1538 2049 debita
1556 2022 1659 2049 dudum
1683 2021 1735 2048 sibi

943 2079 993 2099 nec
1030 2071 1119 2097 adhuc
1152 2073 1348 2104 repraesentata
1374 2068 1513 2103 stipendia
1547 2071 1734 2101 reposcerent.

942 2117 999 2144 Nec
1017 2117 1191 2151 temperabat
1213 2116 1279 2149 quin
1296 2115 1443 2142 fraudandi
1466 2115 1640 2142 occasionem
1664 2113 1736 2140 arri-

944 2168 1019 2200 peret
1035 2172 1069 2191 ex
1090 2164 1223 2203 imperata
1245 2163 1280 2190 de
1298 2170 1349 2197 qua
1371 2162 1493 2190 diximus
1517 2161 1736 2197 comportatione

99 2208 228 2242 ferosque
241 2205 444 2233 imminentium
461 2205 496 2233 iis
520 2204 669 2240 perdendis
684 2203 889 2232 Athanasiano-
905 2204 925 2231 D
942 2211 1083 2239 frumenti,
1103 2209 1153 2244 ipsi
1178 2209 1255 2244 prius
1275 2216 1357 2243 quam
1381 2209 1574 2236 translretaret
1597 2208 1624 2235 in
1642 2208 1734 2234 Asiam

100 2262 159 2281 rum
171 2254 306 2288 impetus.

260 2322 306 2349 ΞΞ.
323 2322 488 2348 Acclamatio
511 2320 626 2349 Ca‘aaris
653 2320 730 2348 Itali.

135 2390 210 2418 Inter
221 2389 280 2416 ltmc
293 2389 315 2415 is
324 2389 369 2423 qui
383 2396 497 2424 magnus
510 2388 563 2415 dux
579 2388 676 2421 fuerat,
686 2387 768 2415 ltalus
783 2388 892 2422 quidem

102 2444 213 2471 genere,
231 2435 279 2462 sed
294 2435 374 2470 522
390 2435 436 2469 qui
451 2433 544 2469 genteri
560 2434 741 2469 appellatione
756 2434 790 2461 ab
806 2435 892 2468 impe-

105 2490 194 2510 ratore
215 2482 414 2513 bonorabatur,
431 2482 542 2508 mittens
560 2481 676 2509 subinde
690 2481 722 2507 ad
740 2480 892 2515 Augustum

104 2536 129 2556 et
143 2529 272 2556 fraudum
292 2528 366 2555 illum
390 2518 507 2556 suarum
526 2527 650 2555 artiﬁciis
670 2527 824 2561 implicans,
846 2528 893 2554 de-

106 2577 187 2610 nique
205 2582 302 2602 rursus
315 2576 349 2603 ab
366 2582 399 2603 eo
419 2576 502 2602 missa
518 2575 649 2602 Ctesareaa
660 2575 804 2610 dignitatis
823 2574 892 2602 insi-

106 2622 176 2655 guia,
192 2621 237 2648 die
251 2628 304 2656 qua
326 2621 420 2648 Lazari
437 2621 605 2648 resurrectio
620 2621 786 2652 celebratur,
802 2620 893 2647 induit

105 2673 130 2694 et
145 2667 240 2693 Caesar
253 2666 431 2694 acclamatur.
445 2666 558 2701 Accepit
569 2671 659 2694 autem
676 2667 710 2694 ab
729 2666 892 2700 imperatore

108 2714 156 2740 tria
174 2719 202 2740 et
220 2713 332 2747 triginta
350 2720 527 2740 nummorum
544 2720 688 2740 aureorum
706 2713 804 2740 millia.
821 2711 892 2739 Con-

107 2764 277 2794 reneratque
301 2759 373 2786 inter
394 2759 457 2786 illos
475 2759 605 2786 tradenda
627 2764 759 2793 praeterea
780 2759 817 2786 illi
836 2758 894 2786 fore

107 2806 259 2833 modiorum
285 2806 413 2834 frumenti
441 2814 577 2835 mensurae
604 2807 673 2835 locis
699 2807 752 2834 illis
785 2807 893 2834 usitata:

107 2855 218 2880 centum
248 2852 342 2880 millia.
369 2853 431 2887 Ipse
458 2856 548 2880 autem
575 2854 759 2889 spoponderat
787 2853 836 2880 tria
863 2861 893 2880 se

944 2255 1125 2283 admetiendi.
1142 2254 1181 2282 Ne
1195 2255 1268 2282 enim
1292 2263 1411 2289 unquam
1436 2255 1605 2282 constitutus
1630 2255 1736 2282 rnedio-

944 2310 1004 2330 rum
1018 2309 1150 2329 nmnerns
1161 2301 1238 2336 plene
1248 2306 1343 2336 posset
1351 2302 1462 2333 confici,
1475 2307 1503 2328 ut
1515 2309 1652 2336 quamque
1664 2301 1736 2328 illius

943 2352 1047 2382 partem
1065 2347 1131 2382 regii
1150 2348 1267 2374 ministri
1284 2347 1404 2375 conferri
1422 2348 1511 2374 locum
1533 2347 1559 2374 in
1576 2346 1655 2382 523
1667 2355 1736 2381 prtu-

944 2394 1077 2427 scriptum
1102 2398 1267 2420 curaverant
1295 2401 1310 2420 e
1338 2393 1421 2420 variis
1446 2393 1605 2428 regionibus
1631 2398 1737 2420 tractus

944 2438 1070 2471 Occidui,
1085 2446 1145 2465 eam
1161 2438 1254 2466 statim
1275 2446 1323 2474 per
1338 2446 1353 2465 a
1375 2447 1405 2466 se
1424 2439 1525 2466 missos
1538 2439 1653 2474 jubebat
1677 2438 1736 2466 tolli

945 2485 1142 2520 exportarique
1171 2490 1304 2520 praetextu
1340 2485 1528 2512 aecelerantla:
1561 2485 1737 2519 migrationis

945 2531 1069 2566 Augusto
1080 2535 1214 2566 exoptata:
1223 2531 1430 2564 Catelanorum,
1440 2539 1536 2559 revera
1545 2537 1648 2563 autem,
1662 2532 1736 2566 quod

947 2577 1014 2605 satis
1027 2577 1100 2604 clare
1115 2577 1271 2612 pellucebat
1284 2578 1379 2612 peritis
1392 2586 1496 2611 rerum,
1510 2578 1664 2612 inexplebili
1681 2587 1737 2606 sua:

946 2623 1090 2658 indulgens
1102 2623 1246 2658 cupiditati
1263 2629 1290 2651 et
1310 2623 1464 2651 Romanum
1485 2625 1629 2659 imperium
1651 2625 1736 2652 licen-

946 2669 1053 2696 tissitne
1066 2668 1220 2696 Iuditlcans.
1243 2668 1301 2696 Sub
1317 2670 1384 2701 lnec,
1403 2674 1432 2696 ut
1451 2671 1643 2704 imperatorem
1660 2675 1736 2697 tanto

946 2716 1130 2750 adstringeret
1146 2716 1244 2749 artius,
1268 2722 1349 2751 prout
1371 2717 1395 2743 ei
1416 2721 1474 2744 erat
1496 2722 1679 2751 opportunum
1700 2718 1734 2744 ad

944 2762 1037 2789 varios
1048 2763 1191 2797 quospiam
1204 2764 1394 2797 perplexarum
1408 2763 1642 2789 machinationum
1656 2763 1734 2797 lines,

945 2816 1056 2836 socrum
1073 2815 1151 2835 suam
1169 2813 1197 2836 et
1213 2816 1276 2836 cum
1301 2817 1332 2837 ea
1350 2816 1462 2836 uxorem
1481 2808 1622 2843 gravidam
1639 2809 1665 2835 in
1686 2817 1735 2836 ur-

945 2855 1005 2882 bem
1020 2854 1052 2882 ad
1073 2854 1266 2890 imperatorem
1279 2863 1308 2883 se
1323 2856 1448 2883 conferre
1465 2854 1552 2889 jubet,
1570 2855 1736 2891 allegaturas
