1957 3066
222 134 254 164 57
261 135 276 164 ί)

223 192 344 226 μείζοσιν
369 191 469 224 ὁρμαῖς
496 188 625 222 ἀλλήλους
656 186 937 222 παρακροτήσαντες,

223 237 324 271 μᾶλλον
344 236 463 266 Ἀλανοὶ,
480 234 623 264 ἐπιϐάντες
639 233 693 259 τῶν
709 232 802 259 ἵππων
823 231 930 265 ἐξέθεον
948 240 1014 256 παν-

221 283 393 318 ταχοῦ,ἓῖπου
410 282 442 308 ἂν
454 280 501 307 καὶ
519 279 724 315 καταλήψαιντο
739 278 923 307 Κατελᾱινους.
941 276 1011 303 ¹Λλλ¹

222 330 236 356 ὁ
255 328 380 363 βασιλεὺς
400 325 493 361 μαθὼν
513 326 563 359 τὴν
578 324 716 359 ἐκδρομὴν
732 324 796 358 ὃλην
811 323 865 349 τῶν
881 331 1013 357 στρατευ-

224 376 328 410 μάτων,
339 373 387 400 καὶ
397 373 489 404 δείσας
500 381 532 398 πε
538 373 565 407 pi.
580 371 700 402 ἐκείνους
714 371 750 405 μή
765 379 824 401 πως
835 369 1014 399 ἀσυντάκτως

223 422 365 452 ἐκθέοντες
383 419 522 454 ἡττηθῶσι
541 419 589 445 καὶ
603 419 643 448 είς
659 417 782 444 κίνδυνον
804 417 898 447 αὐτοῖς
913 417 929 450 ἠ
942 415 1015 450 ὁρμὴ

224 469 351 503 περιστῇ,
365 466 476 501 πέμψας
493 465 539 491 τὸν
555 465 627 491 θετον
643 464 726 490 αὐτοῦ
743 462 883 497 Θεόδωρον
905 461 1014 495 σύναμα

223 515 271 541 καὶ
284 514 374 544 ἄλλοις
387 511 570 546 ὑποστρέφειν
587 510 695 544 ἐπείρα.
711 509 749 536 Οὐ
766 509 819 544 μὴν
834 508 862 534 δὲ
875 508 921 534 καὶ
933 507 1015 542 ἥνυτε

222 561 253 586 τὸ
281 559 423 594 παράπαν,
449 556 508 583 ἀλλ’
531 556 611 587 εὐθὺς
636 555 743 587 ἐξέθεον
763 555 811 581 καὶ
834 554 928 584 τόποις
944 553 1016 579 τισὶν

223 606 401 639 ἐφιστάμενοι
414 604 525 634 Ἰταλοῖς
543 603 590 637 μὲν
613 602 684 637 (οὑδὲ
696 602 750 636 γὰρ
765 601 876 628 ἄπυστά
887 608 930 626 πω
940 599 1017 633 σφίσι

223 653 257 678 τὰ
271 652 319 678 τοῦ
341 652 483 685 Καίσαρος
506 648 588 685 ἦσαν)
615 649 695 683 φόνον
722 648 846 682 ἐπῆγον,
873 647 974 677 ἵππους
994 645 1015 671 δ’

223 699 335 725 ἐκείνων
352 699 400 724 καὶ
416 697 486 723 ὅπλα
511 697 558 722 καὶ
584 696 715 732 χρήματα
730 695 793 725 τοὺς
818 693 868 728 μὲν
894 693 1014 728 ἀπῆγον,

223 745 256 771 τὰ
272 745 299 770 δὲ
317 744 470 776 συνέλεγον.
492 742 591 769 Φθάνει
613 743 635 768 δ’
657 743 703 768 ἐπὶ
721 741 827 773 τούτοις
848 741 894 768 καὶ
911 741 945 767 τὰ
967 741 1016 775 τῆς

224 792 319 826 φήμης
349 790 550 824 ὲντελέττερον,
577 790 625 815 καὶ
653 790 753 824 ἀκαρεί
781 789 839 822 ἅμα
865 788 1017 814 Κατελάνοι

224 839 324 868 πάντες
341 836 390 871 τὴν
404 836 521 862 Καλλίου
535 835 702 865 εἰσελθόντες
716 833 761 870 (ἦν
774 835 828 870 γὰρ
840 835 872 861 ὲκ
884 834 1013 861 πλείστου

227 880 480 915 κατησφαλισμὲνον
491 880 522 906 τὸ
533 880 673 915 φρούριον)
687 881 796 911 ἑαυτοῖς
808 880 858 915 μὲν
869 879 1014 914 προνοοῦσι

228 927 272 962 τὴν
285 927 431 961 σωτηρίαν,
445 927 508 958 τοὺς
520 927 542 953 δ’
557 927 586 952 ἐν
597 927 666 962 αὐτῇ
681 927 837 961 Ῥωμαίους
851 926 1015 960 παμπληθεὶ

227 974 372 1004 κτείνουσι,
391 972 452 1007 μηδ’
464 972 554 998 αὐτῶν
570 971 724 1007 φειδόμενοι
737 973 791 999 τῶν
801 972 918 1006 νηπίων.
932 972 1014 1003 Τέλος

226 1020 290 1055 περὶ
309 1019 363 1045 τῶν
384 1019 468 1051 ἰδίων,
484 1015 521 1045 ὧν
536 1027 565 1044 τε
583 1019 692 1053 Καῖσαρ
707 1019 827 1053 ἐπήγετο
847 1018 896 1045 καὶ
917 1018 971 1044 τῶν
987 1019 1016 1044 ἐν

229 1066 258 1100 τῇ
275 1064 350 1091 πόλει
370 1065 417 1090 καὶ
430 1063 485 1090 τῶν
501 1063 654 1098 ἑκασταχοῦ
670 1063 864 1098 πεμφθέντων,
877 1063 1016 1094 δείσαντες

228 1111 266 1146 μὴ
280 1110 418 1141 κάκείνοις
445 1111 565 1141 κίνδυνος
589 1112 726 1146 περιστῇ,
745 1111 930 1145 κατασχλεντες
952 1110 1016 1140 τοὺς

229 1158 372 1193 περιόντας
390 1156 526 1191 φυλακαῖς
538 1157 664 1192 ἐτήρουν.
696 1157 831 1191 Ἐμελλον
846 1157 874 1183 δὲ
892 1157 938 1182 καὶ
954 1157 1016 1187 τοὺς

229 1249 384 1277 diosissinte
397 1248 424 1275 in
438 1248 574 1282 Angustos
584 1248 799 1281 machinaretur,
813 1251 893 1283 prout
905 1247 1017 1275 eviden-

230 1295 303 1323 tibus
322 1298 381 1322 crat
399 1294 510 1321 indiciis
528 1299 711 1329 compertum.
738 1294 851 1321 Interim
867 1301 931 1321 vero
951 1295 1017 1320 totis

229 1341 417 1376 trepidabatur
436 1340 546 1373 castris,
565 1341 618 1367 alio
637 1340 722 1367 alium
741 1339 881 1367 Michaelis
899 1339 1016 1366 militum

228 1387 331 1422 passim
362 1387 526 1413 adhortante
555 1386 589 1413 ad
616 1385 816 1420 erumpendum
852 1385 878 1412 in
906 1384 1017 1412 Latinos

229 1437 317 1461 morte
343 1433 421 1460 ducis
439 1433 560 1468 ipsorum
589 1436 716 1468 superatu
739 1432 874 1459 faciliores
900 1431 1016 1459 futuros.

227 1479 257 1506 In
276 1479 371 1514 primis
383 1479 463 1514 527
479 1479 559 1506 Alani
576 1479 737 1506 conscensis
753 1478 852 1513 raptim
865 1478 943 1513 equis
954 1485 1016 1506 cum

837 126 996 157 GEORGII
1020 125 1258 155 PACIIYMEILE

964 185 1011 211 καὶ
1028 186 1048 213 Α
1064 183 1128 217 περὶ
1143 178 1188 208 τὶν
1202 182 1279 208 νόθον
1299 182 1413 214 ἀδελφὸν
1439 179 1598 214 Θευῖερίχον
1617 179 1703 213 ἐγγύς
1722 187 1772 205 που
1790 187 1862 205 ναυ-

1807 122 1863 151 580

1067 229 1248 264 λοχουμένους
1278 227 1494 262 εἰσφρήσεσθαι·
1515 226 1551 256 ὡς
1576 225 1599 251 δ’
1624 225 1674 260 οὐχ
1698 224 1861 259 ὡμολόγουν

1066 275 1130 310 περὶ
1147 275 1181 302 τὰ
1197 274 1426 308 συμφωνούμενα,
1443 272 1486 309 [Ρ.
1503 271 1565 307 567]
1584 271 1699 301 ἐκείνοις
1723 271 1772 305 μὲν
1789 271 1860 305 ἐφῆ-

1066 330 1117 348 καν
1135 321 1314 356 κατατρέχειν
1339 320 1389 350 τὰς
1413 321 1522 354 νήσους,
1545 317 1640 352 κωῳὴν
1665 318 1774 348 ἑαυτοῖς
1790 325 1863 350 συμ-

1067 368 1168 402 μαχίαν
1196 368 1242 393 καὶ
1262 366 1340 392 ταῦθ’
1365 365 1523 400 ἡγούμενοι,
1546 365 1624 391 αὑτοὶ
1641 365 1663 391 δ’
1677 365 1716 392 εἰς
1737 365 1863 399 στερρὰν

1067 413 1308 449 παρεσκευάζοντο
1324 413 1427 447 μάχγιν.

1068 468 1116 496 κε’.
1137 469 1203 496 Ὅτι
1225 469 1388 496 Κατελάνοι
1407 466 1644 498 ὐποκνισθὲντες
1662 466 1698 493 τὰ
1718 466 1792 492 κατὰ
1810 465 1849 491 δύ

1357 511 1410 530 σιν
1425 503 1574 537 ἠρήμουν.

1109 551 1190 578 ’Λλλὰ
1206 550 1261 585 μὴν
1273 550 1327 576 οὐδ’
1344 551 1357 575 ὁ
1374 549 1501 584 βασιλεὺς
1513 548 1621 583 Μιχαὴλ
1636 547 1734 583 quam
1749 547 1779 572 τὸ
1792 547 1849 580 σύμ

1069 606 1134 629 παν,
1149 597 1217 624 ἀλλά
1231 597 1265 624 τὰ
1277 596 1333 622 τῶν
1346 595 1511 631 Βουλγάρων
1525 597 1553 621 ὲν
1567 595 1724 629 ἀνακωχαῖς
1741 594 1861 627 θέμενος

1068 646 1131 675 τοὺς
1148 644 1220 678 ἀμφὶ
1242 644 1287 670 τὸν
1304 643 1391 677 μέγαν
1408 643 1591 677 πριμικὴριον
1618 641 1733 676 ἐξορμᾷ,
1760 639 1788 670 ὃς
1813 640 1864 665 καὶ

1069 691 1252 726 περικαθίσας
1268 691 1297 716 τδ
1316 689 1448 725 φρούριον
1474 688 1629 724 πολιορκῶν
1650 687 1687 717 ὡς
1704 685 1776 721 εἶχεν
1790 686 1864 720 ἐμά-

1068 746 1142 773 χετο,
1170 737 1228 763 ἔστι
1253 736 1275 762 δ’
1294 734 1323 763 οὗ
1345 736 1392 762 καὶ
1417 734 1629 770 κατετροποῦτο.
1659 732 1863 767 Πληθουμένων

1069 784 1090 809 δ’
1114 783 1227 810 ἐκείνων
1252 783 1299 809 καὶ
1327 783 1378 818 ἥδη
1406 781 1581 817 θαρρούντων
1600 780 1648 811 τὰς
1665 779 1802 814 ἐκδρομὰς
1817 777 1864 804 διὰ

1068 830 1117 865 τὴν
1146 830 1227 864 κενὴν
1244 829 1299 855 τῶν
1319 827 1483 862 Ῥωμαῖκῶν
1512 827 1654 861 δυνάμεων
1681 824 1811 859 ἀσχολίαν
1837 823 1863 857 (ὁ

1067 876 1121 910 γὰρ
1145 875 1336 910 Μπυριγέριος
1367 873 1575 908 περιεδουκόλει
1600 871 1650 901 τὰς
1677 870 1791 901 ἐλπίδας
1821 869 1863 904 τῷ

1068 922 1182 957 βασιλεῖ,
1196 921 1243 948 καὶ
1259 921 1376 955 πέμπων
1390 919 1455 954 παρ’
1470 919 1551 946 αὑτδν
1566 918 1616 954 τὴν
1624 917 1748 943 δουλείαν
1765 915 1813 942 καὶ
1828 915 1860 941 τὸ

1067 969 1189 1004 ὑπήκοον
1218 967 1379 1003 ὑπεκρίνετο
1395 966 1434 998 ὡς
1454 967 1482 992 ὲν
1503 966 1591 995 κενοῖς
1619 963 1668 990 καὶ
1690 963 1745 989 τῶν
1770 962 1863 996 φόνων

1068 1015 1238 1050 γενομένων,
1257 1014 1296 1046 ὡς
1314 1014 1418 1047 ἔλεγεν,
1443 1012 1587 1046 ἀνακωχὰς
1606 1009 1750 1044 σκαιωρῶν
1768 1006 1863 1033 Evasi)-

1068 1062 1125 1097 θεν)
1144 1060 1326 1096 κατοχυροῦσι
1358 1059 1407 1093 μὲν
1433 1059 1534 1085 ὲκεῖνοι
1553 1057 1600 1083 καὶ
1621 1054 1699 1084 αὖθις
1717 1055 1763 1080 ἐπὶ
1777 1052 1863 1078 πλέοι

1067 1110 1097 1136 τὸ
1112 1108 1252 1143 φρούριον,
1269 1107 1391 1141 μακραῖς
1407 1105 1430 1131 δ’
1445 1104 1514 1131 ἑπτὰ
1527 1103 1606 1131 ναυσὶ
1617 1103 1663 1129 καὶ
1677 1101 1771 1130 ἄλλαις
1783 1099 1864 1125 ὲννέι

1070 1157 1183 1191 μικραῖς
1201 1154 1322 1189 μάχιμον
1343 1152 1508 1187 ἐμϐαλόντες
1527 1151 1591 1177 λαὸν
1607 1150 1646 1180 εἰς
1660 1149 1706 1174 τὸν
1722 1147 1794 1173 κατὰ
1805 1145 1864 1171 τῶν

1068 1246 1171 1278 legatos
1187 1247 1252 1271 sunt
1272 1241 1440 1277 persuadere
1461 1239 1539 1267 fratri
1563 1238 1647 1266 notho
1671 1235 1838 1265 Theuderici
1852 1255 1861 1267 ,

1069 1291 1185 1318 classem
1199 1297 1253 1316 non
1276 1289 1358 1324 longe
1371 1286 1494 1318 habenti,
1513 1289 1542 1313 ut
1559 1285 1659 1313 infeste
1678 1282 1859 1311 exscendens

1070 1336 1095 1362 in
1115 1339 1204 1362 terras
1218 1333 1326 1368 imperii
1341 1340 1402 1360 sese
1418 1332 1486 1367 ipsis
1498 1331 1669 1366 adjungeret.
1686 1328 1740 1357 Sed
1756 1335 1864 1363 propo-

1068 1383 1129 1409 sitis
1144 1382 1208 1408 hinc
1223 1380 1286 1408 inde
1295 1379 1498 1407 conditionibus
1511 1378 1582 1405 haud
1596 1377 1754 1404 coalescere
1770 1375 1864 1403 foedus

1070 1428 1141 1454 inter
1156 1427 1239 1462 528
1252 1427 1326 1461 ipsos
1340 1426 1438 1461 potuit.
1453 1424 1629 1457 Tandemque
1641 1421 1744 1449 Siculis
1756 1420 1863 1447 infecto

1070 1473 1210 1501 societatis
1234 1472 1399 1499 Catelanica:
1426 1470 1547 1505 negotio.
1571 1469 1658 1496 libera
1683 1468 1711 1494 in
1739 1466 1863 1493 fructum

228 1525 280 1552 alia
303 1533 386 1553 manu
407 1526 433 1552 in
462 1526 541 1553 istam
565 1526 749 1553 incursionem
772 1525 906 1553 feruntur.
931 1526 1017 1559 Cujus
1032 1534 1053 1563 ο
1071 1518 1154 1546 0955“-
1169 1518 1319 1546 Ῐῐιειπεῐιιῖο
1337 1517 1557 1552 ᾱθρτίειιτιιὶοίιιιο
1577 1514 1748 1563 ίηειξιξπυιιιιὲ
1772 1511 1866 1563 mill"

227 1571 329 1599 certior
346 1572 385 1598 rei
399 1572 540 1606 Augustus
558 1570 658 1603 factus,
674 1579 706 1598 ac
725 1571 831 1599 veritus
847 1579 901 1598 non
921 1571 1017 1598 imme«

227 1618 282 1645 rilo
295 1626 329 1645 ne
343 1625 400 1645 suae
414 1617 470 1644 fere
485 1618 620 1644 universa:
632 1617 716 1652 copia:
730 1617 835 1652 injussu
846 1617 1017 1651 inexplorato

228 1664 380 1698 solutisque
398 1663 541 1690 ordinibus
560 1668 670 1690 ruentes
683 1683 690 1695 ,
709 1663 818 1691 insidiis
832 1669 953 1698 excepta:
969 1668 1017 1690 aut

229 1712 323 1746 iniquo
341 1710 447 1745 uspiam
464 1711 641 1745 deprehensae.
656 1711 727 1743 loco,
747 1711 825 1738 clade
842 1711 933 1746 aliqua
951 1711 1018 1738 insi-

229 1757 276 1793 gni
298 1757 481 1784 temeritatem
506 1756 640 1791 privatam
661 1757 759 1784 damno
782 1764 881 1792 magno
904 1757 1015 1791 publico

230 1804 347 1835 luerent,
365 1803 449 1831 misso
466 1807 529 1838 post
545 1810 593 1830 eos
612 1803 729 1830 sollicite
744 1808 841 1838 patruo
862 1811 912 1831 suo
928 1804 1018 1832 Theo-

230 1850 300 1877 doro
317 1857 378 1877 cmn
401 1849 474 1881 aliis,
503 1857 633 1877 revocare
652 1850 814 1882 conabatur,
834 1850 1017 1886 nequidquam

229 1897 257 1924 id
267 1896 388 1932 quidem,
398 1895 551 1923 obfirtnatis
565 1895 750 1923 inflexibiliter
758 1896 867 1923 cunctis
881 1898 908 1923 in
921 1897 1018 1924 audaci

229 1943 386 1978 proposito;
401 1947 584 1977 praeterquam
605 1943 662 1977 jam
679 1942 741 1976 plus
759 1943 842 1977 aliqui
865 1951 1018 1978 praecurre-

230 1994 293 2016 rant
307 1997 387 2024 quam
410 1994 438 2015 ut
449 1996 496 2016 eos
513 1988 625 2023 assequi
641 1989 730 2016 serius
744 1989 848 2023 egressi
866 1989 1018 2022 potuerint.

231 2036 324 2070 Itaque
338 2035 365 2062 in
387 2043 485 2062 manus
502 2034 606 2066 aliquas
626 2035 783 2069 stativaque
799 2035 918 2069 sparsim
930 2035 1019 2070 posita

231 2081 358 2108 Italorum
378 2080 534 2108 inciderunt
551 2080 649 2110 nostri,
670 2084 697 2106 et
718 2080 861 2114 perculsos
880 2087 927 2107 eos
948 2079 1018 2106 nacti

232 2127 305 2154 fama
318 2127 435 2161 quadam
454 2126 530 2153 necis
549 2125 666 2152 (Lesaris
690 2125 769 2152 facile
792 2126 921 2153 fuderunt
939 2126 1018 2160 fuga-

232 2178 359 2206 runtque.
383 2172 460 2204 equis
483 2179 579 2198 eorutn
604 2170 719 2200 abaetis.
739 2171 824 2197 armis
844 2175 872 2197 et
898 2171 1019 2204 pecuniis

1078 1565 1197 1593 zerianis
1221 1564 1341 1592 exclusis
1368 1564 1414 1590 illa
1439 1570 1500 1596 spe,
1518 1566 1603 1589 totam
1623 1560 1751 1587 fiduciam
1772 1559 1863 1585 collo-

1069 1611 1197 1638 cantibus
1212 1610 1238 1637 in
1258 1609 1410 1637 munitione
1422 1607 1626 1643 Callipolitana:
1639 1607 1711 1633 arcis
1727 1613 1734 1632 :
1751 1605 1779 1631 in
1795 1612 1864 1638 qua,

1070 1657 1091 1684 si
1104 1661 1337 1691 oppugnarentur,
1352 1656 1408 1682 acri
1420 1659 1502 1690 atque
1515 1653 1624 1681 invicta;
1638 1659 1668 1680 se
1679 1651 1865 1686 accingebant

1071 1701 1217 1730 resistendi
1234 1701 1409 1728 constanter.

1069 1769 1114 1797 25.
1136 1768 1167 1796 Ut
1192 1769 1293 1796 irritati
1322 1768 1444 1796 Catelani
1465 1772 1574 1810 'tractu:
1603 1767 1726 1794 occiduas
1758 1765 1866 1792 desola-

1416 1810 1513 1831 vernn.

1106 1851 1140 1878 At
1157 1859 1249 1885 neque
1260 1850 1375 1877 Michael
1386 1851 1527 1885 Augustus
1538 1849 1564 1876 in
1577 1854 1631 1876 tam
1646 1847 1757 1882 ancipiti
1769 1854 1863 1873 rerum

1070 1897 1183 1924 cardine
1197 1897 1249 1924 sibi
1261 1904 1293 1924 ac
1307 1896 1464 1931 reipublicae
1476 1896 1581 1928 deerat,
1595 1895 1642 1922 sed
1658 1894 1781 1926 indutiis,
1795 1900 1864 1927 qua-

1069 1943 1140 1970 libus
1157 1950 1205 1977 pro
1219 1947 1341 1977 tetnpore
1353 1942 1440 1973 licuit,
1457 1949 1570 1977 pausam
1585 1941 1702 1975 adeptus
1719 1939 1783 1967 belli
1800 1938 1866 1966 Bul-

1071 1989 1169 2025 ειη-ἰοὶ,
1187 1996 1315 2023 magnum
1329 1988 1516 2023 pritnicerium
1530 1995 1592 2015 cum
1610 1987 1659 2022 ipsi
1676 1986 1785 2022 proprie
1800 1987 1866 2013 sub-

1068 2035 1140 2070 jecta
1173 2040 1250 2070 parte
1281 2042 1336 2061 non
1366 2035 1474 2062 modica
1501 2034 1642 2069 copiarum
1673 2037 1864 2068 oppugnatum

1071 2089 1162 2108 arcem
1173 2080 1315 2115 Callipolis
1330 2081 1414 2107 misit.
1428 2081 1519 2115 Atque
1536 2080 1580 2107 ille
1600 2079 1744 2107 obsidione
1760 2079 1866 2113 ample-

1070 2134 1121 2154 xus
1143 2127 1242 2160 locum,
1267 2131 1378 2154 strenue
1394 2134 1450 2153 rem
1474 2127 1606 2153 adversus
1622 2125 1743 2152 inclusos
1763 2125 1820 2151 illic
1837 2129 1865 2151 et

1072 2182 1125 2200 non
1140 2181 1202 2200 raro
1219 2181 1365 2208 erumpere
1385 2178 1519 2201 conantes
1534 2172 1648 2200 Latinos
1667 2173 1791 2207 gerebat,
1809 2179 1863 2198 non

231 2218 356 2252 direptis.
390 2217 513 2243 Pleniore
534 2220 626 2242 autem
653 2219 771 2242 cunctos
795 2216 851 2250 jam
880 2216 1019 2243 imbuente
1036 2209 1058 2236 D
1073 2220 1132 2245 sine
1148 2226 1277 2253 prospero
1289 2226 1421 2246 successu
1440 2219 1625 2246 secundorum
1640 2218 1778 2245 interdum
1792 2225 1863 2252 pne-

231 2263 375 2291 Catelanos
388 2262 474 2289 tristis
488 2267 602 2288 eventus
618 2262 725 2293 notitia,
743 2266 881 2288 momento
899 2270 1016 2289 concuro

231 2313 328 2336 rerunt
346 2307 464 2334 universi
483 2306 659 2340 Callipolim,
676 2314 757 2341 quant
785 2307 838 2334 sibi
865 2315 955 2334 arcem
985 2315 1017 2335 ex

232 2355 312 2390 longo
328 2354 439 2388 provide
461 2354 488 2380 in
514 2352 667 2388 perfugium
693 2353 839 2380 dubiorum
866 2359 1024 2388 temporum-

232 2404 407 2436 paraverant.
437 2399 496 2426 lluc
520 2400 608 2435 primo
633 2399 734 2433 impetu
759 2400 854 2431 delati,
876 2399 1019 2436 ﬂagrantis

233 2448 279 2474 ine
294 2447 348 2473 vim
370 2455 469 2474 saevam
489 2446 515 2473 in
534 2447 671 2474 Romanos
687 2446 742 2474 illic
767 2451 892 2482 repertos
913 2447 1020 2475 etTude-

233 2498 306 2524 runt,
321 2493 463 2520 universos
479 2493 657 2525 trucidantes,
671 2494 742 2520 nulla
758 2494 799 2520 vel
815 2494 903 2521 uitatis
918 2499 1019 2522 tenera:

231 2539 274 2566 vel
292 2539 413 2565 infantia:
429 2539 626 2566 misericordia.
642 2539 773 2572 Deinceps
786 2542 877 2565 tamen
892 2544 1019 2573 reputan-

232 2589 273 2612 tes
287 2593 333 2612 cos
350 2593 365 2611 e
382 2585 440 2612 suis
456 2585 501 2618 qui
520 2585 653 2612 Caesarem
679 2583 803 2611 comitati
827 2590 937 2611 euntem
957 2586 1017 2612 fue-

232 2635 306 2662 runt,
338 2637 394 2658 tum
427 2633 560 2666 quosdam
586 2631 824 2665 Constantinopoli
849 2632 978 2666 degentes
990 2637 1017 2660 et

230 2679 319 2704 varias
346 2678 371 2704 in
396 2683 487 2712 partes
519 2678 552 2704 ad
586 2677 728 2704 tractanda
751 2678 859 2712 negotia
888 2686 1017 2705 commu-

230 2724 274 2750 nia
304 2725 453 2754 dimissos,
487 2723 557 2750 haud
583 2723 664 2750 dubie
690 2723 829 2750 detentum
851 2733 865 2751 ο
885 2725 1016 2753 Romanis

230 2771 275 2802 iri,
300 2771 401 2804 quibus
430 2769 630 2803 permutatione
654 2769 821 2797 redimendis
848 2771 916 2797 utile
945 2771 1015 2798 foret

230 2814 329 2841 habere
348 2816 486 2841 ttuntanus
504 2814 529 2840 in
549 2814 683 2845 custodia,
699 2823 768 2849 quos
787 2815 850 2843 inde
865 2821 1016 2851 potuerunt

231 2864 336 2892 capere,
362 2859 512 2886 incolumes
527 2859 726 2887 custodierunt.
748 2860 846 2888 Couuti
863 2861 943 2888 etiam
965 2871 1013 2897 per

1072 2265 1182 2291 liornm.
1203 2264 1373 2292 Procedente
1396 2269 1487 2292 tamen
1503 2269 1635 2299 tempore,
1655 2271 1686 2290 ac
1712 2263 1777 2290 hine
1800 2264 1863 2298 qui-

1072 2312 1132 2338 dem
1149 2311 1278 2338 Romanis
1296 2311 1377 2346 longo
1391 2311 1461 2338 irriti
1473 2311 1573 2338 obsidii
1586 2310 1666 2337 taedio
1683 2309 1864 2345 languescen-

1073 2359 1161 2391 ttbus,
1181 2359 1300 2386 (Iatelani
1323 2358 1484 2394 accipiendo
1509 2359 1626 2386 subinde
1648 2358 1723 2385 illata
1745 2358 1864 2384 navibus

1071 2405 1192 2431 subsidia
1209 2413 1320 2432 suorunt
1335 2405 1403 2432 adeo
1418 2405 1475 2440 jam
1498 2406 1571 2433 aucti
1594 2413 1710 2433 numero
1727 2409 1808 2437 sunt,
1834 2409 1864 2430 ut

1070 2451 1151 2485 potiri
1169 2459 1265 2486 campo
1288 2451 1445 2486 infert-eque
1469 2452 1541 2479 ultro
1566 2453 1668 2480 bellum
1692 2452 1802 2479 emissis
1825 2451 1860 2478 ad

1070 2498 1196 2532 regiones
1217 2498 1392 2526 circumsitas
1411 2500 1560 2527 vastandas
1585 2504 1628 2526 sat
1654 2499 1749 2526 validis
1776 2498 1864 2532 copiis

1071 2546 1212 2572 auderent.
1228 2545 1317 2572 Causa
1338 2546 1399 2580 ejus
1417 2546 1582 2573 incommodi
1606 2545 1656 2572 fuit
1672 2554 1740 2572 nova
1760 2545 1864 2580 Mpyri-

1072 2591 1139 2625 gerii
1152 2590 1237 2623 fraus,
1250 2591 1293 2625 qui
1308 2597 1370 2617 nota
1384 2591 1435 2618 sibi
1447 2591 1596 2618 Andronici
1613 2591 1744 2618 facilitate
1761 2591 1863 2617 iterum

1073 2638 1099 2663 in
1118 2646 1231 2664 suorum
1251 2638 1464 2672 periclitantium
1486 2640 1600 2673 gratiam
1631 2638 1705 2664 abuti
1728 2638 1864 2670 tentavit,

1072 2692 1105 2710 eo
1128 2685 1206 2716 plane
1223 2692 1303 2719 quem
1332 2690 1489 2719 speraverat
1506 2685 1609 2712 fructu.
1633 2684 1696 2712 Post
1719 2685 1764 2711 illa
1788 2685 1862 2711 enim

1072 2739 1132 2766 qua:
1149 2731 1183 2758 de
1199 2731 1244 2756 illo
1263 2731 1384 2758 diximus
1396 2751 1403 2763 ,
1420 2735 1446 2757 et
1472 2739 1565 2758 necem
1585 2730 1736 2762 Rontzerii,
1762 2730 1865 2758 litteris

1072 2777 1104 2803 ad
1123 2777 1314 2811 imperatorem
1333 2776 1424 2804 missis
1440 2785 1469 2804 se
1488 2777 1537 2810 ipsi
1557 2777 1682 2804 videlicet
1700 2776 1860 2809 subjectum

1071 2828 1121 2847 nec
1144 2829 1158 2846 ιι
1182 2821 1273 2854 jurala
1305 2821 1357 2847 fide
1387 2821 1513 2854 obsequii
1544 2821 1697 2849 desciscere
1724 2822 1865 2849 volentem

1072 2867 1148 2892 vanis
1162 2868 1304 2894 verborum
1317 2868 1412 2894 υίιῑςὶἰς
1423 2868 1557 2895 exhibuit.
1571 2868 1640 2896 Tum
1656 2869 1736 2903 huius
1749 2869 1865 2898 obtentu
