1957 3066
73 133 130 165 585

543 135 592 164 DE
612 134 832 164 ANDRONILO
853 134 1082 165 PALlEOLOGO
1104 136 1176 166 LIB.
1198 137 1249 166 Vl.

1660 137 1714 169 586

72 201 135 226 γειν
163 193 234 219 κατὰ
250 193 300 227 τὴν
317 193 435 228 περαίαν
451 194 507 224 τοῖς
523 193 706 223 Γεννουῖταῐς,
724 192 774 218 οὐκ
793 189 866 226 εἶχον
884 196 902 222 Α
920 201 1046 228 Grpe-93v.
1065 194 1179 229 Ὥρμων
1196 194 1218 221 δ’
1234 195 1333 221 αὐτίκα
1352 195 1400 221 καὶ
1418 195 1512 226 ἄλλαις
1532 195 1634 226 οἰκίαις
1651 197 1713 221 ὲπι-

73 241 132 266 ἐκεῖ
150 239 298 274 γενόμενοι
310 240 457 274 τιμωρεῖν·
485 239 617 274 μαθόντες
639 238 668 264 δὲ
684 238 871 273 τηρουμένου;

73 286 164 316 τινὰς,
192 287 221 311 ἐν
234 283 276 316 οἷς
291 287 305 311 ὁ
327 285 474 321 ἁμηραλῆς
496 283 659 318 ἐπεφέρετο,
675 284 746 310 κατὰ
757 284 806 317 τὴν
821 283 869 309 τοῦ

74 332 180 365 παχέος
217 331 319 357 Ῥαοὺλ
348 330 448 364 οἰκίαν,
475 330 640 366 παμπληοεὶ
667 329 870 364 συρῤεύσαντες

76 377 218 411 ἐμϐριθῶ;
233 376 357 411 ἀπῄτουν
377 377 510 407 ἐκείνους.
542 376 587 407 Ὠς
597 375 620 402 δ’
635 376 686 402 οὐκ
699 373 733 410 ἦν
747 375 870 406 ἐκείνους

75 424 109 450 ἐκ
131 423 180 449 τοῦ
202 424 292 458 ῥᾷστα
311 423 493 457 προδοθέντας
511 416 654 457 ἀναιρεῖν,’
673 421 717 458 [Ρ.
729 422 792 457 570]
815 423 869 456 πῦρ

76 468 182 493 ἐνιᾶσιν
194 467 295 494 αὐτίκα
309 468 356 493 καὶ
370 466 460 492 οἰκίαν
476 466 665 501 πυρπολοῦσιν
685 467 806 498 ἐκείνην,
823 467 870 492 καὶ

78 514 169 540 πάντα
189 522 218 540 τε
246 512 361 548 τάκείνῃ
386 512 548 548 διαφέρουσι
573 513 621 539 καὶ
635 513 685 539 οὐκ
700 512 780 546 ὀλίγα
795 513 869 539 δεινὰ

79 561 151 587 κατὰ
168 560 218 595 τὴν
243 560 333 585 οίχίαν
349 559 402 585 τῶν
417 558 584 594 τοὶμώντων
609 559 726 592 ἐγίνετο.
744 559 869 586 Κατελά-

77 615 139 637 νους
154 606 183 632 δὲ
205 606 288 640 μέχρι
306 606 354 632 καὶ
378 605 462 632 αὐτοῦ
485 605 601 633 θανάτου
617 605 740 640 στερρὦ
760 606 868 640 αντεχο⁵

78 652 178 684 μένους
199 652 248 678 σὺν
263 652 354 686 πολλῷ
377 651 415 686 τῷ
431 651 507 686 πόνῳ
533 651 592 685 ἅμα
611 651 662 686 μὲν
680 651 794 685 σιδήρῳ,
811 651 870 686 ἅμα

76 697 105 723 δὲ
121 699 168 724 καὶ
182 697 251 732 πυρὶ
273 697 449 731 καθαιροῦσι,
470 698 586 732 μηδενὸς
614 697 671 724 οἴου
689 698 712 724 τ’
727 697 802 728 ὄντος
818 697 869 733 τὴν

76 744 167 778 ὁρμὴν
178 744 290 778 ἐπέχειν
299 744 346 770 τοῦ
360 744 490 778 πλήθους.
510 744 565 769 Καὶ
581 744 637 779 γὰρ
648 744 695 770 καὶ
705 745 719 770 ὁ
733 752 868 778 πατριαρ-

77 790 166 824 χεύων
186 789 305 820 ἐπιστὰς
324 790 415 824 λόγοις
433 790 635 825 μειλικτηρίοις
661 791 793 825 ἐπειρᾶτο
819 791 868 825 τὴν

77 835 166 870 ὁρμὴν
199 835 389 869 ἀναστέλλειν,
416 836 444 867 ὃς
476 836 524 863 καὶ
548 837 598 871 τὴν
619 837 870 870 παρακινδύνευσιν
885 848 907 875 Β

77 882 269 914 ὑποτοπάσας,
298 882 387 914 ἄλλως
414 883 509 917 φανεὶς
525 883 641 914 ἐκείνοις
657 883 696 919 τῷ
711 883 872 917 καθυφεῖναι

78 928 93 962 ἢ
114 929 151 957 ὡς
176 928 287 954 οἴκοθεν
305 928 398 963 ὥρμα,
424 929 472 955 καὶ
488 928 574 955 πολλὰ
600 929 730 962 ἐλπίζων,
749 929 872 956 καθυπέ-

78 1023 230 1058 captandm.
260 1021 372 1048 Interim
399 1021 562 1048 Genuenscs
588 1021 686 1049 orabat
710 1021 870 1056 imperator,

78 1068 279 1103 aliquotetiam
298 1074 473 1094 nummorum
492 1067 577 1094 millia
592 1067 666 1094 ultro
685 1067 806 1102 largiens
818 1087 826 1099 ,
843 1071 872 1094 ut

77 1122 91 1140 «ξ
109 1115 168 1141 suis
186 1113 240 1141 sibi
267 1113 414 1140 navarchis
432 1113 465 1140 ad
482 1113 508 1139 id
530 1117 625 1147 aptum
651 1112 769 1147 aliquem
790 1113 871 1141 classi

79 1159 211 1186 Romana:
238 1159 444 1194 praeficiendum
473 1158 582 1185 darent.
615 1157 763 1184 Multitudo
789 1166 871 1193 porro

76 1213 262 1234 convenarum
287 1209 389 1232 temere
406 1212 455 1239 per
472 1205 566 1232 urbem
594 1212 707 1239 vagans,
729 1211 819 1232 οθιιεθε
837 1213 868 1232 ac

77 1253 195 1280 fortunae
209 1253 342 1280 societate
362 1252 388 1278 in
405 1259 490 1278 unum
503 1255 597 1278 coacta
613 1255 727 1284 emtum,
745 1252 870 1286 querulis

77 1309 106 1328 se
118 1305 227 1332 mutuo,
241 1305 270 1326 ut
284 1299 342 1326 ﬁeri
357 1298 437 1331 solet,
450 1298 614 1326 incendebat
628 1298 755 1329 vocibus,
769 1298 871 1325 iterans

77 1354 138 1380 quae
154 1346 189 1372 de
201 1344 403 1372 vastationibus
416 1344 558 1378 regionum
572 1348 648 1370 extra
665 1343 759 1370 urbem
774 1344 867 1378 gravia

78 1393 103 1419 iu
135 1393 221 1419 ituras
244 1395 272 1418 et
299 1391 467 1418 miserabilia
491 1391 702 1417 nuntiabantur.
728 1390 871 1417 Addebaut

79 1436 194 1470 quidam
214 1436 366 1471 provinciis
380 1436 492 1470 perditis
509 1436 648 1463 civitatem
669 1443 743 1463 nunc
762 1436 848 1470 ipsam
861 1456 869 1468 ,

79 1485 191 1511 unicum
208 1483 328 1511 cladium
346 1483 512 1518 perfugium,
530 1491 613 1517 prope
633 1490 647 1508 a
662 1483 804 1510 dominatu
819 1483 870 1509 ho-

923 242 1035 274 χειρεῐν,
1050 241 1098 266 καὶ
1111 242 1230 275 μάλιστα
1241 242 1424 276 μεγιστάνων,
1439 244 1494 273 τοῖς
1506 243 1712 277 δημαγωγικοί;

923 285 1013 320 λόγοις
1039 287 1093 314 τῶν
1112 289 1283 315 ἐπιστάντων
1298 289 1345 315 καὶ
1365 289 1465 323 μᾶλλον
1483 288 1712 324 παρακροτοὺμε-

922 340 972 358 νοι.
985 333 1040 359 Καὶ
1055 333 1131 368 παρὰ
1145 334 1195 369 τὴν
1220 335 1274 361 τῶν
1290 335 1455 361 Κατελάνων
1473 335 1565 361 αἰτίαν
1577 334 1614 366 ὡς
1630 335 1711 369 δῆθεν

922 377 951 402 ὲν
967 378 1063 408 αὐταῖς
1079 380 1289 414 κρυπτομένων,
1317 381 1441 416 ὲχείρουν
1456 381 1503 407 καὶ
1519 378 1559 412 οἷς
1575 381 1620 415 ἄρ’
1637 379 1712 414 εἶχον

922 423 953 449 ἐκ
969 433 1048 450 τινων
1068 426 1239 460 αἱτιαμάτων
1258 427 1428 462 μέμφεσθαι.

922 478 973 510 κζ’.
990 480 1058 513 Περὶ
1076 481 1135 507 τῶν
1147 481 1181 508 ἐκ
1198 483 1353 523 Γεννούεις
1372 483 1526 518 φανεισῶν
1540 483 1577 516 ις’
1589 483 1714 519 μακρῶν

1270 527 1362 552 νηων.

957 558 999 594 [Ρ.
1018 559 1094 596 57η]
1124 561 1183 588 Κᾶν
1209 562 1238 588 τὸ
1257 564 1343 595 κακὸν
1371 564 1489 599 προέϐη,
1507 566 1531 590 εί
1549 565 1585 600 μή
1601 573 1633 599 γε
1650 570 1711 591 κατ’

920 605 1028 639 ἐκείνην
1041 605 1090 640 τὴν
1103 606 1188 633 νύκτα
1206 609 1238 633 ἐκ
1254 609 1387 640 Γεννούας
1410 610 1516 644 μακραὶ
1534 611 1597 644 νῆες
1617 611 1714 637 ἐκκαί-

919 649 997 682 δεκα,
1018 651 1179 686 ἐμπορικῶν
1206 653 1351 688 ὲπίφορτοι
1377 655 1614 690 προσδοκώμεναι,
1636 656 1712 682 νότου
1755 674 1766 684 .

921 696 1051 728 πεσόντος
1070 697 1183 733 μετρίου
1212 700 1260 725 καὶ
1291 700 1367 735 παρὰ
1393 701 1439 727 τὸν
1467 701 1518 735 τῆς
1546 701 1715 736 προσδοκίας

921 743 1018 777 καιρὸν
1033 743 1189 776 ἐφίσταντο.
1209 743 1262 771 Ἦν
1277 746 1326 779 μὲν
1341 744 1387 772 οὖν
1407 748 1464 778 τοῖς
1480 747 1649 785 Κατελάνοις
1663 749 1714 774 καὶ

926 788 1127 823 Ἀμογαϐάροις
1151 791 1403 826 ναυλοχησαμένονς
1431 794 1502 819 θεατὰ
1532 793 1562 820 τδ
1603 793 1715 827 Ῥήγιον

922 835 1100 869 πραττόμενα
1113 835 1146 862 τὰ
1159 833 1243 867 δεινὰ,
1261 839 1307 864 καὶ
1320 839 1357 869 ὡς
1376 839 1489 874 φοϐεροὶ
1514 840 1583 865 κατὰ
1595 840 1625 866 τὺ
1641 840 1714 870 εἰκὸς

924 879 1039 912 δοκοῖεν,
1054 881 1137 916 νήπια
1154 882 1203 916 μὲν
1216 882 1246 914 ἐξ
1257 883 1414 917 ἁφεδρῶνος
1426 885 1453 915 ὲς
1469 884 1556 919 στόμα
1569 885 1625 915 τοῖς
1637 883 1713 914 ίδίοις

925 925 1038 957 παλτοῖς
1068 927 1260 962 ὲμπείρουσιν,
1282 929 1388 964 ἀνδρῶν
1410 929 1439 956 δὲ
1453 931 1515 960 τοὺς
1539 929 1589 964 μὲν
1606 938 1714 969 πυρπο-

924 1015 978 1047 nis,
1003 1017 1087 1043 tnulta
1108 1024 1233 1052 sperans,
1256 1022 1283 1045 et
1305 1025 1399 1054 parata
1423 1027 1484 1055 qua:
1503 1020 1608 1048 diceret
1629 1020 1712 1048 domo

924 1060 1058 1094 aﬂ‘erens,
1082 1063 1168 1090 turbae
1191 1071 1265 1090 nunc
1279 1072 1361 1099 quam
1384 1071 1464 1094 antea
1489 1066 1589 1094 saevius
1608 1065 1712 1093 furenti

925 1114 1011 1134 ausus
1027 1115 1188 1143 occurrere,
1208 1111 1321 1138 minime
1341 1111 1397 1145 jam
1420 1111 1603 1139 familiaribus
1617 1117 1712 1139 astan-

924 1154 990 1181 tium
1005 1155 1147 1183 obtutibus
1165 1157 1274 1184 territus
1290 1166 1322 1185 ac
1335 1158 1387 1185 sibi
1401 1159 1457 1186 vim
1479 1159 1527 1194 ipsi
1550 1160 1662 1192 timens.
1683 1161 1711 1187 in

924 1200 1000 1229 lucro
1016 1203 1107 1236 posuit
1117 1203 1191 1237 quod
1205 1211 1220 1231 a
1234 1204 1311 1237 plebe
1328 1204 1385 1239 jam
1406 1205 1508 1232 imbuta
1521 1213 1620 1233 cruore
1634 1207 1711 1235 civili

923 1247 1090 1276 incolumem
1106 1257 1262 1284 regressum
1280 1251 1440 1278 humillimis
1456 1252 1592 1280 eblandir-i
1607 1255 1709 1281 valuis-

923 1299 965 1320 set
977 1295 1128 1329 obsequiis.
1143 1295 1212 1323 lliuc
1226 1295 1283 1330 jam
1298 1297 1335 1324 illi
1349 1298 1424 1324 velut
1441 1306 1530 1325 rerqu
1545 1299 1617 1327 haud
1628 1300 1712 1328 dubio

923 1344 1061 1374 potentes,
1091 1342 1268 1369 destinabant
1294 1343 1440 1378 direptioni
1464 1349 1548 1378 atque
1586 1345 1712 1373 incendio

923 1385 990 1412 alias
1007 1386 1114 1419 domos,
1132 1389 1285 1422 praesertim
1305 1397 1370 1416 vero
1387 1396 1553 1424 magnatum,
1568 1397 1648 1425 prout
1663 1399 1712 1419 eos

923 1432 1023 1459 ducum
1041 1440 1167 1466 suorum,
1186 1434 1294 1461 cuidam
1313 1442 1458 1470 procerum
1476 1437 1651 1470 peculiariter
1666 1439 1712 1464 ln-

924 1478 1072 1505 videutium
1089 1484 1138 1506 aut
1154 1480 1206 1506 alia
1221 1480 1253 1507 de
1266 1488 1348 1508 causa
1362 1481 1546 1515 infensorum,
1565 1483 1710 1512 malitiosa!

79 1531 164 1557 stium
181 1530 288 1557 abesse.
302 1529 331 1556 In
341 1537 372 1556 ea
387 1529 498 1564 impune
513 1529 627 1562 versari,
642 1529 815 1563 indulgenter
832 1528 873 1554 fo-
888 1520 908 1547 C
926 1525 1115 1560 instigatioues
1125 1526 1153 1552 in
1165 1533 1227 1552 eum
1240 1527 1516 1562 concitabant,quasi
1531 1529 1590 1556 suis
1604 1531 1631 1556 in
1645 1530 1712 1557 aedi-

80 1577 136 1602 reri
154 1575 315 1607 Catelanos,
332 1575 414 1602 etiam
430 1579 574 1609 postquam
591 1575 618 1601 iu
631 1574 754 1608 flagranti
767 1574 871 1602 scelere

76 1622 256 1650 consiliorum
294 1621 482 1656 opprimendae
516 1621 675 1655 reipublicae
703 1620 869 1655 deprehensi

77 1669 159 1696 modo
175 1669 241 1695 sint.
256 1667 332 1694 Haud
344 1675 415 1701 aegre
433 1668 496 1694 hinc
511 1667 660 1694 deventum
676 1668 709 1694 ad
721 1668 869 1694 vehemens

75 1715 248 1748 propositum
276 1713 497 1740 ulciscendorum
524 1720 607 1739 tnanu
630 1713 800 1739 nefariorum
819 1712 869 1740 llo-

75 1760 159 1785 stium
181 1759 316 1792 urbisque
333 1756 440 1784 funesta
457 1757 612 1785 colluvione
625 1758 783 1792 purgandus.
798 1758 866 1785 Cum

75 1809 168 1830 autent
189 1803 384 1830 Calelanorum
402 1803 550 1838 plerosque
568 1807 708 1836 receptum
728 1802 800 1837 apud
818 1803 870 1831 Ροε-

75 1858 157 1877 rasam
180 1850 252 1876 inter
265 1849 426 1876 Geuuenses
445 1850 578 1884 quaesisse
590 1854 799 1883 cognoscerent,
814 1849 871 1876 illic

76 1904 149 1925 tutos
164 1906 178 1924 a
198 1898 289 1932 plebis
304 1896 618 1930 Constantinopolitanae
636 1896 672 1928 vi,
686 1901 715 1922 at
729 1904 776 1923 eos
795 1901 869 1923 certe

77 1947 122 1980 qui
139 1943 242 1971 servati
264 1944 336 1970 intra
352 1943 448 1970 urbem
465 1942 587 1978 contigui
605 1941 664 1969 suis
685 1942 747 1969 telis
766 1945 869 1973 essent,

79 1991 150 2017 haud
169 1990 274 2016 inultus
293 1988 473 2016 dimittendos
492 1992 660 2015 statuerunt.
679 1987 736 2015 lioc
758 1987 870 2022 impulsi

78 2037 172 2063 furore
196 2043 282 2062 tuanu
299 2043 397 2068 magna
422 2035 495 2061 facta
520 2035 593 2062 aedes
618 2035 754 2062 invadunt
777 2034 871 2061 Raulis

76 2082 181 2114 Crassi,
200 2081 246 2108 ubi
265 2081 337 2115 apud
357 2088 483 2108 socerum
505 2081 640 2108 atuerales
654 2080 786 2107 custodiri
801 2079 871 2108 fere-

76 2129 168 2156 batur.
189 2129 218 2155 [n
243 2135 304 2154 eam
326 2134 442 2154 numero
463 2127 601 2159 maximo,
620 2126 815 2154 vociferatione
838 2134 870 2155 ac

75 2178 178 2210 impetu
200 2174 320 2201 vmsauis
337 2174 520 2207 irrumpentes
535 2172 659 2205 domum,
683 2172 744 2200 dedi
762 2173 813 2200 sibi
829 2174 869 2200 la-

924 1572 977 1599 bus
992 1573 1136 1599 Catelanos
1150 1574 1351 1606 occultantem;
1367 1581 1483 1608 quarum
1501 1575 1627 1603 videlicet
1640 1584 1711 1611 pra:-

925 1624 999 1648 tcxtu
1019 1621 1243 1652 scrutandarum,
1260 1621 1293 1647 ad
1309 1622 1357 1648 eas
1371 1621 1470 1649 deinde
1487 1622 1664 1656 diripiendas,
1678 1632 1711 1651 ac

923 1666 946 1692 si
962 1666 1044 1694 ferret
1058 1667 1184 1701 impetus,
1201 1675 1263 1694 ulox
1291 1667 1476 1695 iucendendas
1496 1670 1652 1696 occasionis
1671 1670 1711 1696 fa-

922 1711 1037 1745 cilitate,
1051 1712 1150 1747 praedae
1161 1713 1285 1747 pellacia,
1299 1714 1449 1740 securitate
1462 1714 1633 1749 impunitatis
1651 1715 1712 1743 elle-

923 1762 981 1784 rata
997 1757 1072 1792 plebs
1088 1751 1284 1793 impelleretur.

921 1815 968 1842 27.
992 1815 1031 1842 De
1050 1817 1238 1850 apparentibus
1259 1825 1272 1843 e
1289 1816 1379 1844 Genua
1399 1819 1537 1852 rsexdecim
1556 1818 1640 1854 longis
1662 1828 1711 1848 ua-

1274 1854 1358 1880 cibus.

959 1897 992 1923 Et
1009 1898 1192 1932 processisset
1206 1899 1232 1925 in
1247 1899 1394 1926 maximam
1415 1900 1566 1934 perniciem
1580 1901 1710 1928 inchoata

921 1947 948 1970 et
975 1948 1115 1971 auctorata
1132 1952 1261 1972 successu
1287 1946 1376 1979 primo
1405 1953 1512 1972 vazsana
1528 1947 1639 1973 licentia
1656 1948 1705 1974 do-

923 1998 1016 2018 muum
1042 1993 1299 2027 expugnandarum,
1323 1993 1349 2019 ni
1375 1998 1488 2027 repente
1504 2001 1574 2020 nova
1591 2003 1634 2021 res
1660 2003 1709 2029 ap-

922 2045 1023 2073 parens
1049 2039 1171 2065 civitatis
1191 2038 1324 2066 universaa
1351 2039 1494 2073 ipsiusque
1509 2040 1640 2067 concitati
1658 2048 1707 2075 po-

921 2086 979 2120 puli
994 2078 1230 2120 cxspcctationem
1247 2089 1274 2111 et
1290 2085 1473 2118 Cogitationes
1488 2086 1514 2112 in
1527 2093 1556 2112 se
1569 2087 1707 2113 vertisset.

921 2130 968 2157 Illa
993 2130 1124 2157 nimirum
1144 2131 1202 2164 ipsa
1228 2134 1309 2157 nocte
1335 2131 1361 2156 in
1383 2135 1561 2164 conspectuin
1583 2131 1661 2158 urbis
1681 2140 1711 2159 se

922 2176 1056 2203 dederunt
1073 2175 1192 2203 sedecim
1213 2183 1297 2203 naves
1321 2175 1407 2210 longae
1422 2180 1530 2204 onustm
1544 2177 1682 2204 mercibus
1695 2185 1710 2205 ο

75 2227 166 2249 tentes
192 2221 251 2248 illic
279 2220 428 2247 Catelanos
450 2219 587 2255 flagitant.
608 2219 728 2255 Moxque
753 2220 869 2248 incertis
885 2211 908 2239 Ῑ)
923 2223 1029 2254 Genua,
1045 2226 1207 2257 exspectata
1220 2222 1272 2249 illa:
1289 2222 1411 2256 quidem,
1433 2222 1480 2250 sed
1496 2222 1629 2250 beneﬁcio
1642 2223 1712 2251 lenis

76 2268 186 2295 consilii
207 2267 367 2294 domesticis
383 2266 457 2293 haud
473 2272 515 2294 sat
530 2268 586 2294 cito
602 2267 812 2300 expedientibus
828 2276 872 2296 re-

74 2321 222 2348 sponsum,
237 2318 286 2340 aut
311 2313 402 2347 potius
420 2313 491 2347 quod
508 2313 696 2348 imperabatur
716 2321 870 2349 exsequen-

72 2362 157 2392 tibus,
175 2361 242 2395 igne
258 2360 339 2386 tectis
354 2359 480 2391 subiecto
500 2359 669 2386 domicilium
697 2360 722 2387 id
740 2365 825 2388 totum
842 2361 869 2388 in

71 2408 194 2434 cinerem
211 2406 351 2440 redigunt,
374 2405 479 2437 multis,
502 2405 611 2432 interim
624 2407 688 2433 dum
706 2406 864 2434 incendium

73 2458 228 2488 grassatur,
246 2452 418 2479 crudelitatis
438 2457 466 2480 et
483 2453 605 2479 avaritia:
622 2454 648 2480 in
665 2453 867 2488 direptionibus

75 2507 167 2526 rerum
188 2504 216 2527 et
232 2500 363 2526 resistere
374 2506 503 2526 ausorum
516 2500 592 2534 gravi
611 2499 770 2527 multatione
788 2500 866 2527 fami-

74 2546 184 2572 lzarium
201 2546 286 2572 editis
304 2545 446 2580 exemplis.
466 2545 495 2572 In
518 2546 562 2572 bis
585 2545 709 2573 Catelani
735 2547 796 2574 sine
819 2554 867 2581 spe

74 2592 162 2619 veniae
191 2599 243 2626 pro
276 2591 364 2625 Capite
388 2597 470 2625 atque
496 2592 587 2618 anima
614 2598 768 2626 pugnantes
795 2592 867 2619 haud

75 2639 156 2665 inulti
172 2637 254 2672 533
270 2638 442 2673 ceciderunt.
460 2638 558 2672 partim
581 2639 653 2665 ferro
668 2640 767 2673 partim
785 2638 865 2665 [latn-

73 2693 128 2717 ma,
149 2692 164 2710 a
189 2671 301 2711 summa
319 2683 342 2709 vi
366 2685 558 2711 annitentibus
577 2685 717 2712 seditiosis
745 2686 865 2720 denique

72 2731 245 2765 consumpti,
263 2729 371 2756 nemine
396 2730 451 2763 jam
469 2730 588 2764 amplius
609 2732 748 2758 sustinere
764 2737 811 2757 aut
824 2729 867 2758 ἐἰη

72 2782 146 2803 slere
162 2777 217 2801 vim
231 2774 351 2801 elfcratse
368 2775 551 2802 multitudinis
566 2775 682 2802 valente.
696 2776 763 2803 Nam
776 2781 804 2803 et
817 2777 870 2804 hoc

73 2827 190 2849 collatus
210 2820 368 2856 patriarcha
396 2828 424 2847 re
451 2820 552 2848 Infecta
571 2826 684 2849 coactus
702 2827 744 2850 est
766 2823 866 2850 redire.

73 2869 176 2904 Nempe
192 2868 240 2895 ille
256 2873 388 2893 successu
410 2867 542 2894 invitatus
564 2869 664 2902 prioris
680 2876 736 2896 sua:
758 2870 869 2896 concio-

242 2916 380 2945 l‘araoc.
402 2917 459 2946 Gtt.
477 2916 608 2949 CXLIV.

924 2270 1011 2297 austri
1040 2270 1123 2297 citius
1146 2277 1228 2304 quam
1256 2270 1420 2304 sperabatur
1446 2269 1624 2304 appellantes.
1654 2270 1711 2297 Sub

924 2320 986 2339 eum
1014 2313 1145 2347 temporis
1171 2313 1317 2340 articulum
1345 2313 1467 2340 Catelani
1490 2318 1517 2340 et
1545 2314 1711 2349 Amogabari

923 2359 1026 2386 nostris
1042 2359 1217 2386 institoribus
1231 2359 1303 2393 apud
1320 2360 1504 2394 propinquum
1524 2360 1585 2386 urbi
1604 2361 1711 2392 navale,

921 2404 1056 2440 Rhegium
1075 2406 1192 2436 dictum,
1207 2407 1396 2432 onerariarum
1416 2405 1562 2433 stationem
1579 2406 1710 2432 habenti-

922 2452 986 2483 bus,
1002 2460 1075 2479 δεενο
1091 2453 1316 2487 supervenientes
1332 2453 1436 2486 impetu
1455 2456 1482 2478 et
1493 2452 1554 2478 loco
1572 2459 1603 2479 ac
1621 2448 1711 2487 pricda

923 2497 947 2522 vi
965 2497 1056 2530 potiti,
1073 2504 1128 2530 quo
1142 2502 1274 2523 terrorem
1285 2498 1326 2523 sui
1344 2497 1400 2523 late
1417 2497 1523 2523 scilicet
1538 2503 1710 2533 spargerent,

923 2544 983 2571 dira
996 2544 1167 2571 crudelitatis
1183 2545 1330 2579 plusquam
1350 2544 1457 2570 hostilis
1471 2545 1594 2579 exetnpla
1614 2545 1710 2571 edide-

925 2594 1000 2616 runt.
1026 2589 1162 2617 Parvulos
1180 2590 1252 2617 enim
1286 2590 1342 2617 illic
1373 2594 1498 2625 repertos
1523 2590 1639 2624 tragulis
1665 2597 1713 2624 per

926 2636 1050 2670 podiceut
1068 2636 1094 2663 in
1112 2644 1142 2663 os
1164 2637 1297 2664 immissis
1318 2637 1392 2664 velttt
1410 2645 1476 2663 veru
1500 2637 1712 2668 trauslixerant;

923 2684 1076 2711 adultiores
1102 2688 1203 2716 autem,
1220 2683 1300 2719 534
1319 2683 1362 2710 ttbi
1386 2684 1463 2718 prius
1481 2687 1625 2717 coegerant
1646 2690 1713 2718 pro-

923 2729 990 2764 priis
1009 2729 1129 2756 humeris
1146 2737 1189 2755 res
1206 2729 1327 2763 ipsorum
1344 2729 1417 2756 ferre
1434 2737 1490 2763 quo
1504 2736 1581 2755 suatu
1597 2727 1710 2762 congeri

924 2775 1043 2810 praedam
1070 2775 1120 2801 feri
1145 2775 1418 2813 latroucsvolehant,
1434 2775 1533 2802 deinde
1557 2774 1713 2800 immaniter

925 2821 1140 2853 trucidaret-ant,
1159 2827 1312 2855 (aciemque
1326 2821 1369 2848 Itis
1386 2824 1569 2847 consentanea
1588 2820 1711 2846 fecerant

923 2868 1059 2896 barbaria:
1085 2868 1205 2895 furorem
1231 2868 1322 2894 omnis
1347 2868 1426 2902 longe
1450 2871 1597 2901 superante
1618 2864 1710 2900 Stygia

1459 2914 1495 2944 19
