1957 3066
196 118 199 121 -
230 110 278 140 an

839 116 1002 147 GEORGII
1027 118 1268 149 PACHYMEILE

1812 128 1873 159 5'12

231 168 281 202 μὲν
295 169 425 204 ἁμηραλῇ
447 169 493 195 τὶν
515 169 599 196 τόπον
619 171 816 207 ἀπεχαρίζετο,
833 175 897 206 τοὺς
912 174 940 201 δὲ
955 183 1020 209 φρε-
1035 180 1058 207 Α
1073 175 1155 208 θεῖεν,
1171 177 1287 210 μηδενὸς
1313 177 1343 203 τὸ
1368 178 1501 212 παράπαν
1533 179 1749 216 ἐσκυλευμένου,
1763 172 1833 215 τούξ
1847 185 1875 210 δ’

230 215 306 250 ρίους
332 216 420 248 ἀξίοις
444 217 827 255 ἀποτιμήμασιποεραπεύειν
849 221 951 257 ᾑρεῖτο,
967 222 1018 248 κᾶν

229 261 305 287 αὐτοὶ
332 261 363 288 τὸ
381 262 513 296 παράπαν
538 264 758 298 ἀποστυγοῦντες
781 265 828 292 τοῦ
847 268 884 301 μὴ
902 268 1019 302 μεταπί-

229 315 309 333 πτειν
336 309 463 343 προεῖντο
488 309 535 335 καὶ
555 309 605 344 τὴν
631 309 715 345 ζωήν.
734 311 807 346 Πλὴν
823 312 846 338 δ’
861 313 910 347 οὐχ
925 311 976 340 οἷοί
994 315 1018 340 τ’

229 353 305 384 ὄντες
317 354 385 388 πρὸς
404 354 550 389 βασιλικὰς
570 356 693 391 ἀντέχειν
711 357 854 391 διαταγὰς,
874 359 942 394 πρὸς
971 361 1019 395 μο-

229 410 274 427 νον
297 402 330 428 τὸ
356 402 470 434 εὖλαὸὲς
496 403 613 437 περὶτὰ
641 403 703 429 θεῖα
726 404 772 430 τοῦ
798 406 1018 439 προστάσσοντος

228 449 374 483 ἀφεώρων.
388 450 442 475 Καὶ
454 449 515 483 ιερὰ
528 449 578 484 μὲν
589 450 683 476 ἐκεῖνα
693 452 740 477 καὶ
755 451 845 478 πᾶσαν
861 451 910 486 τὴν
926 452 1018 478 αὐτῶν

229 495 390 530 ἐτοιμασίαν
415 496 587 529 ἀμετάθετον
613 497 750 529 είακότες,
771 497 847 524 οὐδὲν
870 496 951 534 ἦττον
970 501 1018 525 καὶ

229 538 360 575 περὶτῶν
376 540 478 567 λοιπῶν
495 541 567 568 οὕτω
577 541 745 574 διατεθέντες
758 543 795 574 ὡς
812 544 896 579 μηδὲν
911 544 1018 571 ἐκεῖθεν

229 587 282 613 τῶν
299 587 347 613 τοῦ
367 588 432 614 ναοῦ
449 589 618 622 μεταθεῖναι,
637 589 757 624 ἠμέλουν
774 590 811 622 ὼς
827 590 864 625 μὴ
882 591 914 617 ἂν
933 599 1016 625 μετα-

229 634 399 668 θησομένων,
415 634 451 666 ὥς
470 644 501 669 γε
520 638 589 670 σφᾶς
603 637 719 664 οἴεσθαι.
743 638 821 664 Ἐπεὶ
834 638 862 665 δὲ
879 640 925 665 καὶ
937 638 1017 671 αὖθις

229 681 243 705 ὁ
260 681 372 714 κρατῶν
388 682 538 716 ἠνωχλεῖτο
555 686 602 709 καὶ
621 683 811 719 ἀπαραίτητον
828 685 952 711 κατενόει
966 685 1017 720 τὴν

230 726 303 760 μίαν,
319 727 431 761 πέμψας
447 728 486 762 τῷ
500 728 554 754 τῶν
576 730 695 755 Πισαίων
713 730 821 765 ἐξάρχῳ
848 732 1016 766 προστάσσει

229 773 261 797 ἐκ
280 773 409 805 γειτόνων
423 773 480 799 ὄντι
495 774 749 808 συμπαραλαϐόντα
769 776 834 806 τοὺς
849 777 877 802 ἐν
895 775 934 811 τῷ
954 776 1015 802 καθ’

231 817 304 852 ἱεροῦ
320 817 367 843 τοῦ
385 818 536 844 ἀποστόλου
547 818 650 853 Πέτρου
664 819 747 854 ἱερεῖς
761 819 804 855 [Ρ.
822 819 886 855 574]
904 821 1018 854 ἐπιστῆ-

1075 222 1158 257 lapsi;
1173 223 1296 255 εὑλαὸὧς
1306 223 1492 256 ἀναλαϐόντας
1503 226 1582 253 τάκεῖ
1593 228 1709 262 κείμενα
1722 230 1751 255 ἐν
1766 229 1806 264 τῷ
1819 230 1873 257 τοῦ

1073 269 1225 303 κορυφαίου
1246 270 1300 296 τῶν
1325 270 1486 297 ἀποστόλων
1506 272 1666 306 μεταθεῖναι
1684 274 1752 310 ναῷ.
1777 275 1823 307 Ὦς
1841 276 1873 302 δὲ

1072 311 1168 346 γέγονε
1194 313 1281 340 ταῦτα
1306 317 1353 340 καὶ
1380 315 1506 350 ἐπράχθη
1533 316 1619 351 ἡτῶν
1637 319 1719 352 ἱερῶν
1743 321 1789 346 καὶ
1808 320 1871 348 τῶν

1072 357 1159 384 ἄλλων
1178 359 1333 393 μετάθεσις,
1352 361 1377 387 ol
1391 361 1500 397 φρέριοι
1518 363 1600 397 μηδὲν
1614 363 1725 399 ἔχοντες
1739 366 1753 392 ὅ
1766 375 1792 392 τι
1810 367 1871 397 τοῖς

1072 404 1162 436 ἄλλοις
1178 408 1341 441 χρήσαιντο,
1363 407 1432 442 πρὸς
1457 409 1504 434 τὸν
1519 410 1670 437 ἐπιστάντα
1687 411 1717 437 τὸ
1739 413 1794 438 πᾶν
1818 413 1872 446 τῆς

1072 449 1158 484 ὀργῆς
1187 451 1343 483 ὲξεκένουν,
1374 453 1422 479 καὶ
1447 454 1597 481 ἀνεκάλουν
1623 457 1691 491 πρὸς
1707 457 1872 489 Γεννουϊτας

1073 497 1144 522 κατὰ
1162 496 1212 531 τὴν
1243 497 1376 532 Περαίαν,
1403 500 1449 525 καὶ
1477 499 1571 534 ἠξίουν
1588 501 1633 528 τὸν
1655 504 1871 539 καταφρονητὴν
1904 527 1912 531 .

1078 541 1249 575 ἀμύνασθαι.
1278 544 1333 569 Καὶ
1362 545 1376 570 ὁ
1397 544 1575 580 ὲξουσιαστὴς
1601 548 1726 580 ἐκείνων,
1751 549 1801 583 τὴν
1821 549 1870 575 ἐπὶ

1071 588 1178 619 τούτοις
1200 589 1311 624 ἄμυναν
1331 589 1385 616 τῶν
1405 591 1495 617 καλῶν
1520 593 1711 627 ἡγησάμενος,
1726 595 1870 629 ἐκπέμπει

1072 633 1164 669 κρύφα
1190 635 1254 666 τοὺς
1281 635 1386 662 ἐκεῖνον
1416 636 1502 671 ἐγγυς
1527 637 1645 664 θανάτου
1681 640 1868 674 ποιήσοντας·
1888 628 1896 638 ‘

1072 682 1181 707 κτανεῖν
1207 682 1261 716 γὰρ
1289 683 1339 708 οὐκ
1367 683 1513 717 ἐδικαίουν,
1539 684 1608 712 ἀλλὰ
1627 686 1747 718 σπάθαις
1765 688 1869 720 σιτίζειν

1072 727 1204 762 ἐσχάτως.
1230 728 1455 763 Ἐνεδρεύσαντες
1469 731 1560 758 τοίνυν
1578 732 1746 767 ἐξεπλήρουν
1768 734 1802 760 τὰ
1818 733 1868 760 τοῦ

1072 772 1267 807 βουλεύματος,
1283 774 1330 800 καὶ
1343 774 1454 806 πολλαῖς
1469 776 1514 802 τὸν
1526 776 1669 812 ἄνθρωπον
1679 779 1866 805 ἐπεισπεσόν-

1071 827 1116 849 τες
1135 820 1167 844 ὲκ
1192 819 1239 845 τοῦ
1268 819 1400 854 αἰφνηδίιν
1415 821 1558 855 ᾐκίσαντο,
1586 822 1622 854 ὡς
1651 823 1774 858 φοράδην
1794 825 1866 851 οἴκοι

229 872 273 889 ναι
287 862 326 898 τῷ
345 864 430 898 τόπῳ,
444 863 490 890 καί
504 873 534 898 γε
545 864 607 895 τοὺς
621 865 671 898 μὲν
691 866 755 900 περὶ
768 866 850 892 αὐτὸν
863 867 892 891 ἐν
907 866 1016 898 ἀξιοπί.
1030 860 1054 889 Β
1070 863 1147 896 μόλις
1158 863 1353 898 πιστευόμενον
1370 864 1420 899 ζῇν
1434 865 1602 900 ἀπαχθῆναι.
1630 867 1717 893 Τοῦτο
1737 868 1866 902 βασιλεὺς

230 917 304 940 στοις
321 909 451 944 τετάχοαι
464 911 599 944 μάρτυσιν
615 910 653 942 ὦς
673 910 699 937 θ’
713 911 820 947 εὕροιεν
836 913 883 939 καὶ
897 911 915 939 ἃ
934 921 1019 947 μετα-

230 999 312 1032 nique
328 1004 442 1031 corpora
458 998 679 1026 Christianorum
711 999 907 1028 defunctorum
935 1001 1018 1036 depo-

229 1044 280 1070 sita
301 1045 327 1070 in
339 1044 511 1077 sepulturam
524 1046 591 1076 sint,
606 1046 740 1072 resecrari
752 1054 849 1072 rursus
862 1047 1018 1080 mutarique

230 1091 257 1116 in
276 1091 387 1124 vulgare
403 1090 600 1118 diversorium.
621 1091 710 1126 Atque
728 1092 784 1118 hac
797 1099 856 1126 qum
869 1099 884 1118 a
911 1092 1018 1120 nemine

230 1141 342 1172 possent
363 1137 434 1168 ﬁeri,
448 1137 561 1164 tninime
579 1137 690 1171 aiebant
706 1139 855 1165 convenire
867 1139 902 1165 ab
916 1139 950 1166 iis
974 1142 1018 1165 at-

230 1183 328 1209 tentari
342 1183 387 1217 qui
404 1183 524 1210 studium
541 1183 692 1211 ferventius
713 1192 776 1218 erga
798 1192 842 1211 res
860 1185 943 1212 divini
957 1185 1018 1212 cul-

230 1232 274 1255 tus
290 1229 494 1263 proliterentur.
527 1229 602 1256 Talia
624 1230 662 1256 illi
675 1231 827 1264 quamlibet
857 1236 1018 1258 constanter

229 1275 411 1302 obtendentcs
428 1275 495 1301 nihil
513 1275 640 1309 agebant,
666 1276 761 1310 utique
778 1277 848 1311 apud
867 1277 1015 1310 hominem,

228 1321 319 1354 qualis
339 1325 398 1347 crat
411 1322 581 1355 patriarcha,
597 1322 816 1350 irrevocabiliter
843 1331 898 1357 quo
927 1323 1016 1350 inten-

228 1366 316 1393 disset
339 1374 420 1392 ruere
450 1367 573 1393 solitum.
600 1366 672 1402 Ergo
690 1368 714 1394 is
743 1368 930 1402 pra-iudicatis
958 1370 1017 1397 suis

229 1412 376 1446 indulgens
407 1412 564 1445 adeetibus,
587 1419 613 1440 ct
636 1421 785 1448 persuasus
811 1415 871 1442 zelo
896 1415 943 1442 illo
962 1423 1017 1450 quo

229 1460 369 1487 ferebatur
394 1464 498 1487 exactae
531 1461 682 1495 religionis,
711 1461 812 1489 debere
843 1470 873 1489 se
904 1463 1017 1489 omnino

227 1506 448 1540 qualemcunque
471 1507 572 1539 aliam,
590 1507 709 1539 maxime
727 1512 818 1534 autem
842 1506 978 1539 Latinam,
1001 1515 1015 1534 a

227 1552 312 1579 libero
325 1551 467 1585 exercitio,
478 1552 504 1578 in
519 1552 579 1578 loco
592 1553 744 1586 prtcscrtim
763 1557 815 1578 tam
831 1553 942 1587 publico
959 1561 1017 1580 me-

227 1599 342 1632 tropolis
360 1599 402 1626 sui
417 1599 634 1632 patriarchatus.
649 1599 806 1633 prohibere,
835 1600 951 1632 urgebat
969 1600 1014 1626 ni-

226 1645 282 1672 hilo
298 1645 441 1671 remissius
452 1644 526 1679 quod
541 1638 676 1679 cteperat.
692 1649 720 1671 et
740 1652 819 1679 opem
841 1646 1014 1680 imperatoris

226 1691 259 1718 ad
278 1690 479 1725 perrumpenda
495 1698 556 1724 qua:
575 1691 684 1717 amoliri
698 1698 745 1724 per
762 1698 792 1718 se
810 1691 870 1726 ipse
887 1692 1014 1726 nequiret

225 1736 368 1763 obstacula
403 1736 580 1770 implorabat.
602 1735 744 1763 Pendebat
774 1736 952 1764 Andronicus
979 1745 1011 1764 ex

223 1783 284 1818 ejus
304 1788 382 1816 nutu,
400 1790 450 1810 nec
474 1790 524 1809 suo
556 1783 719 1817 patriarchae
747 1791 796 1817 pro
821 1784 880 1810 viro
906 1784 1012 1811 exuuiae

223 1829 377 1856 sanctitatis
391 1829 540 1863 gratiaéque
553 1829 625 1863 apud
643 1830 726 1856 Deum
745 1829 870 1856 maximat
884 1837 899 1856 a
918 1838 948 1856 se
962 1830 1012 1856 du-

222 1878 286 1903 dum
301 1877 375 1903 culto
392 1883 490 1910 negare
503 1875 652 1910 quidquam
667 1881 715 1902 aut
725 1880 821 1903 contra
835 1876 941 1904 hiscere
958 1877 1010 1902 ulla

222 1924 248 1950 in
267 1931 296 1950 re
314 1926 430 1957 poterat.
458 1921 550 1956 Itaque
566 1923 732 1949 amotionem
762 1922 823 1949 inde
840 1923 1008 1955 Freriorum,

220 1977 302 2004 quam
320 1969 342 1995 is
357 1968 495 2002 cupiebat,
513 1968 573 2002 ipse
590 1968 758 1995 auctoritate
783 1970 925 1996 mandavit
948 1977 1008 2001 sua,

219 2022 278 2042 eam
294 2016 320 2041 in
337 2015 516 2042 exsecutione
536 2014 671 2042 invidiosa
688 2015 904 2043 moderationem
929 2016 1009 2043 adhi-

220 2062 298 2091 bens,
315 2061 407 2088 utloci
433 2060 541 2094 quidem
569 2068 600 2087 ac
612 2061 663 2088 soli
682 2061 877 2095 proprietatem
902 2061 1007 2089 Latinis

219 2105 351 2139 eripiendi
380 2105 484 2132 homini
518 2104 615 2132 Latino
648 2106 819 2133 condonarct
848 2107 1004 2140 Ameralat,

220 2151 321 2178 Frcriis
337 2157 428 2178 autem
449 2158 586 2186 expensas
599 2159 668 2186 quas
691 2152 717 2178 in
731 2153 900 2186 emptionem
917 2158 945 2180 et
958 2161 1005 2180 or-

219 2201 311 2223 natum
330 2197 380 2224 loci
397 2197 518 2224 fecerant
546 2197 691 2224 refundere
715 2206 744 2225 se
769 2198 852 2233 538
880 2204 1005 2233 paratum
1024 2197 1046 2226 D
1061 2208 1089 2234 ίιι
1117 2216 1169 2235 usu
1195 2197 1304 2237 [υεηηξ

218 2243 409 2277 profiteretur;
423 2243 494 2277 quod
511 2243 620 2277 quidem
638 2243 688 2277 ipsi
718 2250 895 2276 recusarunt,
930 2246 1005 2273 uttlla

217 2297 246 2317 se
264 2289 360 2316 adduci
377 2290 535 2317 conditione
553 2297 634 2324 posse
648 2298 704 2325 prae
717 2298 747 2317 se
762 2291 882 2319 ferentes
896 2292 928 2319 ad
944 2300 1005 2319 ces-

216 2337 319 2363 sionem
335 2337 427 2371 templi
444 2336 558 2370 proprii,
572 2336 646 2370 quod
676 2336 710 2363 ad
740 2342 893 2364 extremum
909 2339 1004 2365 (lcfcn-

215 2382 303 2409 dendo
317 2382 399 2408 vitam
418 2383 499 2408 etiam
516 2389 568 2407 uou
589 2381 749 2408 dubitarent
779 2383 948 2417 impendere.
965 2385 1004 2411 At;

215 2428 343 2454 videbant
360 2428 397 2454 illi
413 2427 522 2462 quidem
542 2427 620 2454 facile
646 2428 716 2455 haud
736 2437 850 2455 suarum
879 2438 940 2456 esse
965 2432 1001 2457 ri-

214 2476 283 2500 rium
312 2474 449 2501 nudatis
477 2475 652 2508 imperatoris
692 2475 792 2507 obniti,
824 2476 1002 2504 Contidcbaut

214 2527 301 2547 tamen
317 2528 349 2547 ex
365 2527 395 2546 ea
410 2528 491 2554 quam
518 2520 650 2547 celebrari
676 2522 821 2548 audierant
850 2523 1001 2551 Andrmtici

186 2561 187 2564 “
213 2574 277 2598 ιρι-μη
291 2573 333 2592 res
347 2573 442 2593 sacras
469 2567 634 2598 reverentia,
659 2574 833 2601 nequaquam
865 2567 939 2595 illmu
968 2578 1001 2596 eo

213 2620 300 2646 ttsque
316 2612 466 2642 ruiturum,
480 2616 508 2638 ut
527 2618 609 2638 manu
631 2612 689 2646 rapi
705 2619 736 2639 ac
757 2613 875 2648 dispergi
889 2614 1002 2648 juhcrc'.

211 2666 318 2686 sacram
336 2658 429 2692 templi
446 2657 598 2684 Christiani
617 2659 825 2694 supellectilem.
842 2659 934 2692 Quare
947 2661 998 2696 ipsi

213 2710 384 2736 recusantes,
401 2705 672 2740 proutjubebantur,
688 2713 732 2734 res
749 2714 815 2734 suas
830 2708 883 2734 alio
907 2713 999 2734 trans-

211 2751 299 2782 t'crrc,
329 2751 382 2778 sibi
404 2751 575 2785 spomlebant
597 2752 734 2778 neminem
761 2752 843 2779 alium
867 2753 934 2787 ipsis
951 2761 998 2781 eas

211 2795 303 2824 iuvius
322 2797 381 2824 loco
394 2802 544 2830 moturum,
562 2797 688 2832 Augusto
702 2798 727 2824 id
744 2798 852 2826 scilicet
869 2801 996 2834 praescri-

210 2843 274 2871 bere
300 2852 353 2873 non
385 2853 497 2873 ausura.
521 2846 641 2880 Tamque
673 2853 769 2881 secure
790 2847 994 2875 indormicbant

1030 1530 1051 1559 C

1069 908 1109 939 εἰς
1127 909 1224 935 ἑαυτὸν
1247 908 1393 944 ἀναφέρων
1416 910 1471 936 ἀπὸ
1500 911 1650 946 προσώπου
1675 913 1698 939 τ’
1714 913 1802 940 ἐποίει
1819 913 1865 940 τὸν

1071 1011 1116 1038 tali
1132 1011 1249 1043 ﬁducia‘,
1268 1012 1342 1039 vasis
1357 1013 1445 1040 sacris
1463 1022 1495 1040 ac
1510 1015 1633 1042 vestibus
1647 1015 1736 1049 palam
1754 1016 1782 1043 in
1800 1024 1864 1050 pro-

1071 1057 1164 1090 patulo
1178 1056 1283 1084 relictis
1300 1057 1463 1090 assidentes,
1477 1063 1506 1085 ut
1521 1059 1588 1086 nihil
1606 1061 1696 1088 minus
1709 1069 1791 1095 quam
1810 1065 1862 1089 vim

1070 1104 1104 1128 ab
1136 1103 1323 1138 imperatoriis
1352 1106 1487 1132 ministris
1513 1105 1664 1134 formidare
1693 1108 1862 1136 viderentur.

1069 1148 1180 1176 Interim
1197 1149 1242 1184 qui
1257 1151 1341 1178 semel
1354 1151 1545 1178 Andronicum
1565 1155 1598 1179 ad
1615 1153 1641 1180 id
1659 1156 1798 1189 negotium
1816 1163 1863 1183 ca-

1070 1195 1234 1229 pessendum
1252 1196 1430 1230 impulerant,
1456 1205 1509 1225 non
1533 1198 1700 1227 desistentes
1729 1201 1817 1228 eidem
1834 1207 1861 1228 ut

1069 1244 1189 1274 cceptum
1203 1241 1357 1269 absolveret
1372 1243 1488 1275 instare,
1503 1251 1535 1271 co
1547 1244 1668 1280 denique
1683 1247 1864 1282 perpulerunt

1070 1288 1235 1323 principum,
1253 1289 1326 1316 clare
1338 1291 1394 1324 jam
1412 1291 1550 1318 videntem
1576 1300 1718 1327 nunquam
1748 1294 1862 1324 Latinos

1070 1334 1220 1361 monachos
1247 1335 1402 1363 voluntarie
1428 1344 1577 1370 cessuros,
1613 1347 1664 1366 nec
1685 1341 1780 1375 perﬁci
1805 1350 1861 1369 rem

1069 1379 1139 1407 citra
1159 1380 1214 1407 vim
1233 1389 1325 1414 posse,
1342 1386 1370 1408 ut
1385 1382 1548 1411 Pisauorum
1570 1386 1703 1419 exarcho,
1723 1387 1797 1415 mdes
1822 1389 1863 1415 in-

1068 1426 1170 1453 colenti
1184 1426 1288 1454 vicinas
1302 1426 1465 1456 Latinorum
1492 1431 1660 1459 monasterio
1670 1452 1677 1465 ,
1705 1434 1860 1461 mandatqu

1068 1471 1175 1499 dederit
1193 1479 1350 1508 assumptos
1362 1483 1376 1501 e
1391 1476 1491 1509 templo
1504 1481 1530 1503 et
1545 1478 1605 1511 ipso
1622 1479 1778 1514 propinquo
1800 1488 1863 1508 san-

1069 1517 1104 1543 cti
1130 1517 1203 1544 Petri
1221 1519 1336 1553 apostoli
1365 1521 1525 1548 sacerdotes
1542 1521 1656 1551 Graecos
1683 1525 1708 1551 in
1730 1527 1860 1561 templum

1071 1563 1404 1598 Latinoruminducendi,
1429 1566 1518 1602 iisque
1544 1568 1596 1596 loci
1615 1570 1805 1604 praefecturam
1832 1573 1859 1599 in

1071 1614 1232 1644 perpetuam
1276 1612 1408 1646 deinceps
1453 1614 1577 1642 tradendi
1633 1618 1859 1652 possessionem,

1070 1655 1159 1690 ipsum
1176 1656 1320 1691 imperans
1345 1658 1371 1684 iu
1387 1666 1499 1685 censum
1518 1664 1646 1688 exactum
1673 1662 1788 1696 referre,
1808 1666 1860 1692 sub

1069 1702 1228 1730 testimonio
1254 1704 1305 1731 (ide
1331 1704 1474 1738 dignorum
1498 1706 1649 1741 hominum,
1682 1714 1734 1735 tam
1751 1718 1782 1737 ea
1799 1719 1859 1745 qua:

1068 1750 1204 1777 inveniret
1225 1751 1252 1777 iu
1279 1753 1380 1786 templo
1398 1753 1573 1787 Latinorum,
1602 1763 1685 1790 quam
1703 1764 1763 1791 quae
1796 1758 1860 1786 inde

1066 1797 1120 1823 alio
1137 1797 1309 1831 transferret,
1335 1799 1479 1834 diligenter
1505 1802 1628 1828 cavendo
1656 1811 1690 1830 ne
1707 1806 1856 1838 quisquam

1065 1847 1161 1866 corum
1185 1847 1213 1866 re
1242 1841 1296 1867 ulla
1321 1849 1371 1868 sua
1400 1843 1596 1875 fraudaretur;
1624 1853 1721 1875 curare
1748 1857 1859 1884 quoque

1065 1888 1194 1917 praetcrea
1212 1889 1241 1912 ut
1264 1893 1372 1914 sacram
1389 1895 1498 1916 onmem
1518 1891 1720 1925 supellectilem
1740 1895 1766 1921 in
1794 1895 1859 1924 Fre-

1067 1931 1170 1958 riorum
1191 1932 1357 1959 monasterio
1385 1933 1524 1962 inventam
1541 1941 1569 1964 et
1586 1945 1731 1968 numerato
1759 1949 1858 1978 accep-

1065 1981 1119 2002 tam
1136 1976 1222 2005 Graeci
1237 1979 1394 2008 sacerdotes
1411 1988 1569 2011 reverenter
1583 1985 1756 2020 deportatam
1773 1976 1858 2024 depo-

1063 2027 1160 2050 nerent
1171 2024 1198 2050 in
1216 2032 1369 2052 memorato
1381 2027 1517 2063 principis
1530 2031 1719 2064 apostolorum
1740 2037 1855 2070 templo.

1061 2068 1095 2096 Ut
1129 2076 1220 2097 autem
1248 2072 1307 2099 hazc
1332 2072 1406 2100 facta
1436 2080 1502 2102 sunt
1519 2081 1546 2103 et
1571 2081 1746 2107 exsecutioni
1775 2068 1856 2116 plcne

1059 2116 1186 2142 mandata
1204 2124 1347 2145 sacrorum
1384 2127 1524 2153 vasorum,
1553 2123 1698 2158 librorum,
1734 2129 1853 2155 vestium

1060 2161 1233 2197 aliarumque
1250 2164 1275 2191 id
1292 2173 1379 2199 genus
1392 2168 1539 2195 translatio
1555 2178 1660 2204 rerum,
1673 2180 1733 2207 qutc
1745 2173 1854 2204 Latinis

1318 2231 1325 2243 ,
1357 2213 1476 2246 perculsi
1489 2223 1555 2242 casu
1580 2216 1725 2252 inopinato
1752 2219 1854 2252 Frcrii,

1057 2253 1138 2288 539
1158 2263 1208 2282 nec
1236 2256 1306 2290 quid
1338 2264 1451 2292 agerent
1479 2261 1554 2287 aliud
1587 2263 1730 2297 habentes,
1767 2270 1852 2294 totam

1057 2300 1126 2326 iram
1143 2301 1170 2328 in
1187 2304 1340 2330 exercitum
1360 2305 1505 2339 Pisanum,
1524 2309 1570 2342 qui
1597 2311 1706 2344 negotio
1735 2313 1854 2346 prafuc-

1058 2351 1114 2378 rat,
1132 2347 1303 2376 elfuderunt.
1325 2349 1406 2377 llunc
1421 2351 1505 2386 igitur
1532 2355 1630 2382 accrb'c
1647 2365 1852 2393 conquert-ntcs

1057 2400 1227 2421 accusarunt
1246 2395 1319 2430 apud
1337 2396 1500 2426 Genuenses
1521 2399 1678 2429 habitantes
1693 2404 1720 2430 in
1745 2404 1850 2435 Peua-a.

1055 2445 1167 2467 orantes
1189 2446 1218 2467 ut
1239 2441 1265 2468 in
1285 2449 1503 2479 contemptorem
1526 2451 1681 2477 communis
1709 2453 1850 2487 religionis

1055 2486 1218 2521 sacrilegum
1246 2497 1295 2523 pro
1336 2491 1442 2519 meritis
1478 2494 1641 2523 vindicaret.
1672 2497 1851 2528 ExiSIimarit

1055 2529 1234 2563 magistratus
1260 2533 1449 2562 Geuueusium
1478 2545 1584 2572 mquam
1613 2548 1627 2567 a
1647 2549 1677 2568 se
1690 2551 1746 2569 rem
1778 2547 1847 2578 peti.

1057 2575 1280 2611 prreclartuuqne
1293 2580 1343 2606 sibi
1362 2580 1420 2608 fore
1432 2582 1539 2610 facinus
1554 2586 1685 2614 ultionem
1699 2589 1733 2616 de
1746 2575 1849 2619 Pisano

1055 2629 1164 2655 gravem
1178 2631 1297 2652 sumere.
1315 2626 1451 2655 Submisit
1473 2630 1557 2665 igitur
1572 2632 1700 2666 sicarios,
1713 2637 1759 2670 qui
1775 2639 1847 2665 clam

1054 2668 1272 2698 circumventum
1301 2674 1388 2709 plagis
1404 2677 1545 2706 atrocibus
1562 2680 1695 2708 caedendo
1718 2668 1848 2717 proxime

1055 2721 1147 2740 necem
1176 2716 1368 2746 adducerent:
1389 2729 1441 2748 non
1475 2724 1547 2751 enim
1576 2728 1659 2753 certis
1686 2716 1724 2756 de
1750 2731 1847 2759 causis

1053 2761 1134 2794 plane
1158 2762 1275 2791 interlici
1305 2766 1424 2800 volebat,
1450 2769 1499 2796 sed
1529 2773 1619 2806 gladio
1634 2774 1702 2801 citra
1728 2781 1847 2806 mortem

1054 2807 1213 2836 vulneribus
1241 2813 1347 2839 exat'ari
1364 2813 1520 2844 luculentis.
1554 2818 1688 2847 Fecerunt
1704 2824 1845 2852 emissarii

1053 2853 1126 2887 quod
1152 2855 1222 2888 jussi
1255 2856 1376 2893 fuerant,
1403 2866 1429 2888 et
1448 2862 1587 2892 irruentes
1616 2874 1649 2893 ex
1667 2868 1791 2903 _insidiis
1817 2872 1844 2898 in
