1957 3066
119 165 172 196 593

571 165 618 196 DE
640 167 863 198 ANDRONICO
881 167 1116 198 PALfEOLOGO
1138 169 1211 197 Llli.
1233 169 1283 199 Vl.

1705 173 1758 205 594

115 223 171 249 τῶν
186 223 353 250 Γεννουῖτῶν
369 224 500 259 ἄρχοντα,
515 226 562 252 καί
579 235 642 260 σφιν
659 227 702 261 ἐφ’
718 227 839 262 ἡμέραις
852 227 916 253 ὲπι-
930 226 956 256 Δ
970 226 1089 252 κλιθείεν
1101 227 1311 262 ἀντιμαχοῦσιν,
1325 228 1348 254 ei
1371 228 1394 254 δ’
1410 229 1592 262 ἀνθίοταιντο,
1610 231 1691 262 εὐθὺς
1706 240 1759 259 πο-

114 267 266 301 ζυγοῦσοαι
276 268 326 299 τὰς
339 269 389 303 τῆς
401 269 507 301 πόλεως
518 270 606 302 πύλας
620 271 816 305 προσέταττεν.
829 272 916 306 ἀναρ-

113 313 169 340 τῶν
184 314 214 340 τὺ
230 315 354 349 πραχθὲν
368 316 408 347 εἰς
421 316 513 351 κρίσιν
529 317 576 343 τοῦ
594 319 773 352 κουμουνίου,
794 319 908 353 μέλλον-

111 369 160 390 τος
186 361 283 396 ἐτέρου
311 362 383 389 κατὰ
405 362 504 389 πύστιν
531 365 593 390 ὅσον
624 364 674 391 οὐκ
691 365 743 399 ἤδη
759 365 808 399 τὴν
826 365 915 400 ἀρχὴν

112 406 300 442 διαδέχεσθαι.
326 409 420 435 Ταῦτα
449 410 641 445 Μπυριγέριος
673 412 734 437 τότε
761 412 800 443 ὼς
825 411 914 446 λαϐὴν

113 452 260 487 προῦτεινε
289 454 452 486 σκανδάλου,
480 455 527 481 καὶ
542 455 702 491 ἀλλοτριοῦν
715 455 762 483 τοῦ
779 457 913 491 βασιλέως

111 498 163 530 τὰς
189 499 304 526 ἐκείνων
320 500 434 534 γνώμας
451 501 562 536 ἐπείρα,
579 501 617 537 μὴ
631 501 719 534 εἰδὼς,
740 502 756 536 ἢ
777 505 825 530 καί
842 504 912 530 ἑκὼν

115 544 306 578 παραλείπων,
315 545 353 576 ὡς
365 546 492 580 βασιλεὺς
504 546 611 580 φθάσας
620 548 714 582 σφισιν
723 548 912 583 ἑξευμενίζετο

113 590 162 616 καὶ
183 589 348 625 ξυμμάχους
374 592 615 627 προσελάμϐανεν,
638 594 830 628 ἀγγελθέντων
854 596 911 622 τῶν

111 636 208 668 αὐτοῖς
223 637 436 672 πραττομένων.
457 638 500 669 Ὠς
520 639 591 674 ἀωρὶ
610 640 665 666 τῶν
684 641 792 668 νυκτῶν
808 643 824 676 ἡ
843 645 910 675 ναῦς

111 682 218 718 ἐπέστη
239 685 289 711 καὶ
303 684 354 719 ἤδη
376 685 548 717 Γεννουῖταις
565 687 581 721 ἡ
595 687 650 713 τῶν
670 688 743 720 νηῶν
758 689 910 724 ἠγγέλλετο

111 728 220 762 ἄφιξις,
233 729 348 763 προσέτι
363 730 391 756 δὲ
406 731 451 757 καὶ
463 731 493 757 τὸ
504 732 631 766 ποιητέον
640 734 764 767 ἐζητεῖτο
774 735 812 766 ὡς
827 735 909 767 εὐθὺς

109 773 344 808 ὑποστρεψάντων
359 776 405 802 καὶ
420 777 591 810 κομισάντων
607 778 657 810 τὰς
671 780 814 813 ἀγγελίας,
827 781 908 813 εὐθὺς

110 821 215 846 ἐκεῖνοι
241 821 319 854 παρὰ
337 820 449 855 βασιλέα
479 823 532 849 ὕπο
560 824 740 860 λαμπτῆρσιν
756 827 907 862 ἀφιγμένοι

109 866 161 897 τὰς
176 866 284 893 ἐκεῖθεν
304 868 476 904 ὲκχωρήσεις
495 870 660 905 ἐλάμϐανον,
679 872 751 904 ὡςει
770 874 821 906 μὲν
838 875 902 901 ὐπο-

108 957 180 984 uihil
200 959 294 986 minus
311 961 468 994 opinantem
500 963 651 991 exarchum
669 964 833 994 Pisanornm
865 972 906 995 tot

107 1011 173 1030 eum
202 1010 380 1033 cruentatum
398 1009 508 1035 ensiutn
537 1009 640 1038 ictibus
669 1012 853 1047 reliquerunt,
876 1018 906 1041 ut

107 1050 195 1078 miser
212 1059 225 1078 a
244 1054 302 1080 suis
330 1061 345 1080 e
372 1055 542 1083 carniﬁcinae
559 1056 620 1085 loco
638 1065 699 1086 cum
718 1060 823 1088 modica
857 1069 906 1096 spe

108 1096 175 1124 vita:
192 1098 322 1126 manibus
346 1100 457 1128 domum
489 1102 652 1132 referretur.
677 1104 744 1137 Hoc,
774 1111 802 1133 ut
834 1113 904 1141 erat,

108 1143 138 1170 in
159 1144 202 1170 sui
225 1146 422 1173 contumeliam
458 1148 661 1178 intolerabilem
697 1153 799 1180 factum
819 1153 906 1181 inter-

109 1194 238 1224 pretatus
265 1191 416 1226 imperator
442 1194 577 1223 continuo
609 1201 754 1232 praetorem
776 1199 905 1228 Galaten-

109 1236 194 1269 sitim,
216 1237 244 1264 in
268 1239 400 1266 comitatu
422 1240 455 1267 ad
474 1249 518 1269 res
533 1242 655 1276 ipsorum
679 1246 818 1273 curandas
840 1256 901 1275 vers

103 1281 166 1308 sari
184 1282 307 1315 soluum,
335 1292 467 1318 apparere
484 1286 617 1324 deinceps
633 1297 727 1318 coram
742 1299 772 1319 se
803 1294 902 1326 vetuit;

108 1327 236 1362 ipsisque
251 1329 284 1355 ad
311 1330 371 1358 dies
387 1332 491 1367 aliquot
514 1336 643 1370 prmcepit
658 1337 783 1366 obserari
809 1345 903 1374 portas

108 1376 198 1406 urbis.
228 1384 278 1404 nec
306 1378 332 1404 in
364 1387 424 1406 eam
442 1380 488 1407 ulli
520 1389 618 1409 eorum
647 1383 750 1412 aditum
769 1387 901 1419 permitti.

109 1419 176 1467 iiazc
201 1423 243 1450 sic
275 1424 418 1458 Augustus
452 1427 520 1462 egit,
540 1435 652 1456 sensum
669 1431 780 1464 quidem
795 1432 902 1467 injuria:

107 1465 359 1503 signitlcans,ejus
389 1475 478 1498 tamen
499 1473 632 1501 ultionem
667 1476 790 1504 nondum
821 1465 902 1506 exse-

107 1520 199 1546 quens
213 1522 220 1546 ;
233 1514 315 1548 cujus
333 1517 519 1551 cognitionem
549 1523 746 1549 reservandam
765 1523 900 1559 integram

968 271 1071 305 λεμεῖν,
1090 272 1137 298 καὶ
1154 273 1274 307 πλήθους
1286 273 1385 308 συχνοῦ
1403 275 1511 309 πρωῖας
1536 275 1693 310 Ῥωμαϊκοῦ
1709 277 1756 303 τοῦ

969 318 1017 353 μὲν
1034 319 1104 345 κατὰ
1128 319 1177 348 τὰς
1189 319 1277 350 ἀκτὰς
1304 321 1471 355 στησομένου
1491 322 1559 357 πρὸς
1573 323 1692 357 ἄμυναν,
1709 324 1755 351 τοῦ

965 364 988 390 δ’
1000 365 1091 391 ἁλιάσι
1106 365 1262 392 διαποντίου
1275 368 1459 401 γενησομένου
1472 377 1478 384 ·
1497 368 1558 396 οὐδὲ
1573 370 1626 404 γὰρ
1640 370 1756 396 ἀπέϐλε-

964 410 1026 445 ψεν,
1040 411 1078 441 ὡς
1095 411 1177 442 αὐτὸς
1191 412 1241 446 μὲν
1257 412 1285 438 οὗ
1301 413 1434 447 ποιήσων,
1454 415 1522 448 πρὸς
1542 416 1663 446 ἐκείνους
1677 416 1704 442 δὲ
1725 416 1756 442 τὺ

964 458 1019 483 πᾶν
1030 457 1195 492 πράξοντας.
1216 459 1297 493 Σφίσι
1324 461 1373 494 μὲν
1385 460 1431 486 οὖν
1451 461 1481 487 τὸ
1495 461 1558 493 δάος
1571 460 1605 497 ἦν
1620 463 1649 489 ὲν
1665 463 1753 498 χερσὶ,

964 505 1011 530 καὶ
1026 504 1209 540 ὑπέστρεφον.

963 562 1014 589 κθν.
1032 563 1134 597 ’Ὀπως
1149 565 1343 600 Ἀμοτάσίιροί
1359 575 1390 592 τε
1413 566 1462 594 καὶ
1487 567 1651 595 Κατελάνοι
1671 577 1755 596 κατε-

1245 601 1475 635 πολεμήθησαν.

998 645 1132 677 Βασιλεὺς
1161 646 1204 682 [Ρ.
1230 647 1362 683 375—376]
1384 648 1413 674 δὲ
1439 649 1556 684 μυρίους
1580 650 1664 684 eget;
1695 650 1755 684 μεθ’

960 690 1061 723 ὅπλων,
1080 691 1202 726 πορθμὸς
1223 693 1245 718 δ’
1261 690 1338 723 οὗτος
1358 695 1432 729 νηῶν
1449 695 1606 731 ἐπληροῦτο
1621 698 1753 724 διαπλωῖ-

962 737 1083 770 σομένων
1098 737 1166 772 πρὸς
1187 739 1307 773 Ῥήγιον.
1330 740 1416 767 Οὔπω
1442 742 1470 767 δὲ
1486 742 1578 773 καλῶς
1598 743 1754 778 ἐπέστησαν

960 784 983 809 οἱ
1002 784 1185 817 πεμφθέντες,
1216 787 1355 818 κάκείνοις
1369 787 1398 820 ἐξ
1424 789 1537 815 ἑωθινοῦ
1566 790 1669 825 στερῤὰ
1689 800 1753 816 συν-

961 830 1054 856 ίστατο
1065 831 1152 866 μάχη,
1169 832 1249 859 τοῦτο
1264 834 1314 867 μὲν
1328 835 1375 861 καὶ
1392 834 1437 861 διὰ
1457 835 1506 870 τὴν
1522 837 1650 862 ἐντεῦθεν
1665 837 1753 872 δήλων

959 884 1011 908 σιν,
1026 877 1105 903 τοῦτο
1118 877 1145 904 δὲ
1163 878 1210 904 καὶ
1230 880 1332 914 τρόπον
1348 880 1484 916 ἀνάγκης.
1504 882 1556 908 Τοῦ
1573 883 1628 918 γὰρ
1640 884 1752 918 Μπυρι-

958 968 1080 1002 ipsorqu
1106 969 1285 1004 imperatoris
1314 971 1465 1004 voluntate,
1490 978 1627 1008 negarunt
1647 974 1750 1001 delibe-

957 1014 1073 1042 randum
1103 1024 1165 1043 esse
1192 1018 1320 1052 amplius,
1348 1026 1410 1046 cum
1441 1019 1540 1054 ipsone
1555 1028 1589 1047 an
1611 1029 1672 1048 cum
1688 1022 1749 1052 eius

956 1060 1083 1088 hostibus
1115 1062 1295 1098 Amogabaris
1333 1072 1408 1092 arma
1445 1067 1657 1101 conjungerent.
1697 1067 1749 1094 Prn

957 1107 1036 1139 urbe,
1061 1115 1121 1142 quae
1149 1108 1218 1142 ipsis
1244 1110 1399 1137 communis
1417 1117 1480 1138 cum
1510 1111 1641 1138 Romanis
1668 1114 1747 1146 quasi

957 1153 1046 1187 patria
1059 1159 1141 1185 esset,
1160 1155 1221 1182 sine
1237 1155 1291 1182 ulla
1305 1156 1482 1184 cunctatione
1496 1159 1675 1192 pugnandum
1688 1166 1749 1185 εδςιι

956 1199 1089 1228 adversus
1129 1200 1205 1228 illius
1234 1208 1450 1237 oppugnatores.
1484 1203 1542 1231 Hoc
1573 1205 1670 1232 nuntio
1714 1205 1748 1232 ad

956 1245 1073 1273 classem
1099 1247 1268 1282 operientem
1293 1248 1361 1277 foris
1390 1250 1417 1276 in
1450 1251 1510 1278 salo
1541 1259 1590 1284 per
1620 1251 1749 1278 celeriter

956 1299 1094 1320 reversam
1123 1294 1206 1321 allato
1233 1295 1367 1323 triremim
1397 1296 1489 1323 subito
1505 1305 1537 1324 ex
1571 1305 1602 1324 ea
1633 1297 1748 1331 delegati

955 1339 1067 1372 quidam
1093 1340 1128 1367 ad
1160 1341 1356 1375 imperatorem
1384 1342 1499 1377 profecti
1516 1348 1597 1370 noete
1626 1343 1684 1378 ipsa
1703 1344 1746 1370 in-

956 1388 1103 1419 tempeSta,
1128 1387 1343 1420 praelucentibus
1375 1388 1492 1420 facibus,
1527 1389 1639 1428 admissi
1655 1390 1689 1416 ab
1715 1398 1748 1416 eo

954 1432 1123 1466 perbcnigne
1150 1438 1225 1460 sunt.
1257 1434 1295 1461 Eo
1319 1434 1458 1468 colloquio
1486 1436 1669 1462 constitutum
1706 1439 1748 1462 est

954 1479 1072 1506 classem
1091 1479 1320 1514 Amogabaricam
1336 1486 1362 1508 et
1378 1477 1575 1512 Catelanicam,
1602 1482 1654 1509 nisi
1674 1482 1745 1509 ultro

954 1525 1066 1560 eligeret
1083 1525 1180 1552 cedere
1203 1527 1380 1561 acceptisque
1410 1528 1485 1562 pacis
1517 1527 1623 1562 legibus
1657 1529 1745 1559 abire,

108 1560 218 1592 putavit
252 1562 331 1589 novis
360 1564 571 1599 magistratibus
601 1567 801 1597 Galalensium.
833 1571 900 1599 Nam
916 1581 939 1612 ο
955 1570 1043 1605 primo
1061 1571 1145 1597 mane
1167 1560 1277 1605 junctis
1300 1571 1405 1599 viribus
1434 1572 1620 1599 Romanorum
1638 1578 1664 1600 et
1690 1573 1746 1600 Ge-

109 1606 268 1640 respublica
283 1607 392 1636 illorum
409 1611 526 1638 consilio
540 1613 659 1646 quodam
676 1615 785 1649 publico
815 1616 901 1644 lecto—

108 1659 171 1677 rum
185 1660 201 1679 e
216 1657 297 1686 gente
317 1662 463 1688 procerum
480 1657 696 1693 gubernabatur,
727 1662 807 1697 cujus
840 1668 899 1691 erat

108 1698 239 1732 regimini
263 1703 371 1727 certum
387 1703 520 1737 temporis
549 1706 669 1740 spatium
698 1709 900 1744 praescriptum.

109 1744 167 1772 lloc
175 1750 273 1774 exacto
288 1746 361 1774 aliud
373 1750 553 1777 communium
565 1751 696 1786 (sicenim
712 1753 738 1781 id
754 1755 899 1790 collegium

107 1800 154 1820 res
191 1794 282 1827 gentis
310 1795 564 1825 administrantium
608 1801 771 1836 vocabatur)
812 1803 899 1837 priori

106 1840 287 1868 succedebat.
300 1841 368 1869 Cum
386 1843 470 1879 igitur
486 1845 608 1873 audisset
625 1846 775 1881 imperator
797 1850 902 1878 instare

107 1887 191 1914 istius
218 1888 378 1916 mutationis
406 1889 491 1922 diem,
517 1897 544 1919 et
559 1900 623 1920 mox
648 1902 735 1922 novos
759 1896 901 1931 delegatos

106 1933 242 1969 abrogato
258 1935 397 1964 veteribus
419 1937 537 1972 imperio
553 1939 675 1968 habenas
693 1950 782 1969 rerum
805 1951 902 1979 smnp-

107 1985 188 2008 turos
202 1980 229 2008 in
255 1990 364 2015 manus,
387 1985 458 2018 apud
487 1985 549 2017 hos,
572 1986 617 2014 ubi
638 1988 831 2022 magistratum
848 1991 903 2019 ini-

107 2027 227 2060 visseut,
240 2029 418 2063 expostulare
435 2030 469 2058 de
478 2030 572 2059 Pisani
585 2034 697 2060 exarchi
723 2036 903 2070 oppressione

105 2074 279 2102 decreverat.
309 2075 388 2102 Talia
406 2084 490 2110 porro
517 2077 703 2114 Mpyrigerius
717 2081 743 2108 in
761 2090 792 2108 ea
818 2091 901 2117 quam

107 2119 191 2145 retuli
207 2119 241 2146 ad
257 2119 421 2148 Genuenses
436 2129 552 2157 peregre
579 2123 759 2154 adventantes
775 2129 903 2157 oratione

104 2164 207 2198 cupide
224 2169 253 2192 ut
269 2173 364 2193 ansam
375 2171 557 2202 opportunam
568 2169 724 2204 arripuerat
744 2173 898 2202 alienandis

107 2209 142 2235 ab
157 2209 296 2244 obsequio
322 2211 499 2246 imperatoris
515 2213 626 2242 illorum
639 2217 741 2245 animis
753 2220 897 2254 atrocique

956 1616 1101 1643 nuensinm
1116 1617 1340 1651 oppugnandam.
1360 1617 1489 1645 Promisit
1510 1619 1659 1652 imperator
1682 1627 1745 1646 cum

956 1663 1044 1697 prima
1063 1663 1124 1690 luce
1153 1664 1329 1698 apparituras
1346 1663 1486 1691 Romanas
1503 1665 1610 1698 copias,
1645 1665 1745 1699 partim

956 1709 1106 1743 dispositas
1130 1716 1179 1744 per
1211 1710 1288 1736 oram
1307 1709 1391 1737 maris
1418 1709 1452 1737 ad
1482 1710 1660 1745 jaculamlum
1682 1711 1746 1737 inde

956 1756 985 1782 in
1001 1754 1158 1788 Catelanos,
1188 1755 1288 1789 partim
1315 1763 1330 1784 e
1363 1756 1422 1791 ripa
1451 1762 1561 1785 evectas
1587 1757 1746 1792 piscatoriis

955 1801 1084 1833 navibus,
1101 1805 1131 1829 ut
1143 1801 1237 1836 prtelio
1254 1801 1347 1829 navali
1367 1810 1417 1837 pro
1432 1802 1504 1830 virili
1524 1811 1581 1831 rem
1595 1809 1722 1839 gererent
1736 1813 1744 1831 :

955 1848 1030 1875 nolle
1047 1848 1150 1882 quippe
1170 1841 1282 1876 sediin
1297 1856 1362 1876 suos
1374 1849 1480 1877 otiosos
1495 1851 1589 1877 sedere
1606 1855 1746 1886 spectato-

957 1902 1000 1921 res
1018 1894 1180 1922 certaminis
1196 1895 1347 1927 sociorum,
1361 1895 1409 1922 sed
1422 1900 1526 1929 partem
1541 1896 1616 1931 ipsos
1645 1897 1745 1924 laboris

957 1948 989 1968 ac
1004 1942 1132 1975 periculi,
1152 1946 1182 1968 ut
1197 1947 1415 1970 consentaneum
1429 1948 1500 1974 erat,
1519 1951 1568 1978 pro
1591 1945 1645 1971 aris
1662 1944 1746 1971 focis-

954 1995 1009 2022 que
1036 1987 1167 2014 certando
1184 1995 1339 2020 capessere.
1358 1987 1401 2014 Ab
1427 1988 1470 2015 bis
1485 1989 1627 2015 conventis
1656 1989 1745 2023 digre-

953 2035 1061 2062 dientes
1074 2035 1109 2061 ab
1125 2035 1248 2069 Augusto
1259 2033 1340 2068 legati
1357 2034 1519 2062 Genuenses
1531 2043 1578 2069 per
1595 2040 1744 2062 nocturnas

953 2081 1044 2108 adhuc
1073 2081 1213 2113 tenebras,
1245 2087 1308 2108 cum
1327 2079 1415 2108 funali
1439 2081 1558 2117 quisque
1589 2083 1618 2110 in
1648 2089 1742 2115 manu,

952 2128 1070 2162 regressi
1087 2127 1121 2155 ad
1140 2135 1208 2155 suos
1221 2131 1297 2155 sunt.

990 2195 1035 2223 29.
1053 2195 1086 2223 Ut
1101 2195 1264 2231 Amogabari
1276 2200 1298 2222 et
1311 2195 1435 2223 Calclani
1450 2195 1543 2230 praelia
1565 2196 1626 2222 victi
1642 2197 1706 2223 sint.

107 2256 141 2283 iis
155 2256 306 2289 inserendo
324 2257 350 2284 in
368 2258 456 2292 ipsum
472 2261 547 2287 odio.
559 2260 663 2297 Nempe
677 2269 724 2291 aut
742 2265 896 2301 nesciebat,
913 2261 936 2288 Ῐ)
987 2266 1187 2294 Eduxitautem
1201 2265 1350 2299 imperator
1358 2264 1632 2292 decemarmatorum
1646 2265 1741 2295 millia.

105 2307 155 2329 aut
170 2303 266 2330 sciens
283 2303 492 2338 dissimulabat,
511 2307 648 2341 placatum
665 2309 800 2345 ultrojam
816 2311 899 2348 540

105 2354 188 2376 antea
205 2349 398 2378 Genuensibus
431 2351 634 2387 imperatorem,
665 2356 771 2390 prolixa
797 2366 897 2394 perpe-

106 2402 164 2422 ram
197 2400 322 2423 actorum
351 2398 498 2432 impertitis
513 2400 605 2432 venia,
627 2402 710 2429 etiam
745 2405 896 2432 renovandi

107 2441 223 2469 foederis
237 2442 483 2479 instaurattdteque
497 2446 639 2474 societatis
656 2448 787 2482 probatas
800 2459 899 2487 accep-

106 2493 205 2523 tasque
220 2488 288 2523 ipsis
304 2490 482 2519 conditiones
495 2492 641 2521 obtulisse.
669 2493 698 2522 ld
715 2495 761 2524 ille
785 2503 898 2526 strenue

105 2540 349 2568 praeoccupaverat
381 2536 493 2570 facere,
531 2540 660 2567 nuntiato
686 2541 737 2576 ipsi
776 2543 897 2571 adventu

105 2582 207 2616 saepius
221 2587 436 2611 memoratarum
451 2593 466 2611 e
495 2585 589 2612 Genua
602 2588 766 2620 triremium,
792 2594 819 2616 et
833 2591 898 2618 inde

105 2633 167 2655 orto
196 2634 271 2656 metu
288 2630 404 2664 provido
430 2631 634 2659 imminentium
663 2633 722 2660 urbi
749 2635 896 2670 malorum,

103 2675 126 2702 si
156 2682 207 2706 ea},
235 2675 342 2709 junctis
375 2678 526 2710 praesertim
545 2685 607 2705 cum
631 2679 720 2707 classe
737 2679 895 2710 Catelanica

103 2723 225 2754 viribus,
237 2726 334 2757 aperto
345 2722 418 2750 bello
432 2723 571 2752 Romanos
589 2724 776 2754 adorirentur.
800 2727 896 2763 Itaque

103 2770 195 2801 navis,
213 2776 295 2803 quam
310 2769 444 2802 diximus,
461 2770 494 2798 ad
509 2771 707 2806 explorandum
719 2773 803 2801 missa
813 2774 896 2802 simul

103 2817 210 2850 appulit
224 2816 384 2852 Galatamlet
398 2818 499 2845 missos
516 2818 550 2845 ad
565 2819 786 2853 cognoscendum
802 2828 893 2848 rerqu

103 2867 205 2890 statum
232 2863 363 2898 exposuit
386 2864 415 2891 in
445 2865 535 2900 littus,
560 2865 707 2893 confestim
732 2865 751 2893 ii
767 2867 858 2894 edocti
880 2876 894 2895 a

103 2909 329 2939 moderatoribus
359 2910 518 2948 reipublicae
546 2912 580 2941 dc
610 2912 713 2948 optima
738 2914 766 2941 in
783 2918 892 2950 gentem

952 2320 1023 2347 quos
1041 2319 1101 2347 qua!
1121 2311 1246 2338 ferebant
1279 2318 1363 2338 naves
1378 2310 1514 2345 Rhegium
1539 2316 1637 2338 euntes
1667 2316 1743 2338 tanto

952 2363 1032 2386 erant
1066 2365 1189 2389 numero,
1211 2361 1240 2383 nt
1259 2357 1413 2385 totumhoc
1429 2357 1515 2384 maris
1543 2357 1662 2391 spatium
1690 2364 1745 2390 quo

953 2405 1019 2432 urbs
1038 2411 1052 2430 a
1073 2403 1179 2438 Rhegio
1193 2403 1334 2430 dirimitur
1356 2403 1390 2430 iis
1405 2403 1508 2438 expleri
1536 2403 1686 2430 videretur.
1702 2402 1742 2429 Ex

952 2455 1030 2485 parte
1043 2458 1125 2484 porro
1143 2449 1344 2481 Genuensium,
1378 2449 1487 2477 vixdum
1518 2450 1598 2484 plene
1623 2449 1742 2477 reversis

953 2505 1023 2532 quos
1039 2497 1073 2523 ab
1089 2496 1124 2523 iis
1138 2496 1172 2523 ad
1188 2496 1342 2530 Augustum
1357 2496 1455 2523 missos
1470 2496 1603 2526 diximus,
1619 2503 1634 2522 a
1654 2496 1743 2530 primo

951 2543 1074 2571 diluculo
1101 2549 1165 2569 acer
1180 2547 1222 2569 est
1243 2543 1364 2576 impetus
1392 2541 1420 2568 in
1436 2542 1624 2576 Amogabaros
1640 2542 1740 2570 factus.

949 2591 1040 2618 Causa
1056 2589 1222 2625 properandi
1233 2589 1294 2619 fuit,
1314 2588 1393 2624 541
1411 2594 1511 2624 praeter
1524 2589 1621 2616 allatas
1637 2597 1652 2616 a
1669 2589 1742 2622 lega-

950 2639 986 2665 tis
1015 2637 1213 2664 conventiones
1245 2643 1307 2663 cum
1340 2636 1505 2670 imperatore
1534 2635 1629 2668 initas,
1658 2635 1740 2662 etiam

952 2691 1021 2711 nova
1042 2683 1194 2711 necessitas
1207 2682 1271 2710 inde
1285 2687 1345 2709 orta
1358 2682 1431 2717 quod
1451 2690 1499 2717 per
1515 2687 1622 2709 noctem
1637 2681 1741 2716 Mpyri-

950 2730 1055 2764 gerinm
1087 2734 1291 2764 compererant,
1317 2730 1459 2764 desperata
1487 2736 1549 2755 cum
1577 2727 1740 2754 ductoribtts

950 2776 1050 2804 classis
1065 2776 1220 2804 Genuensis
1247 2783 1326 2811 pace,
1344 2779 1469 2802 tentasse
1488 2774 1608 2801 alienare
1625 2773 1741 2800 classia-

951 2823 1007 2851 rios
1018 2823 1052 2850 ab
1068 2823 1153 2857 ipsis:
1173 2823 1390 2850 circutnvectum
1406 2822 1479 2848 enim
1497 2821 1622 2847 triremes
1638 2827 1739 2846 nav.ir-

949 2870 1017 2898 chos
1032 2870 1203 2906 singularum
1220 2876 1324 2905 magnae
1340 2869 1461 2903 pecuniae
1485 2867 1733 2911 pollicitationibus

950 2917 1065 2946 delinire
1077 2917 1228 2950 studuisse,
1243 2921 1271 2944 ut
1292 2924 1381 2952 pugna
1399 2919 1585 2950 temperarent
1598 2922 1740 2948 navesque
