1957 3066
205 124 258 154 599

813 130 975 161 GEORGII
994 132 1239 164 PACHYMERE

1780 135 1836 166 (tot)

206 188 289 228 μασιν
305 178 345 228 οἷς
364 180 486 216 ἀπῄτουν
501 182 740 219 ἐξικςινιιιςάμενον
759 188 913 222 συμμαχεῖν
933 187 995 214 πεί·
1009 191 1030 218 Α
1045 189 1225 218 ἀναπαλαίειν
1239 191 1289 227 τὴν
1312 189 1398 228 ἧτταν
1423 192 1596 227 αἱρούμενος.
1613 191 1650 218 Οὐ
1674 191 1730 227 γὰρ
1759 193 1838 228 ἰσχὺς

206 225 263 252 θειν
276 227 322 252 ἐπ’
341 227 557 264 Ἀμογαδάρους,
573 230 610 262 ὡς
626 229 698 265 εἶχον
713 231 795 263 εὐθὺς
810 234 992 268 ὁρμήσαντες,

206 271 264 298 ἀλλ’
279 271 354 306 ὅμως
373 272 437 307 περὶ
453 274 502 305 τὰς
517 275 603 304 δόσεις
620 275 703 308 φειδώ
718 284 777 302 τινα
793 277 840 303 καὶ
855 278 994 313 ὑπερημε-

206 319 269 354 ρίαν
295 321 483 356 ἐνδειξάμενον
509 322 557 348 νῦν
581 323 626 349 ἐπὶ
649 325 704 355 τοῖς
732 324 866 359 ξυμῦἰσιν
891 326 993 360 ἀλγεῖν.

211 365 324 392 Ἐκεῖνοι
341 366 395 402 γὰρ
412 369 440 393 ὲν
469 367 497 401 ἓξ
517 368 634 401 χιλιάσιν
651 370 731 396 ἴστων
759 371 871 404 χρυσίου
895 370 925 397 τὸ
950 371 994 404 μί-

206 410 303 446 σθωμα
319 412 446 438 ἀπελθεῖν
476 414 603 442 συνόλους
623 415 670 441 καὶ
688 416 857 450 μαχέσασθαι
882 417 931 451 τὴν
947 425 995 443 τα-

205 457 312 492 χίστην,
332 457 386 484 τῶν
401 459 465 494 περὶ
481 460 527 485 τὸν
545 461 734 496 Μπυριγέριον
754 462 803 496 ἤδη
823 462 993 489 ἑαλωκότων-

208 504 333 538 βασιλεὺς
347 505 374 531 δὲ
391 506 509 540 πέμπων
525 506 563 541 τῷ
580 507 674 542 μέτρῳ
692 508 764 542 μόνῳ
783 509 908 535 ἐπίστευε
927 517 994 543 συμ-

206 547 329 583 πληροῦν
351 549 380 574 τὸ
402 550 458 576 τῶν
475 551 684 585 ἀπαιτουμένων
702 554 794 580 ποσόν.
817 554 860 585 Ὠς
881 554 908 580 δὲ
932 555 995 588 στή-

207 602 305 626 σαντες
333 597 431 622 ὲχείνοι
448 598 539 630 ζυγοῖς
556 599 587 624 τὺ
608 599 746 635 διδόμενον
769 601 930 636 ἐδοκίμαζον
947 603 994 629 καὶ

206 641 275 667 πολὺ
301 641 331 668 τὸ
357 642 492 678 ἔλλειμμα
511 643 554 679 ἦν,
580 644 759 680 ὲξωργίζοντο
779 647 825 674 καὶ
855 648 942 680 ἄλλως
966 649 994 674 ἐν

207 688 354 723 μεταμέλῳ
379 698 438 722 πως
456 691 542 722 ὄντες.
569 691 617 718 καὶ
634 693 845 720 ἀντεπέστελλον
861 694 925 726 τοὺς
951 703 996 730 μισ

206 732 299 764 σῢοὺς.
326 735 480 770 Πάτροκλος
495 737 517 763 δ’
540 735 573 774 ἦν
594 739 628 764 τὰ
653 739 821 774 ἐλλείμματα
839 741 993 775 πρόφασις’

209 780 247 809 ὡς
268 781 322 815 γὰρ
348 782 395 809 καὶ
412 783 498 809 ταῦτα
517 784 643 818 βασιλεὺς
666 786 786 821 ἐπλήρου
813 789 860 814 καὶ
876 788 994 822 πέμπων

206 825 368 862 ἐξώτρυνεν,
385 829 408 855 οἱ
431 829 459 856 δὲ
478 830 533 857 ἀπὸ
557 831 604 858 τοῦ
626 832 705 866 λόγου
725 834 779 860 τῶν
804 834 994 870 βουλευμάτων

206 874 392 908 κρουσάμενοι
414 876 481 907 ἰδίας
505 877 665 913 προῦτεινον
689 879 836 914 ἐμπορίας,
853 881 900 907 καὶ
924 881 992 916 πρὸς
1012 869 1031 896 Β

205 919 301 952 αὑταῖς
315 919 386 957 ἦσαν
415 922 526 954 εὐθέως,
545 924 593 951 καὶ
619 925 824 960 ἀπηλλάττοντο
847 927 897 958 τὴν
917 929 993 962 ταχί-

206 967 321 1002 στην.⁹0
337 968 365 995 δὲ
383 968 510 1003 βασιλεὺς
520 971 633 1004 τοιαῦτα
649 972 744 1006 μαθὼν
757 974 813 1004 τοῖς
828 973 903 1004 ἰδίοις
920 981 993 1008 παρ-

205 1011 322 1040 έϐαλετά
366 1015 531 1050 μισθώματα
574 1017 620 1043 καὶ
652 1018 776 1053 τριήρεις
827 1019 992 1054 ἐξηρτύετο,

206 1103 287 1140 545
313 1109 341 1132 et
367 1110 475 1140 captam
508 1106 666 1142 Mpyrigerii
696 1108 812 1136 classem
838 1107 994 1136 adorienda:

209 1150 327 1184 pretium
348 1159 395 1178 sex
411 1152 496 1180 millia
514 1161 702 1180 nummorum.
733 1154 884 1189 Imperator
911 1162 994 1190 pecu-

209 1197 262 1225 nim
279 1198 313 1225 ad
337 1205 397 1225 eam
420 1199 587 1227 solutionem
614 1200 727 1235 signata:
747 1208 872 1235 parcens,
895 1209 994 1228 attrttm

208 1242 341 1270 infectum
357 1243 418 1272 loco
431 1249 547 1272 moneta:
559 1246 590 1272 ad
605 1246 681 1280 ipsos
702 1246 825 1280 miserat,
842 1254 908 1274 cura
935 1247 995 1274 suis

180 1310 182 1312 .
207 1289 271 1316 data
285 1294 315 1316 ut
332 1290 475 1324 explorato
496 1299 544 1325 per
567 1297 697 1318 stateram
711 1292 902 1327 mstimatoque
929 1301 996 1327 pon-

206 1335 272 1363 dere
287 1344 422 1363 summam
440 1337 508 1372 ipsis
527 1337 607 1365 istatn
633 1339 812 1367 conﬁcerent.
839 1339 867 1366 ld
890 1339 994 1366 lentum

203 1383 365 1416 pensitandi
380 1391 412 1411 ac
436 1385 603 1419 supputandi
621 1386 685 1412 dum
714 1385 854 1419 negotium
880 1386 996 1414 alterca-

206 1429 341 1457 tiunculis
355 1431 485 1463 trahitur,
499 1432 621 1465 dumque
637 1432 676 1459 illi
692 1437 848 1467 queruntur
860 1433 906 1460 tali
922 1440 996 1460 cont-

205 1477 359 1504 mutatione
374 1483 491 1505 monetae
507 1478 534 1505 itt
551 1486 669 1506 massam
693 1479 767 1506 haud
795 1479 848 1506 levi
873 1479 996 1506 intettri-

204 1527 300 1549 mento
318 1523 444 1550 contrahi
467 1523 521 1551 sibi
545 1524 663 1551 t'rttctttm
694 1525 820 1559 pecunia:
840 1525 994 1559 promissae.
1012 1547 1031 1559 ί,

205 1568 291 1595 otium
309 1569 415 1596 scilicet
442 1570 496 1596 alia
527 1570 667 1605 cogitandi
688 1571 828 1602 habuere;
849 1579 880 1598 ac
901 1579 997 1606 Sugge-

207 1615 333 1642 rentibus
346 1616 489 1643 contraria
506 1615 663 1644 fautoribus
675 1617 869 1644 Catelauorttnt
887 1622 915 1644 ut
931 1617 998 1644 faci-

206 1660 291 1689 liores
309 1668 445 1695 persuasu
458 1667 562 1694 essent,
581 1663 817 1697 indignatiuncula
831 1663 875 1690 επ.
884 1664 921 1690 cit
936 1664 995 1697 ipsa

207 1707 253 1735 illa
266 1717 319 1742 qua
332 1709 515 1735 movebantur
526 1716 542 1737 β
561 1709 744 1736 diminutione
757 1710 860 1744 sperati
878 1710 995 1743 pt-mmii.

207 1755 378 1784 Pcenitentes
393 1756 478 1790 igitur
491 1759 610 1782 ostensa:
629 1756 781 1783 voluntatis
801 1761 941 1790 portatttm
962 1757 994 1783 atl

207 1809 237 1829 se
257 1802 393 1829 mercedis
406 1802 518 1828 nomine
530 1809 626 1828 attrttm
643 1802 803 1836 imperaturi
820 1803 995 1830 remiserunt.

208 1849 360 1875 Prtetextus
376 1853 466 1875 autent
482 1855 576 1875 merus
587 1848 637 1875 l'uit
650 1848 702 1875 ista
715 1856 794 1882 quam
811 1851 998 1876 causabantur

206 1902 239 1922 ex
270 1894 423 1922 mutatione
450 1898 567 1921 monetae
598 1894 623 1920 iu
652 1902 769 1921 massam
796 1902 940 1929 emergens
970 1896 996 1922 in

206 1941 337 1967 damnum
351 1948 446 1968 eorum
460 1939 578 1975 jactura.
595 1940 664 1967 Nam
678 1940 752 1967 istud
767 1940 900 1975 quidquid
926 1940 998 1969 foret

205 1988 366 2016 detrimenti
391 1992 635 2022 compensaturunt
668 1994 698 2014 se
721 1988 831 2015 aliunde
853 1988 996 2023 Augustus

204 2035 320 2069 recepit.
335 2034 464 2068 Misitque
479 2033 549 2060 adeo
573 2033 622 2067 qui
641 2034 864 2068 supplementum
882 2034 939 2061 .hoc
957 2043 998 2061 re—

203 2085 405 2115 prtesentarent
434 2085 462 2107 et
489 2080 629 2111 negotium
660 2079 849 2111 absolverent,
877 2079 997 2106 remoris

205 2128 336 2154 omnibus
348 2127 485 2160 abruptis.
503 2126 548 2154 At.
565 2129 594 2152 ut
608 2125 676 2153 dixi.
696 2132 788 2152 serum
812 2125 838 2152 id
853 2125 915 2158 fuit,
942 2126 996 2153 illis

204 2175 261 2208 jam
276 2173 404 2201 alienatis
420 2177 447 2199 et
462 2173 489 2199 in
508 2172 617 2205 diversa
630 2171 746 2198 consilia
774 2171 898 2198 deﬂexis.
924 2171 995 2205 Ergo

207 2227 258 2248 sua
287 2220 470 2247 obtendentes
495 2218 675 2245 ntercimonia
691 2238 698 2248 .
731 2226 848 2253 qttortttn
874 2219 995 2246 rationes

206 2274 344 2295 maturam
382 2268 507 2302 ipsorum
539 2266 693 2299 ﬂagitarent
729 2266 926 2299 profectionem
963 2267 996 2295 ad

206 2316 313 2348 Lazos,
336 2322 435 2342 vacare
455 2321 530 2341 nunc
555 2314 609 2341 sxbi
631 2314 694 2341 aliis
715 2314 859 2341 attendere“
880 2315 995 2348 praecise

206 2368 355 2399 negarunt,
368 2360 569 2395 confestimque
586 2360 737 2388 solverunt.
759 2360 820 2393 Quo
843 2362 993 2395 imperatur

207 2413 363 2445 comperto,
383 2409 409 2435 in
427 2415 493 2435 suos
514 2406 630 2434 Romani
646 2407 756 2442 generis
782 2407 919 2435 destinata
942 2409 993 2436 Gc—

208 2456 361 2484 nuensibus
375 2454 513 2489 stipendia
526 2453 671 2488 impendit,
688 2454 817 2481 triremes
829 2462 993 2488 comparans

207 2509 323 2538 quarunt
352 2509 403 2535 ope
434 2500 565 2527 damnum
595 2499 681 2526 cladis
697 2504 816 2534 accepta:
842 2505 992 2534 repararet.

204 2552 267 2579 Non
278 2550 352 2578 ettittt
377 2542 491 2576 summae
523 2546 632 2582 imperii
657 2547 698 2573 vis
726 2554 758 2573 ac
783 2547 867 2572 rolutr
887 2545 993 2579 deerat,

205 2598 254 2626 sed
269 2604 332 2624 cum
346 2597 448 2624 valeret
458 2595 618 2630 vigeretque
630 2594 711 2628 qttasi
727 2597 808 2627 caput
822 2593 992 2626 reipublicae,

206 2651 307 2673 manus
333 2647 360 2670 ct
388 2643 528 2669 actionum
554 2645 621 2668 tunc
647 2640 864 2667 necessariarttm
894 2641 995 2668 instruv

205 2695 296 2720 menta
322 2689 507 2724 languebant,
532 2687 665 2719 inﬁrmae,
695 2687 824 2720 inquam,
860 2687 994 2715 militares

204 2739 391 2767 Romanorum
409 2736 507 2770 copi-az,
526 2742 585 2768 quae
615 2733 690 2760 velut
719 2740 818 2767 corpus
845 2728 992 2766 laciebaitt,

205 2785 249 2812 cui
268 2789 328 2811 erat
342 2783 402 2809 vice
416 2782 515 2808 anitum
533 2783 653 2814 potestas
667 2779 829 2812 intperantis
846 2779 1003 2814 principis,v

206 2827 392 2863 nequidquam
412 2825 469 2860 ipsa
489 2831 606 2858 operans
631 2827 658 2849 et
691 2828 828 2856 satagens,
853 2823 918 2850 dtun
945 2831 991 2851 co-

209 2881 288 2902 natus
308 2874 382 2901 illius
396 2879 491 2900 omnes
508 2871 694 2899 membrorum
712 2870 871 2905 reipublicae
896 2871 989 2905 prioci-

1048 236 1216 263 ἐπιλελοίπει
1235 239 1267 273 τῇ
1283 237 1418 273 βασιλείᾳ,
1435 237 1502 264 ἀλλὰ
1518 238 1547 265 τὸ
1563 239 1611 273 τῆς
1627 239 1714 273 ἀρχῆς
1732 239 1838 266 τέλειον

1047 279 1094 316 ἦν,
1111 282 1162 308 κᾶν
1188 283 1317 317 ἠσθένουν
1340 285 1373 310 τὰ
1396 284 1498 318 ὄργανα
1517 284 1564 311 καὶ
1585 284 1691 314 ἀτελεῖς
1709 284 1736 311 αἱ
1759 284 1838 318 λόγον

1049 328 1159 362 ἔχουσαι
1175 328 1300 363 σώματος
1316 329 1511 363 στρατιωτικαὶ
1533 328 1671 363 δυνάμεις,
1692 329 1742 364 τῆς
1761 329 1840 364 βασι-

1048 373 1122 405 λείας
1135 374 1214 407 λόγον
1239 374 1355 409 ἐχούσης
1368 375 1467 410 ψυχῆς,
1484 375 1533 409 τῆς
1556 374 1774 410 ὲπεισπεσούσης
1789 375 1840 401 αὑ-

1047 421 1108 451 ταῖς
1121 420 1226 451 ἐνδείας
1251 421 1408 455 ἐφαίνοντο·
1427 421 1491 456 παρ’
1517 421 1549 455 ἢν
1568 420 1657 447 αίτίαν
1682 421 1728 446 καὶ
1748 429 1838 455 παρε-

1049 467 1164 502 φέροντο
1182 467 1235 493 κὰκ
1249 467 1349 502 μικρᾶς
1361 468 1494 501 κινήσεως
1506 464 1579 500 εϊχον
1594 466 1750 500 σφαδάζειν,
1765 467 1839 493 κατὰ

1047 512 1127 545 λόγον
1158 512 1274 546 νεογνῶν
1297 511 1387 544 ζώων,
1411 511 1430 538 ἃ,
1454 512 1486 547 δὴ
1504 511 1609 542 τελείας
1631 511 1714 546 οῠσης
1735 512 1786 546 τῆς
1808 513 1840 538 ὲν

1049 559 1142 590 αὐτοῖς
1166 558 1256 592 ψυχῆς
1278 558 1360 592 ἀτελῆ
1384 558 1419 583 τὰ
1447 558 1550 592 ὄργανα
1569 558 1686 592 φέροντα
1716 557 1766 590 τὴν
1787 558 1839 592 μὲν

1048 604 1154 638 κίνησιν
1184 604 1291 634 πάντως
1316 603 1464 630 ἔνδεικνῦσι
1490 604 1537 630 καὶ
1553 603 1602 638 τὴν
1627 604 1674 629 τοῦ
1698 603 1840 636 κινοῦντος

1049 648 1191 683 ἐνέργειαν
1206 648 1413 683 παριστάνουσι,
1428 648 1463 674 τὰ
1473 648 1625 680 δὲ-εἰκαίως
1638 649 1684 674 καὶ
1695 649 1732 680 ὡς
1745 649 1838 684 ἔχουσι

1048 695 1178 730 φέρονται
1201 696 1248 722 καὶ
1272 694 1498 731 παραὸολώτερον
1525 695 1646 731 ᾄττουσι.
1669 695 1723 722 Καὶ
1750 696 1839 723 ταῦτὰ

1049 743 1101 768 sict
1118 741 1153 768 τὰ
1170 742 1304 776 λεγόμενα
1329 742 1452 775 παίγνια,
1478 740 1569 777 ψυχῆς
1585 741 1692 772 τελείας
1711 741 1840 776 ἐνέργεια

1048 787 1077 813 ὲν
1091 787 1122 813 οὐ
1138 786 1249 818 τελείοις
1263 788 1322 817 τοῖς
1338 786 1458 813 σκεύεσι.

1048 841 1100 869 λα’.
1116 842 1286 876 Δημηγορία
1300 843 1353 868 τοῦ
1367 841 1521 875 βασιλέως
1537 842 1601 876 περὶ
1619 842 1672 876 τῆς
1689 843 1742 869 τοῦ
1758 842 1838 870 λαοῦ

1247 878 1374 910 ἀταξίας
1387 878 1435 905 καὶ
1451 878 1517 911 περὶ
1533 878 1639 912 ὅρκων.
1676 888 1679 891 ·

1082 922 1128 958 Τῷ
1143 932 1184 950 τοι
1204 924 1253 950 καὶ
1269 925 1376 959 πρῶτον
1392 924 1459 955 τὲως
1474 925 1563 958 ὁρμὴν
1584 924 1646 951 ἰδὼν
1662 924 1836 951 ἁταχτοῦσαν

1047 968 1113 995 λαοῦ
1143 971 1182 1001 εἰς
1206 971 1407 1005 νεωτερισμοὺς
1432 971 1652 1006 ὲξεγειρομένην,
1669 971 1702 1006 ἦν
1726 979 1769 1002 τις
1791 971 1839 997 καὶ

1047 1015 1179 1051 ἀμηγέπη
1198 1018 1375 1051 παρακινοεη,
1389 1017 1494 1050 εἰσάγει
1511 1018 1561 1051 μὲν
1578 1017 1624 1043 καὶ
1640 1018 1839 1051 στρατιωτικὸν

1049 1111 1167 1139 pttorttm
1198 1105 1327 1133 debilitas
1358 1111 1384 1133 et
1417 1105 1538 1134 defectus
1571 1105 1703 1134 reddebat
1731 1106 1837 1134 irritos.

1049 1151 1181 1179 Debilitas
1195 1156 1286 1179 autem
1303 1153 1449 1187 apparebat
1464 1154 1529 1182 ista.
1555 1154 1599 1180 ubi
1617 1161 1795 1181 commovere
1809 1161 1840 1180 se

1049 1196 1220 1231 inciperent:
1238 1198 1332 1225 statim
1362 1199 1433 1226 enim
1460 1199 1531 1226 sicut
1557 1199 1722 1227 auintaleula
1748 1200 1840 1227 relatis

1050 1245 1161 1275 tenera»,
1178 1251 1303 1278 gressum
1325 1248 1387 1272 ante
1405 1244 1487 1280 546
1502 1245 1574 1272 vires
1589 1245 1678 1272 moliri
1696 1246 1838 1278 audentia,

1050 1289 1243 1316 concidebant.
1261 1291 1350 1325 Atque
1366 1295 1396 1317 ttt
1424 1291 1450 1317 in
1474 1291 1549 1318 hisce
1565 1299 1661 1319 recens
1687 1293 1758 1320 ttatis
1776 1294 1838 1321 ani-

1051 1336 1190 1364 mantibus
1213 1345 1245 1364 ex
1266 1343 1339 1364 ntotu
1355 1339 1540 1373 qualicunque
1557 1339 1603 1366 illo
1625 1340 1762 1367 imbecillo
1790 1348 1833 1368 ar-

1050 1388 1209 1417 gumentum
1224 1384 1335 1418 quidem
1349 1389 1453 1412 certum
1469 1386 1586 1413 sumitur
1598 1386 1692 1413 indita!
1717 1387 1785 1421 ipsis
1811 1391 1839 1415 et

1051 1429 1159 1463 penitus
1174 1430 1319 1457 insidentis
1336 1431 1445 1463 animm,
1465 1432 1524 1460 suis
1556 1433 1675 1466 praedita;
1697 1433 1838 1460 facultati-

1050 1475 1112 1506 bus,
1127 1477 1173 1503 sed
1187 1485 1303 1510 quarttm
1315 1477 1531 1505 cxcroendarum
1542 1478 1733 1506 instrumentis
1747 1480 1839 1506 adhuc

1051 1521 1210 1549 destituitur
1236 1523 1272 1549 ob
1298 1522 1398 1550 ﬂuxam
1442 1524 1582 1552 mollitiem
1608 1525 1727 1552 nondum
1753 1527 1839 1552 robo-

1051 1573 1174 1595 ratorum
1192 1569 1363 1596 incremento
1383 1569 1476 1597 debito
1496 1574 1617 1602 artuum,
1637 1571 1672 1597 ita
1703 1572 1840 1607 intellige-

1049 1613 1148 1641 bamus
1164 1622 1214 1642 nos
1227 1622 1293 1642 sane
1304 1622 1335 1642 ex
1353 1620 1427 1643 mottt
1440 1620 1559 1651 actuque
1573 1617 1600 1644 in
1617 1619 1692 1644 varia
1706 1618 1837 1646 micantis

1048 1667 1147 1687 exorsa
1170 1660 1303 1695 principis
1318 1661 1434 1688 subesse
1449 1662 1544 1696 utique
1562 1662 1689 1696 spiritqu
1702 1663 1836 1697 imperio:

1048 1711 1178 1733 cmterutrz
1205 1707 1383 1735 exsecutione
1417 1712 1490 1735 recte
1522 1709 1744 1743 praescriptorum
1770 1711 1838 1738 vitio

1049 1752 1168 1780 invalide
1184 1753 1394 1787 obsequentium
1416 1759 1544 1788 corrupta
1578 1754 1778 1787 ministrorum,
1794 1763 1840 1782 res

1048 1806 1153 1826 summa
1187 1799 1371 1826 nihilominus
1396 1800 1422 1826 in
1441 1800 1574 1834 praecipiti
1600 1801 1748 1835 pendebat,
1768 1802 1839 1829 nihil

1047 1844 1167 1871 efﬁcacis
1187 1845 1301 1871 remedii
1318 1845 1396 1872 utalis
1413 1845 1562 1872 adltibente
1579 1847 1698 1880 publicis
1727 1847 1773 1874 illa
1801 1843 1841 1875 ἰιιὲ

1047 1891 1124 1918 lirma
1165 1891 1249 1924 quasi
1285 1891 1462 1925 palpitatione
1500 1893 1639 1919 enerviutn
1681 1893 1840 1928 reipublicae

1048 1937 1249 1968 membrorum,
1266 1944 1326 1972 qua:
1345 1937 1391 1964 illo
1410 1937 1544 1966 titubante
1569 1939 1741 1973 lapsabnnde
1758 1945 1837 1968 motu

1047 1990 1172 2017 gressum
1185 1983 1327 2010 molictttia
1345 1984 1463 2019 singulis
1479 1985 1558 2020 quasi
1583 1985 1755 2014 otl‘ensabant
1774 1995 1839 2022 pas-

1047 2029 1136 2060 sibus.
1163 2030 1287 2064 nihilque
1317 2031 1370 2057 nisi
1406 2031 1490 2058 risnm
1521 2032 1648 2060 hostibus
1672 2035 1840 2068 movebant;

1047 2077 1149 2110 quippe
1187 2076 1401 2103 cursitationttnt
1444 2082 1490 2104 aut
1526 2077 1731 2107 aﬂectationum
1767 2082 1842 2108 serio

1047 2122 1146 2155 agendi
1169 2126 1335 2149 tentatarnm
1352 2131 1365 2149 a
1387 2124 1508 2158 parvulis
1533 2125 1634 2152 similia
1651 2134 1745 2154 earum
1770 2135 1842 2162 quas

1049 2169 1153 2203 ptegnia
1168 2169 1296 2202 dicimus,
1314 2169 1366 2196 ltoc
1380 2175 1423 2197 est
1444 2171 1551 2198 ludicra
1574 2173 1703 2206 puerilia,
1730 2179 1842 2208 specta-

1050 2216 1111 2243 cula
1126 2216 1170 2243 sui
1185 2216 1306 2242 ludibrio
1330 2216 1417 2244 visunt
1445 2217 1622 2251 oblectantia,
1638 2223 1702 2246 dum
1731 2220 1840 2253 incepta

1051 2270 1120 2289 vana
1134 2262 1275 2292 exhibent.
1295 2270 1346 2289 nec
1372 2262 1523 2297 quidqttam
1555 2264 1704 2299 satagentis
1729 2267 1841 2301 operari

1050 2309 1150 2336 animm
1165 2308 1292 2343 perfectae
1308 2308 1334 2335 in
1349 2309 1459 2344 organis
1482 2310 1659 2344 imperfectis.

1049 2367 1093 2395 51.
1114 2366 1210 2394 Concio
1239 2366 1409 2400 imperatoris
1437 2366 1469 2393 de
1489 2367 1580 2401 populi
1608 2377 1664 2395 sese
1688 2370 1842 2398 inordinate

1085 2401 1483 2441 commoverimiitttntodeslia,‘
1500 2402 1582 2437 deque
1598 2404 1650 2438 ﬁde
1667 2405 1694 2432 in
1709 2403 1840 2441 principes

1087 2446 1151 2464 nouo
1165 2437 1259 2463 civium
1270 2436 1448 2470 jurejurando
1463 2438 1584 2472 ﬁrmata.

1086 2492 1158 2518 Ante
1192 2491 1282 2518 omnia
1304 2491 1479 2525 conspicatus
1509 2493 1660 2527 imperator
1690 2496 1839 2524 excitatum

1051 2538 1078 2564 in
1098 2537 1222 2564 etfrzenes
1244 2544 1330 2563 ausus
1347 2537 1476 2571 impetum
1497 2540 1600 2573 populi,
1618 2541 1658 2567 sic
1687 2546 1745 2568 ttttn
1767 2551 1841 2570 cont-

1049 2588 1135 2622 parati
1155 2591 1196 2619 nt,
1221 2587 1348 2622 quisqttis
1363 2587 1391 2614 in
1418 2595 1533 2622 pravum
1563 2593 1661 2615 auctor
1677 2589 1839 2623 impelleret.

1048 2634 1195 2661 additurus
1212 2641 1245 2661 eo
1260 2641 1321 2662 sese
1336 2634 1406 2660 haud
1423 2634 1589 2661 reluctanter
1605 2635 1756 2667 videretur.
1770 2644 1839 2669 prae-

1048 2681 1187 2708 verteudis
1207 2680 1378 2707 novitatibus
1391 2686 1576 2715 opportunum
1598 2681 1734 2716 judicavit
1766 2683 1838 2709 milio

1048 2733 1122 2755 lares
1137 2728 1231 2762 copias
1262 2727 1287 2753 itt
1319 2727 1412 2753 urbem
1434 2728 1574 2754 inducere.
1605 2727 1658 2754 Sed
1685 2733 1712 2754 et
1742 2733 1839 2762 praeter

1048 2775 1121 2803 istud
1136 2775 1214 2810 qttasi
1235 2773 1348 2802 frtcnunt
1372 2774 1484 2808 plebeia:
1500 2774 1616 2802 inditum
1645 2776 1837 2806 contumaciae.

1048 2823 1179 2850 Kalendis
1203 2822 1271 2856 ipsis
1300 2821 1385 2852 Junii,
1416 2829 1476 2854 quas
1505 2825 1615 2855 postera
1647 2822 1735 2848 illuxit
1748 2822 1836 2849 diesa

1045 2868 1184 2897 debellatis
1204 2875 1250 2903 per
1265 2866 1424 2894 Genuettscs
1442 2866 1634 2901 Autogabaris,
1655 2866 1751 2902 primis
1768 2874 1834 2894 cou-
