1957 3066
92 127 148 159 601

587 129 633 158 DE
655 130 880 160 ANDRONICO
898 104 1129 164 PAIJiOLOGO
1151 135 1220 164 LIB.
1243 136 1292 166 Vl.

1690 133 1745 163 ﬁt)?

92 183 137 214 εἷς
154 191 220 208 τινα
242 183 324 217 δῆθεν
341 182 503 219 ἀναστολὴν,
522 183 597 218 ὅμως
618 185 646 211 δὲ
671 185 717 211 καὶ
735 186 900 220 Μαιμακτη-
913 189 937 216 Λ
952 188 1065 222 ἀταξίαν
1090 191 1274 225 ἀνείργοντας,
1291 189 1352 216 καθ’
1367 190 1399 224 ἧν
1421 189 1512 215 πολλοὶ
1535 189 1687 224 δυσχερῶςε
1703 190 1742 220 ὼς

94 229 202 264 ριῶνος
219 229 317 265 πρώτῃ
344 230 374 255 τὸ
396 229 536 263 πρωτεῦον
561 230 612 264 τῆς
644 231 782 262 πολιτείας
817 241 898 269 συνη-

94 274 221 310 οροικὼς
238 276 347 309 μακρὰν
361 275 501 302 κατέτεινε
518 276 703 312 δημηγορίαν,
715 279 749 304 τὰ
765 279 828 313 περὶ
843 279 897 304 τῶν

94 322 269 348 Κατελάνων
291 320 525 356 ἀπολογούμενος,
551 323 602 349 καὶ
625 323 662 354 ὡς
679 322 898 359 ὲξησϐενηκυιῶν

94 368 156 394 τῶν
170 368 337 402 Ῥωμαϊκῶν
346 369 489 402 δυνάμεων
503 369 595 402 ξένους
609 370 898 405 ἀνακαλεῖσθαιὰναγ-

95 414 219 450 κασοείη
243 415 323 442 τοῦτο
349 415 398 449 μὲν
430 415 571 447 Ἀλανοὺς.
597 416 677 442 τοῦτο
706 417 733 443 δὲ
766 417 897 449 Ἰταλοὺς,

95 461 148 487 καὶ
164 460 203 492 ὡς
229 461 290 486 οὐδὲ
309 461 389 496 μόνος
413 462 461 488 καὶ
483 462 592 496 πρῶτος
614 463 669 489 τῶν
687 462 770 495 ξένων
794 464 898 496 δέξαιτό

95 515 163 532 τινα
177 507 225 532 καὶ
241 507 393 542 τιμήσειεν,
407 507 475 534 ἀλλὰ
488 508 533 534 καὶ
553 508 679 544 Ἰωάννης
690 509 703 534 ὁ
716 508 820 540 Δούκας
833 509 899 535 Γου-

96 552 213 586 λίελμὸν
235 561 297 579 τινα
321 553 545 588 προσλαϐόμενος
572 554 615 580 ἐπ’
632 554 722 586 ἀξίαις
750 555 811 581 ἵστα
831 554 898 582 Ῥω-

97 599 229 632 μαϊκαῖς,
255 599 303 624 καὶ
327 599 340 624 ὁ
356 599 398 634 [Ρ.
413 599 476 634 580]
499 599 589 635 πατὴρ
608 600 691 626 αὐτοῦ
718 600 763 627 τὸν
784 601 898 636 Ἰκάριον

95 642 140 677 τῷ
157 643 383 678 μεγαλοδουκικῷ
400 644 548 679 τετίμηκεν
563 645 712 680 ἀξιώματι,
728 646 776 672 καὶ
790 646 828 677 ὡς
842 646 896 672 οὐδ’

96 688 185 720 αὐτὸς
200 689 294 723 ἀνίησι
322 689 445 716 σπεύδων
461 690 507 716 ἐπὶ
522 690 560 725 τῷ
577 691 631 722 σῶς
645 689 715 718 εἶναι
735 691 897 726 Ῥωμαίους,

96 735 122 760 εἰ
147 734 197 761 καὶ
214 734 287 761 θεῖον
309 736 417 770 μήνιμα
445 736 494 767 τὰς
519 737 610 771 ἡμῶν,
640 737 732 772 φησὶν,
760 738 897 772 ἁμαρτίας

97 782 281 817 μετέρχεται,
301 783 349 809 καὶ
367 783 404 814 ὡς
417 783 560 818 ἡγεμόνων
574 784 608 810 τὰ
623 785 738 811 πλεῖστα
765 785 898 819 κακότητι

96 829 287 864 παραπόλωλε
303 830 338 856 τὰ
356 831 442 858 πολλὰ
466 833 649 866 ἀμελούντων.
670 834 724 859 Καὶ
741 833 814 860 πόλλ’
829 834 898 861 ἄττα

97 877 262 910 συνυφάνας
286 877 411 910 τοιαῦτα,
432 878 509 909 τέλος
531 878 576 912 ἐφ’
590 879 706 913 ἡσυχίας
731 879 780 914 μὲν
799 880 897 910 αὐτοὺς

96 923 207 956 διάγειν
225 925 358 950 ἐπέταττε
382 924 428 950 καὶ
446 926 501 956 τοῖς
517 924 608 959 ἔργοις
635 926 781 960 προσέχειν
796 926 842 952 καὶ
861 926 898 962 μὴ

97 968 357 1004 πολυπραγμονεῖν,
373 970 465 1002 ἀξίους
483 971 563 1004 μόνον
584 971 698 1003 ἑαυτοὺς
718 973 897 1005 καθιστάντας

97 1016 144 1051 ἐφ’
169 1017 231 1043 ὅσον
245 1016 370 1050 δυνατὸν,
384 1017 459 1052 αὐτῷ
473 1017 501 1044 δὲ
517 1019 562 1044 καὶ
579 1019 636 1049 τοῖς
655 1019 739 1045 αὑτοῦ
753 1021 788 1045 τὰ
809 1019 898 1054 πράγσ

99 1070 177 1096 ματα
208 1062 417 1098 ἐπιτρέποντας,
434 1063 485 1090 κᾶν
513 1072 564 1090 που
585 1065 632 1090 καὶ
647 1064 829 1100 ,θορυϐηθείψ
847 1065 897 1101 τὴν

98 1157 208 1180 vocatis
229 1153 330 1180 civium
354 1153 465 1188 longam
487 1154 622 1188 explicuit
643 1154 808 1187 oralionem,
836 1160 896 1183 acta

98 1207 163 1226 cum
181 1199 321 1227 Catalenis
345 1207 483 1227 excusans
499 1208 559 1231 sua,
576 1200 826 1236 tlemonslransque
856 1203 898 1229 ul-

101 1247 169 1273 lima
188 1254 218 1274 se
233 1247 361 1273 adactum
377 1248 554 1280 necessitate,
567 1247 603 1274 ob
621 1248 748 1276 redactas
760 1249 787 1275 in
804 1252 896 1276 extre-

100 1299 176 1318 mam
195 1291 382 1319 inﬁrmitatem
403 1292 544 1320 Romanas
559 1293 667 1328 copias,
699 1299 771 1322 recte
787 1302 818 1322 ac
832 1303 897 1330 pru-

99 1337 197 1365 denter
216 1338 378 1372 (utcunque
404 1338 477 1365 bono
509 1338 625 1365 consilio
644 1339 716 1366 haud
736 1347 785 1374 par
807 1340 897 1368 exitus

100 1384 301 1418 responderit)
329 1388 431 1411 extera
456 1384 646 1418 supplementa
675 1385 779 1412 militia:
798 1385 898 1419 quassi-

98 1430 185 1462 visse,
207 1430 332 1457 mercede
359 1429 546 1458 conducendis
568 1430 752 1458 auxiliaribus
777 1432 894 1466 primum

99 1475 263 1505 Alanorum.
279 1475 379 1503 deinde
389 1476 534 1502 Italorum.
550 1475 644 1509 Neque
658 1476 684 1503 id
698 1484 727 1503 se
742 1476 830 1503 solum
847 1481 895 1503 aut

950 237 998 261 καὶ
1014 236 1126 267 ἑαυτοὺς
1151 236 1222 271 ἔχειν
1241 236 1351 266 ειδέναι,
1367 236 1438 262 κατὰ
1456 235 1600 270 διαφόρους
1628 237 1742 268 καιροὺς

950 281 1150 316 ἀπηλλάχασιν.
1179 282 1216 312 ὡς
1244 282 1372 316 μεγίστου
1398 282 1518 315 πολέμου
1544 282 1591 315 τῆς
1622 281 1742 311 στάσεως

950 328 1034 362 οὔσης
1051 329 1101 362 τῆς
1117 329 1146 354 ὲν
1164 330 1229 359 ταῖς
1241 327 1344 358 πόλεσι,
1362 328 1423 354 καθ’
1439 329 1470 362 ἣν
1495 329 1578 355 οὐκ...
1596 329 1640 353 καὶ
1656 336 1743 362 πραγ-

951 375 1056 409 μάτων,
1078 375 1135 400 ἀλλ’
1160 375 1271 409 εἰρήνης
1288 374 1358 400 εἶναι
1378 375 1424 400 καὶ
1449 374 1574 408 ὁμονοίας
1596 371 1741 410 ζημίαν,ᾖ

949 420 984 446 τὰ
1001 421 1090 446 πάντα
1116 420 1286 454 συγχέονται.
1312 419 1355 450 Ὠς
1367 419 1421 455 γὰρ
1442 420 1472 445 τὸ
1492 420 1537 453 ὑφ’
1554 420 1660 450 ἑαυτοῖς
1679 419 1740 451 ἐξαο

950 466 1089 493 πατᾶσθαι
1107 466 1216 493 πάντων
1230 467 1368 502 χείριστον
1379 466 1422 492 διὰ
1438 466 1612 492 τὺ⁷καου.....
1626 465 1742 500 σμικρὲιν

949 513 1125 540 ἀποστατεῖν.
1141 511 1199 538 ἀλλ’
1219 512 1264 538 ἀεὶ
1284 513 1410 547 παρεῖναι
1428 511 1473 537 τὸν
1499 511 1678 543 ἐξαπατῶντα
1695 512 1742 537 καὶ¹

951 559 1062 590 πειθοῦς
1086 559 1220 592 ἀνάγκαις
1241 558 1474 592 δουλαγωγεῖσθαι
1493 557 1539 583 τὸν
1564 557 1739 591 ἐξαπατώμε-

950 614 1006 637 νον,
1034 605 1104 631 οὕτω
1129 605 1177 631 καὶ
1200 605 1232 631 τὸ
1254 605 1299 639 ὑφ’
1326 605 1432 635 ἑαυτοῖς
1460 604 1637 638 πολεμεῖσθαι
1665 605 1742 630 πόλιν

945 651 1110 685 δεινότερον,
1129 651 1166 682 ὼς
1185 651 1259 682 ἐντὸς
1274 651 1329 677 τῶν
1351 649 1573 684 ὑπεκκαυμάτων
1589 650 1682 681 ὗντων,
1703 650 1743 681 εἰς

952 698 1040 732 βιαίας
1058 699 1157 732 ἕτοιμα
1174 697 1275 729 κακίας
1299 697 1406 731 ἄναψιν.
1433 698 1481 723 Διὰ
1504 697 1588 723 ταῦτα
1604 698 1651 724 καὶ
1678 697 1743 730 περὶ

951 743 1074 774 πλείονος
1098 744 1217 770 ἐποιεῖτο
1237 744 1268 770 τὸ
1284 744 1334 778 τῆς
1352 744 1457 774 πόλεως
1482 743 1675 775 ἀστασίαστον,
1696 743 1743 769 ’καὶ

952 789 1054 823 μᾶλλον
1075 789 1103 815 ὲν
1118 788 1234 823 τοιούτῳ
1255 789 1343 823 καιρῷ
1359 788 1421 815 καθ’
1434 789 1462 815 ὃν
1478 789 1532 816 τῶν
1548 789 1626 820 ἐκτὸς
1643 791 1742 824 ἀνεγη-

950 834 1093 869 γερμένων
1115 834 1144 867 ἐξ
1170 834 1321 867 ἀναγκαίου
1343 834 1431 860 καὶτὸ
1454 835 1530 866 ὲντὸς
1548 835 1744 869 συγκραδαίνε-

951 880 1024 907 σοαι.
1048 880 1129 906 Ὥστε
1143 880 1190 906 καὶ
1203 879 1318 914 ὁρᾶσοαι
1333 881 1403 914 σφᾶς
1416 880 1656 914 ἁνεγηγερμένους
1669 879 1744 914 πρῶ-

950 934 996 952 τον
1012 926 1062 961 μὲν
1079 926 1133 951 τῶν
1148 924 1352 960 ξυμϐαινόντων
1372 925 1451 960 χάριν
1466 925 1498 951 ὲκ
1513 924 1564 958 τῆς
1579 924 1744 954 στασιώδους

950 971 1076 1006 ταραχῆς
1087 971 1207 1006 ἐκείνης,
1227 970 1264 1001 ὡς
1283 970 1571 1006 παρακινησειομένων
1584 971 1615 996 ὲκ
1636 969 1686 1003 τῆς
1698 978 1745 995 τυ-

951 1018 1054 1052 χούσης
1076 1017 1250 1051 προφάσεως,
1269 1017 1468 1052 στρατιωτικὰς
1497 1016 1592 1050 εἰσῆγε
1615 1017 1744 1050 δυνάμεις

950 1063 1012 1090 κατ’
1040 1063 1240 1098 ἁναχαιτισμὺν
1265 1063 1318 1088 τῶν
1346 1062 1581 1098 προσδοκωμένων
1608 1062 1742 1097 θορύϐων.

949 1163 1095 1192 promptos
1111 1155 1254 1191 adjutores
1285 1155 1407 1182 habituri
1432 1162 1502 1190 qttos
1527 1154 1559 1181 ad
1587 1154 1639 1181 hoc
1655 1155 1742 1190 ipsum

951 1204 1194 1232 introduxissetin
1214 1202 1307 1229 urbem
1324 1202 1435 1229 milites.
1467 1200 1569 1228 Horum
1597 1208 1649 1236 ope
1677 1201 1743 1228 ﬁdes

950 1251 1074 1286 ipsorum
1097 1250 1228 1276 roborata
1246 1256 1384 1283 magnam,
1411 1248 1434 1274 si
1460 1252 1593 1281 quantum
1612 1255 1663 1282 par
1686 1253 1743 1274 erat

950 1296 1137 1327 anniterctur,
1154 1303 1169 1322 a
1186 1295 1297 1322 civitate
1319 1293 1503 1321 calamitatem
1531 1298 1679 1323 averteret,
1701 1300 1745 1318 Re-

949 1343 1095 1375 ditionem,
1110 1349 1162 1375 qua
1189 1342 1291 1368 multos
1307 1339 1425 1368 diversis
1451 1339 1623 1374 temporibus
1639 1340 1666 1366 iu
1683 1347 1742 1366 ma-

948 1389 1037 1416 lorum
1057 1393 1180 1415 extrema
1197 1388 1342 1414 devenisse
1358 1386 1473 1422 populos
1489 1386 1586 1421 partim
1604 1386 1654 1419 ipsi
1679 1394 1736 1412 rue-

949 1435 1116 1466 minissenr,
1145 1434 1244 1468 partim
1270 1432 1373 1459 indicio
1400 1431 1538 1458 annalium
1565 1427 1591 1458 θ’
1610 1432 1743 1458 memoria

949 1480 1034 1507 veteri
1047 1483 1161 1514 possent
1183 1482 1319 1512 repetere.
1340 1477 1384 1504 Sic
1399 1484 1464 1504 sane
1479 1477 1622 1508 haberent,
1636 1477 1740 1502 nullam

100 1521 219 1555 primmn
233 1520 343 1552 iecisse,
370 1528 432 1547 cum
447 1525 474 1548 et
486 1520 608 1548 Joannes
623 1521 712 1549 Ducas
729 1521 895 1549 Gulielmum
911 1530 932 1559 ο
949 1525 1127 1561 quantumvis
1143 1523 1250 1551 cruenti
1265 1526 1292 1550 et
1307 1521 1474 1553 internecini
1493 1521 1581 1548 exteri
1597 1520 1659 1547 belli
1682 1526 1742 1547 tan-

99 1567 248 1601 qnemdam
263 1575 295 1594 ex
311 1567 414 1594 exteris
430 1571 602 1601 assumptum
620 1567 749 1595 Romana:
767 1568 837 1595 aula:
852 1568 894 1595 di-

100 1613 253 1647 gnitatibus
270 1612 423 1646 ornaverit,
438 1616 465 1639 et
482 1612 629 1639 recentiori
654 1613 788 1640 memoria
816 1617 896 1647 pater

101 1666 169 1685 suus
184 1658 301 1685 Michael
317 1657 435 1684 lcarium
452 1658 543 1692 magni
559 1657 638 1686 ducis
651 1658 796 1692 splendido
815 1659 896 1685 titulo

101 1704 182 1740 547
200 1704 438 1732 cohonestavcril.
471 1703 544 1731 Sane
558 1705 632 1731 nulla
651 1705 678 1732 in
698 1711 778 1740 parte
807 1714 900 1733 cessa-

100 1755 157 1777 tum
172 1758 186 1776 a
204 1758 245 1782 se,
265 1757 314 1776 nec
341 1750 491 1784 quidquam
527 1759 649 1785 unquam
680 1752 898 1786 praetermissum

100 1805 155 1832 quo
172 1797 302 1823 Sthlinel'i
327 1804 408 1831 posse
434 1797 573 1824 labantem
594 1798 796 1832 rempublicam
823 1799 899 1825 salu-

101 1849 211 1878 temque
238 1843 330 1878 populi
350 1844 481 1870 constitui
501 1851 564 1878 spes
579 1845 779 1879 qualiscunque
795 1846 896 1873 suade-

100 1896 151 1918 ret.
167 1890 247 1918 Unde
271 1898 325 1917 non
346 1890 475 1924 imputari
505 1891 564 1925 ejus
595 1892 767 1926 negligentiae
796 1893 897 1919 debere

100 1936 196 1963 ruinas
212 1943 273 1970 qua:
291 1941 471 1962 cernerentur
487 1943 578 1962 rerum
593 1944 600 1963 :
626 1937 672 1963 sed
700 1937 747 1963 ita:
775 1938 895 1971 primum

101 1983 202 2010 divinae
218 1987 328 2016 peccata
345 1986 441 2010 nostra
476 1983 634 2015 ulciscenti,
659 1988 752 2018 postea
782 1983 897 2019 ignavia»

103 2030 272 2062 ineuriaaque
290 2028 480 2062 praefectorum
509 2029 640 2063 negotiis,
663 2037 712 2063 per
737 2037 805 2064 quas
829 2031 897 2058 satis

102 2080 242 2103 constaret
259 2075 388 2109 pleraque
399 2075 542 2102 materiam
572 2075 683 2110 publico
710 2076 795 2103 luctui
827 2085 895 2112 prae-

101 2122 192 2150 bentia
210 2121 296 2148 luisse
312 2125 424 2155 accepta
444 2122 619 2149 detrimenta.
648 2121 696 2149 His
717 2122 764 2149 ubi
792 2122 894 2149 similia

102 2169 185 2196 multa
199 2167 357 2199 subtexuit,
372 2166 482 2193 laudent
502 2174 536 2193 eo
551 2167 662 2201 collegit
678 2175 814 2194 summam
832 2175 895 2194 ora-

102 2215 202 2246 tionis,
237 2217 268 2240 ut
298 2220 466 2248 magnopere
497 2214 607 2240 cunctis
636 2213 800 2248 praeciperet
825 2217 894 2241 testu

101 2263 258 2289 animorum
275 2267 435 2294 compresso
448 2259 603 2294 quiescere,
625 2261 823 2295 attendereque
835 2260 894 2288 suis

101 2315 238 2342 quemque
257 2305 418 2333 domesticis
439 2306 531 2337 rebus,
545 2313 595 2333 nec
615 2310 719 2334 temere
735 2313 765 2333 se
790 2306 818 2333 in
844 2314 894 2333 cu—

101 2361 157 2381 ram
179 2351 284 2388 publici
300 2352 440 2386 regiminis
459 2351 594 2386 ingerere.
609 2351 729 2378 Tantum
751 2360 801 2387 pro
816 2352 892 2379 virili

103 2400 140 2428 sic
156 2401 250 2427 vivere
278 2403 419 2430 curarent,
442 2404 472 2426 ut
498 2399 714 2425 commutatione
729 2407 837 2426 morqu
865 2399 892 2426 in

105 2447 200 2474 melius
216 2446 315 2481 dignos
327 2453 357 2472 se
371 2445 539 2479 prosperiori
555 2444 791 2479 fortuna,judicio
804 2445 898 2472 mode-

103 2493 189 2520 rantis
204 2493 324 2518 humana
340 2491 480 2523 Numinis,
501 2491 658 2522 redderent.
674 2491 726 2517 sibi
751 2496 852 2522 autem.
870 2494 897 2517 et

103 2539 200 2574 quibus
218 2538 253 2565 ad
278 2537 306 2563 id
327 2536 463 2563 ministris
494 2536 534 2562 uti
562 2536 653 2567 vellet,
682 2536 827 2563 arbitrium
844 2544 896 2571 pu-

103 2587 177 2614 blica:
195 2586 234 2612 rei
252 2584 438 2619 gubernanda?
456 2584 645 2616 permitterent
661 2583 810 2617 integrum,
823 2584 892 2610 nihil

101 2634 208 2660 Curiose
243 2631 416 2659 sciscitando
441 2638 524 2664 super
552 2630 676 2657 consiliis
693 2635 826 2662 actorum,
847 2635 893 2657 aut

103 2671 173 2707 circa
192 2685 342 2706 successus
356 2677 381 2704 in
404 2677 526 2703 futurum
541 2677 662 2704 incertos
685 2676 761 2703 inani
787 2677 893 2703 divina-

103 2727 172 2754 tione
187 2724 385 2752 conllictamlo.
400 2723 491 2758 Neque
504 2724 530 2750 in
544 2723 596 2750 ista
609 2731 639 2750 se
654 2724 773 2758 qui5que
791 2723 892 2749 viritim

101 2773 243 2801 continuere
275 2770 409 2797 tnodestia
437 2770 505 2797 satis
533 2769 680 2796 haberent:
702 2776 796 2795 verum
823 2769 893 2796 etsi

103 2828 169 2854 quos
186 2819 295 2845 initium
311 2817 497 2844 tumultuandi
520 2816 611 2842 facere
625 2820 781 2846 cernerent,
797 2820 892 2841 contra

103 2867 190 2896 statim
227 2865 396 2900 insurgemlo
423 2864 553 2893 cohibere
578 2869 767 2898 conarentur,
800 2863 826 2892 in
861 2871 892 2891 co

948 1576 1003 1598 tam
1020 1579 1081 1598 esse
1095 1570 1258 1605 perniciem,
1271 1576 1331 1603 quae
1345 1567 1454 1594 damnis
1467 1572 1494 1594 et
1507 1567 1602 1594 exiliis
1620 1567 1741 1593 civilium

948 1617 1130 1646 certaminum
1157 1621 1315 1650 comparata
1343 1622 1396 1640 non
1434 1613 1588 1646 reperiatur
1614 1613 1742 1639 tolerabi-

949 1664 1002 1691 lior
1015 1672 1047 1691 ac
1060 1663 1157 1690 levior.
1168 1663 1314 1697 Nunquam
1325 1661 1398 1689 enim
1415 1659 1554 1688 seditiosis
1567 1659 1742 1686 conﬂictibus

953 1714 1000 1737 aut
1018 1709 1100 1737 saluti
1120 1708 1261 1736 hominum
1278 1707 1432 1734 consulitur
1445 1711 1490 1733 aut
1504 1706 1596 1732 tutelae
1609 1705 1741 1731 domuum

952 1765 984 1785 ac
1002 1764 1107 1789 rerum,
1125 1755 1171 1783 sed
1191 1758 1352 1788 contra'per
1367 1760 1415 1780 eos
1438 1754 1512 1786 pacis
1537 1755 1565 1778 et
1585 1751 1744 1778 consensio-

953 1804 994 1830 nis
1010 1802 1111 1834 civilis,
1133 1808 1194 1836 quae
1216 1803 1280 1827 sunt
1300 1801 1387 1834 prima
1405 1798 1583 1824 fundamenta
1607 1797 1742 1823 bonorum

952 1850 1087 1880 omnium,
1113 1848 1222 1882 jactura
1254 1845 1427 1880 irreparabili
1460 1844 1533 1870 facta
1560 1844 1688 1870 universa
1717 1843 1743 1869 in

952 1895 1143 1923 confusionem
1161 1892 1344 1920 miserrimam
1365 1891 1489 1918 veniunt.
1506 1890 1543 1916 Ac
1565 1889 1744 1921 quemadmo-

952 1943 1018 1969 dum
1034 1940 1227 1975 deceptionum
1244 1945 1276 1964 ea
1306 1937 1386 1971 longe
1413 1936 1535 1962 omnium
1557 1935 1675 1968 pessima
1701 1939 1743 1960 est

951 1996 1005 2022 qua
1024 1987 1086 2021 quis
1105 1993 1119 2012 τι
1136 1992 1166 2012 se
1180 1985 1239 2019 ipso
1254 1983 1400 2017 decipitur,
1420 1986 1531 2016 propter
1549 1981 1646 2007 intime
1661 1986 1744 2012 atque

953 2032 1175 2068 inseparabiliter
1187 2030 1327 2057 admotum
1345 2029 1459 2062 decepto
1476 2027 1649 2061 deeeptorem
1663 2025 1745 2061 548

951 2085 978 2108 et
993 2083 1105 2114 propter
1131 2076 1276 2105 obnoxiam
1304 2075 1410 2110 decepti
1438 2074 1596 2100 facilitatem
1620 2073 1652 2099 ad
1681 2081 1744 2099 suc-

949 2124 1132 2153 cumbendum
1143 2120 1385 2156 insuspicabilibus
1395 2119 1463 2146 adeo
1475 2119 1551 2145 chari
1560 2126 1591 2145 ac
1602 2118 1741 2152 conjuncti

950 2171 1109 2206 deceptoris
1125 2169 1281 2199 fraudibus,
1297 2168 1334 2194 ila
1347 2166 1412 2194 belli
1428 2173 1510 2201 supra
1527 2165 1618 2192 omnia
1637 2165 1741 2200 capita-

949 2219 1085 2246 lissimum
1104 2223 1190 2251 genus
1206 2219 1258 2244 est.
1271 2221 1329 2248 quo
1342 2214 1415 2240 cives
1430 2213 1506 2239 urbis
1523 2213 1605 2239 unius
1624 2211 1742 2238 invicem

948 2265 1174 2294 committuntur,
1206 2261 1279 2296 quod
1299 2261 1322 2288 is
1349 2259 1534 2288 exardescens
1561 2259 1637 2285 l'uror
1669 2258 1744 2285 faces

949 2311 1071 2347 applicet
1086 2314 1182 2344 parato
1201 2308 1276 2335 intus
1297 2312 1324 2334 et
1338 2311 1471 2341 congesto
1489 2305 1589 2336 fomiti,
1613 2305 1686 2331 unde
1702 2305 1746 2331 in-

950 2357 1080 2385 cendium
1098 2358 1226 2389 erumpat
1252 2354 1383 2380 universa
1409 2357 1653 2386 consumpturum.
1681 2350 1744 2377 Hmc

950 2411 1013 2431 cum
1030 2404 1067 2430 ita
1086 2402 1151 2434 sint,
1166 2398 1220 2435 prae
1236 2399 1365 2427 onmibus
1377 2405 1479 2433 cupere
1506 2406 1535 2424 se
1553 2405 1584 2424 ac
1612 2401 1743 2431 tanquam

950 2449 1115 2485 nptabilium
1130 2439 1279 2474 maximum
1299 2453 1407 2473 summo
1426 2444 1518 2472 stttdio
1528 2451 1651 2478 quaerere.
1668 2447 1745 2469 tran-

950 2496 1066 2531 quillum
1096 2493 1218 2522 civitatis
1235 2492 1382 2520 concordis
1412 2495 1526 2517 statum.
1554 2490 1650 2522 Qualis
1681 2497 1743 2516 cum

950 2542 1039 2577 expeti
1057 2548 1165 2574 semper
1183 2540 1292 2570 debeat,
1307 2538 1359 2565 hoc
1379 2537 1534 2572 praesertim
1554 2537 1670 2564 maxime
1694 2545 1744 2562 ne-

949 2588 1101 2617 cessarium
1127 2589 1257 2621 appareat
1283 2589 1418 2618 tempore,
1441 2591 1496 2618 quo
1519 2584 1600 2610 rebus
1622 2583 1745 2610 exterius

951 2635 1071 2663 turbatis
1090 2633 1248 2662 inevitabile
1263 2632 1298 2659 sit
1329 2639 1382 2658 nun
1409 2631 1505 2658 urbem
1530 2630 1634 2664 pariter
1655 2629 1740 2662 ipsam

950 2683 1010 2717 ipso
1022 2682 1126 2709 circum
1152 2680 1274 2714 undique
1303 2677 1481 2707 titubantium
1500 2677 1643 2710 regionum
1667 2679 1742 2700 motu

951 2736 982 2755 ac
999 2727 1116 2761 strepitu
1147 2726 1275 2757 concuti;
1304 2726 1348 2751 cui
1367 2724 1389 2751 si
1420 2727 1540 2750 extcrnre
1565 2719 1741 2755 impressinni

950 2772 1087 2800 tumultus
1104 2771 1220 2798 interior
1230 2770 1355 2799 accedat.
1370 2769 1459 2803 palam
1473 2767 1506 2793 sit
1522 2771 1619 2793 cuncta
1634 2766 1661 2792 in
1673 2773 1743 2800 prae-

949 2827 1014 2854 ceps
1033 2817 1253 2845 irrevocabiliter
1270 2817 1394 2851 lapsura.
1414 2814 1480 2840 Tatn
1497 2812 1604 2839 lttbrico
1620 2816 1647 2838 et
1660 2811 1740 2838 anei-

948 2863 995 2901 piti
1014 2869 1163 2896 momento,
1180 2871 1208 2889 sc
1220 2870 1269 2898 pro
1287 2860 1416 2896 vigilandi
1433 2857 1524 2887 ollicio
1541 2858 1567 2884 in
1588 2859 1744 2887 communis
