1957 3066
199 134 254 164 ΗΠ

811 131 970 164 GEORGll
992 130 1236 162 PACHYMERE

1778 128 1836 159 6M

200 191 301 225 ρεσκων
323 188 446 223 δέχονται
473 188 520 215 καὶ
543 189 592 223 τὴν
608 188 751 224 βασιλικὴν
767 189 810 225 [Ρ.
829 188 893 224 585]
911 196 989 222 περι·
1003 189 1026 216 Α
1043 197 1115 222 ματα
1130 188 1191 214 τότε
1205 185 1276 213 κατά
1292 194 1353 212 τινα
1369 184 1484 219 ὲνεδρῶν
1500 183 1629 218 ὑποψίαν,
1645 184 1704 210 ἀλλ’
1723 182 1771 210 οὖν
1786 185 1843 210 οὒκ

200 235 340 261 ποιοῦνται
352 234 436 269 ξζωήν
448 242 455 250 ·
480 234 573 261 πολλοὶ
588 235 642 269 γὰρ
660 235 708 262 ἅτε
731 235 864 270 βασιλέως
883 236 915 261 ὲκ
937 234 991 260 τῶν

200 281 321 315 σημείων
350 282 480 315 φανέντος
504 282 739 316 ὲπεισφρήσαντες
767 281 897 314 οὖταζον,
927 280 991 307 ὥστ’

199 327 367 359 ἐξικνεῖσθαι
385 328 517 354 καὶκατὰ
533 328 581 354 τοῦ
596 328 722 362 σώματος
740 329 789 360 τὰς
806 328 924 362 πληγὰς,
941 327 992 353 κᾶν

199 373 247 399 καὶ
264 372 390 407 βασιλεὺς
409 374 608 408 ἀγχιστρόφους
634 374 720 400 ἐποίει
736 375 784 406 τὰς
807 374 990 408 μετακλίσεις,

199 419 224 444 εἰ
242 419 278 453 μὴ
300 419 355 446 τῶν
369 419 458 446 ἄλλων
475 419 708 454 φυγομαχούντων
732 420 812 451 αὐτὸς
827 420 876 446 σὺν
892 419 992 452 ὀλίγοις

200 465 228 490 ἰν
240 465 382 500 ἀναγκαίῳ
400 465 516 500 κινδύνῳ
529 464 563 500 ἦν
582 467 630 493 καὶ
644 467 833 502 παρακληθεὶς
857 466 992 500 ὑπέστρε-

201 520 260 545 φεν.
276 511 346 537 Ἀλλ’
363 512 386 537 0t
401 512 450 546 μὲν
477 513 658 547 ἐπισπόμενοι
677 513 727 539 οὐκ
743 513 847 547 ἀνῆκαν
868 513 920 545 ἔτι,
934 513 948 539 ὁ
963 512 992 539 δὲ

203 557 302 592 μικρδν
328 558 511 593 ἀναχωρήσας
532 558 579 585 τοῦ
605 559 735 593 κυδοιμοῦ
762 559 867 593 δάκρυά
883 568 913 586 τε
938 559 993 585 τῶν

200 603 360 638 όφοαλμῶν,
377 602 421 630 οἷα
434 604 511 638 λόγος
524 605 570 631 τὸν
581 606 785 640 Ἀγαμέμνονα,
801 606 886 641 ἔρρει,
899 606 994 632 ἕλκετο

201 649 224 675 δ’
241 650 273 676 ὲκ
295 651 418 685 κεφαλῆς
442 651 647 686 προθελύμνους
662 652 712 683 τὰς
736 652 843 687 τρίχας,
865 653 922 683 τοῖς
938 651 993 677 τῶν

208 695 352 730 Ῥωμαίων
377 697 599 731 ἐποικτιζόμενος
619 698 776 732 πράγμασι,
793 699 840 724 καὶ
859 697 993 732 ὑποστρέ-

203 747 264 773 φειν
284 740 430 773 ἐσφάδαζε,
458 742 511 767 κᾶν
525 742 576 767 οὐκ
603 741 677 776 εἶχεν
698 742 777 774 ὅλως.
794 742 888 773 Ἔλεος
913 743 936 769 δ’
959 741 993 779 ἦν

203 785 327 811 ἐντεῦθεν
346 786 425 817 Θεοῦ,
452 788 499 813 καὶ
517 787 606 813 ἔννοιά
620 796 663 819 τις
685 788 773 824 εἰσῄει
795 789 857 820 τοὺς
878 789 994 815 ἀντιπά-

203 829 267 862 λους
280 831 317 861 ὡς
340 832 402 858 κατ’
421 833 530 867 ἀπάτην
547 833 720 869 ἀναχωροῦσι
747 835 794 860 καὶ
809 834 846 864 ὡς
871 834 994 868 ἐνέδραις

205 877 409 912 προλοχίζουσιν
433 879 520 910 ἄλλοι,
548 883 596 906 καὶ
619 879 707 911 οὓτως
735 880 910 915 ἀνείργονται
941 880 991 914 τῆς

204 922 332 956 διώξεως.
351 924 433 951 Ὅθεν
449 926 496 952 καὶ
510 922 584 952 οὗτοι
603 926 651 960 μὲν
666 928 717 961 τῆς
732 926 777 952 ἐπὶ
792 927 822 952 τὸ
838 927 931 961 πρόσω
947 935 994 959 φο-

205 969 256 1004 ρᾶς
272 966 408 1002 ἵστανται,
421 971 519 997 ἐκεῖνοι
531 971 560 998 δὲ
576 971 654 1002 ἄλλος
665 971 784 1007 ἀλλαχοῦ
796 972 995 1007 διασπαρέντες

205 1015 416 1048 περισὼζονται.
436 1017 466 1042 '0
481 1018 573 1051 μέντοι
587 1026 618 1051 γε
641 1017 769 1052 βασιλεὺς
788 1017 996 1051 καταλαμϐάνει

208 1060 284 1094 μόλις
301 1063 330 1086 τὺ
346 1061 506 1095 Πάμφυλον.
529 1063 584 1088 Καὶ
600 1062 632 1097 δὴ
647 1063 698 1097 τῆς
719 1063 814 1097 φήμης
827 1061 996 1096 διαδοθείσης

207 1107 256 1132 οὐκ
271 1105 304 1141 ἦν
320 1108 393 1138 ὅστις
412 1108 466 1134 τῶν
479 1108 622 1142 γεωργῶν,
645 1109 675 1134 ἐν
690 1108 764 1143 ἀκμῇ
787 1109 833 1134 καὶ
850 1108 936 1135 ταῦτα
949 1107 996 1134 τοῦ

208 1153 316 1188 θέρους,
333 1153 386 1185 ἔξω
403 1154 453 1188 τῆς
473 1154 680 1180 Κωνσταντίνου
702 1154 923 1185 ὲναπολέλειπτο,
939 1154 998 1180 ἀλλ’

207 1199 265 1233 ἃμα
280 1199 411 1225 πάντοθεν
428 1200 592 1234 μυρμηκιὰν
609 1199 774 1234 μιμούμενοι
787 1200 997 1234 ἐσκευαγώγουν

208 1245 251 1280 ἐφ’
265 1245 388 1280 ἁμαξῶν,
404 1245 471 1280 θέρη
487 1247 535 1272 καὶ
548 1245 694 1281 δράγματα
711 1247 759 1272 καὶ
773 1246 876 1276 σωροὺς
893 1246 998 1280 χαίρειν

207 1291 317 1323 ἐῶντες.
333 1291 396 1323 Τοῖς
412 1292 461 1326 μὲν
480 1291 526 1318 οὖν
541 1292 684 1326 ἐναντίοις,
701 1292 752 1320 κᾶν
769 1293 850 1319 ἴστων
865 1293 898 1319 τὰ
910 1293 998 1327 ὁρμή-

208 1382 279 1409 hosti
299 1382 396 1409 victori
408 1381 533 1415 obiectus
550 1385 640 1410 terror
664 1385 709 1410 est
731 1381 896 1409 insidiarum
914 1389 927 1407 a
947 1389 998 1408 no-

210 1429 276 1455 stris
297 1428 460 1462 positarum.
480 1428 507 1455 in
524 1436 592 1463 quas
607 1429 682 1463 ipsos
694 1428 823 1455 videlicet
840 1419 1000 1462 pertrahere

209 1475 360 1502 artiﬁciosa
394 1475 464 1510 fugae
480 1475 658 1502 siinulatione
676 1475 844 1510 cogitarem.
860 1474 923 1502 Hzec
937 1475 999 1501 illo:

1043 234 1120 267 ὀλίγα
1141 233 1194 258 τῶν
1209 232 1367 267 ἀνηκέστων
1383 230 1501 265 πράξασι
1516 230 1563 256 καὶ
1590 230 1625 256 τὰ
1647 230 1840 264 προστυχόντα

1043 279 1221 315 ληῖσαμένιιις
1247 279 1327 313 ὲπῇει
1351 277 1402 312 τὴν
1423 278 1521 311 ’Δπρω
1547 275 1753 311 περικαθῆσθαι
1780 276 1841 302 τῶν

1044 325 1236 352 είσδεδυκότων
1257 324 1349 356 ἕνεκα,
1366 324 1413 350 καὶ
1435 323 1586 357 ὲπειρῶντο
1607 322 1762 356 πολιορκεῖν
1774 330 1780 336 ·
1799 322 1842 352 ὡς

1043 372 1065 399 δ’
1081 372 1131 398 οὐκ
1151 371 1249 405 ἤνυτον
1271 371 1302 396 τὸ
1328 370 1470 404 παράπαν,
1497 370 1619 402 ἔγνωσαν
1641 368 1840 402 ὑποστρέφειν.

1050 419 1173 449 Ἀλανοῖς
1187 419 1208 444 δ’
1228 416 1301 449 ἅπαξ
1314 416 1439 450 ἀφεικόσι
1455 415 1504 451 τὴν
1518 417 1588 450 πρὸς
1599 415 1662 445 τοὺς
1680 413 1841 449 βασιλεύον-

1043 475 1094 498 τας
1108 466 1212 493 ἔννοιαν
1235 464 1377 492 σκυλεύειν
1389 464 1422 490 τὰ
1438 464 1468 490 ἐν
1496 463 1575 489 ποσὶν
1592 462 1676 494 ἔδοξε,
1695 460 1742 487 καὶ
1761 461 1838 494 φίλοι

1046 513 1096 548 μὲν
1120 512 1275 546 ἐφίσταντο,
1292 500 1384 546 ἐχθροὶ
1403 510 1425 537 δ’
1453 509 1647 536 ἀπανίσταντο.
1670 507 1762 534 Ταῦτα
1784 515 1840 540 μα-

1045 560 1100 587 θὼν
1114 561 1128 586 ό
1149 558 1285 594 βασιλεὺς,
1299 558 1346 584 καὶ
1369 556 1407 588 ὡς
1429 556 1502 587 εικδς
1532 555 1693 590 ἐπαλγήσας
1708 555 1741 589 τῇ
1765 562 1839 588 συμ-

1045 606 1127 641 φορᾷ,
1149 605 1187 640 τῷ
1206 605 1255 638 μὲν
1270 604 1321 638 υἱῷ
1340 612 1370 630 τε
1385 603 1433 629 καὶ
1452 601 1559 640 βασιλεῖ
1576 601 1640 632 τοὺς
1655 599 1841 635 παρακλητη-

1046 654 1120 688 ρὶους
1134 652 1171 683 ὡς
1190 649 1263 686 εἶχεν
1278 650 1458 685 ὲνεσχεδίαζε,
1473 649 1519 676 τδν
1544 647 1751 682 Κουτζίμπαξιν
1768 647 1842 672 ἀπο-

1045 700 1105 726 λύει
1132 699 1201 733 πρὸς
1214 697 1355 728 Ἀλανοὺς.
1378 697 1436 730 ἅμα
1453 695 1503 731 μὲν
1521 695 1643 732 ἐκείνους
1669 693 1843 728 ἐγκαθεστή-

1046 746 1136 778 ξοντα,
1154 746 1213 780 ἅμα
1227 745 1255 771 δὲ
1273 746 1320 771 καὶ
1331 742 1562 778 Τουρκοπούλους
1575 740 1822 774 δουλαγωγήσοντα
1832 748 1839 754 ·

1045 792 1084 827 τῷ
1104 792 1159 826 γὰρ
1172 791 1296 825 ὁμοεθνεῖ
1311 799 1341 816 τε
1363 789 1410 816 καὶ
1423 788 1602 824 ὁμογλώσσῳ,
1621 787 1669 814 καὶ
1690 787 1732 813 ὅτι
1754 786 1842 819 συνή-

1047 839 1097 872 θης
1112 836 1146 873 ἦν
1161 836 1284 867 ’Δλανοῖς
1299 836 1327 862 ἐν
1342 834 1428 870 Νογᾷ,
1444 835 1491 861 καὶ
1504 834 1544 861 ὅτι
1557 834 1608 869 τὴν
1623 833 1690 868 πρὸς
1702 832 1841 858 Τουκτάῖν

1045 884 1195 918 πρεσϐείαν
1211 882 1293 913 αὐτὸς
1308 882 1437 912 ἐποιεῖτο,
1455 881 1494 911 είς
1510 879 1577 906 αίδὼ
1595 879 1754 913 πρέπουσαν
1768 878 1843 911 ὑπη‹

1045 931 1120 962 κόοις
1134 928 1323 962 ἐπαγαγέσθαι
1339 928 1410 962 σφᾶς
1426 925 1595 953 ἐπιστεύετο.
1611 925 1695 955 Λὺτδς
1710 925 1732 951 δ’
1749 924 1778 956 ἐξ
1791 924 1843 949 αὺ-

1044 977 1094 1011 τῆς
1123 975 1313 1010 στρατολογεῖν
1333 983 1362 1000 τε
1390 974 1437 1000 καὶ
1463 973 1587 1008 ὲφορμᾷν
1614 971 1744 1004 ἠϐούλετο
1777 970 1840 1005 μὲν,

1046 1023 1170 1057 ἐπείχετο
1195 1022 1223 1048 δὲ
1244 1023 1272 1054 ἐξ
1297 1020 1454 1054 ἀναγκαίων
1480 1019 1586 1045 πολλῶν
1618 1017 1841 1051 ἀντισπώμενος.

1047 1068 1097 1095 Διά
1122 1067 1209 1094 ταῦτα
1234 1067 1280 1093 καὶ
1296 1066 1350 1093 ἀπὸ
1371 1066 1424 1100 γῆς
1443 1066 1492 1100 μὲν
1516 1065 1646 1099 δυνάμεις
1671 1063 1842 1093 ἀποστόλους

1048 1112 1275 1150 προσετοιμάζει,
1301 1110 1340 1143 οἷς
1358 1111 1525 1147 θαρῤοὖντες
1549 1111 1574 1137 οι
1598 1110 1755 1144 πρόσχωροι
1773 1109 1843 1143 ἀφό-

1048 1161 1103 1192 ϐως
1118 1159 1271 1195 ὲργάζοιντ¹
1287 1157 1319 1185 ἂν
1338 1157 1381 1194 [Ρ.
1398 1156 1461 1190 5841
1481 1157 1515 1183 τὰ
1528 1156 1575 1183 τοῦ
1592 1156 1698 1191 θέρους,
1719 1156 1843 1189 ’Δμογα-

1049 1207 1144 1242 ὀάροις
1171 1205 1199 1232 δὲ
1215 1205 1284 1235 τέως
1308 1204 1452 1239 ἀνακωχὰς
1478 1202 1566 1233 διδοὺς
1589 1202 1626 1232 ὡς
1641 1201 1741 1228 αὐτίκα
1757 1209 1844 1227 κατα-

1048 1252 1240 1287 δραμούμενος
1259 1249 1444 1285 συναχθεισῶν
1461 1249 1515 1275 τῶν
1533 1248 1685 1282 δυνάμεων,
1700 1247 1797 1273 ἔπειτα
1813 1247 1844 1271 ἐν

1048 1299 1123 1334 τρισὶ
1152 1298 1200 1325 καὶ
1224 1297 1289 1324 δέκα
1315 1297 1394 1323 ναυσὶ
1423 1296 1585 1326 Γεννουῒτας
1609 1295 1641 1321 ἐκ
1663 1295 1717 1321 τῶν
1743 1294 1845 1326 Λαζῶν

1050 1379 1087 1417 se
1104 1389 1170 1416 feris
1193 1387 1335 1415 maleficiis
1358 1387 1561 1415 monstrabant.
1585 1387 1633 1414 His
1659 1386 1840 1413 Andronicus

1051 1438 1159 1464 cunctis
1171 1436 1301 1470 cognitis,
1314 1439 1340 1462 et
1352 1442 1432 1469 quem
1446 1442 1494 1468 par
1509 1438 1569 1461 erat
1583 1442 1615 1460 ex
1632 1433 1711 1460 clade
1727 1438 1842 1467 accepta

1052 1483 1173 1510 dolorem
1192 1487 1220 1509 et
1241 1481 1365 1508 sentiens
1379 1485 1407 1506 et
1423 1481 1567 1514 protitens.
1585 1479 1641 1507 tilio
1656 1481 1767 1515 quidem
1786 1480 1844 1507 Au-

210 1521 244 1547 ab
257 1521 373 1548 ulterius
390 1521 581 1556 persequendo
611 1521 744 1548 cohibens
771 1529 853 1548 causa
881 1521 998 1556 spatium

1053 1534 1133 1564 gusto
1148 1527 1349 1554 consolatorias
1362 1534 1443 1559 quam
1457 1526 1575 1560 primum
1586 1526 1709 1560 scripsit,
1723 1525 1846 1552 (Iutzim-

211 1568 337 1595 Michaeli
349 1568 426 1595 dedit
441 1576 537 1595 manus
554 1576 649 1595 eorum
667 1568 815 1595 evadendi.
831 1568 869 1595 Ac
883 1567 998 1594 Romani

210 1615 319 1650 quidem
333 1615 424 1642 caeleri
442 1615 518 1641 varie
532 1614 651 1649 dispersi
674 1614 802 1646 salutem,
819 1614 862 1640 ubi
881 1614 1000 1648 quisque

211 1661 308 1695 potuit,
333 1661 479 1695 quaesiere.
492 1660 645 1694 imperator
665 1666 738 1693 aegre
758 1659 939 1694 Pamphylum
953 1660 999 1685 de-

211 1708 285 1734 latus
301 1707 337 1734 ibi
355 1706 472 1740 quievit.
497 1705 581 1732 Fama
607 1705 695 1733 cladis
720 1705 802 1739 hujus
833 1705 888 1731 late
903 1705 1000 1737 didita,

211 1755 304 1782 nullus
323 1754 519 1788 agricolarum,
546 1752 596 1779 etsi
627 1759 748 1784 summa,
778 1756 808 1778 ut
833 1756 899 1778 tunc
929 1756 1000 1782 erat,

211 1806 309 1830 aestate
322 1801 362 1828 vel
382 1799 500 1828 maxime
526 1806 609 1832 opera
625 1805 720 1825 eorum
739 1797 853 1823 maturis
868 1797 1001 1829 colligen-

211 1849 256 1876 dis
274 1847 413 1882 segctibus
428 1853 493 1872 rure
510 1846 709 1878 requireretnr,
736 1848 814 1871 extra
840 1843 1001 1871 Constanti-

213 1895 334 1929 nopolim
351 1893 501 1920 subsistere
516 1891 613 1918 voluit.
627 1891 729 1925 Longis
746 1889 868 1924 undique
882 1889 1002 1924 agmini-

213 1942 264 1969 bus
279 1941 366 1967 iustar
391 1939 580 1971 formicarum,
605 1937 784 1965 domesticam
804 1937 1001 1971 supellcctilem

212 1987 345 2022 plaustris
359 1985 517 2019 impositam
535 1991 591 2019 prae
606 1991 636 2011 se
653 1987 779 2018 agentes,
795 1983 822 2009 in
852 1982 946 2009 urbem
963 1981 1004 2009 fe-

213 2034 357 2065 rebantur,
376 2031 465 2059 securi
484 2030 628 2060 messium.
643 2036 713 2063 quas
736 2028 837 2063 partim
854 2028 881 2054 in
898 2028 1004 2062 campis

213 2081 336 2107 nomium
353 2079 480 2106 desectas
499 2077 579 2107 falce.
604 2076 705 2112 partim
730 2076 757 2101 in
786 2075 861 2102 areis
878 2075 1005 2109 nianipuo

214 2127 288 2154 latim
314 2127 340 2153 in
368 2131 461 2152 strues
481 2126 632 2159 cougestas
666 2122 873 2155 relinquebant,
901 2121 1005 2148 condo-

216 2176 313 2198 nantes
331 2170 469 2201 hostibus,
485 2173 512 2195 et
532 2169 558 2194 in
574 2169 652 2194 lucro
669 2172 802 2201 ponentes
819 2166 893 2201 quod
908 2165 1005 2193 barba-

215 2219 303 2245 ricum
321 2216 462 2244 servitium
481 2219 527 2242 aut
552 2214 655 2241 ferrum
671 2213 713 2240 vel
737 2212 804 2240 nudi
833 2218 860 2240 et
882 2212 1005 2239 omnium

215 2265 312 2298 inopes
324 2263 486 2297 eﬂugerent.
504 2261 631 2288 Victores
648 2259 776 2291 Barbari,
795 2259 841 2286 ubi
862 2259 930 2287 satis
948 2259 1006 2287 dis-

215 2314 365 2338 cusserunt
388 2307 576 2342 suspicionem
593 2305 760 2333 insidiarum
779 2313 840 2340 quae
853 2305 914 2332 illos
933 2312 947 2331 a
966 2305 1007 2332 vi-

215 2363 276 2382 ιτιος
288 2354 460 2388 insequendo
478 2353 679 2384 rctardaverat,
701 2359 751 2378 uec
765 2359 852 2387 pauca
873 2359 923 2378 nec
935 2351 1005 2379 levia

215 2403 305 2430 obviis
322 2401 402 2436 553
417 2399 567 2427 crudeliter
587 2398 729 2426 vastandis
753 2398 879 2433 exempla
904 2399 1006 2432 passim

216 2456 305 2475 avara:
323 2447 441 2474 feritatis
457 2446 618 2474 ediderunt.
635 2446 715 2473 Arcis
731 2444 832 2472 deinde
845 2445 919 2480 Apro
930 2445 1010 2472 dictae

217 2493 406 2529 oppugnanda:
433 2501 466 2520 ex
499 2501 532 2520 eo
557 2492 625 2527 ipsis
654 2491 804 2519 consilium
836 2496 930 2518 natum
955 2495 1008 2524 est,

217 2541 291 2575 quod
309 2541 334 2567 in
351 2547 411 2567 cam
433 2547 463 2566 se
477 2540 617 2573 recepisse
630 2539 730 2565 multos
744 2545 759 2564 e
771 2537 864 2572 praelia
875 2545 1011 2571 cognove-

216 2593 289 2618 rant,
306 2587 380 2614 unde
395 2586 485 2621 praeda
511 2585 643 2613 refertam
671 2584 891 2611 arbitrabantur.
916 2583 1011 2618 Copiis

216 2643 282 2670 ergo
306 2635 425 2661 admotis
450 2642 511 2660 cum
525 2633 632 2667 egregie
654 2632 755 2667 repulsi
775 2639 870 2667 parum
891 2631 1008 2666 proﬁce-

215 2686 289 2712 rent,
308 2689 358 2708 nec
375 2681 436 2715 plus
458 2687 490 2706 ex
514 2679 719 2713 persevorantia
742 2683 896 2712 sperarent,
915 2678 1005 2704 soluta

215 2726 360 2755 obsidione
378 2726 477 2753 reverti
491 2728 663 2752 statuerunt.
682 2724 791 2751 Interim
809 2723 904 2750 Alanis
919 2723 1005 2750 semel

218 2774 321 2802 amissa
337 2781 402 2808 erga
420 2773 589 2806 imperantes
603 2770 793 2798 benevolentia
811 2771 909 2804 passim
927 2770 1006 2796 obvia

219 2821 339 2854 diripere
353 2827 386 2846 ac
402 2819 516 2845 licenter
542 2816 701 2843 latrocinari
720 2816 819 2842 bonum
838 2815 908 2842 factu
922 2814 1010 2841 visum

222 2870 275 2892 cst.
293 2865 361 2899 Ergo
378 2869 406 2891 et
418 2863 473 2896 isti,
499 2871 560 2890 cum
579 2868 607 2890 ut
621 2862 702 2890 amici
719 2861 897 2896 haberentur,
919 2860 1012 2888 [tostos

1053 1575 1143 1610 paxim
1161 1578 1252 1600 autem
1266 1572 1372 1599 dimisit
1393 1571 1424 1598 ad
1450 1571 1566 1603 Alanos,
1585 1579 1699 1606 sperans
1727 1579 1844 1598 revoca-

1051 1625 1143 1648 turum
1159 1627 1206 1646 eos
1218 1618 1252 1645 ad
1264 1617 1400 1649 officium.
1417 1617 1499 1645 simul
1516 1621 1542 1644 et
1554 1617 1727 1652 Turcopulos
1741 1616 1846 1644 delini-

1052 1672 1157 1697 turum.
1170 1666 1270 1700 quibus
1282 1669 1356 1692 esset
1368 1664 1477 1698 generis
1490 1668 1517 1691 et
1534 1663 1634 1698 lingua:
1648 1663 1845 1690 communione

1052 1712 1272 1742 commendatus,
1291 1711 1386 1738 Alanis
1415 1711 1498 1736 etiam
1520 1709 1664 1737 familiaris
1678 1716 1711 1736 ex
1736 1716 1769 1736 eo
1787 1709 1844 1744 jam

1052 1762 1110 1784 tum
1135 1763 1279 1790 .tempore,
1296 1764 1351 1791 quo
1373 1755 1480 1782 militiae
1502 1762 1565 1781 cum
1591 1755 1659 1788 ipsis
1684 1755 1845 1782 societatem

1052 1803 1135 1838 Nogw
1150 1802 1305 1829 communis
1317 1801 1395 1828 ducis
1409 1800 1538 1835 auspiciis
1555 1799 1706 1833 habuerat;
1728 1803 1845 1833 praeter-

1053 1857 1141 1884 eaque
1155 1849 1291 1884 legatione
1312 1847 1425 1874 functus
1451 1846 1485 1872 ad
1498 1846 1660 1872 Tuctainem
1676 1851 1733 1873 erat
1751 1854 1757 1872 :
1771 1847 1846 1873 unde

1054 1896 1218 1923 credebatur
1254 1898 1352 1920 auctor
1395 1893 1513 1920 idoneus
1552 1892 1663 1919 futurus
1695 1893 1846 1919 suadendae

1055 1941 1124 1976 ipsis
1141 1939 1346 1968 emendationis
1368 1939 1476 1966 ostendi
1499 1938 1533 1964 ab
1554 1938 1597 1964 his
1625 1943 1722 1972 coepta:
1747 1943 1848 1965 contu-

1055 1987 1152 2014 maciae
1166 1991 1192 2014 et
1207 1986 1313 2013 reditus
1327 1985 1361 2012 ad
1377 1985 1481 2020 frugem
1495 1984 1650 2016 meliorem,
1666 1984 1845 2015 resumendo.

1055 2033 1130 2068 quod
1161 2033 1240 2060 decet
1266 2031 1405 2062 subditos,
1435 2038 1501 2065 erga
1530 2030 1672 2065 principes
1698 2030 1846 2065 obsequio.

1056 2078 1118 2114 Ipse
1133 2083 1231 2106 'autem
1261 2079 1409 2113 imperator
1432 2078 1526 2105 senior
1546 2077 1726 2104 conscribere
1755 2077 1849 2104 confe—

1056 2127 1120 2153 stim
1136 2125 1290 2153 exercitum
1303 2129 1331 2152 et
1345 2124 1477 2159 impetum
1494 2124 1521 2151 in
1538 2125 1633 2151 hostes
1647 2124 1737 2151 facere
1752 2125 1849 2159 cupie-

1057 2173 1105 2200 bat
1119 2172 1241 2207 quidem.
1258 2171 1454 2199 retardabatur
1473 2175 1563 2198 autem
1578 2171 1744 2197 necessariis
1759 2171 1846 2205 pluriv

1059 2219 1112 2247 mis
1129 2219 1156 2245 in
1176 2218 1285 2245 diversa
1302 2217 1486 2245 trahentibus.
1503 2217 1571 2244 Illud
1588 2217 1721 2244 continuo
1736 2217 1848 2251 expedi-

1057 2266 1106 2299 vit,
1122 2265 1197 2300 quod
1219 2265 1370 2292 instantius
1399 2265 1526 2298 urgebat,
1552 2268 1664 2298 propter
1687 2263 1778 2299 fugam
1800 2265 1847 2291 tali

1056 2313 1180 2344 tempore
1198 2308 1381 2343 perniciosam
1399 2315 1431 2335 ex
1447 2308 1521 2342 agris
1532 2309 1710 2340 rusticorum.
1730 2309 1840 2336 Paravit

1056 2353 1185 2380 videlicet
1202 2356 1275 2379 terra
1294 2351 1496 2380 submittendas
1510 2352 1617 2386 copias,
1644 2352 1702 2380 illis
1725 2352 1790 2379 dum
1808 2361 1852 2379 sc-

1058 2405 1135 2436 getes
1162 2403 1299 2427 meterent
1314 2404 1341 2427 et
1355 2405 1454 2427 cmtera
1472 2404 1569 2428 aestate
1587 2405 1722 2428 consueta
1739 2401 1765 2427 in
1783 2409 1849 2435 pro-

1060 2446 1206 2474 curatione
1221 2454 1338 2473 annona;
1359 2454 1444 2480 opera
1465 2450 1640 2479 exercerent,
1671 2447 1848 2474 securitatem

1059 2491 1193 2519 allaturas
1218 2492 1394 2526 requisitam.
1412 2492 1593 2528 Amogabaris
1623 2492 1746 2519 indutias
1775 2493 1851 2519 velut

1060 2536 1194 2570 quasdam
1209 2535 1369 2571 indulgebat
1379 2536 1502 2569 interim,
1517 2536 1563 2563 sed
1579 2535 1661 2572 554
1672 2544 1741 2571 quas
1753 2537 1851 2564 breves

1063 2583 1122 2611 fore
1139 2583 1302 2614 minaretur,
1321 2581 1464 2610 afﬁrmans
1480 2589 1510 2609 se
1534 2583 1627 2609 statim
1644 2587 1726 2616 atque
1736 2590 1852 2617 congre-

1063 2634 1156 2664 gasset
1169 2629 1275 2663 copias,
1297 2629 1324 2655 in
1347 2628 1408 2656 illos
1430 2628 1559 2655 infestant
1588 2629 1773 2656 incursurum.
1790 2627 1854 2656 Post

1064 2673 1121 2699 hinc
1133 2680 1259 2700 reversos
1273 2681 1288 2699 e
1303 2672 1383 2699 Lazis
1405 2671 1566 2699 Ge'nuenses
1587 2681 1650 2700 cum
1667 2673 1783 2700 navibus
1801 2678 1850 2700 tre-

1064 2719 1151 2746 decim
1180 2718 1213 2745 ad
1245 2726 1383 2745 armorum
1402 2725 1496 2745 secum
1524 2719 1685 2746 societatem
1706 2719 1851 2746 iucundam

1062 2770 1106 2793 est
1124 2765 1252 2800 pellicere
1275 2770 1403 2792 conatus.
1424 2764 1478 2792 Sed
1505 2770 1612 2792 tantum
1633 2765 1721 2792 abfuit
1737 2771 1766 2792 ut
1780 2765 1807 2792 id
1829 2765 1853 2792 ci

1063 2811 1210 2839 consilium
1234 2811 1395 2838 succederet
1421 2819 1455 2839 ex
1475 2815 1550 2844 voto,
1583 2817 1612 2839 ut
1635 2812 1704 2840 duas
1722 2812 1855 2839 continuo

1066 2867 1150 2886 navos
1167 2858 1290 2885 omnium
1313 2859 1431 2893 optimus
1448 2858 1544 2886 \‘idcrit
1569 2859 1690 2894 cxpcdiri
1708 2859 1741 2886 ab
1769 2859 1802 2885 iis
1828 2859 1854 2885 in
