1957 3066
75 120 123 150 60‘)

537 118 586 148 DE
605 116 829 148 ANDRONICO
846 115 1078 146 ΡΑΙιβΕΟΙιΟῧΟ
1092 116 1165 146 LIB.
1183 116 1233 145 VI.

1650 117 1703 148 610

76 176 299 211 ὑποστρέψαντας
319 177 474 212 συμμαχεῖν
491 177 630 212 ἐπεχείρει
644 175 759 203 πείθειν.
783 174 865 202 Ἀλλὰ
880 178 902 204 Α
917 173 1173 209 δουλαγωγηῦέντες
1197 174 1477 211 ὲγκατενλείτϐησαν.
1501 177 1555 203 οὐδ’
1577 177 1655 203 αὐτοί
1677 185 1708 211 γε

75 219 198 246 τοσοῦτον
228 220 284 247 τῶν
314 221 507 256 βουλευμάτων
532 221 644 256 ἐδέησεν
673 221 744 248 ὥστε
768 221 816 247 καὶ
837 220 866 253 ἐξ

75 265 160 291 αὐτῶν
175 266 225 292 δύο
245 267 312 298 ναῦς
334 267 384 298 τὰς
402 268 551 299 καλλίστας
579 267 728 294 ἐκπλεῦσαι
745 267 864 300 ἀγούσας

76 312 139 345 πρὸς
154 311 267 339 Ἰταλῶν
290 313 342 348 ἤθη
369 315 416 340 καὶ
441 314 689 349 Μπυριγέριον.οἱ
713 314 735 340 δ’
752 315 781 340 ἐν
806 314 866 344 ταῖς

75 356 178 387 λοιπαῖς
192 357 352 385 Γεννουῖται
367 358 397 384 τὸ
412 358 564 393 ἐμπορικὸν
577 359 770 394 προϊσχόμενοι
784 359 867 384 ἀπαί-

77 411 130 435 ρειν
142 403 190 428 καὶ
208 403 289 429 αὐτοὶ
313 404 504 439 ἡτοιμάζοντο.
518 405 603 436 Μόλις
627 404 769 437 ἀξιώσεως
786 405 866 440 χάριν

77 449 232 482 ἐκλέγονται
249 449 307 480 δύο,
337 450 433 485 μισθοῦ
457 451 635 485 νομισμάτων
661 451 866 486 ἑξακισχιλίων,

77 494 141 528 πλὴν
156 495 202 520 ἐπὶ
222 496 329 529 ῥητοῖς,
351 495 422 522 ὥστε
438 497 482 530 ὑφ’
497 497 570 532 ὅρκῳ
597 497 698 532 βεῆαίῳ
712 497 758 523 δύο
779 497 866 532 μῆνας

77 540 249 567 ἐκδουλεῦσαι
265 541 302 576 τῷ
320 542 434 576 βασιλεῖ,
451 543 680 577 συμπράττοντας
694 545 750 574 τοῖς
763 543 866 574 λοιποῖς

79 587 120 612 καὶ
140 587 331 621 πολεμοῦντας
358 589 386 619 ἐς
405 588 477 614 ἅπαν
497 589 535 620 ὡς
553 589 660 624 ἐχθροῖς
686 589 819 624 βασιλέως
836 597 866 615 τε

79 634 121 660 καὶ
131 633 178 659 τοῦ
200 635 370 669 περιφανοῦς
398 635 473 670 σφῶν
501 636 652 671 ξυνεδρίου.
668 637 699 662 ()t
716 636 737 662 δ’
761 637 789 662 ἐν
807 637 867 667 ταῖς

80 680 224 712 ὲπιλοῑποις
254 682 333 707 ὲννέα
347 681 504 716 ὡμολόγουν
528 682 566 716 τῷ
590 682 697 716 βασιλεῖ
719 684 765 708 καὶ
789 683 868 708 αὐτοὶ

79 727 218 762 ἐπιστῆναι
237 728 355 762 δωρεὰν,
386 730 432 754 καὶ
453 730 494 763 ἐφ’
512 730 630 764 ἡμέραις
658 731 867 764 προσκαρτερή-

80 781 167 804 σαντες
184 774 260 800 κατά
275 783 337 800 τινα
361 775 413 800 τῶν
432 776 537 810 ἐχυρῶν
565 776 666 801 δειλίαν
693 776 795 810 πρᾶξαι
820 775 868 801 καὶ

78 817 142 853 υπὲρ
158 817 213 844 τῶν
232 818 396 852 Ῥωμαϊκῶν
411 819 583 855 πραγμάτων
598 821 791 855 πειράσασθαι,
806 821 869 847 κάν-

77 863 167 890 τεῦθεν
180 865 348 900 ἀναχωρεῖν,
371 865 423 892 κᾶν
438 867 555 894 εὑοδοῖεν
571 867 624 894 κᾶν
641 868 690 902 μή.
705 867 798 894 Ταῦτα
811 867 869 894 δια-

79 910 247 945 πραξάμενος
259 911 397 946 βασιλεὺς,
408 914 466 944 πῶς
477 914 508 940 ἂν
520 914 550 940 τὸ
560 913 686 940 ἐντεῦθεν
698 914 752 940 τῶν
764 914 870 949 ἐχθρῶν

79 959 264 993 περιγένηται,
281 959 478 994 βουλευόμενος
493 960 644 988 διεσκόπει.

79 1013 123 1046 λγ.
145 1014 214 1048 Περὶ
247 1013 310 1041 τῶν
327 1015 363 1052 ἐν·
380 1016 419 1050 τῇ
447 1016 696 1050 Ἀδριανουπόλει
715 1017 868 1052 ἐγκεκλει-

299 1051 420 1085 σμένων
437 1052 655 1086 Ἀμογαϐἀρων.

111 1094 152 1130 [Ρ.
169 1095 235 1131 585]
262 1097 301 1122 Οὑ
329 1097 382 1132 μὴν
410 1097 437 1124 δὲ
465 1098 512 1124 καὶ
541 1099 565 1124 ot
583 1099 634 1125 ἀνά
657 1099 707 1133 τὴν
729 1098 868 1133 Ἀδριανοῦ

81 1142 300 1178 ἐγκεκλεισμένοι
316 1143 477 1174 Κατελάνοι,
503 1145 568 1179 περὶ
588 1143 723 1180 ἑξήκοντα
740 1144 828 1178 ὅντες,
844 1145 869 1171 οἳ

81 1189 122 1214 καὶ
134 1188 179 1215 τοῦ
201 1189 345 1224 Καίσαρος
359 1189 481 1217 ἐκποδὼν
499 1191 642 1225 γεγονότος
658 1191 754 1217 ἔπειτα
777 1191 871 1226 ὅρκοις

83 1278 192 1312 Italiam,
215 1284 409 1314 reportaturas
431 1280 497 1308 illuc
518 1279 713 1316 Mpyrigerium
737 1281 771 1308 ad
790 1281 870 1309 sedes

84 1326 208 1359 ipsorum.
233 1326 289 1360 Qui
308 1331 398 1355 autent
418 1332 582 1361 supererant
609 1328 635 1354 in
665 1328 871 1356 atiis.navibus

82 1371 247 1404 Genuenscs.
266 1375 301 1400 ad
322 1375 483 1401 solvende
509 1379 536 1402 et
556 1375 608 1409 ipsi
627 1375 869 1409 comparabantur,

84 1419 263 1446 obtendentes
283 1421 318 1446 ita
336 1420 378 1447 sui
401 1421 574 1448 mercimonii
603 1422 725 1448 rationes
744 1428 870 1455 poscere.

84 1463 158 1498 .iigre
171 1466 285 1493 tandem
300 1466 391 1493 multis
409 1468 537 1500 precibtts
552 1467 578 1493 in
593 1475 691 1502 magna
707 1473 783 1500 parte
807 1475 870 1501 gra-

85 1511 123 1536 tiae
141 1511 321 1546 impetratum
340 1518 393 1545 est,
415 1519 443 1539 ut
459 1512 521 1542 dua:
537 1521 620 1540 naves
639 1513 797 1548 imperatori
821 1513 871 1540 mi-
884 1527 906 1555 α

85 1557 194 1585 litaturze
220 1563 436 1593 segregarcntur
459 1567 474 1585 e
495 1559 584 1586 classe
609 1559 726 1593 reliqua,
744 1559 871 1586 mercede

84 1607 154 1634 pacta
172 1611 220 1630 sex
241 1605 359 1630 millium
387 1612 575 1636 nummorum,
596 1605 679 1640 idque
698 1606 750 1632 sub
775 1605 871 1632 condi-

86 1655 153 1676 [tune
174 1651 286 1677 diserte
310 1651 439 1685 stipulata
458 1655 484 1678 et
510 1651 692 1686 jurejurando
718 1651 871 1679 inviolabili

86 1698 197 1729 tit-mata,
223 1697 297 1724 haud
322 1697 391 1723 ultra
412 1705 522 1725 menses
539 1699 611 1726 duos
629 1699 691 1726 illas
711 1699 870 1734 imperatori

87 1743 246 1775 servituros,
264 1743 311 1770 sed
328 1743 381 1770 isto
402 1744 524 1771 bimestri
539 1745 673 1772 duntaxat
687 1747 776 1780 spatio
789 1747 872 1780 impe-

87 1792 186 1817 ratoria:
199 1791 270 1817 istas
283 1794 469 1817 acccnsendas
489 1792 583 1823 classi,
597 1793 775 1827 navigaturas
791 1799 816 1820 et
829 1793 871 1820 ci-

87 1839 122 1860 tra
141 1836 338 1870 exceptionem
356 1841 525 1870 pugnaturas
542 1838 624 1864 ullam
647 1839 781 1866 adversus
795 1839 872 1866 Cate-

87 1881 156 1908 l.n:os
183 1887 209 1908 et
237 1881 427 1915 Amogabaros
450 1882 488 1909 uti
519 1883 611 1910 hostes
632 1884 809 1919 imperatoris
844 1891 871 1912 et

87 1926 247 1958 perillustris
260 1932 374 1954 senatus
388 1928 524 1962 ipsorum.
538 1929 663 1956 Aliarum
680 1938 740 1965 quae
760 1939 872 1966 supere-

88 1978 142 1998 rant
160 1981 260 2000 norem
279 1976 390 1999 navium
410 1980 532 2002 vectores
545 1976 658 2009 polliciti
676 1982 742 2003 sunt
767 1977 871 2004 substi-

87 2023 157 2046 turos
173 2028 201 2047 se
217 2019 252 2046 ad
273 2019 332 2046 dies
345 2019 450 2054 aliquot
467 2021 564 2054 gratis.
578 2027 605 2048 et
621 2022 653 2049 ad
669 2026 804 2051 terrorem
821 2024 870 2050 bo-

88 2065 167 2091 stihtls
198 2064 390 2092 incutiendum
428 2067 547 2099 speciem
589 2068 752 2100 praebituros
791 2070 870 2103 quasi

88 2109 258 2136 militantium
272 2111 405 2145 auspiciis
417 2112 543 2146 Augusti,
556 2114 623 2147 quin
635 2118 662 2140 et
677 2114 699 2141 si
714 2122 743 2141 se
761 2114 870 2142 interim

88 2155 171 2190 aliqua
189 2157 302 2183 oﬂ'erret
320 2159 430 2183 occasio
448 2158 486 2184 rei
504 2157 574 2185 bene
590 2159 729 2193 gerendae,
754 2160 872 2187 collatu-

90 2209 129 2229 ros
146 2210 193 2236 pro
211 2203 282 2229 virili
301 2210 411 2237 cperam
434 2204 601 2237 adjuvandis
624 2204 769 2237 Romanis,
794 2207 869 2234 salva
888 2208 908 2234 ι)

89 2256 190 2283 semper
209 2251 317 2282 integra
338 2249 464 2276 libertate
480 2250 591 2284 quando
609 2252 713 2278 vellent
739 2253 869 2286 abeundi,

90 2295 142 2320 sive
158 2295 262 2329 aliquid
279 2294 402 2321 eﬂectum
425 2295 481 2329 jam
512 2302 585 2323 esset
603 2297 662 2324 sive
683 2305 749 2324 non.
769 2298 815 2324 llis
831 2299 872 2326 sic

92 2343 234 2370 transactis
253 2343 402 2376 imperator
420 2347 495 2369 tutus
511 2348 570 2370 erat
589 2343 616 2370 in
633 2344 810 2378 disquirenda
828 2353 873 2372 ra-

92 2389 159 2416 tione
177 2390 302 2417 victoria:
313 2389 346 2416 de
363 2390 488 2417 hostibus
505 2393 688 2424 reportandae.

155 2459 198 2486 55.
218 2458 254 2485 De
274 2458 402 2485 conclusis
419 2458 596 2492 Adrianopoli
616 2460 804 2495 Amogabaris.

125 2527 194 2554 Inter
211 2529 267 2555 haec
285 2536 318 2555 ne
332 2528 382 2562 ipsi
402 2528 512 2562 quidem
538 2529 670 2556 custoditi
686 2529 869 2564 Adrianopoli

92 2573 207 2601 Catelaui
219 2574 330 2601 circiter
347 2575 498 2608 sexaginta,
516 2582 586 2609 quos
599 2575 746 2602 interfecto
764 2575 874 2602 Cresare

93 2620 253 2647 deditionem
270 2621 324 2646 vita
336 2620 600 2654 salvajurejuraudo
620 2625 716 2655 pactos
741 2621 797 2648 illic
813 2629 874 2648 car-

94 2674 151 2694 cere
175 2667 301 2695 comlitos
333 2667 463 2697 ditimus,
485 2670 532 2694 aut
562 2675 675 2702 prorsus
709 2668 875 2702 ignorarunt

95 2714 153 2746 quid
171 2713 328 2747 imperatori
345 2713 425 2747 555
447 2718 545 2740 contra
564 2722 643 2741 suam
662 2715 784 2748 ipsorttm
806 2723 874 2749 gen-

97 2764 147 2786 tem
168 2760 298 2794 pugnanti
316 2761 472 2790 accidisset,
490 2765 537 2786 aut
549 2768 580 2787 ea
599 2761 638 2787 uti
656 2762 753 2787 notitia
772 2762 805 2788 ad
820 2763 873 2789 sibi

97 2812 199 2839 quoque
211 2812 258 2839 per
275 2813 305 2832 se
333 2805 532 2837 consulendum
564 2807 719 2840 neglexere,
738 2807 872 2841 siquidem

98 2859 154 2878 ctnn
170 2854 239 2877 tanta
258 2851 312 2877 late
340 2859 495 2886 pervagatis
517 2852 639 2880 fusorutn
660 2853 872 2888 fugatortunquc

917 220 948 245 τὸ
963 218 1028 253 περὶ
1046 219 1090 244 τον
1107 218 1220 253 βασιλέα
1234 219 1390 247 ἀνάπυστον
1404 222 1514 255 γεγονὸς
1529 222 1559 248 τὸ
1577 223 1709 256 παράπαν

918 265 1046 299 ἠμέλουν,
1062 265 1131 291 ἀλλὰ
1156 265 1251 300 φήμης
1276 265 1444 301 διαδοθείσης
1460 269 1498 299 ὼς
1523 269 1593 294 κατὰ
1609 269 1709 303 κράτος

918 310 1091 344 ἡττηθέντων
1105 310 1159 336 τῶν
1177 311 1318 346 ἡμετέρων
1333 312 1380 338 καὶ
1395 313 1420 338 οἱ
1443 313 1490 339 τοῦ
1505 314 1603 346 γένους
1619 314 1710 341 αὐτῶν

920 356 1001 390 μέχρι
1018 357 1065 383 καὶ
1091 356 1182 382 αὐτῶν
1197 357 1278 389 iactv,
1295 358 1444 393 ἀρήξοντες
1469 360 1554 393 σφίσι,
1579 360 1710 395 ῥήξαντες

917 402 952 428 τὰ
967 403 1066 437 δεσμὰ,
1093 404 1154 429 ἐπεὶ
1171 404 1356 437 ἐκφυγγάνειν
1373 405 1422 430 οὐκ
1439 403 1510 440 εἶχον
1535 406 1710 432 δυσανοὶκτου

917 449 995 480 ὄντος
1020 449 1067 475 τοῦ
1093 449 1200 484 πύργου
1227 450 1271 476 ἵνα
1291 451 1339 476 καὶ
1357 451 1562 486 ὲγκαῦἱδρυντο,
1578 453 1634 479 ἄνω
1659 461 1710 478 που

918 494 1107 530 ἀνερῥηφότες
1128 495 1198 522 κατὰ
1214 496 1245 521 τὸ
1264 494 1398 532 ὕπαιθρον
1415 497 1520 522 ἐκεῖθεν
1538 498 1712 532 παρακειμέ-

918 549 978 570 vat;
994 541 1108 575 πέτραις
1123 541 1333 576 ἠκροϐολίζοντο
1351 542 1399 568 καὶ
1416 543 1478 573 τοὺς
1495 543 1620 573 ἐπιόντας
1637 542 1710 577 ἠμύ-

918 594 1004 617 νοντο,
1034 587 1217 620 σκοπούμενοι
1244 587 1430 614 καταπίπτειν
1457 587 1516 622 μετ’
1548 589 1709 621 ἀσφαλείας.

925 632 996 658 ‘AD,’
1016 633 1065 658 οὐκ
1078 632 1176 666 ἤνυτον
1196 633 1225 658 τὸ
1247 633 1388 668 παράπαν,
1409 633 1464 660 τῶν
1478 633 1595 660 πολιτῶν
1617 634 1711 670 ἐκείνῃ

919 687 956 714 πη
985 679 1181 714 περιστάντων.
1200 680 1280 706 Ὅθεν
1305 681 1353 706 καὶ
1375 680 1473 713 ὀλίγων
1499 682 1712 715 φυγομσχησείν-

919 733 973 750 των
988 724 1035 750 καὶ
1055 724 1170 755 ἑαυτοὺς
1193 725 1381 760 παραδόντων,
1402 727 1425 752 οἰ
1451 727 1541 753 λοιποὶ
1566 728 1646 762 μέχρι
1664 729 1712 754 καὶ

919 770 1002 796 αὑτοῦ
1020 770 1138 797 Θανάτου
1154 771 1349 805 ἐνεργέστερον
1369 772 1520 806 ἐπολέμουν
1537 773 1582 799 καὶ
1602 773 1713 808 βάλλον-

919 825 965 848 τες
981 817 1188 851 ἐτιτρώσκοντο.
1215 817 1299 848 Τέλος
1316 817 1382 851 ὕλην
1407 819 1581 853 παντοδαπῆν
1605 827 1712 854 συμφο-

923 864 1055 899 ρήσαντες
1073 864 1099 889 οἱ
1123 863 1230 890 πολῖται
1248 863 1303 898 πῦρ
1321 865 1424 890 ἐνιᾶσιν
1439 864 1477 896 ὡς
1498 865 1712 899 καταφλέξοντες

920 910 967 935 καὶ
982 908 1087 944 πύργον
1111 909 1237 940 καὶτοὺς
1262 910 1290 936 ὲν
1314 910 1411 945 τούτῳ.
1427 911 1480 937 Καὶ
1507 911 1537 937 τὸ
1562 912 1611 946 μὲν
1630 911 1712 946 ᾔρετο

922 954 1005 989 μέγα,
1026 955 1050 979 οἱ
1067 953 1095 980 δὲ
1108 955 1140 989 τῇ
1157 954 1236 989 φλογὶ
1253 954 1437 990 ἑνειλούμενοι
1451 956 1506 983 οὐδ’
1519 957 1547 987 ἐς
1565 956 1652 991 βραχὺ
1664 956 1711 983 τοῦ

921 1000 1053 1035 εὐτόλμου
1071 1001 1272 1035 καθυφείκεσαν
1288 1002 1419 1037 λήματος,
1431 1003 1499 1029 ἀλλὰ
1512 1003 1620 1038 πρῶτον
1635 1011 1713 1038 περι-

919 1047 1044 1080 δυόμενοι
1064 1048 1190 1082 ἐσθῆτας,
1218 1048 1290 1074 κατὰ
1316 1049 1402 1083 πυρὸς
1430 1048 1584 1084 βάλλοντες,
1608 1049 1637 1075 τὸ
1655 1049 1713 1084 πῦρ

920 1091 975 1120 οἷον
999 1094 1146 1129 ἠμύνοντο,
1168 1095 1265 1121 ἔπειτα.
1291 1095 1352 1122 κατ’
1375 1095 1465 1130 ὀλίγον
1495 1095 1712 1132 κραταιουμένου

921 1140 969 1166 τοῦ
985 1141 1130 1175 φλέγοντος
1155 1141 1334 1176 ἀνηλίσκοντο
1350 1143 1378 1174 ὲς
1397 1144 1463 1170 αὐτὸ
1480 1143 1621 1178 πηδῶντες
1634 1142 1712 1169 ὲκόνα

921 1195 977 1219 τες,
995 1187 1146 1223 φιλήμασιν
1167 1189 1297 1223 ἀλλήλους
1319 1190 1513 1224 ἀφοσιούμενοι
1531 1191 1577 1216 καὶ
1602 1189 1713 1225 σταυρῷ

923 1285 1023 1312 magno
1039 1278 1132 1312 przelio
1151 1277 1340 1305 Romanorum
1353 1286 1367 1305 a
1384 1279 1442 1305 suis
1459 1279 1660 1307 contribulibus
1677 1279 1711 1307 ad

922 1323 998 1358 ipsos
1015 1331 1127 1358 quoque
1151 1324 1333 1358 pervenisset,
1352 1325 1467 1351 audacia
1487 1326 1634 1353 confestim
1651 1326 1714 1354 inde

922 1375 1031 1404 sumpta
1049 1378 1097 1397 sua
1117 1371 1235 1404 primum
1251 1371 1301 1404 ipsi
1317 1371 1428 1398 vincula
1447 1379 1555 1406 rupere.
1575 1371 1712 1405 Quondam

923 1423 1014 1444 autent
1033 1425 1066 1444 nc
1087 1417 1126 1443 sic
1140 1417 1250 1451 quidem
1268 1417 1388 1452 eﬂngere
1410 1418 1549 1446 valebant.
1575 1423 1651 1446 lurre
1670 1412 1722 1450 ἱηοῗ

923 1468 965 1490 tra
979 1472 1060 1497 quam
1074 1468 1154 1490 erant
1165 1463 1252 1490 clausi
1266 1471 1328 1490 cum
1345 1463 1430 1490 muris
1444 1465 1604 1491 solidissimi
1623 1465 1714 1499 operis

923 1518 975 1537 nec
990 1510 1097 1544 eﬂringi
1114 1517 1197 1536 manu
1228 1510 1369 1541 l'acilibus,
1393 1516 1449 1536 tum
1473 1511 1560 1537 valvis
1590 1512 1713 1538 securis-

926 1557 995 1584 sime
1025 1556 1176 1583 obstructis
1205 1556 1420 1583 ineluctabiliter
1451 1557 1555 1583 exitum
1583 1556 1721 1591 negante,

925 1608 1053 1638 superato
1070 1603 1132 1637 ejus
1149 1602 1271 1636 fastigio,
1291 1602 1337 1630 ubi
1354 1603 1497 1630 subdivalc
1524 1603 1634 1637 patebat
1648 1610 1714 1637 spa-

926 1650 1006 1681 tium,
1024 1649 1086 1676 inde
1100 1653 1224 1684 repertas
1238 1648 1293 1675 illic
1321 1653 1413 1683 petras
1427 1649 1454 1675 in
1474 1653 1586 1676 nostros
1601 1649 1712 1683 dejicie-

926 1697 1003 1728 bant,
1021 1696 1061 1723 sic
1078 1699 1221 1723 studentes
1235 1700 1399 1729 praevertere
1415 1703 1449 1723 ne
1470 1696 1620 1722 descensus
1634 1703 1667 1722 ex
1681 1702 1714 1722 eo

927 1742 987 1769 loco
1016 1743 1152 1776 ipsorum,
1184 1741 1211 1768 in
1235 1748 1291 1775 quo
1316 1749 1398 1776 quam
1421 1740 1599 1768 securissime
1621 1740 1715 1767 liceret

927 1787 1088 1815 adornando
1105 1787 1217 1814 interim
1238 1787 1377 1814 industria
1394 1795 1491 1822 magna
1506 1787 1681 1820 satagebant,
1699 1793 1714 1812 a

926 1834 1086 1861 custodibus
1121 1833 1229 1861 inferne
1260 1833 1479 1868 repugnantibus
1507 1832 1714 1867 prohiberetur.

927 1880 1028 1908 Verum
1043 1880 1302 1915 Adrianopolitanis
1319 1880 1352 1906 ad
1367 1880 1516 1906 tumultum
1544 1880 1717 1906 accurrenti-

926 1930 978 1955 bus
989 1927 1208 1962 juvantihusque
1220 1927 1362 1958 custodes,
1378 1934 1472 1961 parum
1492 1927 1561 1960 ipsis
1585 1934 1652 1953 suus
1667 1930 1716 1952 aut

927 1981 1042 2009 prorsus
1079 1973 1147 2005 nihil
1177 1973 1369 2008 quantuslibet
1396 1977 1515 1999 conatus
1542 1972 1714 2006 proﬁciebat.

928 2020 1005 2048 Unde
1020 2020 1113 2055 paucis
1133 2020 1180 2055 qui
1197 2020 1309 2046 demissi
1334 2028 1365 2046 ex
1386 2019 1442 2046 alto
1459 2018 1575 2048 frustra,
1595 2017 1716 2051 undique

926 2067 1032 2099 ambiti,
1049 2066 1143 2100 fugere
1156 2065 1370 2096 contenderant,
1398 2065 1519 2098 denique
1536 2072 1598 2092 sese
1615 2065 1716 2092 dedere

926 2112 1042 2143 coactis,
1068 2111 1166 2146 reliqui
1195 2119 1317 2146 pugnare
1338 2119 1427 2145 usque
1453 2111 1485 2138 ad
1519 2117 1643 2143 mortem,
1661 2119 1717 2145 qua

926 2160 1018 2187 solent
1043 2158 1180 2193 desperati
1204 2157 1317 2191 ferocia,
1344 2164 1535 2193 perrexerunt.
1557 2159 1590 2185 Et
1611 2159 1718 2192 jacnla-

925 2204 1083 2237 banturjlli
1106 2204 1217 2238 quidem
1247 2205 1330 2230 noxic
1358 2212 1364 2231 :
1393 2210 1523 2231 caeterum
1552 2203 1672 2238 tmdiqtte
1689 2208 1717 2230 et

928 2252 979 2284 ipsi
997 2251 1059 2278 telis
1085 2251 1198 2285 appetiti
1230 2251 1460 2277 vulnerabantur.
1494 2250 1662 2277 Procedente
1690 2250 1718 2277 in

929 2299 1038 2332 longum
1051 2297 1216 2329 certamine,
1238 2302 1345 2331 perttesr
1366 2305 1449 2324 ruerat
1463 2298 1540 2324 cives
1563 2302 1640 2324 strue
1661 2297 1718 2324 cir-

928 2352 991 2371 cum
1008 2344 1129 2378 undique
1148 2344 1269 2370 materiae
1295 2349 1425 2378 congesta
1441 2345 1532 2378 ignem
1554 2343 1718 2378 subjiciunt,

929 2397 957 2418 ut
972 2391 1068 2418 turrim
1085 2391 1168 2417 simul
1183 2398 1246 2416 cum
1261 2397 1292 2416 ea
1305 2390 1421 2417 inclusis
1436 2389 1620 2417 combusturi.
1635 2388 1720 2415 Exar-

926 2438 962 2465 sit
993 2438 1164 2464 luculentutn
1198 2436 1372 2472 incendium,
1407 2436 1488 2470 cujus
1517 2435 1631 2462 involuti
1656 2435 1720 2462 licet

926 2485 1042 2512 ﬂammis
1067 2483 1245 2519 Amogabari.
1262 2491 1295 2509 ne
1316 2483 1357 2509 vel
1385 2483 1530 2509 tninitnum
1547 2483 1659 2515 quidem
1684 2481 1718 2508 de

928 2539 1062 2567 generosa
1085 2530 1224 2566 pugnandi
1252 2529 1367 2555 audacia
1389 2529 1532 2559 remisere,
1549 2528 1596 2554 Sed
1615 2527 1719 2561 princi-

929 2579 973 2612 pio
989 2577 1098 2612 quidem
1116 2580 1249 2604 exuentcs
1274 2583 1304 2602 se
1323 2575 1447 2602 vestibus
1463 2581 1511 2601 eas
1527 2575 1553 2600 in
1572 2574 1660 2608 ignem
1678 2574 1720 2600 in—

928 2622 1102 2658 dignabundi.
1129 2629 1159 2648 ac
1193 2621 1267 2648 velut
1292 2620 1430 2647 ﬂammam
1470 2620 1551 2647 ferire
1573 2620 1719 2646 studentes

927 2668 1077 2701 jaciebant.
1096 2667 1197 2694 deinde
1221 2667 1354 2701 paulatim
1374 2672 1442 2694 aestu
1466 2674 1496 2694 se
1520 2666 1719 2693 corroborante

930 2715 1176 2751 consumebantur,
1197 2714 1270 2741 ultro
1287 2715 1314 2741 in
1337 2715 1434 2749 globos
1456 2713 1629 2740 ﬂatnmarum
1652 2712 1719 2738 insi-

931 2762 1039 2794 lit-ntcs,
1057 2753 1201 2796 postquam
1216 2761 1319 2788 mutuis
1334 2761 1386 2787 sibi
1411 2760 1500 2786 oculis
1516 2761 1575 2786 vale
1590 2760 1719 2785 dixerant

929 2814 955 2834 ιιι
969 2809 1047 2844 signo
1060 2809 1152 2835 crucis
1163 2816 1245 2834 manu
1259 2808 1376 2834 formato
1388 2815 1447 2834 sese
1461 2808 1645 2833 muniveraat.
1660 2805 1719 2832 [tuo

930 2855 999 2881 inter
1018 2855 1068 2882 hos
1095 2854 1221 2890 juvenes,
1246 2858 1273 2882 et
1293 2854 1428 2889 sanguine
1444 2853 1559 2881 ‘fratres
1583 2857 1611 2880 ct
1638 2852 1720 2890 556
