1957 3066
68 175 115 210 617

509 170 558 205 DE
578 166 800 203 ANDRONICO
821 163 1054 200 PALJSOL'OGO
1075 162 1147 197 LIB.
1170 161 1238 196 VII.

1646 138 1697 195 51s

860 240 911 284 Ζ.

66 315 99 341 α’.
123 308 334 344 Μεταχείρισις
357 305 493 344 sip-nyrae}!
517 303 571 331 τοῦ
598 302 753 336 ,ϐασιλέως
779 303 853 337 πρὸς
870 300 950 332 Ατὺν
978 300 1042 333 περὶ
1070 295 1160 344 ψυχῆς
1195 297 1322 344 τρέχουσι
1354 297 1503 344 κατήπειγε
1526 291 1565 344 ντδ
1602 304 1701 333 μεταν-

346 341 578 377 Ἀμοταΰάρους.

100 391 142 428 [Ρ.
161 389 226 424 ’5951
244 387 314 423 Ἤδη
334 387 383 423 μὲν
398 385 444 413 οὖν
460 386 516 412 τοῖν
544 384 679 420 βασιλέοιν
695 383 733 418 τῷ
750 383 800 418 μὲν
816 384 855 409 εἰ-

69 436 160 463 κοστδν
175 436 222 461 κιὶ
237 434 340 469 τρίτον,
360 431 398 466 τῷ
412 432 439 458 δὲ
456 430 609 457 δωδέκατον
622 428 855 464 αὐτοκρατοροῦσι

70 480 220 515 ξυνέϐαινεν
248 477 427 512 ὲξσινύεσθαι,
452 476 499 502 καὶ
515 476 549 502 τὰ
566 475 614 510 μὲν
640 474 701 501 κατ’
719 474 854 508 ἀνατολὴν

71 528 114 554 καὶ
128 528 155 557 ἐς
178 526 256 551 τόσον
271 524 359 550 ἐνόσει
375 523 406 548 ὲκ
430 522 478 556 τῆς
503 521 557 549 τῶν
574 520 687 556 Περσῶν
704 519 853 550 ἐπιθέσεως

46 598 49 601 ,
70 574 135 600 ὥστε
162 572 209 598 καὶ
225 570 383 606 ἀνηκέστως
398 568 471 603 ἔχειν
498 567 628 594 δοκοῦντα.
648 566 808 600 παρεῶσθαι
823 564 853 591 τὸ

70 621 186 655 ξῦμπαν,
211 618 259 644 καὶ
274 613 537 651 ἁποπροσποιεῖπθαι
553 613 586 640 τὰ
604 613 668 647 περὶ
688 612 799 639 ἐκείνων
813 613 858 638 λε-

69 668 170 703 γόμενα
181 663 222 696 οἷς
241 665 307 693 οἵοις
322 663 345 689 τ’
361 660 395 695 ἦν
409 661 554 687 ἀκούουσιν
570 660 602 686 ἂν
622 658 759 692 ἐξιᾶσθαι,
782 658 815 685 τὰ
828 657 857 685 δὲ

69 713 136 740 κατὰ
151 711 238 742 δύων,
250 709 324 735 ἔνθεν
337 708 385 743 μὲν
406 705 646 740 Ὀσῳεντῐσθλαόος
655 705 690 730 τὰ
707 703 856 739 Ἑλτιμηρῆ

70 759 202 793 κατήκοα,
220 756 296 782 οὐδὲν
309 753 541 787 ὲπευλογούμενος
556 752 596 778 ὅτι
614 751 651 786 μὴ
666 751 716 786 τὴν
732 752 761 780 ἐς
781 750 857 786 βασι-

69 805 114 830 λέι
139 804 165 829 οἱ
190 801 334 828 sarum”
355 799 529 834 αἰτιώμενος,
555 798 631 832 ἄγων
654 796 700 824 καὶ
716 797 809 832 φέρων
823 796 858 823 τὰ

70 850 155 876 πάντα
172 848 337 883 ὲξεληῖζετο,
355 846 417 881 μηδ’
432 845 522 872 αὐτῶν
537 844 592 870 τῶν
615 843 777 878 Ῥωμαϊκῶν
794 843 858 869 ἀπι-

71 897 218 932 σχόμενος,
246 893 350 921 ἐκεῖθεν
373 893 401 919 δὲ
424 891 609 926 Ἀμογάὔαροι
624 890 662 925 τῷ
684 889 745 916 καθ’
759 889 859 921 αὐτοὺς

71 943 266 978 κρατυνόμενοι
285 939 380 974 θράσει
409 937 438 971 ἐξ
463 936 583 971 ὑπογύου
609 935 680 963 κατὰ
703 935 752 970 τὴν
771 935 860 970 ιιάχην

71 989 292 1024 εὖημερήσσντες
315 985 391 1012 οὐδὲν
414 985 427 1011 ὃ
444 992 470 1010 τι
498 983 546 1010 τοῦ
571 983 646 1015 ἐντὸς
663 980 786 1016 ποταμοῦ
803 981 862 1008 Ma-

72 1036 172 1070 ρῐτξης,
191 1033 332 1067 οὖτωγπως
349 1030 503 1065 ἐπιχωρίως
526 1029 686 1064 λεγομένου,
705 1028 781 1059 ἀδεὲς
801 1027 860 1054 sla-

72 1090 119 1108 σαν
132 1081 180 1106 καὶ
195 1081 225 1106 ἐν
236 1077 414 1105 καταστάσει.
429 1076 562 1111 Εὑέφοδος
573 1076 601 1102 δὲ
617 1076 664 1102 καὶ⁸
678 1076 692 1101 ό
706 1075 777 1101 κατὰ
791 1074 863 1109 Θρᾴσ-

73 1137 121 1163 κην
135 1128 226 1153 ἔκειτο
237 1125 330 1156 τόπος,
344 1124 390 1150 καὶ
406 1124 462 1155 τοῖς
487 1122 680 1158 προσοικοῦσιν
701 1121 752 1148 ὅσα
767 1121 800 1156 δὴ
816 1121 863 1147 καὶ

908 344 1088 374 αστεὺειν,τδ
1102 343 1179 370 πάντ’
1194 343 1274 379 ἕρημ)
1283 340 1353 378 ἦσαν
1363 342 1417 368 τῶν
1429 343 1616 374 ἐνοικούντων,
1631 343 1699 378 πλὴν

908 389 948 422 οἷς
966 389 1174 425 ἀφροντιστοῦσι
1205 389 1328 416 κινδύνου
1354 390 1497 416 σκυλεύειν
1525 391 1571 416 καὶ
1587 391 1699 426 σωρεοις

907 437 1014 473 ἁποζῇν
1026 437 1055 469 ἐξ
1071 434 1234 471 alae-copia:
1248 435 1358 463 εἴθιστο.
1383 436 1411 462 Ὀ
1423 436 1513 471 μέντοι
1526 444 1557 470 γε
1575 436 1699 470 βασιλεὺς

908 483 1018 518 Μιχαὴλ
1031 482 1061 509 τὺ
1077 482 1266 518 Διδυμότειχον
1278 481 1415 513 ὑπεισδὺς,
1432 481 1462 508 οὗ
1476 491 1500 508 τι
1517 482 1640 514 ἑκούσιος
1654 491 1699 516 γε,

909 528 967 556 ἀλλ’
984 529 1034 555 οὐκ
1048 526 1081 564 ἦν
1095 528 1163 559 ὅλως
1175 527 1242 563 πρὸς
1256 527 1352 562 ἡδονὴν
1370 529 1426 559 τοῖς
1441 527 1622 562 στρατιώταις
1638 529 1684 553 sm
1693 542 1701 548 -

911 573 1027 601 σπέσθαι
1046 575 1070 600 οἱ
1094 574 1205 607 ὀκνήσει
1222 573 1385 608 ἰσχομὲνοις,
1407 572 1456 604 τὰς
1472 574 1503 599 ὲκ
1520 573 1566 599 τοῦ
1583 574 1701 606 πολέμου

910 620 1025 656 τρώσεις
1037 619 1230 655 ὲθεραπεύετοτ
1244 619 1375 649 Βασιλεὺς
1390 619 1412 645 δ’
1427 619 1564 653 ἀπογνοὺς
1577 620 1702 646 ἐντεῦθεν

911 666 960 701 τὴν
978 665 1045 701 πρὸς
1060 665 1232 697 Κατελάνους
1247 666 1348 701 μάχην,
1374 665 1473 699 ἄνδρας
1489 666 1557 697 ὅλως
1569 666 1703 693 δυσθανα-

909 710 1014 742 τῶντας
1027 711 1073 736 καὶ
1083 710 1113 736 τὸ
1131 710 1181 745 ζῇν
1193 711 1221 737 ἑν
1237 712 1345 742 πεττοῖς
1359 710 1460 738 ὡσανεὶ
1474 711 1642 745 τιθεμένους,
1660 711 1705 738 ἄ).-

910 755 963 788 λως
978 756 1047 790 ἔγνω
1058 756 1092 782 τὰ
1107 756 1177 782 κατὰ
1193 756 1305 787 τούτους
1321 757 1574 791 μεταχειρίσασθαι,
1588 758 1634 783 καὶ
1650 757 1702 792 μᾶς

911 802 979 828 λισθ¹
995 802 1036 828 ὅτι
1048 801 1196 836 ἠγγέλλετο
1212 803 1237 828 οι
1246 802 1352 836 Πέρσας
1369 803 1419 836 μὲν
1431 804 1476 830 καὶ
1489 803 1578 837 αὖθις,
1591 802 1624 839 ἢν
1634 808 1705 838 vnum

910 846 1027 881 τύχοιεν,
1052 847 1202 882 ἀντιπερᾷν
1228 846 1385 882 ὡρμῆσθαι,
1405 845 1473 875 εἶναι
1490 849 1518 875 δὲ
1541 850 1654 881 ταύτας,
1671 850 1705 885 ἢν

913 892 1041 927 βασιλεὺς
1057 892 1139 925 θέλοι,
1155 893 1203 923 τὰς
1217 892 1348 927 βασιλέως
1366 894 1457 930 ἐκείνῃ
1483 904 1522 931 πη
1538 895 1705 928 σαλευούσας

912 937 973 964 καθ’
986 937 1015 964 ὃν
1033 937 1079 964 καὶ
1090 937 1212 965 λέλεκται
1227 939 1338 973 τρόπον,
1354 939 1415 966 ὲπει
1427 941 1470 966 τοι
1482 949 1513 974 γε
1532 942 1579 967 καὶ
1590 939 1623 968 δι’
1640 942 1705 969 ὐπο-

912 984 977 1019 ψίσις
1001 984 1184 1020 Ἀμογάὃαροι
1211 984 1352 1020 γενόμενοι
1367 985 1416 1020 τῆς
1444 987 1489 1013 ἐπὶ
1511 986 1560 1022 τὴν
1586 988 1705 1015 Καλλιου

915 1030 965 1057 σὺν
980 1031 1071 1062 αὐτοῖς
1087 1031 1190 1058 εἰσόδου
1207 1030 1395 1059 διεκωλύοντο.
1416 1033 1521 1065 Αὐτοὺς
1538 1035 1566 1061 δὲ
1584 1036 1706 1063 Κατελά-

914 1086 976 1108 vou;
987 1077 1227 1112 γνωσιμαχοῦντας
1252 1079 1292 1110 εἰς
1306 1079 1355 1114 τὴν
1372 1080 1441 1114 μετὰ
1464 1080 1509 1106 τοῦ
1527 1081 1658 1115 βασιλέως
1671 1084 1709 1109 εἱ-

916 1124 1001 1158 ρήνην
1017 1124 1120 1158 ῥέπειν,
1136 1124 1170 1159 ἦν
1184 1132 1226 1156 τις
1250 1125 1285 1152 τὰ
1301 1126 1385 1151 πιστὰ
1403 1125 1477 1160 σφίσι
1494 1127 1587 1163 διδοίη.
1608 1127 1707 1164 Ἔτυχε

829 1184 943 1234 VII.

77 1261 102 1289 Ι.
121 1259 261 1287 Tractatio
278 1257 309 1284 de
332 1264 395 1291 pace
412 1254 578 1288 imperatoris
600 1260 659 1280 rum
684 1252 868 1287 Amogabaria.

125 1307 270 1334 Ambobus
284 1304 339 1338 jam
367 1301 595 1337 imperatoribus,
624 1300 727 1327 seniori
756 1299 866 1334 quidem

77 1355 186 1383 tertium
204 1357 231 1379 et
252 1351 425 1382 vicesimum,
442 1347 545 1384 juniori
564 1351 654 1373 autetu
674 1346 866 1373 duodecimum

78 1407 178 1427 annum
205 1397 314 1432 imperii
337 1395 425 1422 evolvi
457 1394 583 1428 contigit.
608 1392 718 1427 quando
742 1392 868 1426 regiones

79 1447 187 1482 quidem
202 1443 356 1472 0-ientalcs
372 1442 440 1469 adeo
456 1447 470 1467 a
488 1440 633 1467 Persarum
665 1437 869 1465 incursionibus

80 1492 252 1522 laborabant,
271 1493 300 1517 ut
317 1489 387 1516 velut
401 1487 552 1522 desperata:
564 1484 715 1513 curatioais
735 1491 766 1511 ac
792 1491 869 1518 pror-

79 1547 126 1566 sus
139 1537 322 1565 conclamatae
335 1533 546 1569 negligercntur,
565 1536 591 1559 et
611 1539 672 1567 quae
701 1531 764 1558 inde
789 1528 868 1566 562

79 1583 166 1611 tristia
181 1581 391 1612 nuntiabantur,
403 1580 436 1606 ab
451 1579 483 1607 iis
500 1578 545 1613 qtti
560 1577 642 1605 rebus
651 1581 785 1612 praeerant
800 1584 870 1611 qua-

923 1253 981 1282 Hoc
994 1255 1134 1290 Augustus
1143 1256 1236 1283 senior
1246 1261 1398 1291 compertoi
1415 1258 1569 1292 desperavit
1583 1265 1638 1286 rem
1653 1262 1710 1294 geri

924 1309 939 1328 a
969 1303 1027 1329 suis
1055 1310 1118 1329 cum
1147 1302 1245 1330 ﬁducia
1277 1309 1422 1331 successus
1455 1304 1578 1339 prosperi
1616 1311 1711 1332 contra

922 1348 1068 1376 Catelanos
1083 1355 1174 1384 posse.
1208 1349 1333 1376 homines
1360 1357 1392 1376 eo
1418 1349 1589 1378 difﬁciliores
1618 1351 1712 1378 occisu

923 1403 977 1430 quo
991 1403 1020 1424 se
1039 1397 1192 1430 promptius
1206 1398 1239 1422 ad
1253 1404 1346 1424 necem
1371 1397 1500 1425 oﬁ'erunt.
1533 1397 1610 1430 Quod
1638 1398 1711 1425 enim

925 1441 1010 1468 nihilo
1024 1442 1198 1468 cunctantius
1211 1442 1281 1469 vitas
1309 1443 1336 1469 in
1368 1443 1461 1476 praclio
1479 1451 1559 1477 quatit
1591 1444 1619 1469 in
1648 1444 1712 1471 ludo

924 1488 1043 1515 calculos
1058 1489 1084 1515 in
1101 1488 1187 1515 aleam
1202 1489 1316 1523 jaciant,
1331 1493 1361 1516 ut
1377 1489 1518 1516 abundant
1544 1488 1713 1525 ad‘quidvis

925 1533 1138 1568 aggrediendum
1159 1533 1282 1566 audacia,
1297 1534 1334 1560 ita
1350 1534 1419 1561 nihil
1435 1541 1488 1561 non
1513 1535 1586 1569 quod
1621 1543 1713 1563 susce-

927 1582 1017 1615 perint
1030 1581 1082 1608 ista
1098 1580 1285 1616 intrepiditate
1300 1581 1454 1616 perﬁciunt.
1481 1581 1565 1616 Igitur
1590 1582 1670 1609 aliam
1700 1591 1713 1609 ιι

80 1629 102 1658 si
120 1629 187 1656 nihil
203 1628 236 1655 ad
254 1627 328 1662 ipsos
344 1625 509 1661 pertinentia
524 1624 600 1659 rejici
617 1623 738 1652 solerent
749 1623 782 1650 ad
795 1623 875 1655 alios,
890 1618 912 1647 C
930 1627 1058 1662 periculis
1075 1629 1161 1663 aperti
1180 1627 1430 1656 Martisineundam
1441 1628 1492 1656 sibi
1505 1628 1714 1664 decrevit563

80 1677 102 1703 si
118 1675 166 1711 qui
184 1674 292 1710 uSpiam
306 1673 407 1705 forent,
424 1671 523 1706 quibus
544 1671 663 1699 facultas
691 1678 746 1698 nou
766 1671 873 1698 deesset

80 1722 159 1749 malis
173 1720 293 1755 cognitis
302 1718 450 1746 remedium
460 1717 619 1745 adhibendi.
632 1717 661 1745 In
675 1716 798 1744 Occiduo
809 1723 872 1744 vero

81 1771 170 1795 tractu
186 1767 252 1793 hinc
274 1764 384 1800 quidem
404 1762 670 1798 Osphcntistltlabus
693 1766 780 1790 terras
801 1762 874 1789 Elte-

81 1823 164 1843 mera:
175 1814 326 1848 subjectas,
339 1811 406 1839 nihil
422 1810 496 1838 aliud
508 1815 660 1846 pratexens
677 1809 731 1837 nisi
746 1809 807 1844 ejus
832 1810 875 1836 in-

81 1861 260 1887 clinationem
275 1859 308 1885 ad
324 1857 498 1892 imperatoris
512 1860 614 1891 partes,
634 1855 730 1891 agebat
756 1855 876 1883 ferebat-

83 1915 136 1940 que
153 1905 293 1932 hostiliter
308 1904 453 1938 diripiens,
469 1910 500 1930 ac
514 1910 547 1929 ne
556 1901 680 1931 Romano
689 1902 800 1937 quidem
813 1902 878 1928 abs-

84 1953 176 1979 tinens
193 1950 292 1982 limite;
310 1948 373 1977 inde
392 1953 482 1975 autem
495 1947 658 1982 Atttogabari
676 1954 805 1974 successu
829 1953 878 1972 nu-

84 2007 131 2034 per
147 2005 246 2033 pugnte
259 2002 391 2032 prospero
412 1997 438 2022 in
459 1995 572 2023 audacia
588 1994 740 2022 conﬁrmati
755 1992 823 2021 nihil
850 1993 877 2020 iu

85 2046 208 2080 regionn,
228 2048 329 2078 quanta
348 2048 419 2077 patet
434 2043 503 2069 citra
518 2040 631 2069 ﬂuvium
642 2040 722 2076 vulgo
734 2039 876 2067 Maritzam

85 2093 260 2121 dictum,aut
276 2096 405 2116 securum
420 2096 436 2115 ιι
454 2093 559 2116 terrore
578 2092 626 2114 aut
650 2087 782 2115 intactum
808 2094 822 2113 a
853 2085 878 2112 vi

85 2146 158 2165 smva
174 2138 367 2172 integrumque
380 2135 516 2162 sinebant.
533 2134 625 2170 Limes
637 2134 703 2170 quin
714 2134 797 2161 etiam
819 2133 881 2160 lini:-

86 2186 162 2211 timtc
177 2183 305 2210 Thracia:
320 2182 395 2209 nullo
407 2181 532 2216 praesidio
545 2181 667 2208 munitus
679 2180 712 2207 ad
734 2180 879 2207 arcendam

86 2231 188 2259 horum
206 2230 271 2261 vim,
290 2229 313 2256 si
326 2229 426 2256 vellent
444 2229 608 2263 irrumpere,
638 2227 790 2263 expositam
819 2233 879 2253 eam

928 1675 1060 1702 rationem
1076 1681 1171 1702 eorum
1188 1682 1202 1702 a
1218 1681 1248 1703 se
1265 1681 1298 1702 ac
1316 1674 1375 1702 suis
1390 1674 1526 1703 violentiae
1549 1676 1714 1703 avertendae.

927 1721 961 1748 Et
978 1727 1069 1748 causae
1084 1721 1259 1748 commodutn
1274 1721 1388 1749 aderant
1420 1728 1470 1749 cur
1495 1722 1599 1756 sperari
1626 1728 1717 1757 posset

926 1772 974 1793 eos
991 1772 1045 1793 non
1057 1770 1168 1801 gravate
1190 1766 1397 1800 compositionis
1427 1766 1592 1794 mentionem
1618 1765 1720 1794 admis-

927 1819 1019 1840 suros.
1031 1811 1236 1839 Primumenim
1261 1812 1415 1840 abducendi
1446 1812 1480 1840 ab
1508 1812 1542 1840 iis
1571 1813 1718 1842 auxiliares

929 1858 1026 1886 Persas
1060 1858 1176 1886 facultas
1206 1857 1381 1891 offerebatur,
1410 1859 1544 1893 siquidem
1570 1861 1618 1888 hos
1644 1868 1719 1887 novae

929 1906 980 1934 sub
993 1905 1131 1933 Catelanis
1167 1904 1272 1932 militiae
1300 1905 1427 1936 taedebat.
1460 1911 1510 1932 nec
1543 1905 1720 1933 dubitabatur

928 1951 1008 1986 quin,
1028 1952 1050 1979 si
1066 1951 1142 1986 copia
1159 1951 1268 1978 naviutn
1286 1950 1320 1977 ad
1333 1950 1478 1985 trajectum
1493 1950 1520 1977 in
1533 1950 1625 1978 Asiam
1653 1951 1720 1986 ipsis

930 2001 1100 2033 suppeteret,
1116 1996 1230 2024 redituri
1247 1995 1339 2023 statim
1365 1995 1400 2023 ad
1423 2003 1489 2024 suos
1515 1996 1614 2024 forent.
1637 1996 1722 2024 Posse
1770 1995 1782 2007 ‘

931 2048 1033 2076 autem,
1053 2044 1075 2071 si
1096 2043 1177 2070 vellet
1192 2042 1530 2084 imperator,eommodari
1554 2043 1594 2070 eis
1624 2043 1657 2070 ad
1683 2043 1720 2071 is-

931 2094 989 2117 tum
1001 2096 1080 2117 usum
1095 2088 1284 2123 imperatorias
1316 2094 1412 2120 naves,
1429 2087 1455 2114 in
1478 2087 1526 2114 illo
1553 2092 1618 2115 tunc
1641 2095 1720 2119 mari.

932 2144 987 2171 quo
1001 2136 1102 2162 dictum
1115 2135 1196 2161 modo
1212 2138 1261 2166 est,
1280 2137 1427 2160 morantes.
1455 2133 1529 2160 Adeo
1559 2139 1648 2161 autem
1674 2142 1722 2169 pa-

933 2183 986 2211 lam
999 2182 1171 2217 graviterque
1186 2188 1199 2207 a
1213 2180 1351 2208 Catelanis
1368 2179 1503 2207 dissidere
1529 2180 1662 2207 adtulstos
1689 2181 1723 2208 iis

934 2227 1033 2255 Persas
1048 2226 1119 2254 fama
1141 2230 1210 2258 erat,
1233 2230 1261 2253 ut
1280 2227 1329 2253 ltos
1353 2226 1390 2253 illi
1411 2225 1445 2253 ab
1473 2227 1598 2261 ingressu
1630 2235 1722 2254 sccutn

85 2281 174 2304 totam
190 2277 308 2303 istorum
324 2275 431 2309 injuriis
448 2274 615 2309 provinciam
639 2273 788 2309 praebebat,
803 2280 882 2308 coge-
898 2295 920 2322 Β
936 2274 1003 2309 ipsis
1024 2274 1154 2302 hactenus
1170 2273 1307 2300 communi
1324 2273 1546 2307 liberoqueurbis
1561 2273 1725 2308 Callipoleos

87 2324 192 2357 batque
204 2322 247 2349 sui
273 2320 386 2356 periculi
409 2321 537 2348 conscios
566 2319 626 2354 ejus
649 2320 753 2347 incolas
777 2324 880 2346 certam

86 2378 186 2397 necem
201 2373 310 2395 matura
325 2367 386 2403 fuga
399 2371 571 2403 prrevertere.
584 2366 661 2399 Quod
685 2374 747 2394 cum
771 2369 883 2393 strenue

88 2418 169 2444 ﬁeret
183 2424 196 2443 ιι
207 2415 327 2446 cunctis,
338 2419 417 2442 vasta
429 2419 456 2442 et
468 2414 671 2442 habitatoribus
686 2421 770 2441 vacua
781 2419 882 2442 cuncta

87 2467 169 2490 erant
183 2469 232 2497 per
246 2461 403 2494 Thraciam,
420 2461 488 2488 solis
500 2460 536 2488 ibi
551 2461 766 2492 remanentibus,
782 2460 892 2499 quibus.

88 2514 172 2537 antea
183 2508 336 2544 periclitari
352 2507 542 2534 latrocinando
555 2507 643 2534 solitis
663 2508 737 2534 velut
751 2507 884 2535 familiare

88 2554 249 2582 institutum
260 2553 364 2580 nefaria
383 2552 517 2587 professio
529 2552 654 2587 placebat
680 2557 758 2588 rapto
780 2560 812 2580 ac
838 2554 886 2588 per

89 2601 197 2628 scelera
217 2598 339 2626 vivendi.
354 2598 440 2627 Porro
458 2599 606 2634 imperatur
622 2597 737 2626 Michael
759 2599 886 2634 Didymo-

89 2647 179 2680 ticho,
198 2654 285 2682 quam
302 2653 392 2673 arcem
408 2646 539 2678 subierat,
553 2646 678 2674 clausum
705 2653 767 2674 sese
798 2646 887 2674 conti-

88 2696 185 2727 neliat,
203 2693 277 2720 haud
302 2692 346 2719 ille
360 2693 469 2727 quidem
485 2693 578 2720 volens
593 2702 599 2719 :
618 2692 666 2721 sed
683 2700 826 2727 erumpere
840 2699 887 2723 εει

87 2741 220 2769 stientem
229 2740 390 2767 necessario
398 2739 523 2771 sistebat,
532 2739 604 2774 quod
616 2739 747 2775 militibus
757 2739 886 2766 alacritas

88 2793 116 2814 et
140 2788 255 2814 animus
285 2785 379 2812 deerat
401 2786 490 2820 ipsum
521 2785 665 2820 sequendi.
697 2785 720 2812 si
755 2785 886 2820 prodiret.

87 2831 197 2867 Nempe
214 2831 243 2858 lii
263 2830 342 2857 fracti
361 2831 460 2857 animis
477 2831 511 2858 ob
528 2836 654 2866 acceptas
675 2832 767 2859 clades
790 2832 887 2867 ignava

88 2880 200 2907 desidia
215 2877 373 2914 tmpebant;
396 2877 467 2904 unde
480 2878 503 2904 is
527 2879 593 2904 nihil
616 2884 681 2906 tunc
705 2886 787 2913 agi-re
814 2879 888 2905 aliud

88 2927 187 2952 valens
207 2929 324 2958 acccpla
340 2923 408 2950 bello
431 2923 542 2950 vulnera
571 2932 618 2958 per
647 2925 732 2952 otium
765 2926 888 2952 curalat.

269 2985 404 3014 ιἈτηοι..
425 2984 483 3014 Gn.
502 2983 630 3014 CXLIV.

935 2321 1087 2350 novissime
1101 2328 1196 2348 arcere
1228 2320 1346 2354 coepisse
1373 2320 1440 2346 satis
1469 2324 1620 2347 constaret.
1652 2320 1724 2353 Quin

933 2375 960 2397 ct
988 2369 1022 2396 de
1036 2367 1173 2395 Cale-lanis
1190 2367 1257 2401 ipsis
1274 2366 1350 2399 sciri.
1372 2374 1492 2401 pugnare
1522 2366 1583 2395 illos
1607 2367 1724 2395 invicem

935 2414 1079 2442 sententiis
1098 2414 1130 2439 de
1144 2420 1249 2439 summa
1265 2419 1357 2439 rerum
1371 2419 1496 2445 suarum,
1507 2420 1557 2440 nec
1570 2420 1672 2447 paucos
1687 2413 1728 2449 ip-

935 2469 1027 2488 sorum
1047 2460 1079 2487 ad
1091 2459 1236 2489 consilium
1260 2458 1394 2485 inclinare
1415 2458 1540 2486 ineundae
1565 2462 1640 2494 pacis
1662 2467 1727 2488 cum

935 2509 1066 2542 Augusto,
1083 2507 1104 2533 si
1120 2504 1179 2541 ejus
1195 2512 1292 2532 secure
1308 2505 1456 2532 tractandae
1473 2504 1590 2533 facultas
1613 2505 1727 2534 oﬂ'erre-

937 2559 991 2581 tur.
1009 2553 1098 2588 Super
1114 2553 1170 2580 lucc
1185 2554 1238 2580 isto
1252 2552 1312 2587 ipso
1321 2551 1436 2579 articulo
1465 2559 1555 2580 rerum
1568 2559 1727 2586 peraccom—

938 2602 1046 2631 modate
1058 2602 1090 2629 ad
1107 2608 1170 2637 spes
1188 2601 1256 2628 tales
1274 2600 1416 2628 Iactandas
1431 2600 1546 2634 contigit
1563 2600 1728 2634 eapiqucm-

937 2649 999 2677 dam
1017 2648 1088 2683 apud
1103 2646 1398 2679 Teuedum,Jacobunt
1423 2646 1545 2678 nomine,
1575 2645 1622 2681 qui
1646 2646 1729 2680 paulo

939 2695 1016 2730 prius
1034 2702 1048 2722 a
1060 2694 1264 2722 commentariis
1275 2693 1378 2721 Caesari
1392 2692 1540 2720 Rontzerio
1560 2691 1668 2725 fuisset,
1696 2699 1729 2718 ae

939 2745 1000 2776 post
1012 2741 1072 2775 ejus
1087 2747 1180 2767 necem
1196 2740 1321 2767 missusa
1335 2738 1473 2767 Catelanis
1496 2739 1522 2765 in
1549 2737 1670 2765 Siciliam
1694 2737 1729 2764 ad

941 2787 1039 2815 auxilia
1055 2787 1123 2821 ipsis
1139 2786 1214 2814 illinc
1226 2786 1376 2819 evocanda,
1393 2785 1497 2812 litteras
1510 2784 1573 2812 inde
1583 2783 1729 2816 referebat.

941 2841 1003 2863 eum
1018 2834 1119 2868 quibus
1132 2832 1264 2860 deductus
1279 2832 1313 2859 ad
1326 2833 1517 2866 imperatorem
1536 2835 1589 2858 est.
1610 2829 1658 2857 His
1685 2829 1731 2857 illc

940 2881 1019 2912 visis,
1038 2879 1186 2913 auditoque
1201 2875 1321 2913 captivo,
1341 2877 1542 2912 magnopercin
1555 2877 1604 2903 hac
1616 2883 1730 2911 persua-

945 2926 1023 2954 sione
1041 2925 1165 2953 ﬁrmatus
1181 2929 1234 2958 est,
1253 2923 1427 2960 despondere
1447 2923 1594 2950 Catelanos
1608 2923 1732 2950 annuum

1472 2980 1512 3009 20
