1957 3066
224 120 277 154 6%

836 116 997 151 GEORGII
1014 114 1255 151 ‘PACIIYMEIUE

1791 119 1854 155 i621

222 193 281 220 ἀλλ’
298 190 338 225 οἷς
356 193 499 228 ἐντέτροφε
524 194 602 228 μῖσος
627 192 657 219 τὸ
684 191 744 219 κατ’
762 190 868 218 ἐκείνου
883 190 915 218 ἐκ
927 200 1008 218 τινων
1021 193 1046 222 Α
1059 198 1139 225 χανον
1152 190 1197 216 τοῦ
1211 189 1256 216 καὶ
1264 189 1298 216 τὰ
1315 179 1418 224 συνήθη
1433 189 1625 225 παραὸαῑνειν.
1639 190 1694 217 Καὶ
1705 187 1742 217 ὧν
1765 199 1857 226 πρατ-

223 239 345 266 παλαιῶν
363 240 534 274 μηνιμάτων,
548 239 654 270 τούτοις
675 238 723 265 καὶ
738 237 829 273 μόνοις
843 237 1006 265 αὐτόϐουλον

223 286 366 321 εῐργασται
379 286 409 312 τὸ
424 286 555 320 πραχθέν.
573 285 595 312 Τ
597 285 611 312 δ
624 285 722 311 παθεῖν
732 284 778 311 οὖν
790 284 894 310 ἐκεῖνον
906 283 940 310 τὰ
953 282 1008 318 χεί-

224 340 312 367 ριστα,
328 332 365 364 ὡς
390 333 437 367 οὐχ
451 333 517 366 ἡμῖν
537 332 616 366 μετὸν
631 331 700 363 ὅλως
715 331 755 363 εἰς
768 329 870 365 ζημίας
884 330 1006 364 δόκησιν,

224 379 317 413 σφίσιν
333 380 424 410 αὐτοῖς
439 379 478 410 εἰς
496 378 637 413 ἐκδίκησιν
654 377 851 412 περιγράφετε.
871 375 926 403 Καὶ
954 374 1008 410 μὴν

223 427 287 458 παῖς
301 424 334 460 ’ἦν
346 426 410 460 ἡμῖν
425 426 440 460 ὴ
456 424 553 457 ἐκεινῳ
568 422 742 455 συνοικοῦσα,
755 422 820 450 ὥστ’
835 422 867 448 ἂν
882 421 930 448 καὶ
945 429 1008 454 συγ-

222 471 328 506 γνωτέα
341 471 439 503 ἐδόκει,
453 470 485 505 ἦν
500 470 549 497 πού
563 470 589 496 τί
606 471 629 496 οι
640 469 687 496 καὶ
707 468 935 503 πεπλημμέλητο.
954 468 1008 494 Καὶ

221 519 251 545 τὸ
266 518 337 544 οὓτω
355 519 389 544 τὰ
412 516 670 552 πεπλημμελημένα
690 514 868 550 μετέρχεσθαι
884 515 939 545 τοῖς
954 513 1008 540 τῶν

227 564 369 598 Ῥωμαίων
397 563 491 598 ἤθεσιν
518 563 619 597 ἥκιστα
648 561 784 596 χωρητέα.
811 561 867 587 Καὶ
889 557 1008 594 τοῦτ¹ἦν

222 612 286 642 ἴσως
299 611 323 636 εἰ
340 607 476 643 προῦπτον
490 606 524 643 ἦν
537 608 566 633 τὸ
587 607 720 641 ἀδίκημα.
735 606 786 632 Ἢν
809 605 837 631 δὲ
854 604 937 639 μηδὲν
951 604 1007 639 ἔχοι

221 665 261 688 τις
280 656 405 690 ἐγιαλεῖν
416 655 452 686 ὡς
467 653 622 683 καὶ·αὖτοῖ;
636 652 703 686 ἡμῖν
721 650 893 685 βουλομένοις
908 649 1007 676 ειδέναι

222 703 254 729 ἂν
269 703 322 736 εἴη,
340 702 397 731 πῶς
414 699 446 727 ἂν
459 698 569 734 αἱρετέα
586 699 650 733 ἡμῖν
663 697 697 723 τὰ
722 697 758 731 μὴ
773 696 933 728 ξυνοισοντα
946 695 1008 728 ξυι-

221 751 328 777 έόαινεν
342 746 410 775 εἷναι
423 756 430 781 ;
448 747 533 781 χωρῖς
554 745 583 772 δὲ
598 744 711 776 τούτων,
726 745 783 774 vi;
801 743 850 778 μὲν
865 742 914 768 οὐκ
931 741 1008 776 ἔχου-

222 805 263 822 σιν
271 795 302 822 ἃν
317 795 370 830 ὅπη
387 794 524 828 τραπεῖεν,
539 792 572 826 ἣν
589 791 640 817 πού
655 799 681 817 τι
698 789 752 816 τῶν
762 789 920 823 ἀῦουλήτων
934 788 1009 823 πιρά

221 850 300 868 τινων
313 842 427 875 γένοιτο,
444 839 558 870 ἐκεινοις
573 837 606 864 ἂν
623 835 743 871 ξυμϐαίη
757 835 804 862 καὶ
820 835 896 870 παρὰ
917 834 953 861 τὰ
971 835 1009 860 οἰ-

221 889 281 915 κεῖα
293 887 343 922 ἥϐη
363 885 549 920 παρατολμᾷν.
563 880 611 914 Οἷς
625 882 680 917 γὰρ
703 881 796 916 σφισιν
813 881 841 908 ὲν
858 879 943 915 στενῷ
964 889 1008 906 κο-

222 934 285 968 μιδῆ
297 934 330 959 τὰ
344 933 391 967 τῆς
406 932 583 966 ἐκδικήσεως,
605 928 783 964 ἐπιχειρητέα
793 928 840 954 καὶ
856 928 890 953 τὰ
906 927 1007 962 ἥκιστα

219 981 252 1008 ἂν
268 978 383 1012 ὲςῖἰπαν
402 977 505 1012 συνήθη
517 984 524 992 ·
541 976 619 1011 φέρει
635 975 687 1009 γὰρ
704 975 744 1006 εἰς
759 975 855 1008 καιρὸν
870 972 957 999 ταῦτα
979 973 1008 1000 τὸ

220 1026 376 1061 ἀπογνῶναι
388 1024 435 1051 καὶ
448 1024 479 1050 τὸ
493 1022 546 1049 τῶν
559 1021 737 1058 δρασειόντων
752 1019 864 1051 ἀσθενὲς
876 1018 924 1046 καὶ
937 1018 1010 1053 ἁμή-

221 1117 247 1144 in
263 1123 324 1144 enm
342 1122 373 1142 ex
391 1111 512 1147 antiquis
525 1110 723 1138 oﬂ'ensionibus
741 1110 780 1137 ira
798 1110 824 1137 in
841 1109 934 1137 animo
960 1117 1009 1136 ntr-

223 1163 298 1193 trita,
311 1160 429 1188 oblatam
444 1157 546 1185 veteris
558 1157 660 1184 doloris
677 1156 823 1183 ulciscendi
835 1155 1008 1184 occasionem

223 1208 361 1234 incautum
377 1202 555 1238 opprimendo
569 1202 722 1236 arripuere.
738 1200 778 1228 llli
801 1201 852 1229 hoc
866 1201 916 1228 soli
940 1201 1008 1228 faci-

223 1261 273 1280 nus
289 1251 400 1287 proprio
426 1249 552 1280 consilio,
570 1249 657 1275 libera
680 1247 819 1275 voluntate
839 1254 983 1282 suscepere
999 1256 1006 1281 ;

223 1300 265 1326 his
283 1299 342 1325 nnis
357 1303 463 1332 :eqnntn
482 1300 523 1323 est
538 1295 596 1330 ejus
613 1295 743 1322 invidiam
755 1294 880 1322 criminis
896 1294 1008 1328 ascribi,

223 1353 275 1372 non
294 1349 383 1371 autent
415 1342 504 1373 nobis,
533 1346 714 1376 praeterquam
741 1341 900 1373 inconsciis,
925 1341 1008 1368 etiam

223 1391 269 1418 illo
287 1391 343 1425 ipso
366 1389 468 1416 Scelere
493 1387 611 1414 violatis.
635 1386 775 1420 Nostrum,
800 1387 921 1422 inquam,
936 1386 1008 1421 quod

223 1436 317 1464 insciis
334 1441 360 1463 et
376 1434 547 1462 invitissimis
570 1433 648 1461 nobis
664 1432 755 1460 Caesar
781 1439 875 1467 passus
891 1437 944 1464 est.
962 1440 1010 1460 no-

223 1488 309 1512 strum
321 1483 441 1518 ipsorum
452 1485 478 1509 et
488 1480 596 1515 quidem
607 1487 689 1514 grave
700 1484 856 1514 reputannts
867 1480 1009 1512 damnum,

1059 235 1182 269 τομένων
1208 235 1224 270 ὴ
1247 235 1350 270 μέμψις
1377 235 1509 270 ἐφῆπται,
1535 235 1683 263 αἰτιάσαιτ’
1699 236 1732 263 ἄν
1747 245 1790 268 τις
1812 236 1855 263 δι-

1058 282 1160 314 miror
1180 280 1220 313 οἷς
1231 283 1254 309 δ’
1272 284 1301 309 ἐν
1317 282 1391 318 ἰσχύϊ
1406 282 1436 309 τὸ
1453 282 1593 316 μετελθεῖν
1611 283 1648 315 ὼς
1663 283 1793 318 βούλοιντ’
1806 283 1854 316 ἂν,

1059 328 1089 354 τὸ
1101 327 1212 364 αἱρετὴν
1239 328 1374 363 αἰσχύνην
1402 328 1601 364 περιϐαλέσθαι
1631 329 1725 363 σφίσιν
1741 329 1853 360 ἑαυτοῖς

1059 374 1118 406 πῶς
1135 374 1184 400 οὐκ
1193 374 1360 408 ἁϐούλητον;
1376 373 1437 401 Τῶν
1454 375 1504 409 μὲν
1519 372 1565 402 οὖν
1583 375 1787 411 πεπραγμένων
1800 376 1852 410 οὐχ

1058 417 1139 455 ἦττον
1154 420 1349 455 ξυγγνώμονας
1362 419 1432 447 εἶναι
1446 421 1509 456 χρὴ,
1524 421 1540 456 ἢ
1554 421 1701 456 ἐκδικητὰς
1719 420 1852 456 βούλεσθε

1058 467 1212 501 γίγνεσθαι,
1238 467 1300 498 τοὺς
1313 467 1364 493 οὐκ
1379 467 1413 494 ἂν
1427 468 1451 493 εἰ
1470 468 1507 502 μὴ
1523 467 1642 502 αἱροῖντο
1659 468 1740 494 κακοὶ
1756 469 1854 501 φαίνε-

1059 515 1122 542 σθαι
1145 515 1194 541 καὶ
1222 514 1377 541 ἐκσπόνδων
1405 514 1513 550 χείρους
1539 515 1804 550 ζημιωθησομένους
1821 516 1853 541 τὸ

1059 560 1179 589 σύνολον,
1196 560 1227 586 Et
1239 560 1261 586 δ’
1277 560 1334 593 οὖν,
1349 559 1408 586 ἀλλ’
1420 561 1453 586 ὲκ
1466 560 1510 596 [Ρ.
1534 560 1598 596 597]
1615 561 1670 587 τῶν
1684 561 1853 595 φθασάντων

1060 607 1180 633 σκεπτέα
1198 606 1230 633 ἂν
1258 606 1300 641 εἴη
1317 607 1382 638 ὑμῖν
1410 606 1538 639 ὁπόσοις,
1566 607 1625 633 δέον
1652 607 1718 643 παρ’
1743 607 1853 643 ἐχθρῶν

1060 653 1198 685 πλουτεῖν,
1211 654 1242 679 ὲκ
1251 653 1303 679 τῶν
1313 654 1457 688 ἡμετέρων
1468 653 1661 689 ὲξωλὸίσθητε.
1676 654 1732 681 Καὶ
1745 654 1854 690 ἀφίημι

1059 700 1109 726 ὃσα
1122 699 1288 735 ἡλογηκότες
1303 699 1356 726 τῶν
1369 700 1409 730 sl;
1426 698 1579 734 Ῥωμαίους
1591 700 1711 726 σπονδῶν
1726 701 1776 727 καὶ
1787 709 1853 726 συν-

1060 746 1152 781 θηκῶν
1179 745 1413 780 ὴνδραποδίσασθε
1427 753 1434 761 ·
1453 745 1512 772 ἀλλ’
1528 746 1644 778 ὁπόσους
1667 746 1746 782 ἡμῶν
1767 747 1855 774 διδόνέ

1059 791 1112 819 των
1130 792 1146 826 ἢ
1163 792 1209 818 καὶ
1222 791 1456 826 ὲκκεχωρηκότων
1468 791 1619 826 λαμὸάνειν
1636 792 1795 820 ἀπώνασθε.
1815 794 1853 820 Τὸ

1059 838 1114 873 γὰρ
1128 838 1182 864 τῶν
1199 838 1354 872 συμμάχων
1376 837 1481 872 σχῆμα,
1508 839 1555 865 καὶ
1569 839 1599 865 τὸ
1615 839 1655 865 ἔτι
1681 839 1772 867 δοκεῖν
1797 840 1853 866 τῶν

1059 883 1202 919 ἡμετέρων
1215 884 1390 918 ῡτιερπονξῖν,
1401 883 1438 915 ὡς
1454 884 1644 919 λαμϐάνοντας
1659 885 1773 912 διετίθει
1789 886 1854 916 τοὺς

1058 930 1133 957 οὐδὲν
1147 928 1228 966 ἦττον
1239 930 1369 961 διδόντας,
1396 930 1449 957 κᾶν
1462 939 1504 962 τις
1518 932 1565 957 καὶ
1581 931 1656 958 ἄκων
1679 930 1750 958 εἶναι
1763 932 1852 958 ἐδίδου

1060 977 1343 1012 προσαφαιρούμενος.
1368 975 1477 1002 Τούτων
1500 977 1651 1012 μνήσθητε,
1678 977 1725 1003 καὶ
1746 977 1797 1008 τὰς
1823 977 1854 1010 ἐξ

1059 1021 1146 1057 ἀρχῆς
1160 1022 1305 1056 ὁμολογίας
1318 1021 1491 1053 αἰδεσθέντες
1501 1019 1545 1054 αἷς
1558 1023 1765 1058 ἐμπεπέδωσθε,
1785 1024 1856 1050 Kai-

1057 1113 1130 1140 rinht
1147 1113 1309 1147 gravissimo
1341 1119 1434 1141 nostro
1451 1118 1572 1148 tempore
1591 1113 1747 1149 praesidium
1765 1114 1853 1147 impr--

1061 1160 1093 1187 rii
1108 1167 1161 1186 uno
1178 1164 1314 1186 momento
1335 1160 1522 1194 perdidimus?
1537 1160 1638 1187 Prmter
1651 1161 1712 1193 hoc,
1728 1160 1760 1187 ad
1773 1160 1853 1194 pimo

1061 1214 1112 1234 nos
1127 1206 1202 1234 omtti
1218 1206 1375 1240 suspicione
1390 1212 1542 1241 procurata:
1560 1207 1634 1234 necis
1658 1206 1759 1234 thsari
1789 1215 1853 1241 pur-

1061 1254 1164 1290 gandos
1191 1253 1408 1281 elﬁcacissintum
1435 1254 1507 1288 apud
1535 1258 1609 1281 recte
1633 1253 1788 1288 judicantes
1805 1261 1852 1281 ar-

1060 1304 1216 1334 gumentum
1231 1301 1279 1332 sit,
1294 1299 1365 1332 quod
1383 1299 1409 1327 in
1437 1299 1588 1328 istiusmodi
1618 1300 1746 1328 itnmania
1773 1308 1854 1329 ruere

1060 1346 1174 1373 consilia
1192 1353 1286 1373 eorum
1308 1350 1349 1372 est
1366 1346 1411 1380 qui
1440 1345 1512 1380 passi
1528 1353 1540 1372 a
1559 1346 1687 1380 quopiam
1705 1346 1776 1381 quod
1797 1354 1851 1373 non

1061 1392 1171 1424 vellent,
1189 1399 1242 1426 quo
1257 1399 1286 1419 se
1310 1395 1419 1419 vertant
1434 1398 1487 1419 non
1503 1391 1614 1425 habent,
1631 1391 1704 1420 omni
1727 1392 1852 1420 destituti

1060 1437 1193 1465 facultate
1206 1438 1368 1466 desiderata:
1383 1438 1436 1466 sibi
1459 1437 1667 1470 satistactionis,
1687 1442 1733 1465 aut
1755 1445 1852 1472 prose.

1061 1483 1176 1517 quendat
1196 1483 1266 1518 apud
1284 1483 1450 1518 potentiores
1467 1483 1520 1511 viis
1543 1483 1682 1517 legitimis,
1700 1489 1745 1511 aut
1760 1491 1809 1518 per
1822 1492 1852 1511 se

222 1535 327 1566 gratum
344 1530 405 1557 ideo
427 1527 545 1555 habituri
566 1528 588 1555 si
606 1526 693 1562 poenis
723 1534 770 1561 per
798 1533 856 1558 V05.
870 1525 915 1561 qui
931 1530 1004 1560 0016‘
1023 1534 1046 1566 ο
1061 1530 1235 1565 palamjusta
1249 1535 1382 1565 potestate
1393 1530 1565 1565 usurpandae.
1585 1529 1651 1558 Nam
1664 1531 1742 1563 tales.
1754 1538 1852 1558 urente

222 1577 283 1610 stis,
296 1574 437 1610 condignis
455 1573 609 1601 atliciantnr
639 1576 764 1600 auctores
790 1571 882 1603 ctedis,
910 1575 1010 1598 nostra:

222 1629 329 1657 quoque
353 1620 444 1648 domui
466 1619 672 1649 funestissinne.
690 1625 738 1653 per
756 1625 835 1652 quant
852 1616 940 1644 orbati
962 1623 1010 1652 ge-

223 1677 290 1696 nero
303 1675 407 1695 sumus.
428 1666 507 1693 Scitis
525 1665 596 1692 enim
619 1670 741 1691 nostram
759 1663 842 1691 fuisse
862 1663 945 1690 ﬁliam
976 1662 1010 1690 il-

223 1716 275 1742 lius
301 1714 456 1749 coniugem.
481 1713 546 1747 Quae
567 1716 621 1738 tam
643 1716 701 1737 arta
730 1710 903 1737 necessitudo
930 1709 1010 1737 facile

224 1762 395 1797 suspiciones
409 1760 487 1788 diluit
499 1763 599 1785 nostra;
612 1757 754 1792 cujusdam
766 1759 799 1785 ab
813 1764 845 1784 eo
857 1756 1010 1785 aversionis

223 1808 258 1834 ob
277 1806 402 1833 nonnulla
420 1805 598 1840 praecedentia
619 1804 741 1831 dissidia.
766 1804 832 1836 Quis
854 1805 938 1834 enim.
967 1803 1009 1831 cui

224 1860 315 1880 mores
332 1851 468 1886 perspecti
485 1850 540 1878 sint
566 1850 663 1882 nostri,
691 1858 744 1878 non
763 1850 841 1878 facile
868 1851 1009 1885 intelligit.

223 1901 304 1928 etiam
321 1899 344 1926 si
359 1898 423 1933 quid
441 1897 474 1925 ab
491 1897 536 1924 illo
561 1896 694 1924 molestiae
717 1898 882 1931 accepimus,
899 1902 1010 1932 paratos

223 1947 311 1980 magis
330 1952 379 1972 nos
395 1943 501 1971 futuros
522 1943 556 1970 ad
578 1943 654 1970 venia
672 1943 882 1978 Impertiendutn
901 1949 954 1971 tam
970 1944 1011 1970 itt-

223 1992 318 2019 tinnnn
337 1990 443 2017 attinent
470 1997 550 2025 quant
575 1989 729 2024 prmcipites
745 1990 778 2016 ad
795 1989 951 2024 rapiendam
977 1996 1010 2016 ex

223 2046 256 2065 eo
285 2037 398 2072 perﬁdia
422 2041 450 2063 et
476 2036 639 2064 crudelitate
656 2036 821 2063 cumulatam
838 2035 979 2068 ultionem,
994 2043 1009 2062 a

223 2092 277 2120 qua
296 2083 409 2112 Romani
432 2084 540 2119 propria
554 2083 661 2117 generis
677 2083 775 2110 lenitas
793 2082 911 2109 immane
925 2089 1010 2116 quan-

225 2136 280 2158 tum
299 2130 446 2158 abhorret?
461 2130 529 2157 Hinc
544 2134 618 2164 patet
638 2137 726 2163 neque
742 2129 764 2156 si
784 2128 927 2156 manifesta
942 2136 1012 2164 prae-

223 2177 352 2204 cessisset
378 2178 404 2203 in
433 2184 481 2204 nos
499 2174 616 2203 Caesaris
640 2174 748 2208 injuria.
775 2175 899 2201 debuisse
915 2181 1009 2209 quent-

1063 1577 1136 1604 intus
1154 1576 1260 1611 injuriae
1277 1577 1381 1608 dolore.
1395 1576 1466 1604 ultra
1482 1583 1585 1604 merent
1608 1577 1743 1604 interdum
1756 1584 1789 1604 ac
1812 1578 1851 1604 fas

1061 1622 1154 1650 etierri
1174 1623 1208 1650 ad
1224 1628 1351 1650 conatum
1363 1622 1486 1658 quamvis
1503 1623 1611 1658 injustte
1627 1622 1747 1655 ultionis,
1762 1630 1853 1650 exem-

1063 1669 1124 1704 plis,
1137 1676 1217 1703 quam
1236 1674 1308 1696 esset
1335 1669 1496 1704 optandum,
1514 1668 1700 1696 crebrioribus
1715 1669 1850 1700 cernitur.

1062 1715 1134 1750 quod
1151 1715 1199 1743 ltos
1212 1715 1326 1742 efferare
1343 1715 1428 1743 soleat
1450 1716 1602 1750 desperatio
1616 1715 1686 1749 juris
1705 1720 1752 1742 aut
1766 1715 1852 1742 Itono-

1063 1762 1100 1789 ris
1125 1762 1257 1789 imminuti
1278 1761 1329 1789 alia
1354 1762 1459 1789 ratione
1481 1761 1635 1796 reparandi.
1653 1761 1757 1795 Quibus
1775 1769 1851 1795 vero,

1063 1809 1150 1843 qualis
1175 1813 1266 1836 nostra
1292 1805 1340 1835 Dei
1361 1808 1495 1836 beneﬁcio
1519 1808 1639 1835 conditio
1663 1813 1716 1839 est,
1740 1808 1850 1842 quibus.

1064 1856 1184 1889 inquam,
1203 1855 1352 1882 auctoritas
1372 1859 1400 1882 et
1412 1856 1452 1882 vls
1473 1855 1504 1881 ad
1523 1861 1631 1881 manum
1649 1859 1773 1889 prompta
1788 1862 1851 1887 snp-

1063 1900 1131 1935 petit
1144 1900 1384 1933 contumeliarum,
1398 1900 1420 1927 si
1433 1907 1501 1934 quas
1512 1900 1678 1934 accepimus,
1691 1899 1812 1935 legitima
1825 1905 1852 1926 ct

1063 1946 1201 1981 inculpata
1217 1946 1322 1974 ratione
1345 1945 1580 1978 vindicandarum,
1609 1945 1658 1973 hos
1683 1953 1763 1973 nemo
1785 1953 1853 1973 Sane

1063 1994 1201 2028 sapienter
1221 1993 1362 2020 aestimans
1387 1993 1580 2023 autumavcril.
1607 1991 1745 2027 probrosis
1761 1992 1854 2026 potius

1063 2039 1249 2075 pudendisque
1280 2046 1360 2073 quam
1385 2038 1467 2066 rectis
1481 2044 1507 2066 et
1525 2039 1648 2066 honestis
1673 2038 1746 2066 ultro
1771 2038 1853 2065 tnallc

1065 2087 1153 2115 modis
1173 2086 1212 2114 uti
1231 2087 1267 2113 rei
1282 2091 1329 2113 aut
1343 2086 1480 2120 dignitatis
1503 2093 1612 2120 quoquo
1628 2087 1708 2112 modo
1723 2085 1852 2112 detractae

1065 2133 1236 2168 reponenda.
1255 2132 1361 2159 Maneat
1374 2132 1456 2167 igitur
1473 2140 1507 2160 ex
1523 2132 1566 2159 his
1579 2131 1697 2159 evictum
1711 2131 1853 2159 evidenter

1066 2189 1120 2208 non
1139 2180 1189 2207 nisi
1204 2188 1253 2214 per
1272 2179 1469 2214 iniquissimam
1482 2178 1646 2206 calumniam
1663 2177 1789 2213 imputari
1803 2184 1854 2204 no-

224 2231 305 2258 quam
322 2222 457 2258 suspicari
473 2223 505 2248 dc
521 2222 600 2248 nobis
616 2225 718 2248 tantam
735 2221 761 2247 in
784 2228 845 2247 eum
864 2220 1010 2254 sevitiam;
1027 2212 1054 2243 D
1067 2225 1108 2252 bis
1125 2212 1211 2259 posse
1227 2212 1330 2260 partem
1357 2229 1403 2251 aut
1420 2223 1617 2252 conscientiam
1641 2212 1721 2250 ullam
1738 2222 1853 2250 sceleris

224 2270 296 2297 unde
311 2269 399 2303 quivis
416 2268 536 2303 prudens
556 2267 702 2301 perspiciat
731 2272 834 2301 quanto
861 2267 1010 2294 incredibi<

224 2317 319 2344 liorem
335 2316 406 2342 illuni
422 2315 458 2342 sit
474 2319 690 2341 consentaneum
709 2313 814 2346 haberi,
828 2321 889 2341 cunt
906 2321 938 2340 eo
951 2313 1010 2348 qui-

223 2364 283 2391 dem
301 2367 421 2396 tempore
440 2368 494 2395 quo
513 2359 605 2388 Caesar
619 2367 766 2395 oppressus
791 2364 845 2393 est,
864 2360 966 2388 nullam
985 2361 1009 2387 ei

224 2409 364 2438 nobiscum
385 2407 574 2436 intercessisse
603 2407 830 2440 controversiam,
863 2407 932 2434 nihil
961 2415 1010 2435 nos

224 2456 297 2492 quod
325 2454 363 2482 illi
390 2460 616 2481 succenserentus
643 2453 782 2486 habuisse,
800 2453 877 2481 vobis
905 2461 1013 2488 quoque

225 2502 302 2538 ipsis,
325 2502 347 2529 si
376 2501 519 2529 volueritis
546 2501 698 2535 inquirere,
712 2505 840 2528 constare
866 2501 1013 2528 maniicsto

224 2554 318 2584 queat.
336 2548 387 2576 Sed
409 2548 502 2582 ﬁngite
517 2555 568 2575 nos
582 2548 650 2575 adeo
665 2547 738 2574 feros
757 2552 786 2573 ut
800 2547 859 2574 sine
875 2554 955 2574 causa
971 2547 1014 2573 lu-

225 2595 344 2623 dibunde
357 2595 382 2622 in
398 2593 572 2621 familiarium
587 2593 889 2628 prorumpamuscaades
899 2601 906 2620 :
918 2593 1016 2620 etiam.

225 2649 259 2669 ne
289 2646 342 2668 tam
375 2640 562 2675 imprudentes
577 2639 767 2674 opinabimini.
782 2642 810 2664 ut
826 2638 896 2665 ultro
923 2635 1013 2665 atten-

224 2693 313 2716 tcntus
323 2687 404 2724 568
415 2694 474 2721 quae
490 2686 602 2713 minime
617 2684 810 2715 conducibilia,
827 2684 882 2710 imo
894 2684 1012 2711 maxime

225 2736 355 2762 damnosa
374 2734 451 2761 ttobis
465 2732 533 2767 ipsis
548 2732 638 2759 futura
653 2731 726 2758 clare
742 2730 935 2765 provideantur
947 2730 957 2757 ?
969 2730 1011 2756 cui

225 2785 315 2808 autent
330 2784 412 2815 queat
429 2786 490 2806 esse
504 2777 615 2805 dubium
633 2776 708 2811 gravi
726 2781 817 2803 nostra
833 2775 952 2810 pernicie
965 2783 1012 2802 ce-

224 2826 324 2854 cidisse
348 2825 495 2857 Cazsarem,
523 2825 550 2851 in
569 2832 624 2859 quo
644 2828 683 2851 tot
707 2831 770 2858 spes
794 2822 890 2855 futuri,
923 2827 1012 2849 tantos

225 2872 324 2900 etl‘usos
339 2872 365 2899 in
382 2879 446 2900 eum
465 2871 615 2899 ornandum
643 2875 778 2905 sumptus,
803 2874 858 2897 tam
883 2876 1012 2897 necessa-

1065 2270 1254 2298 interticicndo
1268 2269 1376 2298 Caesare
1396 2269 1494 2304 patrati
1507 2277 1514 2302 ;
1530 2277 1633 2302 vosque
1649 2269 1714 2296 nihil
1729 2267 1787 2296 fere
1799 2268 1853 2295 mi-

1066 2324 1116 2344 nus
1132 2323 1224 2351 grave,
1240 2323 1322 2351 quam
1348 2316 1419 2350 quod
1436 2315 1531 2343 ulcisci
1547 2315 1615 2343 velle
1632 2314 1771 2345 videmini.
1785 2321 1853 2341 con-

1065 2363 1184 2391 scituros
1198 2363 1314 2394 crimen,
1331 2362 1352 2389 si
1368 2369 1462 2396 pmnas
1478 2361 1551 2389 illius
1566 2361 1646 2389 caedis
1671 2361 1704 2387 ab
1721 2360 1755 2389 iis
1775 2367 1854 2395 repe-

1067 2414 1125 2435 tere
1149 2409 1277 2443 pcrgatis.
1302 2416 1371 2443 quos
1392 2408 1417 2435 in
1437 2407 1510 2435 illam
1537 2407 1721 2439 consensisse,
1737 2414 1799 2435 cum
1826 2407 1854 2434 id

1066 2455 1157 2482 facere
1185 2454 1360 2488 nequiverint
1377 2453 1430 2481 nisi
1452 2462 1506 2481 non
1530 2453 1620 2481 solum
1637 2453 1726 2488 iurata
1751 2453 1854 2480 foedera

1051 2500 1290 2540 vpertidiosissime
1315 2500 1453 2533 violando,
1475 2500 1522 2528 sed
1547 2500 1629 2528 etiam
1660 2498 1852 2534 capitalissitna

1066 2546 1137 2573 ultro
1152 2546 1179 2573 in
1194 2554 1224 2574 se
1244 2545 1319 2581 ipsos
1334 2546 1499 2574 stultissime
1513 2546 1677 2574 attrahenda
1692 2545 1853 2576 infortunia,

1066 2593 1241 2628 perspicuum
1269 2593 1375 2620 ratione
1398 2593 1484 2620 utenti
1510 2592 1598 2620 cuivis
1621 2595 1661 2619 est
1684 2591 1758 2619 nullo
1773 2598 1855 2626 posse

1066 2644 1145 2672 pacto
1159 2639 1308 2666 verisimile
1322 2639 1419 2666 videri.
1436 2639 1514 2666 Nunc
1529 2639 1562 2665 ad
1578 2646 1626 2667 vos
1636 2642 1783 2672 vestraque
1792 2642 1855 2665 acta

1051 2692 1053 2694 λ
1066 2684 1168 2712 referre
1177 2685 1328 2712 orationem
1339 2684 1476 2717 convenit.
1487 2684 1714 2719 considerareque
1724 2691 1757 2711 ex
1769 2684 1854 2718 gestis

1065 2730 1209 2765 hucusque
1217 2735 1347 2764 quantum
1358 2737 1492 2765 vos,quos
1499 2730 1632 2758 ditescere
1653 2736 1686 2758 ex
1697 2730 1804 2757 damnis
1813 2729 1858 2756 ho-

1066 2776 1148 2803 stium
1157 2783 1204 2810 par
1213 2780 1285 2807 erat,
1295 2782 1327 2803 ex
1339 2775 1453 2808 nostris,
1465 2776 1603 2803 scciorum
1616 2780 1645 2803 ιιι
1657 2774 1855 2809 loquebamini.

1066 2827 1229 2854 vestrorum,
1250 2828 1266 2848 e
1283 2819 1484 2854 Romanorum.
1510 2822 1632 2856 inquam.
1648 2821 1747 2856 quibus
1760 2821 1856 2848 defen-

1067 2867 1161 2895 dendis
1170 2867 1276 2895 evocati
1286 2867 1431 2901 veneratis,
1440 2867 1599 2896 avarissime
1610 2867 1705 2902 injuria
1717 2872 1806 2895 vestra
1815 2866 1858 2895 di—
