1957 3066
58 154 102 184 ερε

495 156 543 185 DE
563 154 784 185 ANDRONICO
805 153 1035 185 PALEOLOGO
1057 156 1130 187 LIB;
1151 156 1218 188 VII.

1629 155 1682 187 636

58 218 118 244 σαρα
141 210 191 244 μὲν
209 211 348 246 πρόφασιν
363 212 525 239 τοὺντεῦθεν
540 212 686 244 ἀπόθεσθε,
707 213 797 241 ἔννοια
809 213 838 240 δὲ
854 213 875 240 Α
890 213 938 239 καὶ
959 213 996 248 μὴ
1009 213 1106 245 θέλων,
1135 214 1240 245 ἐκεῖνος
1266 213 1313 241 καὶ
1328 214 1377 250 τὴν
1403 214 1450 240 τοῦ
1478 215 1682 249 παρασπονδεῖν

56 256 141 283 εἰσίτω
152 257 205 290 ὅπη
222 257 274 290 γῆς
290 258 513 293 προσκαθήμενοι
525 260 602 287 ταῦτ’
614 260 775 296 ἐργάζεσθε,
792 261 840 286 καὶ

38 337 44 348 ι
56 303 76 328 sl
91 303 216 329 ἀκίνδυνα
237 303 329 337 σφίσιν
344 304 438 336 αὐτοῖς
449 305 478 332 τὸ
499 307 526 337 ἐς
539 306 627 333 νέωτα
648 306 734 333 ἔσται.
760 307 841 341 Ἡμῖν

43 348 101 382 ’μὲν
123 349 178 383 γὰρ
192 349 241 375 καὶ
255 350 284 381 ἐς
299 349 357 376 τόδε
378 350 490 384 δόκησιν
515 352 778 386 παρασπονδήσεως,
802 351 840 383 ὼς

55 395 139 429 ἥκισθ’
155 396 222 430 ἡμῖν
237 395 406 430 πρέπουσαν,
433 397 613 424 ἀποκλίνουσι
643 397 842 433 μαλακώτερον

56 441 85 467 τὰ
96 440 145 475 τῆς
162 441 253 476 μάχης
276 443 498 478 ἐπικεχείρηται·
513 443 590 471 δεινὰ
605 445 659 480 γὰρ
674 446 707 471 τὰ
733 444 842 479 ξυγκεί-

59 495 120 520 μενα
133 488 287 522 ἀπρακτεῖν
302 489 392 516 πείθει
407 489 460 516 καὶ¹
470 489 505 516 τὰ
512 483 657 517 ’δεινότατα
673 492 840 526 πάσχοντας,

59 534 102 559 κα“ι
111 534 264 568 πάσχουσιν
276 535 333 561 ἐστι
347 535 494 571 καταφυγὴ
509 536 526 571 ἠ
540 535 594 562 τῶν
608 536 842 571 διομωμοσμένίιιν

57 580 145 612 αιὸὼς,
159 581 193 615 ἡν
207 589 249 612 τις
269 582 316 608 καὶ
333 582 480 617 μέμφοιτο.
499 582 580 617 Ὑμῖν
595 582 623 609 δὲ
636 583 699 609 ὅποι
713 583 844 617 περιστή-

58 635 131 654 σεται
145 628 179 654 τὰ
190 629 241 662 τῆς
257 629 371 663 τόλμης,
385 629 434 656 οὐκ
447 631 487 661 εις
505 629 624 665 μακρὰν,
644 630 668 656 sl
686 630 723 665 μὴ
739 630 844 664 παύση-

58 673 111 704 σθε,
129 674 248 700 εἴσεσθε.
283 674 354 701 Ἀλλ’
368 675 444 710 ὅμως
459 676 517 711 χρὴ·
539 676 587 702 καὶ
613 675 843 710 προαναστέλλειν

57 720 198 753 ὶέγοντας·
213 720 288 747 οὕτω
303 721 357 756 γὰρ
372 723 418 748 καὶ
433 722 481 757 τὴν
503 723 550 749 τοῦ
566 723 677 754 ἐσαῦθις
702 722 842 757 λελεῖφθαι

58 765 118 798 ἡμῖν
132 765 212 799 λόγον
225 765 394 801 συγγνώμης
408 768 483 802 παρὰ
493 769 548 794 τοῖς
561 768 595 794 τὰ
611 768 704 795 δίκαια
720 768 843 803 κρίνουσι

56 809 130 843 δόξαν
144 811 324 847 ἀποισαῖμεθ’
341 813 387 846 ἂν,
408 813 455 839 καὶ
468 814 617 848 προσέσται
629 814 658 840 τὸ
675 814 779 840 δίκαιον
798 811 845 840 αὕη

58 857 105 888 θις,
120 858 168 889 τὰς
182 857 261 890 δίκας
277 859 438 894 λαμϐάνειν,
454 860 532 894 ὑμῶν
548 860 674 887 διδόντων
701 861 747 886 καὶ
766 860 846 887 ἀκόν-

57 911 122 936 των,
142 904 193 930 σὺν
208 904 307 939 ἀρήξει
321 905 383 941 θείᾳ
403 905 641 941 προαιρουμένοις,
667 907 783 941 ἐπείπερ
798 907 847 942 ἀρ-

57 958 110 985 χςιν
128 950 178 984 τῆς
208 951 300 986 μάχης
326 951 356 978 οὒ
382 952 549 978 κατοκνεῐτε.
575 953 622 978 Δεῖ
647 952 701 986 γὰρ
721 952 770 986 τὴν
798 951 846 978 τοῦ

58 996 260 1031 παρασπονδεῖν
270 997 383 1031 δόκησιν
400 998 428 1030 ἐς
440 998 512 1024 ἅπαν
526 998 673 1025 ἐκκλίνειν.
695 998 724 1024 '0
735 998 791 1033 γὰρ
802 998 848 1024 ἐπὶ

58 1042 194 1074 τοσούτοις
210 1042 308 1074 δεινοῖς
322 1043 373 1078 τὴν
387 1043 474 1079 ἀρχὴν
488 1044 518 1076 ἐς
532 1044 674 1080 εἰρηνικὰς
686 1043 848 1078 ἀξιούμενος

58 1140 195 1168 replorum
206 1135 305 1170 praedis
315 1135 462 1170 spoliisque
472 1134 626 1169 locupletati
637 1134 768 1162 hactenus
790 1134 849 1161 rue-

59 1182 124 1209 ritis.
133 1181 272 1208 Praetereo
282 1188 341 1216 quas
352 1186 445 1208 contra
455 1181 498 1216 jus
509 1180 764 1214 fasquousurpastis
776 1180 849 1206 nulla

61 1227 137 1263 569
148 1228 259 1255 ratione
274 1227 365 1254 habita
376 1227 514 1255 societatis
525 1235 587 1255 cum
604 1227 732 1254 Romanis
747 1227 819 1253 inita!
841 1235 847 1254 :

61 1275 101 1301 illa
126 1274 216 1301 solum
243 1281 314 1301 nunc
342 1274 477 1302 recordari
495 1281 545 1302 vos
568 1274 668 1306 velim,
689 1281 749 1308 quae
773 1273 850 1300 nobis

60 1320 269 1348 conniventibus
297 1325 343 1347 attt
371 1320 591 1355 permittentibus
622 1321 775 1355 accepistis.
801 1319 849 1346 Diu

61 1367 128 1392 enim
156 1373 206 1393 nos
232 1366 396 1393 verecundia
421 1366 532 1393 finieris
555 1370 582 1393 et
606 1374 704 1393 nomen
724 1365 851 1392 amicitiai

61 1412 200 1439 vobiscum
224 1411 400 1440 dissimulare
421 1413 519 1447 coegit,
546 1413 610 1440 dum
632 1412 736 1447 rapinae
755 1417 851 1440 vestra!

61 1464 253 1493 narrarentur,
267 1458 398 1494 judicium
413 1459 588 1491 doloremque
603 1460 637 1487 de
652 1459 694 1486 liis
706 1464 831 1486 nostrum
842 1477 850 1490 ,

62 1511 163 1538 nosque
186 1503 222 1530 ita
246 1511 350 1538 gerere,
366 1504 443 1538 quasi
460 1504 633 1531 crederemus
650 1504 712 1538 jure
726 1505 828 1539 acqttiri
842 1524 850 1536 ,

890 259 940 294 τὴν
961 259 1050 295 ἀρχὴν
1064 259 1175 294 δόκησιν
1196 258 1307 290 δικαίως
1322 259 1355 286 ἂν
1369 259 1544 293 ἀπενέγκαιτ¹
1558 258 1590 284 ἄν
1618 259 1682 290 Τοῖς

890 305 945 340 γὰρ
961 305 1067 331 ἐπιοῦσι
1081 304 1110 331 τὸ
1126 304 1246 339 πρῶτον,
1269 305 1299 330 οὐ
1317 305 1373 336 τοῖς
1387 305 1568 339 ἀμυνομένας
1582 304 1611 330 τὸ
1624 304 1684 330 ἄδο-

892 351 938 384 ξον
949 350 1028 377 τοῦτο
1043 351 1193 386 πρόσρημα
1210 352 1419 386 περιστήσεται,
1445 352 1476 385 ἣν
1503 353 1553 376 πού
1571 359 1609 383 τις
1627 351 1683 376 ἀδι-

892 397 949 424 κῶν
965 397 1015 434 τὰς
1035 398 1174 432 συνθήκας
1192 396 1241 432 τὴν
1259 396 1368 431 ἄμυναν
1394 397 1585 431 προσκαλοῖτο,
1604 398 1682 422 Διοῖν

891 443 939 471 οὖν
956 444 1066 471 ἑλέσθαι
1088 444 1204 479 θάτερον
1221 444 1371 478 ἀναγκαῖον
1399 444 1464 473 ἴσως
1490 443 1537 469 καὶ
1553 443 1603 469 οὐκ
1630 443 1684 469 ἀπὸ

892 489 939 516 τοῦ
955 489 993 525 τῷ
1011 490 1124 525 παρόντι
1138 489 1227 524 καιρῷ
1239 489 1404 524 πρέποντος,
1419 489 1434 523 ἦ
1451 488 1539 515 πάντα
1552 488 1683 520 λαϐόντας

893 536 963 571 πρὸς
978 537 1014 563 τὰ
1033 537 1154 570 ὑμέτερα
1181 537 1329 572 ἐπανήκειν
1347 536 1412 572 ἤθη,
1431 535 1447 570 ἢ
1475 535 1553 561 πάντ’
1573 535 1684 570 ἔχοντας

894 583 961 617 ἡμῖν
979 583 1159 618 προσφοιτᾷν,
1176 583 1214 614 ὡς
1230 582 1277 609 ἐπὶ
1292 582 1400 618 μισθοῖς
1425 582 1472 608 καὶ
1489 581 1568 612 αὖθις
1588 581 1686 614 ἐσομέ-

895 638 968 662 νους,
989 631 1023 665 τῇ
1048 630 1101 656 τῶν
1125 629 1269 664 Ῥωμαίων
1287 628 1485 663 ὑπηρετεϊσοαι
1503 628 1584 663 ἀρχῇ.
1608 627 1686 654 Οὕτω

894 675 948 711 γὰρ
963 676 1023 702 κατ’
1038 676 1120 710 ἄμφω
1132 676 1178 702 καὶ
1191 675 1236 702 ἐπὶ
1250 675 1352 711 βεϐαίῳ
1366 675 1414 709 τῆς
1427 674 1550 709 κτήσεως
1564 672 1685 708 συμϐαίη

895 722 928 748 ἆν
943 722 977 748 τὰ
989 721 1076 748 πάντα
1088 721 1251 756 κεκτῆσθαι,
1265 722 1310 747 καὶ
1325 721 1355 747 τὸ
1366 721 1405 752 εἰς
1417 720 1487 754 ἄγαν
1505 719 1554 751 τὰς
1570 719 1686 749 σπονδὰς

895 766 1049 802 ἠμελῆσθαι
1060 767 1151 802 ἥκιστ’
1163 767 1196 794 ἂν
1209 767 1305 800 δόξειε.
1330 767 1384 793 Καὶ
1402 767 1466 792 ὅποι
1479 765 1539 791 ποτ’
1553 765 1584 791 ἂν
1602 772 1688 799 πρησ-

896 813 1059 849 χωρήσητε,
1086 812 1136 847 τὴν
1153 813 1204 847 τῆς
1230 813 1259 839 ἐν
1276 812 1395 845 ἀσφαλεῖ
1421 811 1583 846 συμμαχίας
1607 810 1687 842 δόξαν

896 859 945 885 οὐκ
960 859 988 891 ἐς
1004 859 1077 886 ἅπαν
1091 858 1314 893 ἀποϐεϐληκότες
1331 859 1415 892 εἴητε,
1427 859 1489 884 ἐπεὶ
1509 856 1559 883 τίν’
1572 856 1629 890 ἔχει
1646 856 1689 882 λό-

898 913 957 938 γον.
969 905 1168 940 ἐφισταμένους
1183 905 1349 940 ἁμύντορας,
1374 904 1471 931 ἔπειτα
1485 903 1615 938 ἐπίκλημ’
1632 903 1646 928 ὅ
1662 911 1688 928 τι

898 951 974 987 τύχοι
983 951 1220 986 προϐεϐλημένους
1234 951 1338 987 ἐχθρῶν
1348 950 1530 978 καθίστασθαι
1545 949 1578 976 τὰ
1591 950 1690 983 πικρὸ-

898 1005 985 1030 tam;
1002 997 1045 1033 [Ρ.
1055 996 1119 1033 598]
1134 997 1165 1023 Et
1179 997 1206 1023 δὲ
1220 997 1264 1023 καὶ
1283 996 1473 1032 μισθοφορίας,
1484 996 1522 1026 ὡς
1532 995 1688 1029 πέπυσμαι,

900 1043 1066 1077 προτενεῖτε,
1090 1042 1177 1075 αἰδὼς⁴
1188 1042 1242 1069 καὶ.
1249 1043 1329 1078 μόνον
1343 1042 1373 1068 re
1384 1042 1485 1076 λέγειν.
1505 1041 1591 1068 Τίνων
1608 1050 1690 1067 σπου-

901 1140 946 1160 ma
962 1133 1071 1167 quidem
1090 1133 1187 1160 damna
1212 1132 1429 1160 recusaverimus
1453 1130 1563 1167 pacisci.
1585 1129 1692 1157 Remis-

901 1179 957 1206 sius
972 1186 1037 1214 ergo
1055 1180 1190 1206 hactenus
1207 1179 1330 1206 bellando
1350 1178 1493 1205 adversum
1512 1184 1559 1203 vos
1575 1176 1691 1210 egimus,

902 1226 991 1252 minus
1007 1229 1167 1260 reputantes
1183 1225 1247 1259 quid
1270 1232 1317 1251 vos
1341 1223 1512 1251 mereremin‘t
1527 1230 1607 1256 quant
1627 1221 1693 1256 quid

903 1280 952 1299 nos
963 1274 1082 1300 deceret.
1105 1273 1249 1306 Deinceps,
1269 1272 1346 1299 vobis
1363 1272 1436 1298 clare
1457 1270 1603 1301 denuntio,
1621 1269 1692 1295 nulla

903 1327 951 1346 ttos
968 1319 1048 1346 uiutis
1061 1318 1116 1352 jam
1132 1326 1145 1345 τι
1164 1318 1240 1346 vobis
1255 1319 1327 1352 rupti
1345 1317 1487 1344 manifeste
1511 1316 1622 1344 hederis
1640 1323 1688 1343 ve<

903 1366 1033 1393 recundia
1059 1365 1194 1398 tardabit;
1211 1369 1293 1399 atque
1316 1365 1383 1392 adeo
1407 1368 1536 1398 Quantam
1555 1363 1580 1389 iu
1603 1362 1694 1396 perni-

904 1412 972 1439 ciettt
988 1420 1076 1439 rertttn
1097 1419 1127 1438 ac
1142 1412 1260 1445 capitum
1277 1415 1429 1438 vestrorum
1449 1416 1538 1437 vestra
1555 1409 1607 1436 ista
1618 1430 1625 1441 ,
1641 1409 1694 1436 nisi

904 1457 961 1491 ejus
978 1461 1078 1484 temere
1095 1457 1198 1484 ruentis
1211 1456 1340 1490 impetum
1356 1455 1439 1490 5'70
1451 1455 1557 1488 sistitis,
1570 1455 1695 1489 praccipi-

906 1509 943 1531 tct
961 1503 1084 1535 audacia,
1098 1503 1151 1530 cito
1165 1503 1298 1530 sentietis.
1312 1502 1442 1531 Ultimum
1457 1504 1520 1534 hoc,
1534 1507 1562 1528 ιιι
1579 1502 1692 1529 exitium

63 1549 200 1575 sociorum
219 1553 283 1575 tunc
295 1548 384 1576 adhuc
401 1557 498 1577 nomen
519 1549 677 1583 gerentibus
693 1554 721 1577 et
734 1550 851 1577 militare

905 1555 1132 1585 prtf‘VCI‘lel‘elilllS
1159 1554 1289 1582 vestrum,
1315 1549 1392 1576 vobis
1418 1548 1439 1575 si
1463 1553 1554 1583 posset
1581 1549 1638 1576 lieri
1660 1550 1695 1574 ad

62 1600 154 1622 nostro
179 1592 297 1628 imperio
310 1594 385 1627 visis.
404 1603 464 1629 quae
480 1595 517 1622 illi
535 1604 588 1623 non
603 1604 617 1622 a
634 1596 749 1624 libenter
764 1598 852 1623 danti-

62 1641 110 1668 bus
124 1641 310 1676 accipiebant,
328 1642 375 1669 sed
400 1642 427 1668 vi
444 1647 491 1669 aut
505 1642 588 1669 minis
603 1643 800 1677 extorquebaut
818 1645 852 1670 ab

63 1686 235 1714 invitissimis
251 1686 466 1721 miserrimisque
486 1687 624 1714 Romanis.
640 1688 707 1720 Ista,
723 1689 847 1724 inqu-tm.

61 1733 115 1760 sola
127 1732 282 1766 computari
297 1741 310 1760 a
326 1734 401 1760 vobis
414 1733 530 1768 postulo,
542 1741 600 1768 qua:
615 1734 695 1768 longo
706 1735 750 1761 illo
766 1735 852 1763 nostri

61 1780 164 1807 silentii
181 1783 280 1807 vestra;
296 1779 412 1807 licentia:
433 1780 628 1814 patrocinantis
653 1786 784 1813 tempore,
806 1781 853 1808 de-

63 1825 278 1858 prazdatiouibus
299 1833 400 1858 rerum,
413 1826 619 1861 captivitatibus
643 1827 782 1854 hominum
797 1853 804 1864 ,
828 1829 854 1855 in

65 1871 138 1898 lucra
153 1877 249 1898 vestra
261 1871 450 1906 congessistis.
474 1872 515 1898 Ex
527 1872 577 1899 bis
594 1874 735 1907 reperietis
752 1874 777 1900 in
796 1882 854 1901 eam

64 1926 110 1944 vos
125 1923 223 1944 auctos
237 1917 415 1952 opulentiam,
433 1923 461 1944 ut
475 1923 500 1945 et
519 1920 784 1953 qutestuosissimum
805 1929 853 1947 vo-

65 1964 103 1993 bis
119 1964 207 1992 fuisse
222 1963 311 1992 ftedtts
324 1964 464 1992 nobiscum
482 1965 564 1992 ictum
581 1965 661 1992 fateri
681 1967 814 1998 debeatis,
830 1972 858 1994 et

66 2014 164 2036 nostra»
181 2008 311 2036 admirari
328 2009 509 2037 constantiam
527 2010 589 2038 ﬁdei
607 2010 634 2038 itt
656 2011 702 2038 illo
726 2011 796 2038 ittter
819 2016 858 2038 tot

66 2063 97 2083 ac
109 2061 165 2082 tam
182 2055 357 2082 vehementes
374 2056 514 2090 rumpendi
535 2064 632 2084 causas
652 2063 705 2084 tam
731 2065 858 2091 perseve-

66 2107 160 2130 ranter
179 2102 361 2130 observando.
378 2101 455 2129 Unde
477 2103 580 2136 patebit
606 2103 752 2131 manifesto
775 2112 857 2130 unam

66 2147 178 2183 allegari
192 2154 305 2175 causam
328 2154 408 2182 posse
423 2155 471 2174 cur
487 2148 583 2175 deinde
599 2149 691 2182 palam
701 2149 858 2177 defeceritis

64 2201 78 2220 a
105 2194 198 2226 nobis,
224 2193 298 2228 quod
323 2193 390 2220 nihil
417 2194 539 2222 reveritis
565 2194 692 2229 antiquas
717 2196 857 2224 nobiscum

905 1596 1010 1631 frugem
1028 1596 1199 1627 revocandis,
1217 1596 1335 1631 experiri
1349 1596 1478 1622 monitum
1492 1595 1602 1630 placuit.
1617 1595 1697 1628 Quod

906 1641 994 1675 ipsum
1015 1641 1112 1676 pignus
1130 1642 1256 1668 habetote
1272 1640 1391 1668 nondum
1411 1649 1523 1676 prorsus
1535 1641 1642 1676 obscpti
1661 1641 1694 1667 ad

906 1694 1026 1716 nostram
1043 1689 1158 1724 gratiam
1174 1689 1288 1722 reditus,
1302 1688 1323 1716 si
1341 1696 1400 1715 eam
1415 1688 1456 1716 vcl
1472 1697 1532 1716 sera
1547 1689 1694 1723 promereri

906 1736 1066 1771 poenitentia
1090 1735 1189 1763 velitis.
1209 1735 1236 1762 lu
1259 1743 1312 1771 quo
1334 1735 1448 1770 potestis
1469 1743 1616 1769 agnoscere
1631 1736 1696 1762 reli-

906 1784 983 1819 quias
1000 1779 1066 1810 mea:
1083 1783 1184 1810 veteris
1208 1790 1279 1817 a-gre
1297 1781 1486 1817 abrttmpcntis
1500 1789 1530 1809 se
1546 1789 1560 1808 a
1576 1782 1652 1808 vobis
1669 1787 1696 1808 ct

907 1830 997 1856 adhuc
1010 1830 1035 1856 itt
1052 1836 1100 1856 vos
1121 1836 1213 1863 prona?
1228 1828 1385 1855 voluntatis.
1402 1828 1461 1861 Quo
1478 1828 1694 1862 vitttpcrabilior,

906 1876 1011 1911 judicio
1027 1883 1105 1910 :eque
1117 1875 1324 1905 arbitrantium,
1341 1879 1432 1901 vestra
1450 1873 1608 1901 censobitur
1622 1874 1698 1901 duri-

909 1923 971 1954 ties,
988 1923 1010 1949 si
1035 1929 1106 1948 ttuuc
1120 1929 1229 1956 quoque
1252 1919 1371 1947 oblatam
1399 1928 1412 1947 a
1439 1925 1532 1947 nostra
1555 1919 1697 1953 tcajcstatc

910 1975 962 1996 tattt
980 1969 1097 2003 graviter
1111 1969 1173 1995 laesa
1190 1967 1274 1994 venia:
1292 1972 1344 1993 tam
1368 1967 1491 2000 bcniguze
1513 1966 1694 1992 conditionem

908 2014 1135 2050 asperi-abilitini;
1153 2014 1297 2047 minusque
1314 2013 1491 2040 miseratione
1507 2013 1588 2046 digna
1606 2017 1695 2039 vestra

909 2061 1044 2089 videbitur
1068 2061 1220 2093 calamitas,
1241 2067 1301 2086 cum
1326 2067 1399 2091 mox,
1422 2061 1492 2094 qttod
1515 2058 1697 2094 Dcojurautc

910 2107 1050 2139 faciemus,
1071 2106 1182 2133 meritas
1194 2114 1207 2132 τι
1224 2105 1300 2132 vobis
1317 2113 1411 2138 poenas
1428 2105 1608 2140 cxcgerimus,
1628 2105 1698 2131 bello

906 2151 962 2185 jam
980 2151 1038 2177 sine
1058 2150 1110 2176 ulla
1128 2150 1294 2177 dubitatione
1315 2150 1478 2184 justissima,
1502 2155 1645 2185 postquam
1673 2150 1697 2176 id

911 2197 990 2231 primi
1012 2204 1060 2224 vos
1084 2197 1219 2223 lacessere
1244 2195 1323 2223 nobis
1341 2196 1411 2222 ultro
1435 2196 1624 2230 impugnandis
1647 2204 1699 2222 non

65 2241 263 2278 νουνεριίοηθε
285 2245 390 2268 vestras
405 2241 476 2268 "'er
497 2249 528 2267 ac
547 2241 694 2269 ludibtlttde
710 2243 784 2269 Vultis
798 2251 859 2277 prn-
876 2233 896 2261 θ
911 2244 978 2272 estis
998 2244 1089 2277 veriti,
1114 2242 1184 2270 nttlla
1211 2248 1315 2277 sumpta
1341 2251 1406 2270 cnra
1426 2243 1517 2270 colore
1532 2242 1627 2269 saltem
1645 2263 1652 2273 ,
1672 2247 1702 2268 υι.

63 2288 140 2316 silire
156 2287 348 2315 collibueritin
362 2292 486 2322 apertum
503 2295 599 2314 earttut
617 2292 644 2315 et
658 2289 858 2322 iniquiSsimum

63 2338 267 2368 contemptum.
287 2333 409 2360 Desinite
425 2333 506 2368 igitur
524 2335 640 2368 allegare
654 2341 746 2361 necem
766 2334 857 2362 (1:25a-

65 2382 116 2410 ris.
136 2380 291 2408 Praetextus
315 2380 358 2408 hic
382 2387 473 2407 merus
489 2386 516 2408 et
532 2381 695 2409 vanissimus
718 2387 771 2410 est.
792 2382 858 2409 llbnl

64 2429 186 2464 cogitate
200 2429 302 2462 potius,
319 2427 344 2454 itt
360 2435 477 2462 eamque
493 2433 582 2455 vestra
602 2435 682 2455 causa
702 2436 795 2455 curam
819 2430 860 2456 iu-

64 2475 224 2509 greditttini,
239 2474 285 2501 ubi
309 2475 414 2501 taudetu
440 2479 575 2501 terrarum
600 2475 774 2502 considentes
797 2475 860 2502 talia

63 2529 117 2548 non
133 2521 266 2549 dubitetis
282 2528 373 2556 agere,
389 2527 417 2548 et
435 2529 498 2548 uuttt
519 2529 567 2548 vos
582 2521 682 2556 ptttetis
698 2522 809 2556 impune
828 2523 861 2549 ad

61 2573 219 2595 extremum
237 2572 292 2594 tatn
310 2567 419 2595 infanda
435 2568 538 2595 scelera
556 2567 731 2595 laturos.Ncc
744 2573 861 2596 vestram

62 2614 89 2641 in
107 2615 161 2642 hoc
179 2621 282 2649 genere
295 2614 487 2642 conﬁdentiam
503 2614 558 2642 alat
574 2615 741 2649 experientia
755 2623 863 2643 succes-

61 2668 145 2686 suum
163 2667 260 2694 parum
282 2661 368 2692 vobis,
387 2668 420 2687 ex
437 2668 491 2694 qtto
505 2668 553 2688 uos
571 2661 748 2696 oppugnatis,
765 2661 862 2688 adver-

61 2715 171 2734 sorum.
186 2706 312 2733 Nondum
326 2708 398 2735 enim
414 2708 440 2734 iit
459 2715 506 2734 vos
524 2707 563 2734 uti
580 2708 643 2734 totis
658 2708 759 2734 nostris
775 2706 862 2735 volui-

62 2762 126 2781 mus
149 2754 266 2785 viribus.
282 2753 412 2787 religione
432 2753 522 2780 adhuc
537 2753 653 2787 quadam
668 2753 765 2787 juraltc
785 2754 863 2780 vobis

60 2800 127 2826 olim
144 2799 276 2826 amicitias
292 2799 416 2827 cohibiti.
437 2798 524 2826 Grave
541 2800 640 2834 quippe
654 2806 685 2826 ac
700 2804 776 2833 turpe
793 2801 863 2827 adeo

61 2844 219 2879 {cedil‘ragar
235 2844 358 2879 perfidia:
369 2845 472 2871 crimen
490 2844 690 2876 existimamus,
704 2849 732 2871 ut
745 2852 795 2879 pro
806 2844 864 2879 ejus

60 2900 75 2918 a
96 2891 183 2920 nobis
200 2890 356 2919 amolienda
372 2890 413 2918 vel
428 2891 480 2919 levi
494 2895 522 2918 et
536 2897 603 2919 vana
617 2891 707 2926 specie
723 2898 756 2918 tte
773 2891 859 2919 maxi-

912 2295 1081 2326 oportuerat,
1097 2291 1189 2325 aliquo
1203 2290 1325 2317 velandae
1345 2289 1455 2316 nefarire
1474 2289 1702 2324 transgressionis

913 2343 1054 2374 pactorum
1070 2338 1234 2372 juratorum.
1253 2336 1337 2371 Cujus
1352 2344 1385 2363 nc
1402 2336 1455 2366 ulla
1478 2336 1703 2371 tergiversatione

913 2385 1049 2412 declinare
1067 2383 1142 2411 vobis
1163 2383 1291 2418 probrum
1318 2383 1398 2410 liceat
1414 2388 1552 2416 utcunque
1579 2383 1704 2410 conanti-

914 2431 976 2463 bus,
987 2436 1140 2457 extremum
1159 2430 1208 2456 hoc
1224 2429 1259 2456 ad
1274 2438 1334 2456 eam
1355 2429 1562 2456 ineluctabiliter
1574 2429 1705 2455 evincen-

915 2479 976 2504 dam
1002 2477 1112 2504 accedet
1135 2480 1335 2509 argumentum,
1361 2483 1376 2502 e
1406 2477 1577 2503 recusatione
1606 2475 1705 2502 oblata:

917 2532 988 2551 nunc
1004 2531 1018 2550 a
1036 2531 1087 2554 me,
1101 2523 1123 2550 si
1143 2522 1304 2556 resipiscere
1325 2522 1421 2553 velitis,
1441 2522 1525 2549 venite
1539 2522 1703 2549 ducendum.

916 2571 983 2604 Quis
1005 2571 1076 2597 enim
1097 2577 1149 2596 non
1167 2577 1227 2596 cum
1256 2570 1399 2596 manifeste
1426 2577 1500 2596 reum
1521 2569 1620 2603 injttstc
1638 2568 1703 2595 illati

916 2618 950 2644 ab
971 2617 1046 2644 initio
1061 2616 1123 2643 belli
1139 2616 1249 2647 habent,
1265 2616 1310 2650 qui
1328 2624 1378 2642 nec
1392 2615 1518 2642 idoneam
1534 2615 1650 2649 allegare
1665 2616 1705 2641 ul-

918 2664 970 2690 latn
988 2663 1048 2697 ejus
1066 2662 1185 2697 suscepti
1206 2669 1314 2689 causam
1331 2662 1459 2696 quiverit,
1479 2667 1506 2688 et
1531 2651 1622 2688 alt‘iis
1636 2669 1705 2694 quos

917 2706 1084 2736 Volttuta'ritts
1101 2709 1239 2742 impugnet
1256 2708 1383 2735 invitatus
1398 2709 1429 2734 ad
1443 2708 1702 2741 reditttcgrationem

919 2755 1013 2790 gratia:
1033 2755 1149 2789 superbe
1177 2754 1201 2780 id
1230 2759 1325 2788 pergat
1352 2753 1513 2788 aspernari?
1537 2753 1618 2779 Arma
1639 2759 1705 2786 ergo

918 2805 1023 2832 nostra,
1036 2799 1134 2834 quibus
1150 2804 1207 2833 post
1223 2799 1329 2833 longam
1344 2798 1502 2833 patientiam
1520 2797 1605 2823 ultum
1627 2797 1705 2823 deni-

918 2855 972 2882 que
988 2847 1087 2874 ibimus
1103 2846 1243 2881 perlidiam
1261 2845 1409 2880 [aedili-agn:
1430 2844 1585 2872 rebellionis
1597 2847 1705 2876 vestrm,

914 2899 992 2920 nemo
1010 2896 1065 2919 tam
1079 2891 1188 2926 iniquus
1202 2889 1353 2925 reperietur
1367 2890 1412 2925 qui
1437 2894 1552 2924 arguere
1566 2887 1653 2924 possit
1665 2887 1706 2914 itt-
