1957 3066
54 166 98 196 02;)

493 168 540 198 DE
562 166 783 198 ANDRONICO
800 165 1031 198 PALXEOLOGO
1052 169 1125 199 LIB.
1146 168 1216 200 Vll.
1257 159 1258 162 Ἴ

1625 167 1680 199 630

53 223 124 248 λιστα
136 222 247 257 ἀγαθῷ,
257 221 330 250 data).
344 223 446 251 αὐτίκα
458 223 493 254 ὡς
507 223 592 256 λέξων
607 222 733 258 ἔρχομαι.
744 221 778 248 Οἱ
792 220 840 254 μὲν
857 222 877 248 Δ
892 221 932 247 λοι
952 222 980 247 δὲ
1010 223 1057 250 καὶ
1085 223 1188 258 Πέρσαι
1202 243 1210 255 ,
1236 222 1298 250 inst
1323 222 1436 258 οὐδεμία
1452 222 1505 249 τῶν
1530 222 1680 256 βασιλικῶν

53 267 93 297 ὤν
110 268 169 303 μετ’
184 269 276 296 αὐτῶν
293 269 398 304 Πέρσαι
415 271 525 305 μερῖται
540 270 594 296 τῶν
607 269 712 296 σκύλων
722 268 837 299 ἐκείνοις

54 316 190 351 γινόμενοι
207 316 260 350 τῆς
275 317 337 351 ίσης
354 315 504 351 ὴτέμδοντο
518 316 563 342 καὶ
579 317 655 351 παρά
667 315 713 342 δύο
726 315 754 341 ἓν
771 315 839 349 λαμ-

54 363 141 389 εάνειν
156 362 337 394 ἐδικαιοῦντο,
354 363 402 394 τὰς
415 364 459 389 ἐπ’
476 362 541 389 ἴσων
560 363 588 389 ἐν
603 364 671 390 πᾶσι
685 362 796 397 μερίδας
806 360 839 387 τὰ

56 410 221 445 συγκείμενα
243 410 360 444 ἔχοντες.
381 410 478 436 Ἰταλοὶ
494 410 521 436 δὲ
543 410 636 441 ἱππεῖς
658 410 727 444 σφᾶς
740 408 839 440 αὐτοὺς

56 455 125 491 παρὰ
151 454 256 486 πεζοὺς
273 455 394 485 ἐκείνους
416 455 480 486 ’τοὺς
508 454 650 485 πλείστους
670 454 841 488 συνέκρινον,

56 503 99 530 καὶ
120 500 178 528 ἄλλ’
203 502 275 528 ἄττα
299 500 547 534 διχαιολογούμενοι
563 520 571 532 ,
597 500 671 527 δεινὰ
691 500 841 527 ποιούντων

57 547 161 573 ἐκείνων
185 548 210 573 εί
230 547 285 573 τῶν
302 547 369 574 ἰσων
386 548 536 582 στεροῖντο,
571 546 691 581 ἠμέλουν
706 547 735 578 ἐς
759 547 840 580 ἄγαν.

58 593 131 619 Ὅθεν
148 593 196 618 καί
216 601 288 619 τισιν
305 593 417 619 ἐκείνων
439 593 590 628 ἀντιπερᾷν
613 593 712 627 ἐδόκει,
730 593 843 621 καὶτῶν

57 647 104 664 τινι
129 638 277 673 Ῥωμαίων
305 639 504 674 προστυχόντες
517 640 547 665 ὲν
566 640 661 674 ῥηταῖς
688 639 844 673 ὁμολογίαις

58 685 98 710 καὶ
111 685 204 718 ὅρκοις
233 684 407 718 συνεφώνουν
437 684 515 710 αὐτοὶ
539 683 589 718 μὲν
604 683 703 710 διδόναι
725 683 799 716 ἄξιον
814 684 844 710 τὸ

59 731 212 765 πορθμεῖον,
227 731 332 761 ἐκεῖνος
347 731 376 757 δὲ
393 730 766 765 ἁκακουργήτωςιδιαπερᾷν.
776 729 844 756 Ἀλλ’

59 778 87 802 ὲκ
100 776 144 802 τοῦ
173 777 307 811 αὶῳνηδὺν
333 776 541 811 περαιουμένοις
557 777 571 802 ὁ
590 776 717 812 Ἀνδρέας
744 775 847 810 Μουρί-

62 831 118 854 axe;
138 823 298 856 ἐφίπταται,
316 823 361 849 καὶ
381 823 463 857 μέσον
479 822 529 851 τοῦ
545 822 669 858 πορθμοῦ
685 822 846 857 προστυχὼν

59 869 116 899 τοὺς
132 868 182 903 μὲν
205 868 361 903 Ῥωμαίους
377 870 572 903 περιποιεῖται,
593 869 702 902 Πέρσας
716 868 744 894 δὲ
760 868 797 899 ὡς
813 868 846 894 ἂν

63 914 95 947 μὴ
114 913 150 939 ὢν
165 914 248 945 αὐτὸς
274 914 415 948 ἐπώμοτος
447 914 526 948 ἔργον
551 913 690 948 μαχαίρας
718 915 844 940 ποιεῖται.

61 960 138 986 Τοῦτο
159 961 285 994 γνωσθὲν
301 961 418 996 Πέρσαις
435 963 483 995 τῆς
499 962 545 989 ἐπὶ
557 961 591 986 τὰ
608 962 695 990 οίκεία
710 960 763 995 ἢθη
782 961 848 994 ἀφί-

63 1007 122 1041 ξεως
146 1009 194 1035 καὶ
224 1008 287 1035 λίαν
302 1008 444 1043 ἀνείργει,
472 1008 520 1036 καὶ
537 1007 623 1040 οὕτως
647 1007 757 1039 ἐσαῦθις
780 1007 848 1042 πρὸς

68 1054 177 1086 Ἰταλοὺς
192 1055 335 1087 κλίναντες
356 1056 404 1082 σὺν
418 1056 509 1087 αὐτοῖς
534 1055 582 1087 τὰς
597 1054 737 1090 Θρᾳκικὰς
764 1062 850 1082 κατα-

65 1100 182 1136 τρέχουσι
195 1101 302 1136 χώρας.
325 1100 395 1127 Ἀλλῗ
409 1102 422 1127 ὁ
439 1102 487 1135 μὲν
503 1101 660 1136 Μουρίσκος
679 1099 783 1135 βασιλεῖ
798 1109 849 1126 πα-

67 1146 226 1186 ραγεγονὼς,
247 1148 306 1182 ἅμα
320 1148 347 1175 δὲ
376 1148 423 1174 καὶ
443 1147 497 1173 τῶν
520 1147 656 1182 τριήρεων
677 1146 726 1180 τῆς
750 1146 796 1171 ἐπὶ
810 1145 849 1180 τῷ

67 1194 175 1229 πορθμῷ
189 1195 321 1230 ἀσχολίας
333 1193 555 1228 ἀπαλλαγεισῷν,
568 1193 669 1224 ἐκεῖνος
680 1193 730 1226 μὲν
738 1192 787 1228 τὴν
802 1191 848 1218 τοῦ

68 1240 186 1276 ἁμηρειλῆ
198 1241 279 1274 ἀξίαν
292 1241 367 1274 παρὰ
376 1239 422 1266 τοῦ
439 1239 604 1275 κρατοῦντος
616 1239 767 1274 λαμϐάνει”
786 1238 852 1264 Ἰτα-

71 1330 129 1365 ipsis
149 1336 228 1360 erant
248 1331 340 1359 Persa:
356 1330 381 1356 iu
398 1329 532 1357 divisione
557 1329 706 1364 spoliorum
729 1327 851 1357 fraudati

71 1382 139 1410 :equa
154 1381 231 1410 parte
255 1375 374 1403 fuerant.
393 1374 460 1402 Cum
478 1375 551 1402 enim
569 1375 643 1410 pacti
668 1379 760 1402 eSSent
782 1381 852 1408 prm-

71 1422 124 1449 dam
139 1427 243 1457 partam
263 1423 445 1449 communiter
459 1429 536 1456 aequa
551 1422 619 1456 ipsis
633 1426 660 1448 et
671 1421 776 1449 Latinis
791 1428 854 1455 por-

71 1466 138 1493 tione
154 1467 337 1499 sortiendatn,
360 1467 396 1494 ita
422 1471 451 1493 ut
477 1474 510 1494 ex
537 1466 642 1494 duobus
673 1467 746 1502 paris
773 1467 853 1500 pretii

73 1519 145 1539 unum
173 1513 242 1548 ipsis
269 1517 456 1548 competeret,
480 1512 538 1540 Itali
562 1513 722 1540 cavillantes
749 1513 799 1540 sibi
826 1517 855 1540 ut

72 1559 198 1593 equilibus
212 1558 295 1594 573
313 1559 372 1592 plus
387 1566 467 1593 quam
488 1558 541 1586 illis
565 1558 701 1593 plerisque
717 1560 854 1594 peditibus

74 1604 96 1631 in
109 1606 255 1640 partitione
277 1605 380 1638 deberi,
398 1610 528 1640 quantum
547 1605 708 1633 collibuerat
731 1613 854 1641 sumpse-

74 1656 135 1684 rant,
151 1652 288 1686 particula
309 1652 451 1684 duntaxat,
467 1652 624 1686 quantulam
639 1657 681 1679 sat
706 1652 765 1689 fore
778 1660 854 1688 qua:-

75 1702 156 1725 stuoso
170 1698 237 1733 ipsis
262 1699 313 1726 sibi
339 1699 486 1726 faventium
507 1689 803 1730 arbitrio’statuerunt,
828 1699 854 1726 in

75 1743 162 1773 Persas
175 1746 319 1777 socios,uti
336 1745 402 1773 nihil
415 1746 474 1781 plus
483 1753 563 1780 quam
575 1745 724 1781 gregarios,
735 1753 855 1781 aspersa.

76 1792 114 1819 Sic
130 1801 157 1820 se
179 1794 282 1828 injuste
305 1801 336 1820 ac
352 1793 550 1820 contumeliose
567 1792 724 1820 defraudari
740 1800 795 1820 non
816 1793 857 1820 fe-

75 1844 156 1867 rentes
167 1839 268 1872 Persae,
278 1839 311 1871 de
323 1839 374 1866 hac
386 1839 485 1874 injuria
497 1842 525 1866 et
539 1839 699 1873 quibusdam
717 1838 778 1866 aliis
790 1838 858 1866 mul-

77 1888 138 1913 tum.
155 1885 200 1911 sed
219 1885 319 1910 frustra
337 1884 533 1918 querebantur,
549 1884 640 1910 surdis
662 1884 695 1911 ad
707 1884 810 1916 omnia,
831 1888 857 1911 et

77 1929 196 1964 quidquid
205 1930 463 1962 lwsiobtcuderent,
479 1930 680 1964 susqueLdeque
694 1930 857 1957 ltabentibus

78 1982 162 2002 secure
176 1984 207 2002 ac
222 1976 342 2010 superbe
357 1975 504 2003 Catelanis.
519 1975 589 2003 Hinc
612 1980 703 2003 natum
714 1975 857 2003 Persarum

80 2023 207 2050 nonnullis
233 2022 377 2050 consilium
392 2027 464 2050 retro
483 2029 521 2054 se,
536 2023 609 2050 unde
624 2027 766 2055 venerant,
784 2027 859 2050 trans

81 2074 147 2094 tnarc
161 2068 310 2096 referendi.
333 2067 404 2101 Ergo
426 2075 486 2095 cum
504 2068 574 2095 forte
587 2074 747 2095 oecurrente
760 2075 860 2095 navar-

79 2113 124 2140 cbo
140 2115 266 2149 quopiam
283 2113 406 2142 Romano
422 2115 492 2142 clam
509 2114 664 2149 transigunt
681 2118 710 2141 ut
723 2122 752 2141 se
767 2118 859 2141 taxato

81 2160 162 2193 naulo,
181 2166 209 2188 et
225 2161 309 2189 certis
326 2161 527 2189 conditionibus
543 2162 570 2188 in
584 2169 651 2196 quas
675 2162 801 2196 utrinque
814 2160 858 2194 ju-

82 2206 215 2239 rejurando
233 2208 297 2234 dato
311 2212 352 2235 est
365 2213 540 2242 conventum,
552 2212 626 2236 trans
640 2209 737 2235 fretum
751 2209 860 2235 innoxie

866 1578 889 1608 α

889 269 1024 304 τριήρεων
1040 270 1129 296 ἐκεῖσε
1145 277 1184 303 πη
1200 269 1403 305 προσεκώχευε,
1420 270 1454 296 τὰ
1480 270 1563 296 πιστὰ
1581 270 1626 295 ἐπὶ
1640 268 1679 303 τῷ

890 315 1013 350 φρουρίῳ
1023 315 1062 350 τῷ
1073 316 1122 350 τῆς
1135 315 1252 342 Καλλίου
1266 316 1387 350 σχόντες,
1400 315 1508 350 ὀλίγους
1522 316 1597 346 τινὰς
1609 317 1680 342 κατὰ

891 362 1016 396 φυλακὴν
1041 362 1156 396 ἀφέντες
1173 361 1248 393 ὅλαις
1268 363 1367 397 ὁρμαῖς
1388 363 1422 389 τὰ
1437 363 1680 397 προστυγχάνοντα

891 407 1081 442 ὲξεληῖξοντο.
1111 407 1210 442 ἄνδρας
1241 408 1404 438 κτείνοντες,
1429 407 1478 438 τὰς
1504 407 1527 433 δ’
1544 409 1572 433 ἐν
1587 407 1680 442 ἡλικίᾳ.

892 454 1026 487 γυναῖκας
1039 453 1087 480 καὶ
1098 453 1196 484 παῖδας
1211 453 1317 480 ἀνοικτὶ
1330 453 1618 489 ἐξανδραποδιζόμενοι
1633 455 1681 481 καὶ

892 501 1023 536 χρήματα
1042 500 1126 535 μυρίοι
1151 499 1338 534 συλλέγοντες,
1364 500 1442 532 ζώων
1457 501 1547 527 αὐτῶν
1564 502 1610 527 καὶ
1624 501 1680 527 τῶν

894 547 1003 574 εὑώνων
1028 546 1071 582 [Ρ.
1098 546 1161 582 401]
1179 547 1352 582 πραγμάτων
1370 547 1587 581 παρορωμένων.
1610 547 1682 581 Λήῐα

894 593 922 625 δὲ
931 593 978 620 καὶ
993 593 1120 628 θημονίαι
1133 593 1241 628 μυρίαι,
1257 592 1290 619 τὰ
1305 593 1354 627 μὲν
1370 593 1576 628 παρηδηκυίαις
1590 593 1684 629 ἔφριτ-

895 648 941 666 τον
958 641 1018 671 ταῖς
1045 640 1175 674 ἀθέραις,

895 685 1085 721 καθεωρῶντο.

1211 641 1238 668 αί
1263 640 1292 666 δὲ
1318 640 1526 675 ἀτημελημέναι
1558 640 1684 673 κείμεναι

895 743 930 770 6';
948 744 1136 771 Ἀποστασία
1159 744 1219 771 τῶν
1242 743 1378 806 Ἀἷέανῶν
1400 743 1449 771 καὶ
1470 743 1531 770 τῶν
1558 746 1685 777 Τουρκο-

1223 786 1281 806 nov
1305 787 1357 806 ων.

1223 786 1357 806 πουλων.

934 826 970 853 Οὔ
984 826 1037 862 μὴν
1049 826 1077 852 δὲ
1093 826 1141 852 καὶ
1157 826 1279 857 Ἀλανοῖς
1296 825 1441 860 ἑτέρωθεν,
1468 825 1508 852 ἔτι
1522 826 1550 852 δὲ
1567 827 1616 852 καὶ
1631 827 1687 856 τοῖς

899 873 926 905 ἐξ
941 872 1061 906 ὑπογύου
1073 873 1246 907 Χριστιανοῑς
1262 871 1490 906 Τουρκοπούλοις.
1506 872 1531 898 οἳ
1546 872 1581 907 δὴ
1596 872 1641 898 καὶ
1654 873 1685 898 οὗ

899 918 989 954 πολλῷ
1002 921 1135 953 πρότερον
1150 918 1238 953 χρόνῳ
1254 917 1347 945 ἐκτῶν
1364 918 1477 953 βορείων
1491 918 1597 952 βασιλεῖ
1604 926 1688 952 προσ-

899 965 1057 999 εφοίτησαν,
1089 965 1143 991 οὐδ’
1158 965 1249 996 αὐτοῖς
1264 964 1407 999 ἀλώὸητον
1421 965 1576 999 διετηρεῖτο
1595 964 1628 990 ’τδ
1642 964 1686 990 ἒν-

900 1011 1024 1043 σττονδον,
1044 1010 1194 1045 ἀλλὰιμίαν
1221 1011 1272 1045 μὲν
1285 1009 1359 1046 εἶχον
1371 1011 1420 1046 τὴν
1434 1011 1547 1045 γνώμην
1568 1012 1688 1037 ἀποστα-

899 1057 1018 1090 τοῢντες,
1049 1058 1175 1092 ἑκάτεροι
1202 1057 1232 1084 δὲ
1253 1058 1288 1084 τὰ
1313 1056 1474 1092 ὀχυρώτατα
1491 1057 1687 1092 κατασχόντες,

899 1105 977 1131 οὐδὲν
991 1105 1060 1138 ὅπερ
1077 1105 1107 1130 οὑ
1124 1104 1304 1136 καταθέοντες
1319 1104 1492 1140 ὲξηφίινιζον.
1512 1104 1566 1130 Καὶ
1587 1104 1612 1130 ei
1640 1104 1690 1138 μὲν

901 1150 1104 1184 Τουρκόπουλοι
1116 1149 1236 1185 ἄλλῃηπη
1251 1150 1375 1185 ὠχύρουν
1390 1150 1439 1181 τὰς
1455 1151 1608 1183 μετοικίας,
1624 1150 1690 1176 6πό-

901 1195 947 1221 θεν
964 1195 1001 1226 ὥς
1023 1195 1053 1227 ἐξ
1075 1195 1245 1230 ὀρμητηρίου
1273 1194 1416 1225 ἐκθέοντες
1444 1193 1518 1220 δεινὰ
1536 1193 1690 1227 Ῥωμαίους

903 1241 1080 1277 είργάζοντοο
1113 1241 1236 1273 Ἀλανοῖς
1251 1241 1279 1268 δὲ
1297 1240 1516 1276 Κουτζίμπαξις,
1534 1240 1625 1271 καθὼς
1642 1241 1690 1276 sp.

904 1322 994 1354 rediit,
1010 1321 1054 1349 tibi
1078 1321 1208 1349 benevole
1224 1326 1355 1356 exceptus
1380 1321 1414 1348 sb
1426 1322 1604 1356 imperatore,
1621 1327 1690 1354 prae-

904 1368 989 1396 mium
1019 1368 1058 1395 rei
1080 1367 1149 1394 bene
1174 1372 1258 1402 gestia
1287 1367 1413 1395 auteralis
1437 1367 1594 1402 dignitatem
1620 1366 1691 1393 tulit.

904 1415 1004 1442 Verum
1024 1414 1083 1443 Itali
1107 1421 1138 1441 ac
1153 1413 1247 1441 Persae
1263 1420 1371 1441 recessu
1396 1412 1693 1440 aniniadverso‘trire-

905 1461 999 1493 mium,
1016 1467 1130 1494 quarunt
1157 1460 1222 1495 ipsis
1246 1459 1337 1486 fuerat.
1362 1459 1459 1486 vicinia
1486 1459 1602 1490 terrori,
1627 1458 1693 1485 nihil

904 1507 962 1545 jam
987 1507 1117 1542 deinceps
1138 1506 1195 1534 arei
1219 1506 1382 1541 Callipoleos
1410 1505 1553 1532 imminere
1579 1505 1692 1538 periculi

907 1559 1061 1586 cernentes,
1084 1553 1178 1587 paucis
1200 1560 1313 1580 suorum
1341 1552 1378 1579 uti
1402 1551 1458 1586 jam
1480 1551 1640 1578 sttﬂ'ecturis
1657 1551 1691 1577 ad

905 1601 963 1635 ejus
978 1600 1127 1629 custodiant
1143 1599 1179 1627 ibi
1195 1599 1306 1629 relictis.
1318 1597 1404 1626 effuso
1417 1598 1519 1633 impetu
1536 1597 1614 1624 obvia
1628 1602 1691 1624 sunt

905 1653 1003 1677 cuncta
1018 1646 1186 1682 depopulati,
1197 1646 1270 1673 viros
1286 1645 1393 1679 quidem
1405 1645 1571 1676 occidentes,
1587 1643 1694 1671 adultas

906 1703 971 1723 vero
989 1695 1118 1722 mulieres
1134 1698 1160 1721 et
1176 1700 1273 1728 pueros
1291 1692 1541 1720 immisericorditer
1562 1691 1692 1719 servitum

907 1743 1082 1773 abducentes,
1096 1740 1178 1776 574
1194 1739 1320 1775 pecunias.
1328 1743 1417 1766 autem
1428 1738 1582 1766 immensos
1597 1745 1697 1772 conges

907 1792 997 1815 rentes
1012 1788 1147 1819 cumulos,
1164 1787 1230 1814 adeo
1253 1790 1281 1813 ut
1298 1785 1426 1812 animalia
1441 1789 1467 1812 et
1484 1790 1581 1812 caetera
1597 1788 1696 1811 utcun-

907 1841 960 1869 que
976 1841 1076 1868 tuagno
1090 1839 1115 1861 et
1137 1833 1215 1860 facile
1234 1833 1393 1865 vendibilis,
1405 1833 1477 1859 ultro
1493 1832 1520 1858 in
1536 1839 1634 1858 manus-
1650 1832 1693 1858 in-

907 1881 1055 1912 currentia,
1076 1888 1125 1908 ttec
1140 1880 1234 1907 tollere
1251 1883 1389 1912 curarent,
1402 1878 1492 1905 ditiori
1510 1878 1578 1912 pleni
1595 1878 1695 1912 praeda;

908 1934 960 1961 qua
977 1927 1059 1954 etiam
1087 1933 1119 1952 ex
1148 1933 1231 1953 causa
1264 1929 1370 1958 segetes
1398 1924 1425 1951 in
1453 1923 1557 1958 campis
1583 1928 1696 1950 matura:

908 1974 1052 2007 struesque
1068 1972 1267 2006 manipulorum
1290 1971 1317 1998 in
1335 1971 1417 2002 areis,
1435 1970 1486 1997 illa:
1499 1969 1597 2004 perire
1621 1969 1696 1997 defe-

908 2025 953 2048 otu
971 2020 1141 2052 metontium,
1163 2019 1204 2046 ba:
1224 2018 1354 2053 neglectae
1367 2018 1461 2053 jacere
1478 2016 1579 2052 passim
1600 2023 1696 2044 cerne-

909 2066 1019 2094 bantur.

997 2113 1026 2139 4.
1045 2113 1160 2148 Defectio
1180 2112 1327 2138 Alanorum
1349 2116 1374 2138 et
1389 2110 1608 2143 Turcopulorum.

945 2159 1062 2187 Aliunde
1077 2167 1158 2194 porro
1176 2166 1264 2193 neque
1275 2158 1368 2185 Alanis
1381 2158 1640 2192 nequeTurcooulis
1659 2165 1687 2184 re

912 2214 976 2234 cens
991 2206 1024 2233 ad
1037 2206 1218 2234 Christianam
1236 2205 1370 2232 traductis
1387 2204 1554 2239 religionem,
1577 2204 1621 2238 qni
1643 2211 1695 2230 non

81 2258 108 2278 ac
120 2253 169 2279 ﬁde
183 2254 253 2281 bona
275 2254 441 2289 deportaret.
458 2255 526 2283 Dum
544 2255 583 2282 sic
600 2255 755 2290 trajiciunt,
771 2254 858 2281 medio
875 2255 896 2282 D
911 2253 997 2280 multo
1014 2259 1076 2280 ante
1092 2252 1150 2279 haec
1162 2257 1282 2285 tempore
1293 2259 1309 2278 e
1320 2251 1588 2285 septemtrionalibus
1602 2251 1699 2278 tracti-

81 2297 104 2324 itt
128 2306 204 2327 cursu
222 2308 317 2327 navem
333 2309 386 2336 qua
405 2302 572 2329 vellebantur
584 2302 709 2329 Andreas
724 2300 860 2328 Muriscus

81 2343 203 2372 invadens
216 2354 407 2381 occupztnsqne
421 2347 559 2375 Romanos
579 2347 689 2382 quidem
711 2347 736 2374 in
759 2355 791 2374 ea
814 2355 859 2374 re-

83 2396 166 2421 pertos
179 2394 307 2426 servavit,
325 2393 424 2420 Persas
438 2398 540 2426 autem,
557 2398 587 2420 ut.
602 2393 700 2427 quibus
714 2392 787 2420 nulla
802 2393 862 2426 ipse

83 2439 236 2465 sacramenti
255 2439 383 2474 religione
399 2440 526 2472 cavisset,
541 2440 631 2475 gladio
645 2441 768 2475 peremit.
784 2439 861 2467 Nun-

85 2481 169 2510 tiatum
186 2485 209 2511 id
235 2485 325 2513 Persis
347 2487 456 2521 reliquis
473 2488 543 2522 apud
566 2492 655 2514 castra
670 2486 860 2514 Catelauorunt

85 2528 173 2558 similia
201 2533 353 2559 revertendi
375 2532 491 2560 consilia
510 2533 680 2560 versantibus
692 2552 700 2564 ,
717 2531 797 2567 longe
813 2532 861 2560 hos

87 2573 205 2610 deinceps
225 2577 258 2603 ab
272 2578 405 2610 ejusmodi
427 2579 641 2613 cogitationibus
659 2579 777 2612 avertit,
796 2585 861 2606 coa-

87 2625 189 2655 ctosque
216 2623 257 2651 ad.
280 2625 413 2656 patienter
440 2625 607 2651 tolerandam
643 2625 864 2660 qualemcunque

87 2666 262 2694 conditionem
284 2669 431 2703 pert'grilta‘
451 2669 562 2700 militia),
579 2669 621 2695 cui
646 2674 737 2696 essent
760 2669 863 2696 insolu-

89 2709 172 2737 bililer
194 2714 324 2746 impliciti,
349 2715 465 2749 perpulit
484 2716 516 2741 ad
533 2715 748 2750 conjungendam
774 2717 862 2743 denuo

89 2761 143 2780 Cum
159 2756 229 2784 [talis
247 2760 388 2786 militarem
403 2768 525 2794 operam,
547 2760 688 2787 'I‘bracicis
708 2761 860 2787 communi-

91 2805 126 2827 ter
142 2804 291 2838 regionibus
313 2807 494 2839 incursat-dis.
509 2808 567 2837 Sub
588 2809 646 2836 haec
668 2807 801 2837 Murisrus
821 2816 860 2835 re-

90 2847 162 2875 missa
184 2851 336 2880 trircnnbus
353 2853 413 2880 freti
438 2854 604 2880 custodiendi
622 2854 729 2881 tmdiosa
751 2853 815 2888 ipsis
830 2863 862 2881 ut:

91 2894 185 2925 publica
201 2897 309 2927 salutari
323 2900 448 2933 statione,
468 2908 527 2928 cum
545 2900 578 2928 iis
594 2900 859 2936 Constantinopolim

913 2301 965 2328 bus
981 2300 1014 2326 ad
1029 2299 1151 2326 militiam
1167 2298 1337 2332 imperatoris
1355 2299 1531 2330 advenerant,
1549 2298 1613 2325 fides
1629 2302 1658 2326 et
1673 2297 1699 2324 in

914 2344 1104 2373 observatione
1118 2342 1232 2370 foederis
1249 2343 1308 2370 initi
1324 2343 1526 2376 perseverantia
1539 2342 1699 2369 constabat:

913 2399 1007 2419 verum
1033 2391 1092 2425 pari
1109 2394 1222 2424 utraque
1241 2396 1307 2424 gens
1327 2389 1440 2416 consilio
1463 2389 1562 2416 defecit
1579 2389 1666 2423 palam
1686 2397 1699 2414 η

913 2437 1027 2467 nostris,
1041 2440 1069 2463 et
1086 2435 1276 2462 munitissimis
1290 2435 1356 2461 locis
1372 2435 1512 2468 orcupatis
1529 2439 1701 2468 erumpentes

914 2483 979 2509 inde
992 2482 1057 2509 nihil
1083 2487 1170 2508 tututn
1185 2486 1232 2508 aut
1247 2489 1372 2508 secttrttut
1393 2488 1441 2514 per
1461 2481 1604 2507 circuitum
1631 2480 1702 2506 sinc—

913 2529 988 2561 bant,
1006 2528 1206 2556 ineursiOnibus
1222 2527 1328 2555 infestis
1341 2526 1394 2554 late
1411 2532 1509 2554 cuncta
1523 2535 1702 2560 corrumpen-

916 2581 968 2604 tes.
986 2576 1024 2603 Ac
1038 2575 1182 2609 Turcopuli
1197 2575 1307 2609 quidem
1321 2574 1383 2602 alibi
1398 2574 1447 2600 sibi
1464 2575 1630 2608 receptacula
1646 2582 1702 2598 nm-

916 2623 1035 2654 niernnt,
1055 2622 1126 2648 unde
1144 2627 1174 2647 ut
1185 2629 1218 2648 ex
1234 2628 1296 2648 arce
1309 2625 1500 2655 procurrentes
1515 2620 1633 2654 ingentia
1647 2618 1700 2645 lto-

916 2669 1003 2695 manis
1018 2667 1168 2695 inferebant
1183 2667 1264 2693 tnala.
1283 2667 1375 2694 Alanis
1388 2674 1451 2694 vero
1467 2665 1663 2697 Cutsitrpnxis,
1674 2669 1701 2689 ut

915 2719 956 2741 est
975 2714 1050 2749 prius
1064 2713 1179 2745 dictum,
1193 2713 1388 2746 superveniens
1403 2713 1477 2740 brevi
1494 2711 1565 2738 dedit
1581 2711 1702 2737 cerasina

915 2768 977 2788 nem
996 2759 1136 2794 opinandi,
1155 2759 1226 2786 haud
1245 2760 1326 2786 istum
1341 2767 1401 2786 cum
1420 2760 1453 2786 iis
1473 2764 1648 2792 congressum
1673 2756 1699 2782 td

914 2807 1086 2841 procuranda
1101 2805 1287 2832 lloinanorum
1303 2805 1456 2836 commoda,
1470 2806 1503 2830 ad
1520 2805 1591 2837 quod
1609 2809 1702 2828 tume—

913 2854 993 2880 balur
1007 2872 1014 2884 ,
1031 2852 1114 2879 fuisse
1129 2852 1268 2878 collatum.
1284 2851 1430 2884 Cmperunt
1452 2851 1524 2878 enim
1551 2848 1644 2876 statim
1667 2848 1702 2874 ab

914 2900 964 2928 hoc
987 2899 1079 2927 audito
1106 2898 1184 2925 Alani
1214 2897 1366 2926 animosius
1392 2905 1472 2932 quam
1505 2901 1583 2924 antea
1611 2901 1702 2931 partu
