1957 3066
241 91 290 123 631

240 151 306 186 ρέθη
318 152 352 178 τὰ
369 153 499 189 πρότερα,
527 154 643 185 ἐπιστὰς
659 154 747 185 άλλως
776 153 792 188 ἢ
818 154 855 185 ὡς
871 154 914 181 ἐπ’
932 154 1026 190 ἀγαθῷ
1041 157 1063 184 Α

244 197 400 232 Ῥωμαίων,
445 200 494 226 καὶ
507 200 672 232 ἀπέσταλτο,
688 200 767 233 δόξαν
783 202 913 236 παρεῖχεν
926 202 1023 228 ποιεῖν.

237 241 325 280 Ἦρξε
343 245 398 280 γάρ
424 246 448 272 el
462 246 510 273 τοῦ
525 246 573 273 uel
596 246 634 281 τῷ
647 247 737 273 δοκεῖν
758 247 880 278 Ἀλανοῖς
895 247 1025 281 ἐκθύμως

239 291 450 327 ἀποστραφῆναι
461 292 496 320 τὰ
511 293 644 328 βασιλέως
669 294 716 320 καὶ
733 293 765 328 δὴ
784 294 830 320 καὶ
846 294 1024 320 πιστεύεσθαι

238 338 255 374 ἡ
272 338 319 365 τοῦ
332 338 452 366 Τουκτάῐ
482 339 551 374 πρὸς
567 339 679 374 βασιλέα
692 339 740 367 καὶ
765 340 828 374 περὶ
843 340 926 367 αὑτοῦ
942 339 1026 374 ζήτη-

238 394 291 416 σις,
303 386 350 412 καὶ
363 385 424 411 ἐπεὶ
439 384 538 420 σύναμ*
554 384 699 420 έζητοῦντο
709 386 790 417 αὑτός
805 393 833 411 τε
847 386 895 411 καὶ
917 385 1025 412 Ἀλανοὶ

237 432 275 463 ὡς
288 432 406 467 ἀρχῆθεν
427 433 460 466 τῇ
474 431 529 459 τῶν
540 432 670 467 Τοχάρων
682 432 752 467 ἀρχῇ
769 433 965 467 προσήκοντες.
978 433 1026 460 αὔ-

237 477 288 504 τοῦ
303 486 335 512 γε
350 479 397 504 καὶ
410 478 513 513 μᾶλλον
532 478 582 504 σὺν
597 478 700 513 ἑτέροις
726 478 840 512 ἄρχουσι
854 478 931 512 παρὰ
949 478 1026 513 βασι-

236 524 306 555 λέως
320 525 388 560 πρὸς
414 525 517 551 ἐκεῖνον
536 524 743 559 πρεσϐεύοντος.
763 524 845 551 Ταῦτ’
863 523 971 550 Ἀλανοὶ
986 524 1024 555 ὡς

237 570 305 605 πρὸς
322 570 410 596 αὐτῶν
427 570 459 597 ἐκ
476 570 523 596 τοῦ
536 570 621 605 τύχης
643 571 690 597 καὶ
704 570 860 605 αὐτομάτου
881 569 1024 604 γεγονέναι

236 615 316 648 δόξαν
333 615 380 642 καὶ
394 616 454 642 λίαν
463 616 670 650 ἀποδεξάμενοι,
682 616 875 643 ὑπο-ποιοῦνται
890 615 1024 646 παντοίως

237 661 282 688 τὸν
297 662 482 697 πρεσϐευτήν.
507 662 587 689 Καὶό
599 662 667 694 τέως
688 661 872 697 ὲξημερώσων
890 662 960 696 σφᾶς
979 661 1026 696 βα-

239 708 309 734 σιλεῖ
321 708 392 740 ὅλος,
406 707 443 740 ὡς
454 707 540 741 δόξαι,
554 708 667 734 ἐκείνων
687 707 803 741 γίνεται,
821 707 869 734 καὶ
882 707 911 738 ές
931 705 1025 733 τοσοῦ-

237 763 283 780 τον
296 754 445 780 οἰκειοῦται
459 754 553 788 σφίσιν
566 753 637 780 ὥστε
655 754 701 780 καὶ
715 753 798 789 ἄλλην
811 754 859 788 τὴν
883 752 931 779 τοῦ
949 761 1024 788 πρω-

238 799 363 831 τεύοντος
382 799 495 826 ἐκείνων
520 799 644 834 Κυρσίτη
663 799 781 834 ἀδελφὴν
810 798 964 832 ἀγαγέσθαι
993 798 1022 829 ἐς

239 845 364 880 σύζυγον.
388 845 490 873 Ἠ......
514 831 622 872 ’Δλανοὶ
634 831 684 877 τὰς
708 831 765 880 τ’ἧς⁷
784 831 886 876 Νεάδος
909 844 1026 875 σκοπιὰς
1042 831 1063 859 Β

239 891 439 924 καταλαϐόντες
460 891 542 918 τόπον
565 891 685 926 διαρκῶς
710 890 839 926 ὀχυροῦσι
865 891 926 921 ταῖς
953 889 1025 916 κατὰ

239 939 311 972 σφᾶς
325 937 513 973 ἁρμαμάξαις,
530 936 573 970 αἷς
594 938 626 973 δὴ
642 939 690 965 καὶ
706 937 903 972 διεκομίζοντο.
921 936 1026 963 Γύναια

237 985 265 1011 δὲ
281 985 328 1011 καὶ
356 984 487 1020 παιδάρια
514 984 561 1011 καὶ
578 985 668 1011 πᾶσαν
683 983 767 1018 ἀλλην
791 983 951 1017 περιουσίαν
968 982 1026 1008 ἐκεῖ

239 1030 461 1064 συγκλείσαντες,
476 1030 602 1057 ὲντεῑθεν
617 1028 659 1066 [Ρ.
678 1028 742 1065 402]
767 1028 844 1055 αὐτοὶ
867 1029 903 1060 ὼς
920 1028 968 1054 ἐπὶ
980 1027 1025 1061 βε-

239 1077 310 1112 ϐαίῳ
324 1077 375 1112 τῆς
391 1076 521 1112 ἱδρύσεως
539 1076 727 1110 ὲξορμώμενοι
750 1075 785 1101 τὰ
800 1075 929 1102 πάνδεινα
947 1074 1027 1100 διετί-

240 1123 305 1149 θουνη
322 1122 484 1156 Ῥωμαίους.
499 1121 578 1156 μόνον
594 1121 622 1148 δὲ
637 1120 762 1156 φειδωλοὶ
777 1120 840 1156 περὶ
852 1120 901 1151 τὰς
919 1120 1026 1153 σφαγὰς

238 1166 320 1202 ἦσαν.
338 1169 393 1194 Καὶ
409 1166 484 1194 ταῦτ’
500 1167 615 1201 ἠκούετο
642 1166 822 1202 εἰργασμένος
848 1165 1027 1200 Κουτζίμπα-

241 1214 292 1248 ξιξ,
312 1214 335 1240 εί
351 1214 398 1241 καὶ
415 1214 429 1240 ὁ
444 1213 553 1249 κρατῶν
567 1213 610 1240 ἐπ’
635 1213 732 1248 ἐκείνῳ
746 1212 786 1239 ἔτι
803 1210 1028 1247 πληροφορούμεε

242 1304 411 1338 imperatoris
439 1302 579 1333 aversari,
597 1309 653 1336 pne
675 1309 705 1329 se
729 1301 847 1329 ferentes
872 1305 946 1329 certo
964 1307 1024 1328 cre-

240 1351 304 1379 dere
322 1349 378 1385 jam
405 1356 444 1382 se,
461 1349 486 1375 id
505 1349 538 1375 de
555 1355 608 1383 quo
623 1347 700 1382 prius
722 1347 914 1375 dubitaverant
933 1346 1025 1374 timide

240 1398 369 1424 duntaxat
397 1395 579 1431 suspicando;
594 1402 754 1430 persuasum
765 1414 773 1426 ,
792 1395 900 1429 inquam
916 1413 924 1426 ,
946 1393 1026 1429 plene

235 1443 291 1477 jam
322 1443 467 1475 habentes,
492 1441 604 1468 mlasum
637 1448 651 1468 a
680 1441 814 1468 Tuctaine
847 1440 880 1467 ad
911 1439 1026 1475 impera-

242 1496 326 1517 torem
349 1487 546 1523 Cutzimpaxim
568 1487 601 1515 ad
627 1487 786 1522 repetendos
815 1494 878 1514 suos
901 1486 1061 1534 antiquosc

242 1535 339 1563 milites
365 1535 473 1567 Alanos,
495 1541 595 1569 eosque
624 1541 715 1562 secum
749 1533 916 1568 postliminio
947 1532 1027 1559 redu-

241 1581 342 1609 cendos
365 1582 397 1608 ad
423 1585 511 1608 terras
527 1580 732 1612 Tncharornm,
756 1579 790 1607 ad
818 1586 887 1614 quos
912 1579 1028 1613 pertine-

240 1631 303 1654 rent
329 1630 357 1653 et
381 1633 496 1659 quorum
528 1625 629 1652 dudum
659 1624 792 1659 auspiciis
824 1623 1026 1650 militavissent.

241 1671 322 1709 575
345 1671 495 1699 Advenisse
525 1671 549 1698 is
567 1670 680 1698 nuntius
705 1670 730 1697 in
748 1675 868 1704 tempore
890 1670 963 1696 visus
986 1673 1028 1696 est
1047 1703 1050 1706 ⁴

243 1719 349 1751 Alanis,
365 1717 474 1752 quando
507 1724 555 1745 eos
590 1716 682 1744 multis
715 1717 748 1744 de
780 1716 872 1745 causis
899 1714 1029 1742 Romanae

243 1764 384 1792 societatis
419 1763 527 1790 taedium
578 1766 698 1796 ceperat.
739 1761 833 1796 itaque
870 1769 931 1788 cuin
971 1768 1028 1786 rctn

245 1809 330 1842 ipsam
344 1811 509 1842 exceperunt
522 1806 614 1838 avide,
626 1811 682 1833 tum
697 1805 756 1839 eius
767 1807 800 1833 ad
812 1813 840 1832 se
851 1806 962 1833 missum
980 1812 1029 1831 ne-

244 1855 309 1890 gotii
323 1854 477 1883 ministrum
489 1854 616 1881 omnibus
628 1853 759 1880 demereri
772 1852 897 1880 ofﬁciosa
911 1853 1029 1879 benevo-

243 1901 333 1929 lentia:
348 1899 579 1928 declarationibus
594 1899 730 1927 studuere.
748 1898 802 1927 Nec
817 1898 908 1933 segnis
923 1897 966 1925 ille
983 1902 1030 1925 aut

243 1955 340 1982 parcus
355 1946 405 1974 fuit
419 1947 445 1973 in
456 1945 609 1973 exhibenda
628 1949 719 1972 mutua
728 1945 826 1980 gratia.
843 1944 920 1971 Unde
932 1944 978 1978 qui
995 1944 1028 1971 ad

244 1993 416 2022 dch'niendos
438 1991 595 2027 imperatori
610 1991 789 2019 exacerbatus
800 1990 949 2017 Alanorum
968 1989 1029 2016 ani-

243 2046 303 2067 mos
317 2039 393 2066 utilis
408 2038 568 2066 conciliator
594 2037 743 2065 accessisse
766 2039 938 2070 sperabatur,
953 2035 1028 2063 brevi

244 2088 318 2111 totus
333 2083 359 2112 in
386 2090 480 2110 eorum
499 2083 632 2110 transisse
661 2088 752 2116 partes
775 2082 847 2108 haud
871 2081 959 2108 dubiis
987 2085 1030 2108 est

244 2135 402 2165 compertus
419 2129 539 2162 indiciis,
552 2130 645 2164 utique
663 2128 708 2163 qui
726 2136 758 2155 eo
774 2135 858 2163 usque
873 2135 901 2155 se
916 2127 970 2153 illis
981 2134 1029 2161 ag-

849 96 1012 126 GEORGII
1031 96 1272 128 PACHYMERE

1819 95 1884 127 632

1077 164 1121 187 vo;
1134 156 1189 182 οὐδ’
1204 157 1271 189 ὅλως
1286 156 1320 183 τὰ
1331 156 1380 191 τῆς
1401 156 1497 191 φήμης
1511 155 1683 191 παραδεκτέα
1701 155 1794 190 ἡγεῖτο
1805 163 1814 171 ⁸
1827 155 1885 182 καὶ

1078 200 1133 236 γὰρ
1149 201 1275 233 κάκεῖνος
1292 201 1500 237 περιεδουκόλει
1513 201 1561 232 τὰς
1572 201 1682 233 ἐλπίδας
1701 200 1737 235 τῷ
1748 200 1879 236 βασιλεῖ,

1077 246 1115 279 ὠς
1131 248 1183 274 οὐκ
1204 248 1252 274 ἐπὶ
1267 248 1379 283 πονήρῳ
1407 247 1551 282 Ῥωμαίων
1576 247 1664 274 ταῦτα
1682 246 1811 282 πράττοι,
1844 246 1881 278 ἐξ

1077 290 1115 321 ὦν
1127 294 1244 329 ἠκούετο
1259 294 1328 329 πρός
1343 303 1419 326 τινας
1435 294 1489 321 τῶν
1508 293 1555 320 τοῦ
1572 293 1706 329 βασιλέως
1720 292 1882 326 ἀπολογού-

1079 349 1172 375 μενος.
1208 340 1358 376 Ἐτέρωθεν
1381 340 1409 366 δὲ
1434 340 1495 366 κατ’
1511 339 1644 373 ἀνατολὴν
1670 338 1717 365 καὶ
1739 340 1753 366 ὁ
1773 339 1882 365 Ἀττα-

1077 385 1193 421 λειώτης
1203 386 1367 413 ἀποστατῶν
1383 385 1562 422 ὲκηρύσσετο,
1577 385 1625 412 καὶ
1640 385 1791 420 γράμματα
1805 383 1848 418 ἀφ
1855 391 1881 408 ι-

1078 433 1217 469 κνούμενα
1242 433 1292 469 τὴν
1313 433 1485 460 ἀποστασίαν
1501 432 1620 467 ἐδήλουν.
1646 431 1739 458 Ταῦτα
1764 431 1818 466 μὲν
1838 430 1879 456 οὐ

1076 479 1148 512 λίαν,
1165 479 1203 512 ὡς
1217 479 1309 516 ἐῴκει,
1333 479 1423 506 ὼδῦνα
1436 480 1482 506 τὸν
1501 478 1626 514 βασιλέα,
1639 478 1672 505 τὰ
1688 477 1715 504 δὲ
1735 477 1808 504 κατὰ
1826 475 1880 502 δύ-

1079 534 1122 552 σιν
1139 526 1182 552 διὰ
1196 526 1337 560 φροντίδος
1357 524 1518 560 ποιούμενος
1530 524 1579 551 οὐκ
1593 524 1674 556 ἀνίει,
1687 525 1737 550 καὶ
1756 522 1882 557 μάλισθ’

1076 574 1118 600 ὃτι
1133 572 1180 599 καὶ
1197 571 1244 598 τοῦ
1261 571 1461 607 στρατιωτικοῦ
1481 570 1529 597 τοῦ
1549 571 1614 605 περὶ
1627 569 1673 596 τὸν
1688 569 1801 605 βασιλέα
1818 569 1882 595 Μι-

1078 617 1148 655 χαὴλ
1170 617 1425 649 διασκεδασθέντος,
1453 617 1501 644 καλ⁸
1524 617 1569 643 διὰ
1590 616 1677 642 ταῦτα
1696 615 1779 650 μηδὲν
1797 614 1879 649 ἔχων

1077 665 1180 695 ἐκεῖνος
1196 663 1338 698 πράττειν.
1363 671 1409 689 τον
1430 662 1538 697 πατέρα
1553 661 1600 689 καὶ
1620 660 1733 696 βασιλέα
1747 659 1879 693 πέμπων

1078 708 1239 742 ἐξώτρυνεν,
1265 710 1288 734 si
1313 708 1414 735 δυνατά
1437 709 1461 735 oi
1487 708 1543 742 εἴη,
1567 707 1647 733 αὐτὸν
1672 703 1878 740 ἐκστρατεύειν

1077 755 1183 781 ἐκεῖνον
1204 756 1250 782 καὶ
1274 755 1346 781 κατὰ
1370 754 1446 781 δύσιν
1466 753 1529 788 περί
1555 762 1606 780 που
1637 751 1795 778 Ῥαιδεστδν
1821 750 1879 777 καὶ

1079 802 1174 837 πρόσω
1187 800 1461 836 στρατοπεδεύεσθαι.
1481 800 1570 835 Ὀρμὴ
1589 799 1612 826 δ’
1630 797 1663 835 ἦν
1685 800 1753 833 πρὸς
1775 796 1876 828 τοῦτο,

1078 847 1177 873 ὁπόθεν
1206 847 1235 873 δέ
1254 847 1279 873 οἱ
1301 847 1432 882 δυνάμεις
1456 845 1728 881 συγκροτηηήσονται
1750 851 1877 869 σκοπου-

1080 893 1155 928 μένῳ
1172 892 1242 928 (οὐδὲ
1262 893 1315 928 γὰρ
1331 893 1363 918 ὲκ
1379 892 1426 919 τοῦ
1446 892 1537 919 κοινοῦ
1555 892 1682 926 ταμιείου
1705 889 1808 920 ταύτας
1823 897 1877 923 γε-

1078 940 1170 967 νέσθαι
1188 939 1323 971 ἐπιτελεῖς
1347 940 1392 967 διὰ
1416 941 1465 974 τὴν
1488 939 1543 965 τῶν
1564 939 1714 974 χρημάτων
1736 936 1874 972 ἀπορίαν,

1077 986 1114 1018 ὡς
1127 986 1232 1020 ἔλεγον,
1247 985 1349 1013 δυνατὰ
1363 983 1409 1020 ἦν)
1425 986 1441 1020 ὴ
1464 986 1496 1012 ἐκ
1513 985 1562 1019 τῆς
1581 983 1718 1014 πολιτείας
1734 981 1875 1016 έκαραδο-

1077 1033 1153 1059 κεῖτο
1175 1031 1317 1058 ἐθελουσία
1336 1031 1532 1066 συγκρότησις.
1555 1029 1637 1056 Ὅθεν
1661 1030 1709 1056 καὶ
1738 1027 1872 1062 συνεκρὸ-

1077 1088 1142 1106 τουν
1167 1079 1191 1105 οι
1215 1078 1339 1110 πλείους,
1365 1078 1413 1104 καὶ¹
1438 1076 1614 1111 συνελέγοντο
1630 1076 1776 1111 χρήματα.
1793 1073 1872 1100 Ἀλλ’

1077 1125 1128 1152 οὐκ
1145 1122 1178 1161 ἢν
1198 1125 1266 1160 πρὸς
1281 1123 1409 1155 τοιαύτας
1425 1123 1519 1158 χρείας
1531 1122 1689 1158 ἀρκούντων
1704 1122 1734 1148 τὸ
1751 1120 1874 1155 συναγό-

1079 1180 1172 1206 μενον,
1188 1170 1236 1198 καὶ
1247 1170 1378 1209 ἠμελεῖτο
1394 1169 1424 1196 τὺ
1440 1169 1562 1205 ξύμπαν.

1080 1307 1161 1335 nebat
1172 1305 1236 1334 talia
1249 1305 1282 1333 de
1305 1304 1352 1332 illo
1375 1301 1599 1331 memorantibus.
1618 1299 1658 1327 Ad
1675 1299 1747 1334 quod
1765 1297 1871 1332 aliquid

1078 1353 1146 1381 artis
1168 1353 1251 1379 etiam
1281 1351 1338 1385 ipse
1379 1348 1525 1377 adhibebat
1554 1345 1751 1380 Cutzimpaxis,
1789 1351 1869 1378 spem

1077 1401 1227 1428 etiamnum
1240 1397 1417 1432 imperatoris
1426 1395 1532 1423 nuntiis
1547 1392 1690 1422 submissis
1703 1391 1820 1423 lactans,
1840 1393 1872 1417 et

1078 1447 1111 1475 ad
1128 1447 1262 1482 quosdam
1278 1444 1366 1480 ipsius
1379 1442 1528 1470 familiares
1539 1439 1712 1468 defensiones
1733 1437 1799 1464 facti
1825 1436 1869 1464 sui

1079 1492 1246 1527 scriptitans,
1265 1490 1365 1525 quibus
1381 1488 1534 1516 afﬁrmabat
1548 1486 1617 1514 nihil
1631 1486 1656 1513 in
1679 1484 1730 1512 hoc
1741 1488 1832 1510 actum
1850 1489 1868 1508 a

1079 1547 1108 1567 se
1125 1538 1196 1574 quod
1213 1538 1239 1564 in
1258 1537 1344 1564 ullum
1359 1534 1562 1563 incommodum
1578 1533 1618 1560 rei
1630 1537 1721 1567 posset
1734 1530 1869 1557 Romane

1080 1584 1243 1612 redundare.
1260 1582 1352 1609 Altera
1363 1589 1428 1608 vero
1442 1588 1474 1612 ex
1490 1584 1568 1615 parte
1585 1579 1611 1606 in
1634 1575 1766 1605 Orientali
1777 1579 1871 1602 tractu

1080 1628 1228 1656 rebellasse
1242 1627 1407 1654 Attaleotam
1427 1625 1517 1660 palam
1539 1622 1758 1659 prmdicabatur;
1775 1624 1871 1648 osten-

1081 1675 1270 1708 debantnrqne
1283 1673 1345 1700 inde
1362 1672 1453 1699 allatae
1469 1671 1567 1698 litterae
1587 1670 1613 1697 id
1634 1670 1703 1697 citra
1720 1667 1801 1695 ullam
1815 1666 1868 1694 du-

1080 1720 1240 1748 bitntioncm
1265 1722 1430 1746 asserentes.
1448 1717 1499 1744 Sed
1515 1717 1541 1744 id
1562 1723 1660 1743 novum
1678 1714 1776 1740 vulnus
1795 1711 1868 1738 haud

1080 1766 1206 1796 multum,
1225 1770 1254 1792 ut
1269 1764 1429 1800 apparebat,
1450 1762 1560 1790 dolebat
1577 1759 1757 1800 inlperatnri,‘
1769 1758 1868 1792 despc-

1080 1814 1138 1836 rata
1171 1809 1271 1836 dudum
1287 1796 1388 1836 salute
1410 1807 1551 1842 regionum
1579 1805 1662 1840 576
1683 1796 1866 1831 Orientalium

1080 1855 1160 1882 unice
1187 1854 1291 1882 intento
1310 1854 1338 1881 in
1355 1854 1488 1881 Occiduas
1505 1850 1716 1880 conservandas.
1736 1849 1787 1876 Cui
1803 1855 1866 1876 eum

1080 1902 1227 1928 instantem
1244 1907 1315 1927 cura:
1339 1900 1442 1927 acriter
1457 1899 1596 1934 pungebat
1618 1897 1691 1932 quod
1716 1895 1868 1923 exercitum

1081 1947 1221 1976 Michaelis
1233 1946 1346 1981 Augusti
1371 1946 1450 1980 plane
1466 1945 1523 1972 illic
1543 1943 1687 1971 constabat
1710 1941 1794 1968 fuisse
1812 1941 1868 1968 dis-

1081 1995 1211 2029 sipatum.
1229 1993 1316 2026 Quam
1333 1992 1369 2020 ob
1385 1999 1496 2020 causam
1508 1991 1566 2025 ipse
1583 1988 1696 2017 Michael
1714 1988 1819 2016 crebris
1838 1990 1867 2014 et

1082 2041 1242 2075 urgentibus
1257 2039 1357 2067 litteris
1370 2043 1472 2074 patrem
1490 2037 1641 2072 Angustum
1654 2035 1816 2063 obsecrabat
1837 2038 1867 2061 ut

1081 2095 1162 2122 quam
1182 2087 1299 2122 primum
1332 2089 1424 2120 posset
1451 2084 1519 2116 fieri,
1541 2083 1647 2110 veniret
1667 2089 1700 2109 eo
1721 2081 1779 2115 ipse
1801 2088 1865 2108 cum

1081 2133 1202 2160 exercitu
1225 2137 1251 2160 et
1276 2132 1349 2160 circa
1363 2130 1537 2158 Rhacdestum
1553 2129 1687 2163 pauloque
1699 2126 1811 2154 ulterius
1823 2133 1868 2153 ca-

245 2169 432 2212 glutinavcrit,
445 2181 474 2203 ut
490 2183 611 2203 sororem
625 2175 740 2203 Cursum
755 2174 856 2209 primas
871 2172 943 2208 apud
957 2173 1027 2207 ipsoa

1084 2184 1140 2205 stra
1155 2184 1314 2206 ntetarelnr.
1333 2177 1387 2205 Nec
1405 2177 1498 2204 deerat
1523 2175 1807 2209 Andronicoimpetua
1832 2174 1866 2201 ad

244 2222 393 2249 obtinentia
413 2222 494 2248 aliam
511 2228 623 2249 uxorem
640 2221 759 2249 duxerit.
784 2220 853 2248 Hinc
866 2219 922 2253 jam
941 2219 1029 2254 palam

245 2268 360 2304 imperio
382 2268 497 2296 rebelles
510 2268 590 2295 Alani
609 2267 668 2295 loco
685 2267 763 2301 potiti
791 2267 861 2294 situs
885 2264 1028 2296 inaccessi,

244 2321 326 2349 quem
339 2312 439 2341 Ncatlis
460 2313 587 2347 speculas
609 2316 719 2345 vocant,
732 2319 792 2339 eum
808 2315 937 2346 quantum
963 2310 1030 2337 satis

205 2357 209 2359 ”
246 2361 304 2388 fore
322 2360 407 2387 visum
424 2364 466 2387 est
482 2360 619 2391 muniunt.
642 2359 824 2393 plaustrorum
839 2365 899 2392 quae
914 2357 1029 2392 plurima

245 2406 402 2438 trahebant,
414 2405 543 2432 continua
561 2404 633 2432 serie
645 2404 717 2431 velut
733 2403 804 2431 vallo
820 2403 1028 2430 circumdatum.

244 2452 312 2479 Tum
327 2451 439 2479 inclusis
461 2459 492 2478 ea
511 2451 664 2478 munitione
686 2449 844 2477 mulieribus
862 2454 890 2476 et
911 2448 1031 2483 parvulis

243 2503 398 2532 ceteraque
413 2497 590 2532 supellectili,
610 2497 672 2524 inde
687 2496 740 2532 ipsi
755 2501 784 2523 ut
798 2503 832 2524 ex
852 2502 948 2523 secura
977 2494 1030 2522 sibi

245 2546 278 2572 ad
292 2551 431 2579 receptum
444 2552 507 2571 arce
519 2544 699 2579 prodeuntes,
718 2543 791 2570 omni
812 2542 972 2570 hostilitatis
984 2548 1030 2576 ge-

244 2598 308 2618 nere
329 2590 466 2617 Romanos
495 2589 675 2621 infestabant,
704 2589 756 2616 nisi
782 2589 853 2624 quod
881 2587 1030 2623 parcebant

243 2637 369 2672 sanguini
387 2637 530 2671 minusque
545 2636 657 2663 caedium
674 2635 801 2663 edebant.
815 2635 845 2662 Et
863 2635 919 2662 hmo
936 2633 1031 2661 videli-

245 2689 287 2711 cet
298 2683 484 2718 Cutzimpaxis
498 2682 666 2717 transegisse
678 2690 739 2709 cum
754 2681 846 2708 Alanis
864 2680 972 2708 tandem
984 2688 1031 2707 au-

243 2730 381 2762 diebatur,
405 2729 531 2764 quamvis
562 2729 674 2756 necdum
691 2728 822 2755 credcnte
846 2727 1029 2761 imperatore;

243 2776 289 2805 qui
306 2782 512 2810 praeoccupatus
525 2782 621 2809 magna
640 2775 769 2809 opinione
785 2773 845 2801 ﬁdei
862 2772 921 2807 ejus
933 2772 983 2799 viri
999 2779 1030 2800 ac

243 2821 437 2851 benevolentiae
452 2830 514 2857 erga
537 2829 566 2851 se
583 2823 709 2854 sincerae,
726 2819 857 2850 assentiri
871 2826 925 2847 non
944 2820 1030 2848 susti-

1080 2231 1140 2251 eam
1154 2224 1354 2259 expeditionem
1368 2222 1563 2257 capessendam
1587 2229 1595 2248 :
1613 2224 1717 2247 tantum
1735 2219 1865 2246 aestuabat

1081 2273 1184 2303 animo,
1201 2270 1271 2298 unde
1287 2271 1379 2304 copias
1401 2270 1434 2296 ad
1456 2270 1506 2296 ltoc
1524 2269 1635 2296 idoaeas
1659 2271 1778 2300 cogeret.
1800 2265 1865 2292 Nam

1081 2322 1215 2352 quantum
1244 2316 1272 2344 in
1302 2316 1399 2343 aerario
1438 2319 1495 2342 tuttt
1522 2314 1645 2347 pecuniae
1671 2312 1864 2347 reperiebatur,

1083 2363 1292 2397 haudquaquam
1311 2363 1343 2389 ad
1372 2360 1507 2396 stipendia
1529 2360 1603 2392 justo
1619 2358 1753 2386 exercitui
1774 2365 1866 2384 nume-

1081 2409 1166 2436 randa
1176 2407 1350 2436 stili‘ecturum
1359 2414 1392 2434 ex
1400 2413 1463 2434 vero
1470 2405 1636 2432 afﬁrmabant
1652 2402 1865 2431 intimeconscii.

1082 2453 1213 2482 Restabat
1228 2461 1289 2488 spes
1306 2453 1333 2480 in
1348 2453 1503 2480 voluntaria
1518 2451 1665 2479 collatione
1685 2449 1797 2480 civium,
1814 2456 1864 2483 qua

1081 2500 1105 2529 is
1119 2499 1243 2528 defectus
1266 2499 1447 2535 snppleretur.
1466 2499 1561 2534 [togati
1589 2499 1650 2524 non'
1663 2496 1764 2524 frustra
1779 2495 1865 2527 multi,

1081 2548 1153 2583 quod
1175 2550 1311 2582 poterant,
1328 2545 1524 2578 conferebant;
1547 2544 1716 2578 dabaturque
1727 2549 1781 2569 non
1800 2541 1868 2568 indi-

1081 2594 1168 2629 ligens
1193 2601 1275 2629 opera
1304 2593 1461 2627 colligendis
1477 2592 1519 2619 his
1542 2590 1671 2626 symbolis
1700 2595 1812 2616 summa:
1834 2587 1866 2614 ad

1083 2646 1243 2675 praesentem
1257 2648 1333 2668 nsum
1345 2639 1504 2667 necessarim
1515 2637 1674 2665 conﬂandm.
1684 2635 1737 2662 Sed
1749 2635 1868 2662 immane

1082 2691 1213 2722 quantum
1230 2694 1245 2714 a
1260 2686 1338 2713 modo
1351 2685 1481 2720 requisito
1500 2691 1542 2711 res
1553 2683 1657 2710 aberat.
1670 2681 1765 2714 Itaque
1782 2684 1866 2707 totum

1085 2733 1187 2760 sensim
1210 2731 1350 2766 negotium
1365 2730 1444 2757 taedio
1464 2728 1617 2756 curantium
1640 2731 1667 2755 et
1680 2726 1867 2761 desperatione

1082 2778 1241 2815 perﬁciendi
1262 2778 1415 2813 neglectum
1433 2776 1554 2804 evanuit.
