  <div class='ocr_page' id='page_1' title='image "/cluster/home/n/w/nwhite01/storage/ocr_20150623/144/njp.32101010942892/338.png"; bbox 0 0 1957 3066; ppageno 0'>
   <div class='ocr_carea' id='block_1_1' title="bbox 177 163 833 199">
    <p class='ocr_par' dir='ltr' id='par_1_1' title="bbox 177 163 833 199">
     <span class='ocr_line' id='line_1_1' title="bbox 177 163 833 199; baseline 0.002 -8"><span class='ocrx_word' id='word_1_1' title='bbox 177 163 211 191; x_wconf 83' lang='grc' dir='ltr'><strong>ε¹.</strong></span> <span class='ocrx_word' id='word_1_2' title='bbox 229 165 296 198; x_wconf 74' lang='grc' dir='ltr'><strong>Περὶ</strong></span> <span class='ocrx_word' id='word_1_3' title='bbox 321 165 373 192; x_wconf 78' lang='grc' dir='ltr'><strong>τοῦ</strong></span> <span class='ocrx_word' id='word_1_4' title='bbox 383 165 529 199; x_wconf 70' lang='grc' dir='ltr'>ῥιφέντος</span> <span class='ocrx_word' id='word_1_5' title='bbox 544 165 706 199; x_wconf 61' lang='grc' dir='ltr'>φαμούσον</span> <span class='ocrx_word' id='word_1_6' title='bbox 731 165 833 198; x_wconf 81' lang='grc' dir='ltr'>τόμον.</span> 
     </span>
    </p>
   </div>
   <div class='ocr_carea' id='block_1_2' title="bbox 143 210 902 246">
    <p class='ocr_par' dir='ltr' id='par_1_2' title="bbox 143 210 902 246">
     <span class='ocr_line' id='line_1_2' title="bbox 143 210 902 246; baseline 0.001 -9"><span class='ocrx_word' id='word_1_7' title='bbox 143 211 191 237; x_wconf 85' lang='grc' dir='ltr'>Ἐν</span> <span class='ocrx_word' id='word_1_8' title='bbox 209 211 300 246; x_wconf 78' lang='grc' dir='ltr'>τούτῳ</span> <span class='ocrx_word' id='word_1_9' title='bbox 330 211 378 237; x_wconf 77' lang='grc' dir='ltr'><strong>καὶ</strong></span> <span class='ocrx_word' id='word_1_10' title='bbox 401 211 544 246; x_wconf 79' lang='grc' dir='ltr'>φάμουσος</span> <span class='ocrx_word' id='word_1_11' title='bbox 568 211 652 245; x_wconf 81' lang='grc' dir='ltr'>τόμος</span> <span class='ocrx_word' id='word_1_12' title='bbox 675 210 783 246; x_wconf 76' lang='grc' dir='ltr'>πλήρης</span> <span class='ocrx_word' id='word_1_13' title='bbox 802 210 902 246; x_wconf 79' lang='grc' dir='ltr'>χλεύης</span> 
     </span>
    </p>
   </div>
   <div class='ocr_carea' id='block_1_3' title="bbox 107 257 902 293">
    <p class='ocr_par' dir='ltr' id='par_1_3' title="bbox 107 257 902 293">
     <span class='ocr_line' id='line_1_3' title="bbox 107 257 902 293; baseline 0 -10"><span class='ocrx_word' id='word_1_14' title='bbox 107 258 263 290; x_wconf 81' lang='grc' dir='ltr'>ριπτεῐται.</span> <span class='ocrx_word' id='word_1_15' title='bbox 282 258 335 284; x_wconf 78' lang='grc' dir='ltr'><strong>Καὶ</strong></span> <span class='ocrx_word' id='word_1_16' title='bbox 346 257 377 283; x_wconf 81' lang='grc' dir='ltr'>οὐ</span> <span class='ocrx_word' id='word_1_17' title='bbox 395 257 449 292; x_wconf 70' lang='grc' dir='ltr'><strong>γὰρ</strong></span> <span class='ocrx_word' id='word_1_18' title='bbox 466 257 554 289; x_wconf 79' lang='grc' dir='ltr'>ἄλλως</span> <span class='ocrx_word' id='word_1_19' title='bbox 578 257 617 292; x_wconf 84' lang='grc' dir='ltr'><strong>τῷ</strong></span> <span class='ocrx_word' id='word_1_20' title='bbox 635 257 771 293; x_wconf 82' lang='grc' dir='ltr'>τολμῶντι</span> <span class='ocrx_word' id='word_1_21' title='bbox 796 257 902 293; x_wconf 79' lang='grc' dir='ltr'>ῥίπτειν</span> 
     </span>
    </p>
   </div>
   <div class='ocr_carea' id='block_1_4' title="bbox 107 302 901 339">
    <p class='ocr_par' dir='ltr' id='par_1_4' title="bbox 107 302 901 339">
     <span class='ocr_line' id='line_1_4' title="bbox 107 302 901 339; baseline 0.001 -10"><span class='ocrx_word' id='word_1_22' title='bbox 107 302 267 338; x_wconf 80' lang='grc' dir='ltr'>ὑπείληπτο</span> <span class='ocrx_word' id='word_1_23' title='bbox 280 305 321 334; x_wconf 84' lang='grc' dir='ltr'><strong>εὶς</strong></span> <span class='ocrx_word' id='word_1_24' title='bbox 331 304 425 338; x_wconf 83' lang='grc' dir='ltr'>χεῖρας</span> <span class='ocrx_word' id='word_1_25' title='bbox 439 303 562 339; x_wconf 61' lang='grc' dir='ltr'>δεδόαθαι</span> <span class='ocrx_word' id='word_1_26' title='bbox 574 303 619 330; x_wconf 74' lang='grc' dir='ltr'><strong>τδν</strong></span> <span class='ocrx_word' id='word_1_27' title='bbox 632 304 716 338; x_wconf 79' lang='grc' dir='ltr'>τόμον</span> <span class='ocrx_word' id='word_1_28' title='bbox 732 303 771 339; x_wconf 83' lang='grc' dir='ltr'>τῷ</span> <span class='ocrx_word' id='word_1_29' title='bbox 786 303 901 337; x_wconf 79' lang='grc' dir='ltr'>βασιλεῖ.</span> 
     </span>
    </p>
   </div>
   <div class='ocr_carea' id='block_1_5' title="bbox 106 348 899 386">
    <p class='ocr_par' dir='ltr' id='par_1_5' title="bbox 106 348 899 386">
     <span class='ocr_line' id='line_1_5' title="bbox 106 348 899 386; baseline 0.004 -12"><span class='ocrx_word' id='word_1_30' title='bbox 106 349 141 384; x_wconf 77' lang='grc' dir='ltr'>ἢν</span> <span class='ocrx_word' id='word_1_31' title='bbox 156 349 198 384; x_wconf 85' lang='grc' dir='ltr'>μὴ</span> <span class='ocrx_word' id='word_1_32' title='bbox 221 350 253 375; x_wconf 82' lang='grc' dir='ltr'>ἐν</span> <span class='ocrx_word' id='word_1_33' title='bbox 270 350 361 381; x_wconf 84' lang='grc' dir='ltr'>αὐτοῖς</span> <span class='ocrx_word' id='word_1_34' title='bbox 377 348 425 378; x_wconf 79' lang='grc' dir='ltr'>τοῦ</span> <span class='ocrx_word' id='word_1_35' title='bbox 443 349 498 376; x_wconf 83' lang='grc' dir='ltr'><strong>τῶν</strong></span> <span class='ocrx_word' id='word_1_36' title='bbox 515 349 675 384; x_wconf 73' lang='grc' dir='ltr'><strong>ἀνακτόρων</strong></span> <span class='ocrx_word' id='word_1_37' title='bbox 693 348 736 386; x_wconf 76' lang='grc' dir='ltr'><strong>[Ρ.</strong></span> <span class='ocrx_word' id='word_1_38' title='bbox 754 350 819 386; x_wconf 76' lang='grc'><strong>405]</strong></span> <span class='ocrx_word' id='word_1_39' title='bbox 833 351 899 378; x_wconf 73' lang='grc' dir='ltr'>ἄλλο</span> 
     </span>
    </p>
   </div>
   <div class='ocr_carea' id='block_1_6' title="bbox 106 393 902 431">
    <p class='ocr_par' dir='ltr' id='par_1_6' title="bbox 106 393 902 431">
     <span class='ocr_line' id='line_1_6' title="bbox 106 393 902 431; baseline 0.003 -10"><span class='ocrx_word' id='word_1_40' title='bbox 106 404 148 427; x_wconf 80' lang='grc' dir='ltr'>τις</span> <span class='ocrx_word' id='word_1_41' title='bbox 167 395 265 422; x_wconf 85' lang='grc' dir='ltr'>λαθὼν</span> <span class='ocrx_word' id='word_1_42' title='bbox 279 395 406 430; x_wconf 80' lang='grc' dir='ltr'><strong>ἐκτεθείη</strong></span> <span class='ocrx_word' id='word_1_43' title='bbox 423 395 470 422; x_wconf 71' lang='grc' dir='ltr'><strong>ἐπὶ</strong></span> <span class='ocrx_word' id='word_1_44' title='bbox 484 397 531 422; x_wconf 76' lang='grc' dir='ltr'>τὸν</span> <span class='ocrx_word' id='word_1_45' title='bbox 548 396 630 422; x_wconf 74' lang='grc' dir='ltr'>αὐτὸν</span> <span class='ocrx_word' id='word_1_46' title='bbox 647 396 744 431; x_wconf 80' lang='grc' dir='ltr'>θρόνον</span> <span class='ocrx_word' id='word_1_47' title='bbox 762 393 793 422; x_wconf 62' lang='grc' dir='ltr'>οῖ»</span> <span class='ocrx_word' id='word_1_48' title='bbox 811 396 902 423; x_wconf 76' lang='grc' dir='ltr'>εἰώθει</span> 
     </span>
    </p>
   </div>
   <div class='ocr_carea' id='block_1_7' title="bbox 107 441 902 476">
    <p class='ocr_par' dir='ltr' id='par_1_7' title="bbox 107 441 902 476">
     <span class='ocr_line' id='line_1_7' title="bbox 107 441 902 476; baseline 0 -8"><span class='ocrx_word' id='word_1_49' title='bbox 107 441 279 473; x_wconf 72' lang='grc' dir='ltr'>καθέζεσθαι</span> <span class='ocrx_word' id='word_1_50' title='bbox 296 441 434 475; x_wconf 68' lang='grc' dir='ltr'>βασιλεὺς.</span> <span class='ocrx_word' id='word_1_51' title='bbox 455 441 503 469; x_wconf 78' lang='grc' dir='ltr'>τοῦ</span> <span class='ocrx_word' id='word_1_52' title='bbox 526 442 720 476; x_wconf 72' lang='grc' dir='ltr'><strong>ἀμφικεφάλω</strong></span> <span class='ocrx_word' id='word_1_53' title='bbox 740 442 902 469; x_wconf 84' lang='grc' dir='ltr'>ὑπεντεθει-</span> 
     </span>
    </p>
   </div>
   <div class='ocr_carea' id='block_1_8' title="bbox 110 487 900 528">
    <p class='ocr_par' dir='ltr' id='par_1_8' title="bbox 110 487 900 528">
     <span class='ocr_line' id='line_1_8' title="bbox 110 487 900 528; baseline 0.001 -14"><span class='ocrx_word' id='word_1_54' title='bbox 110 488 194 522; x_wconf 80' lang='grc' dir='ltr'>μένου</span> <span class='ocrx_word' id='word_1_55' title='bbox 210 489 248 520; x_wconf 77' lang='lat' dir='ltr'><strong>oi,</strong></span> <span class='ocrx_word' id='word_1_56' title='bbox 271 487 372 523; x_wconf 84' lang='grc' dir='ltr'>πολλὴν</span> <span class='ocrx_word' id='word_1_57' title='bbox 386 488 434 515; x_wconf 81' lang='grc' dir='ltr'>τοῦ</span> <span class='ocrx_word' id='word_1_58' title='bbox 450 488 543 514; x_wconf 77' lang='grc' dir='ltr'><strong>λαθεῖν</strong></span> <span class='ocrx_word' id='word_1_59' title='bbox 559 490 691 523; x_wconf 78' lang='grc' dir='ltr'>πρόνοιαν</span> <span class='ocrx_word' id='word_1_60' title='bbox 713 489 900 528; x_wconf 65' lang='grc' dir='ltr'><strong>ποιησαμένα-ρ</strong></span> 
     </span>
    </p>
   </div>
   <div class='ocr_carea' id='block_1_9' title="bbox 107 532 903 569">
    <p class='ocr_par' dir='ltr' id='par_1_9' title="bbox 107 532 903 569">
     <span class='ocr_line' id='line_1_9' title="bbox 107 532 903 569; baseline 0.003 -11"><span class='ocrx_word' id='word_1_61' title='bbox 107 533 155 559; x_wconf 78' lang='grc' dir='ltr'>τοῦ</span> <span class='ocrx_word' id='word_1_62' title='bbox 170 533 264 560; x_wconf 82' lang='grc' dir='ltr'>θεῖναι</span> <span class='ocrx_word' id='word_1_63' title='bbox 278 533 479 568; x_wconf 72' lang='grc' dir='ltr'><strong>τολμήσαντος.</strong></span> <span class='ocrx_word' id='word_1_64' title='bbox 496 532 540 565; x_wconf 83' lang='grc' dir='ltr'><strong><em>Ὧς</em></strong></span> <span class='ocrx_word' id='word_1_65' title='bbox 554 533 581 560; x_wconf 78' lang='grc' dir='ltr'><strong>δὲ</strong></span> <span class='ocrx_word' id='word_1_66' title='bbox 599 535 612 561; x_wconf 75' lang='grc' dir='ltr'><strong><em>ὁ</em></strong></span> <span class='ocrx_word' id='word_1_67' title='bbox 625 533 672 560; x_wconf 82' lang='grc' dir='ltr'>τοῦ</span> <span class='ocrx_word' id='word_1_68' title='bbox 692 535 821 563; x_wconf 69' lang='grc' dir='ltr'>κοιτῶνοξ</span> <span class='ocrx_word' id='word_1_69' title='bbox 836 543 903 569; x_wconf 83' lang='grc' dir='ltr'>προ-</span> 
     </span>
    </p>
   </div>
   <div class='ocr_carea' id='block_1_10' title="bbox 109 579 902 615">
    <p class='ocr_par' dir='ltr' id='par_1_10' title="bbox 109 579 902 615">
     <span class='ocr_line' id='line_1_10' title="bbox 109 579 902 615; baseline 0.004 -10"><span class='ocrx_word' id='word_1_70' title='bbox 109 579 273 614; x_wconf 77' lang='grc' dir='ltr'><strong>καθήμενος</strong></span> <span class='ocrx_word' id='word_1_71' title='bbox 286 581 299 607; x_wconf 74' lang='lat'><strong><em>6</em></strong></span> <span class='ocrx_word' id='word_1_72' title='bbox 315 580 455 615; x_wconf 77' lang='grc' dir='ltr'>Χατζίγης</span> <span class='ocrx_word' id='word_1_73' title='bbox 472 580 576 612; x_wconf 73' lang='grc' dir='ltr'>εἰωθὼς</span> <span class='ocrx_word' id='word_1_74' title='bbox 594 582 626 607; x_wconf 83' lang='grc' dir='ltr'><strong>ὲκ</strong></span> <span class='ocrx_word' id='word_1_75' title='bbox 645 580 691 607; x_wconf 77' lang='grc' dir='ltr'><strong>τοῦ</strong></span> <span class='ocrx_word' id='word_1_76' title='bbox 713 580 760 607; x_wconf 71' lang='grc' dir='ltr'><strong>ἐπὶ</strong></span> <span class='ocrx_word' id='word_1_77' title='bbox 776 581 902 608; x_wconf 77' lang='grc' dir='ltr'>πλεῖστον</span> 
     </span>
    </p>
   </div>
   <div class='ocr_carea' id='block_1_11' title="bbox 108 624 902 662">
    <p class='ocr_par' dir='ltr' id='par_1_11' title="bbox 108 624 902 662">
     <span class='ocr_line' id='line_1_11' title="bbox 108 624 902 662; baseline 0 -10"><span class='ocrx_word' id='word_1_78' title='bbox 108 625 197 661; x_wconf 77' lang='grc' dir='ltr'><strong>εἰσῄει</strong></span> <span class='ocrx_word' id='word_1_79' title='bbox 211 626 249 653; x_wconf 78' lang='grc' dir='ltr'>τὰ</span> <span class='ocrx_word' id='word_1_80' title='bbox 262 627 311 662; x_wconf 78' lang='grc' dir='ltr'><strong>τῆς</strong></span> <span class='ocrx_word' id='word_1_81' title='bbox 326 624 462 662; x_wconf 75' lang='grc' dir='ltr'><strong>καθέδρας</strong></span> <span class='ocrx_word' id='word_1_82' title='bbox 472 627 635 659; x_wconf 82' lang='grc' dir='ltr'>διευθετείν,</span> <span class='ocrx_word' id='word_1_83' title='bbox 653 626 809 661; x_wconf 83' lang='grc' dir='ltr'>φιλοκαλῶν</span> <span class='ocrx_word' id='word_1_84' title='bbox 825 627 902 662; x_wconf 76' lang='grc' dir='ltr'>συνή-</span> 
     </span>
    </p>
   </div>
   <div class='ocr_carea' id='block_1_12' title="bbox 108 673 902 709">
    <p class='ocr_par' dir='ltr' id='par_1_12' title="bbox 108 673 902 709">
     <span class='ocr_line' id='line_1_12' title="bbox 108 673 902 709; baseline 0.001 -10"><span class='ocrx_word' id='word_1_85' title='bbox 108 673 161 704; x_wconf 80' lang='grc' dir='ltr'><strong>θως</strong></span> <span class='ocrx_word' id='word_1_86' title='bbox 187 673 237 699; x_wconf 82' lang='grc' dir='ltr'><strong>τὸν</strong></span> <span class='ocrx_word' id='word_1_87' title='bbox 261 674 355 709; x_wconf 78' lang='grc' dir='ltr'>δίφρον</span> <span class='ocrx_word' id='word_1_88' title='bbox 370 674 591 709; x_wconf 79' lang='grc' dir='ltr'>προστετυχήκει</span> <span class='ocrx_word' id='word_1_89' title='bbox 613 674 651 709; x_wconf 82' lang='grc' dir='ltr'>τῷ</span> <span class='ocrx_word' id='word_1_90' title='bbox 667 674 754 709; x_wconf 76' lang='grc' dir='ltr'>τόμῳ,</span> <span class='ocrx_word' id='word_1_91' title='bbox 777 674 857 705; x_wconf 68' lang='grc' dir='ltr'>δόξαν</span> <span class='ocrx_word' id='word_1_92' title='bbox 877 674 902 700; x_wconf 78' lang='grc' dir='ltr'>οἱ</span> 
     </span>
    </p>
   </div>
   <div class='ocr_carea' id='block_1_13' title="bbox 108 719 901 756">
    <p class='ocr_par' dir='ltr' id='par_1_13' title="bbox 108 719 901 756">
     <span class='ocr_line' id='line_1_13' title="bbox 108 719 901 756; baseline 0.001 -11"><span class='ocrx_word' id='word_1_93' title='bbox 108 720 177 754; x_wconf 68' lang='grc' dir='ltr'><strong>πρὸς</strong></span> <span class='ocrx_word' id='word_1_94' title='bbox 200 719 339 754; x_wconf 79' lang='grc' dir='ltr'><strong>βασιλέως</strong></span> <span class='ocrx_word' id='word_1_95' title='bbox 366 720 448 746; x_wconf 68' lang='grc' dir='ltr'>αὐτὸν</span> <span class='ocrx_word' id='word_1_96' title='bbox 471 720 581 754; x_wconf 72' lang='grc' dir='ltr'>τεθῆναι</span> <span class='ocrx_word' id='word_1_97' title='bbox 608 720 650 748; x_wconf 80' lang='grc' dir='ltr'><strong>ἆτ’</strong></span> <span class='ocrx_word' id='word_1_98' title='bbox 669 720 816 756; x_wconf 72' lang='grc' dir='ltr'><strong>ἀπόρρητά</strong></span> <span class='ocrx_word' id='word_1_99' title='bbox 839 729 901 747; x_wconf 80' lang='grc' dir='ltr'>τινα</span> 
     </span>
    </p>
   </div>
   <div class='ocr_carea' id='block_1_14' title="bbox 108 765 901 802">
    <p class='ocr_par' dir='ltr' id='par_1_14' title="bbox 108 765 901 802">
     <span class='ocr_line' id='line_1_14' title="bbox 108 765 901 802; baseline 0.005 -12"><span class='ocrx_word' id='word_1_100' title='bbox 108 765 287 800; x_wconf 81' lang='grc' dir='ltr'>περιέχοντα,</span> <span class='ocrx_word' id='word_1_101' title='bbox 306 766 390 801; x_wconf 78' lang='grc' dir='ltr'>μηδὲν</span> <span class='ocrx_word' id='word_1_102' title='bbox 403 767 685 802; x_wconf 65' lang='grc' dir='ltr'><strong>πολυπραγμονήσας,</strong></span> <span class='ocrx_word' id='word_1_103' title='bbox 705 768 742 802; x_wconf 70' lang='grc' dir='ltr'><strong>μὴ</strong></span> <span class='ocrx_word' id='word_1_104' title='bbox 755 767 901 801; x_wconf 78' lang='grc' dir='ltr'>ἀναγνοὺς,</span> 
     </span>
    </p>
   </div>
   <div class='ocr_carea' id='block_1_15' title="bbox 108 808 902 849">
    <p class='ocr_par' dir='ltr' id='par_1_15' title="bbox 108 808 902 849">
     <span class='ocr_line' id='line_1_15' title="bbox 108 808 902 849; baseline 0.005 -12"><span class='ocrx_word' id='word_1_105' title='bbox 108 811 145 842; x_wconf 69' lang='grc' dir='ltr'><strong>ὡς</strong></span> <span class='ocrx_word' id='word_1_106' title='bbox 159 808 237 846; x_wconf 75' lang='grc' dir='ltr'>εῖχεν</span> <span class='ocrx_word' id='word_1_107' title='bbox 250 811 280 844; x_wconf 75' lang='grc' dir='ltr'><strong>ἐξ</strong></span> <span class='ocrx_word' id='word_1_108' title='bbox 290 812 387 847; x_wconf 80' lang='grc' dir='ltr'>αὐτῆς,</span> <span class='ocrx_word' id='word_1_109' title='bbox 403 812 488 845; x_wconf 81' lang='grc' dir='ltr'>οὕτως</span> <span class='ocrx_word' id='word_1_110' title='bbox 503 814 652 849; x_wconf 70' lang='grc' dir='ltr'><strong>ἐγχειρίζει</strong></span> <span class='ocrx_word' id='word_1_111' title='bbox 663 813 828 849; x_wconf 56' lang='grc' dir='ltr'><strong>τῷκβασιλεί.</strong></span> <span class='ocrx_word' id='word_1_112' title='bbox 846 815 902 842; x_wconf 76' lang='grc' dir='ltr'><strong>Καὶ</strong></span> 
     </span>
    </p>
   </div>
   <div class='ocr_carea' id='block_1_16' title="bbox 107 856 899 896">
    <p class='ocr_par' dir='ltr' id='par_1_16' title="bbox 107 856 899 896">
     <span class='ocr_line' id='line_1_16' title="bbox 107 856 899 896; baseline 0.004 -13"><span class='ocrx_word' id='word_1_113' title='bbox 107 856 137 892; x_wconf 81' lang='grc' dir='ltr'><strong>δὴ</strong></span> <span class='ocrx_word' id='word_1_114' title='bbox 153 858 231 892; x_wconf 76' lang='grc' dir='ltr'>ἔδοξε</span> <span class='ocrx_word' id='word_1_115' title='bbox 248 859 300 893; x_wconf 77' lang='grc' dir='ltr'><strong>μὲν</strong></span> <span class='ocrx_word' id='word_1_116' title='bbox 316 860 347 886; x_wconf 81' lang='grc' dir='ltr'><strong>ἐκ</strong></span> <span class='ocrx_word' id='word_1_117' title='bbox 372 859 419 886; x_wconf 85' lang='grc' dir='ltr'>τοῦ</span> <span class='ocrx_word' id='word_1_118' title='bbox 441 861 599 895; x_wconf 73' lang='grc' dir='ltr'>παραυτίκα</span> <span class='ocrx_word' id='word_1_119' title='bbox 618 861 719 894; x_wconf 77' lang='grc' dir='ltr'>ἀγνῶτ’</span> <span class='ocrx_word' id='word_1_120' title='bbox 737 861 899 896; x_wconf 73' lang='grc' dir='ltr'><strong>ἐγχειρίζων</strong></span> 
     </span>
    </p>
   </div>
   <div class='ocr_carea' id='block_1_17' title="bbox 110 903 899 941">
    <p class='ocr_par' dir='ltr' id='par_1_17' title="bbox 110 903 899 941">
     <span class='ocr_line' id='line_1_17' title="bbox 110 903 899 941; baseline 0.003 -12"><span class='ocrx_word' id='word_1_121' title='bbox 110 903 186 936; x_wconf 73' lang='grc' dir='ltr'>ξένον</span> <span class='ocrx_word' id='word_1_122' title='bbox 202 913 231 931; x_wconf 82' lang='grc' dir='ltr'><strong>τι</strong></span> <span class='ocrx_word' id='word_1_123' title='bbox 246 905 295 931; x_wconf 78' lang='grc' dir='ltr'><strong>καὶ</strong></span> <span class='ocrx_word' id='word_1_124' title='bbox 310 905 450 939; x_wconf 77' lang='grc' dir='ltr'><strong>φροντίδος</strong></span> <span class='ocrx_word' id='word_1_125' title='bbox 462 905 536 937; x_wconf 68' lang='grc' dir='ltr'>ἄξιον</span> <span class='ocrx_word' id='word_1_126' title='bbox 555 906 748 941; x_wconf 71' lang='grc' dir='ltr'>ἐργαζόμενος,</span> <span class='ocrx_word' id='word_1_127' title='bbox 764 907 787 932; x_wconf 82' lang='grc' dir='ltr'>ει</span> <span class='ocrx_word' id='word_1_128' title='bbox 803 905 833 932; x_wconf 74' lang='grc' dir='ltr'><strong>ὃν</strong></span> <span class='ocrx_word' id='word_1_129' title='bbox 850 905 899 941; x_wconf 77' lang='grc' dir='ltr'><strong>βα-</strong></span> 
     </span>
    </p>
   </div>
   <div class='ocr_carea' id='block_1_18' title="bbox 108 948 899 987">
    <p class='ocr_par' dir='ltr' id='par_1_18' title="bbox 108 948 899 987">
     <span class='ocr_line' id='line_1_18' title="bbox 108 948 899 987; baseline 0.004 -12"><span class='ocrx_word' id='word_1_130' title='bbox 108 948 200 981; x_wconf 77' lang='grc' dir='ltr'>σιλεὺς</span> <span class='ocrx_word' id='word_1_131' title='bbox 212 950 265 976; x_wconf 79' lang='grc' dir='ltr'><strong>οὐκ</strong></span> <span class='ocrx_word' id='word_1_132' title='bbox 277 950 335 985; x_wconf 72' lang='grc' dir='ltr'>ᾔδει</span> <span class='ocrx_word' id='word_1_133' title='bbox 350 951 474 985; x_wconf 80' lang='grc' dir='ltr'>τεθέντα,</span> <span class='ocrx_word' id='word_1_134' title='bbox 488 952 526 983; x_wconf 85' lang='grc' dir='ltr'><strong>ὡς</strong></span> <span class='ocrx_word' id='word_1_135' title='bbox 542 952 615 978; x_wconf 80' lang='grc' dir='ltr'>θέντι</span> <span class='ocrx_word' id='word_1_136' title='bbox 635 952 660 979; x_wconf 73' lang='grc' dir='ltr'>οἱ</span> <span class='ocrx_word' id='word_1_137' title='bbox 677 952 804 987; x_wconf 73' lang='grc' dir='ltr'>παρέχοι.</span> <span class='ocrx_word' id='word_1_138' title='bbox 823 952 899 983; x_wconf 86' lang='grc' dir='ltr'>Τέως</span> 
     </span>
    </p>
   </div>
   <div class='ocr_carea' id='block_1_19' title="bbox 107 995 899 1032">
    <p class='ocr_par' dir='ltr' id='par_1_19' title="bbox 107 995 899 1032">
     <span class='ocr_line' id='line_1_19' title="bbox 107 995 899 1032; baseline 0.005 -11"><span class='ocrx_word' id='word_1_139' title='bbox 107 995 134 1021; x_wconf 75' lang='grc' dir='ltr'><strong>δὲ</strong></span> <span class='ocrx_word' id='word_1_140' title='bbox 145 995 240 1022; x_wconf 79' lang='grc' dir='ltr'>λαϐὼν</span> <span class='ocrx_word' id='word_1_141' title='bbox 264 995 392 1031; x_wconf 75' lang='grc' dir='ltr'>βασιλεὺς</span> <span class='ocrx_word' id='word_1_142' title='bbox 414 998 461 1023; x_wconf 81' lang='grc' dir='ltr'><strong>καὶ</strong></span> <span class='ocrx_word' id='word_1_143' title='bbox 475 998 525 1032; x_wconf 79' lang='grc' dir='ltr'><strong>τὴν</strong></span> <span class='ocrx_word' id='word_1_144' title='bbox 546 998 633 1032; x_wconf 84' lang='grc' dir='ltr'>ἀρχὴν</span> <span class='ocrx_word' id='word_1_145' title='bbox 649 998 773 1030; x_wconf 85' lang='grc' dir='ltr'>διελθὼν,</span> <span class='ocrx_word' id='word_1_146' title='bbox 790 998 820 1024; x_wconf 83' lang='grc' dir='ltr'>τὸ</span> <span class='ocrx_word' id='word_1_147' title='bbox 845 999 899 1025; x_wconf 77' lang='grc' dir='ltr'><strong>πᾶν</strong></span> 
     </span>
    </p>
   </div>
   <div class='ocr_carea' id='block_1_20' title="bbox 107 1040 898 1078">
    <p class='ocr_par' dir='ltr' id='par_1_20' title="bbox 107 1040 898 1078">
     <span class='ocr_line' id='line_1_20' title="bbox 107 1040 898 1078; baseline 0.005 -12"><span class='ocrx_word' id='word_1_148' title='bbox 107 1040 155 1074; x_wconf 75' lang='grc' dir='ltr'><strong>τῆς</strong></span> <span class='ocrx_word' id='word_1_149' title='bbox 169 1041 284 1076; x_wconf 77' lang='grc' dir='ltr'>γραφῆς</span> <span class='ocrx_word' id='word_1_150' title='bbox 307 1041 344 1073; x_wconf 79' lang='grc' dir='ltr'>ὡς</span> <span class='ocrx_word' id='word_1_151' title='bbox 360 1043 391 1069; x_wconf 82' lang='grc' dir='ltr'><strong>ὲκ</strong></span> <span class='ocrx_word' id='word_1_152' title='bbox 409 1044 565 1078; x_wconf 79' lang='grc' dir='ltr'><strong>κρασπέδου</strong></span> <span class='ocrx_word' id='word_1_153' title='bbox 581 1044 613 1069; x_wconf 81' lang='grc' dir='ltr'><strong>τὸ</strong></span> <span class='ocrx_word' id='word_1_154' title='bbox 636 1043 749 1078; x_wconf 77' lang='grc' dir='ltr'>ὕφασμα</span> <span class='ocrx_word' id='word_1_155' title='bbox 763 1045 898 1077; x_wconf 76' lang='grc' dir='ltr'>κατενόει,</span> 
     </span>
    </p>
   </div>
   <div class='ocr_carea' id='block_1_21' title="bbox 108 1087 899 1126">
    <p class='ocr_par' dir='ltr' id='par_1_21' title="bbox 108 1087 899 1126">
     <span class='ocr_line' id='line_1_21' title="bbox 108 1087 899 1126; baseline 0.005 -13"><span class='ocrx_word' id='word_1_156' title='bbox 108 1087 260 1115; x_wconf 76' lang='grc' dir='ltr'>κάντεῦθεν</span> <span class='ocrx_word' id='word_1_157' title='bbox 286 1089 389 1124; x_wconf 80' lang='grc' dir='ltr'>μεταξὺ</span> <span class='ocrx_word' id='word_1_158' title='bbox 406 1089 453 1115; x_wconf 67' lang='grc' dir='ltr'>τοῦ</span> <span class='ocrx_word' id='word_1_159' title='bbox 472 1089 561 1117; x_wconf 71' lang='grc' dir='ltr'>θέλειν</span> <span class='ocrx_word' id='word_1_160' title='bbox 574 1090 677 1125; x_wconf 86' lang='grc' dir='ltr'>γνῶναι</span> <span class='ocrx_word' id='word_1_161' title='bbox 696 1093 741 1117; x_wconf 78' lang='grc' dir='ltr'>καὶ</span> <span class='ocrx_word' id='word_1_162' title='bbox 761 1090 798 1126; x_wconf 80' lang='grc' dir='ltr'><strong>μὴ</strong></span> <span class='ocrx_word' id='word_1_163' title='bbox 813 1091 850 1122; x_wconf 80' lang='grc' dir='ltr'><strong>ὠς</strong></span> <span class='ocrx_word' id='word_1_164' title='bbox 868 1091 899 1117; x_wconf 74' lang='grc' dir='ltr'>τὸ</span> 
     </span>
    </p>
   </div>
   <div class='ocr_carea' id='block_1_22' title="bbox 107 1133 896 1172">
    <p class='ocr_par' dir='ltr' id='par_1_22' title="bbox 107 1133 896 1172">
     <span class='ocr_line' id='line_1_22' title="bbox 107 1133 896 1172; baseline 0.005 -12"><span class='ocrx_word' id='word_1_165' title='bbox 107 1133 179 1166; x_wconf 70' lang='grc' dir='ltr'>εἰκὸς</span> <span class='ocrx_word' id='word_1_166' title='bbox 196 1135 364 1170; x_wconf 86' lang='grc' dir='ltr'>γιγνόμενος</span> <span class='ocrx_word' id='word_1_167' title='bbox 380 1135 456 1162; x_wconf 74' lang='grc' dir='ltr'>δεινὰ</span> <span class='ocrx_word' id='word_1_168' title='bbox 476 1137 564 1163; x_wconf 77' lang='grc' dir='ltr'>ἐποίει</span> <span class='ocrx_word' id='word_1_169' title='bbox 583 1137 630 1163; x_wconf 79' lang='grc' dir='ltr'><strong>καὶ</strong></span> <span class='ocrx_word' id='word_1_170' title='bbox 644 1137 673 1164; x_wconf 80' lang='grc' dir='ltr'>ὲν</span> <span class='ocrx_word' id='word_1_171' title='bbox 695 1137 830 1172; x_wconf 71' lang='grc' dir='ltr'>ἀμηχάνῳ</span> <span class='ocrx_word' id='word_1_172' title='bbox 852 1135 896 1172; x_wconf 78' lang='grc' dir='ltr'><strong>ἦν.</strong></span> 
     </span>
    </p>
   </div>
   <div class='ocr_carea' id='block_1_23' title="bbox 107 1180 896 1228">
    <p class='ocr_par' dir='ltr' id='par_1_23' title="bbox 107 1180 896 1228">
     <span class='ocr_line' id='line_1_23' title="bbox 107 1180 896 1228; baseline 0.004 -21"><span class='ocrx_word' id='word_1_173' title='bbox 107 1180 136 1207; x_wconf 77' lang='lat' dir='ltr'><strong>El</strong></span> <span class='ocrx_word' id='word_1_174' title='bbox 149 1181 204 1217; x_wconf 78' lang='grc' dir='ltr'><strong>γὰρ</strong></span> <span class='ocrx_word' id='word_1_175' title='bbox 218 1181 324 1213; x_wconf 78' lang='grc' dir='ltr'>πάντες</span> <span class='ocrx_word' id='word_1_176' title='bbox 345 1181 485 1218; x_wconf 75' lang='grc' dir='ltr'>ἄνθρωποι</span> <span class='ocrx_word' id='word_1_177' title='bbox 503 1182 664 1228; x_wconf 48' lang='grc' dir='ltr'>τοῦιεῑδὲναι</span> <span class='ocrx_word' id='word_1_178' title='bbox 682 1183 762 1218; x_wconf 76' lang='grc' dir='ltr'>φύσει</span> <span class='ocrx_word' id='word_1_179' title='bbox 785 1184 896 1219; x_wconf 79' lang='grc' dir='ltr'>ὀρέγον-</span> 
     </span>
    </p>
   </div>
   <div class='ocr_carea' id='block_1_24' title="bbox 250 1274 753 1313">
    <p class='ocr_par' dir='ltr' id='par_1_24' title="bbox 250 1274 753 1313">
     <span class='ocr_line' id='line_1_24' title="bbox 250 1274 753 1313; baseline 0.008 -12"><span class='ocrx_word' id='word_1_180' title='bbox 250 1274 278 1302; x_wconf 85' lang='grc'><strong>5.</strong></span> <span class='ocrx_word' id='word_1_181' title='bbox 293 1274 332 1302; x_wconf 83' lang='lat' dir='ltr'><strong>De</strong></span> <span class='ocrx_word' id='word_1_182' title='bbox 351 1275 438 1302; x_wconf 73' lang='lat' dir='ltr'><strong>libella</strong></span> <span class='ocrx_word' id='word_1_183' title='bbox 457 1276 561 1311; x_wconf 78' lang='lat' dir='ltr'><strong>famoso</strong></span> <span class='ocrx_word' id='word_1_184' title='bbox 580 1278 647 1304; x_wconf 83' lang='lat' dir='ltr'><strong>clam</strong></span> <span class='ocrx_word' id='word_1_185' title='bbox 667 1278 753 1313; x_wconf 79' lang='lat' dir='ltr'><strong>jucto.</strong></span> 
     </span>
    </p>
   </div>
   <div class='ocr_carea' id='block_1_25' title="bbox 142 1319 898 1358">
    <p class='ocr_par' dir='ltr' id='par_1_25' title="bbox 142 1319 898 1358">
     <span class='ocr_line' id='line_1_25' title="bbox 142 1319 898 1358; baseline 0.009 -11"><span class='ocrx_word' id='word_1_186' title='bbox 142 1319 215 1348; x_wconf 89' lang='lat' dir='ltr'><strong>Inter</strong></span> <span class='ocrx_word' id='word_1_187' title='bbox 231 1321 290 1349; x_wconf 69' lang='lat' dir='ltr'><strong>[me</strong></span> <span class='ocrx_word' id='word_1_188' title='bbox 311 1321 430 1349; x_wconf 80' lang='lat' dir='ltr'><strong>famosus</strong></span> <span class='ocrx_word' id='word_1_189' title='bbox 449 1322 554 1350; x_wconf 79' lang='lat' dir='ltr'><strong>libellus</strong></span> <span class='ocrx_word' id='word_1_190' title='bbox 571 1323 666 1358; x_wconf 86' lang='lat' dir='ltr'><strong>plenus</strong></span> <span class='ocrx_word' id='word_1_191' title='bbox 689 1324 817 1353; x_wconf 77' lang='lat' dir='ltr'><strong>irrisione</strong></span> <span class='ocrx_word' id='word_1_192' title='bbox 830 1324 898 1358; x_wconf 57' lang='lat' dir='ltr'><strong>jaciv</strong></span> 
     </span>
    </p>
   </div>
   <div class='ocr_carea' id='block_1_26' title="bbox 108 1366 897 1405">
    <p class='ocr_par' dir='ltr' id='par_1_26' title="bbox 108 1366 897 1405">
     <span class='ocr_line' id='line_1_26' title="bbox 108 1366 897 1405; baseline 0.008 -13"><span class='ocrx_word' id='word_1_193' title='bbox 108 1369 158 1393; x_wconf 85' lang='lat' dir='ltr'><strong>tur.</strong></span> <span class='ocrx_word' id='word_1_194' title='bbox 173 1366 241 1393; x_wconf 68' lang='lat' dir='ltr'><strong>Eum</strong></span> <span class='ocrx_word' id='word_1_195' title='bbox 261 1366 305 1401; x_wconf 89' lang='lat' dir='ltr'><strong>qui</strong></span> <span class='ocrx_word' id='word_1_196' title='bbox 318 1367 412 1402; x_wconf 84' lang='lat' dir='ltr'><strong>jacere</strong></span> <span class='ocrx_word' id='word_1_197' title='bbox 429 1376 511 1396; x_wconf 85' lang='lat' dir='ltr'><strong>ausus</strong></span> <span class='ocrx_word' id='word_1_198' title='bbox 523 1374 574 1401; x_wconf 85' lang='lat' dir='ltr'><strong>est,</strong></span> <span class='ocrx_word' id='word_1_199' title='bbox 591 1377 654 1396; x_wconf 91' lang='lat' dir='ltr'><strong>cum</strong></span> <span class='ocrx_word' id='word_1_200' title='bbox 671 1370 752 1397; x_wconf 78' lang='lat' dir='ltr'><strong>aliter</strong></span> <span class='ocrx_word' id='word_1_201' title='bbox 765 1378 818 1397; x_wconf 90' lang='lat' dir='ltr'><strong>non</strong></span> <span class='ocrx_word' id='word_1_202' title='bbox 835 1378 897 1405; x_wconf 88' lang='lat' dir='ltr'><strong>spe-</strong></span> 
     </span>
    </p>
   </div>
   <div class='ocr_carea' id='block_1_27' title="bbox 111 1414 897 1451">
    <p class='ocr_par' dir='ltr' id='par_1_27' title="bbox 111 1414 897 1451">
     <span class='ocr_line' id='line_1_27' title="bbox 111 1414 897 1451; baseline 0.008 -13"><span class='ocrx_word' id='word_1_203' title='bbox 111 1417 179 1440; x_wconf 84' lang='lat' dir='ltr'><strong>raret</strong></span> <span class='ocrx_word' id='word_1_204' title='bbox 192 1414 218 1440; x_wconf 94' lang='lat' dir='ltr'><strong>in</strong></span> <span class='ocrx_word' id='word_1_205' title='bbox 233 1421 331 1441; x_wconf 76' lang='lat' dir='ltr'><strong>manus</strong></span> <span class='ocrx_word' id='word_1_206' title='bbox 349 1415 533 1448; x_wconf 90' lang='lat' dir='ltr'><strong>imperatoris,</strong></span> <span class='ocrx_word' id='word_1_207' title='bbox 554 1415 627 1449; x_wconf 90' lang='lat' dir='ltr'><strong>quod</strong></span> <span class='ocrx_word' id='word_1_208' title='bbox 647 1415 784 1451; x_wconf 78' lang='lat' dir='ltr'><strong>cupiebat,</strong></span> <span class='ocrx_word' id='word_1_209' title='bbox 801 1422 897 1444; x_wconf 81' lang='lat' dir='ltr'><strong>rentu-</strong></span> 
     </span>
    </p>
   </div>
   <div class='ocr_carea' id='block_1_28' title="bbox 109 1459 896 1497">
    <p class='ocr_par' dir='ltr' id='par_1_28' title="bbox 109 1459 896 1497">
     <span class='ocr_line' id='line_1_28' title="bbox 109 1459 896 1497; baseline 0.008 -12"><span class='ocrx_word' id='word_1_210' title='bbox 109 1466 175 1491; x_wconf 87' lang='lat' dir='ltr'><strong>rutn,</strong></span> <span class='ocrx_word' id='word_1_211' title='bbox 191 1460 249 1493; x_wconf 81' lang='lat' dir='ltr'><strong>ipse</strong></span> <span class='ocrx_word' id='word_1_212' title='bbox 267 1459 359 1487; x_wconf 77' lang='lat' dir='ltr'><strong>furtim</strong></span> <span class='ocrx_word' id='word_1_213' title='bbox 372 1460 397 1486; x_wconf 91' lang='lat' dir='ltr'><strong>itt</strong></span> <span class='ocrx_word' id='word_1_214' title='bbox 410 1461 501 1487; x_wconf 81' lang='lat' dir='ltr'><strong>intima</strong></span> <span class='ocrx_word' id='word_1_215' title='bbox 515 1461 607 1496; x_wconf 76' lang='lat' dir='ltr'><strong>palatii</strong></span> <span class='ocrx_word' id='word_1_216' title='bbox 619 1462 756 1489; x_wconf 85' lang='lat' dir='ltr'><strong>c0nclavia</strong></span> <span class='ocrx_word' id='word_1_217' title='bbox 771 1469 896 1497; x_wconf 84' lang='lat' dir='ltr'><strong>penetra-</strong></span> 
     </span>
    </p>
   </div>
   <div class='ocr_carea' id='block_1_29' title="bbox 560 108 1273 143">
    <p class='ocr_par' dir='ltr' id='par_1_29' title="bbox 560 108 1273 143">
     <span class='ocr_line' id='line_1_29' title="bbox 560 108 1273 143; baseline 0.006 -5"><span class='ocrx_word' id='word_1_218' title='bbox 560 109 609 138; x_wconf 89' lang='lat' dir='ltr'><strong>DE</strong></span> <span class='ocrx_word' id='word_1_219' title='bbox 625 108 844 138; x_wconf 68' lang='lat' dir='ltr'><strong>ANDllONlCO</strong></span> <span class='ocrx_word' id='word_1_220' title='bbox 865 109 1098 140; x_wconf 60' lang='lat' dir='ltr'><strong>PALEOLOGO</strong></span> <span class='ocrx_word' id='word_1_221' title='bbox 1116 111 1190 141; x_wconf 80' lang='lat' dir='ltr'><strong>LIB.</strong></span> <span class='ocrx_word' id='word_1_222' title='bbox 1206 111 1273 143; x_wconf 76' lang='lat' dir='ltr'><strong>VII.</strong></span> 
     </span>
    </p>
   </div>
   <div class='ocr_carea' id='block_1_30' title="bbox 919 165 1743 202">
    <p class='ocr_par' dir='ltr' id='par_1_30' title="bbox 919 165 1743 202">
     <span class='ocr_line' id='line_1_30' title="bbox 919 165 1743 202; baseline -0.005 -7"><span class='ocrx_word' id='word_1_223' title='bbox 919 165 944 195; x_wconf 82' lang='grc' dir='ltr'><strong>Α</strong></span> <span class='ocrx_word' id='word_1_224' title='bbox 957 175 1011 198; x_wconf 85' lang='grc' dir='ltr'>ται,</span> <span class='ocrx_word' id='word_1_225' title='bbox 1026 167 1063 198; x_wconf 84' lang='grc' dir='ltr'><strong>ὡς</strong></span> <span class='ocrx_word' id='word_1_226' title='bbox 1079 168 1126 194; x_wconf 81' lang='grc' dir='ltr'><strong>καὶ</strong></span> <span class='ocrx_word' id='word_1_227' title='bbox 1149 168 1164 202; x_wconf 76' lang='grc' dir='ltr'>ἡ</span> <span class='ocrx_word' id='word_1_228' title='bbox 1181 167 1236 194; x_wconf 82' lang='grc' dir='ltr'>τῶν</span> <span class='ocrx_word' id='word_1_229' title='bbox 1258 166 1412 202; x_wconf 78' lang='grc' dir='ltr'>αἰσθήσεων</span> <span class='ocrx_word' id='word_1_230' title='bbox 1437 165 1579 200; x_wconf 77' lang='grc' dir='ltr'><strong>ἀγάπησις</strong></span> <span class='ocrx_word' id='word_1_231' title='bbox 1598 174 1743 200; x_wconf 80' lang='grc' dir='ltr'>μαρτυρει.</span> 
     </span>
    </p>
   </div>
   <div class='ocr_carea' id='block_1_31' title="bbox 1690 106 1743 138">
    <p class='ocr_par' dir='ltr' id='par_1_31' title="bbox 1690 106 1743 138">
     <span class='ocr_line' id='line_1_31' title="bbox 1690 106 1743 138; baseline -0.019 0"><span class='ocrx_word' id='word_1_232' title='bbox 1690 106 1743 138; x_wconf 68' lang='grc'><strong>034</strong></span> 
     </span>
    </p>
   </div>
   <div class='ocr_carea' id='block_1_32' title="bbox 955 208 1744 248">
    <p class='ocr_par' dir='ltr' id='par_1_32' title="bbox 955 208 1744 248">
     <span class='ocr_line' id='line_1_32' title="bbox 955 208 1744 248; baseline -0.003 -9"><span class='ocrx_word' id='word_1_233' title='bbox 955 213 986 239; x_wconf 81' lang='grc' dir='ltr'>τὸ</span> <span class='ocrx_word' id='word_1_234' title='bbox 1003 212 1068 247; x_wconf 81' lang='grc' dir='ltr'>περὶ</span> <span class='ocrx_word' id='word_1_235' title='bbox 1079 213 1188 246; x_wconf 76' lang='grc' dir='ltr'>ἑαυτοῦ,</span> <span class='ocrx_word' id='word_1_236' title='bbox 1207 213 1320 248; x_wconf 71' lang='grc' dir='ltr'>βατιλέα.</span> <span class='ocrx_word' id='word_1_237' title='bbox 1336 213 1380 239; x_wconf 78' lang='grc' dir='ltr'><strong>καὶ</strong></span> <span class='ocrx_word' id='word_1_238' title='bbox 1397 211 1482 239; x_wconf 77' lang='grc' dir='ltr'>ταῦτα</span> <span class='ocrx_word' id='word_1_239' title='bbox 1502 212 1578 243; x_wconf 76' lang='grc' dir='ltr'>ὅντα,</span> <span class='ocrx_word' id='word_1_240' title='bbox 1598 210 1708 241; x_wconf 80' lang='grc' dir='ltr'>εἰδέναι,</span> <span class='ocrx_word' id='word_1_241' title='bbox 1722 208 1744 245; x_wconf 77' lang='grc' dir='ltr'>ᾧ</span> 
     </span>
    </p>
   </div>
   <div class='ocr_carea' id='block_1_33' title="bbox 955 257 1743 295">
    <p class='ocr_par' dir='ltr' id='par_1_33' title="bbox 955 257 1743 295">
     <span class='ocr_line' id='line_1_33' title="bbox 955 257 1743 295; baseline -0.005 -8"><span class='ocrx_word' id='word_1_242' title='bbox 955 260 995 287; x_wconf 84' lang='grc' dir='ltr'><strong>ἕνι</strong></span> <span class='ocrx_word' id='word_1_243' title='bbox 1015 259 1064 295; x_wconf 73' lang='grc' dir='ltr'><strong>μὲν</strong></span> <span class='ocrx_word' id='word_1_244' title='bbox 1082 261 1130 288; x_wconf 79' lang='grc' dir='ltr'><strong>καὶ</strong></span> <span class='ocrx_word' id='word_1_245' title='bbox 1150 260 1296 291; x_wconf 75' lang='grc' dir='ltr'>κολακείας</span> <span class='ocrx_word' id='word_1_246' title='bbox 1317 259 1511 295; x_wconf 75' lang='grc' dir='ltr'>ὲνεόρευούςης</span> <span class='ocrx_word' id='word_1_247' title='bbox 1535 257 1610 293; x_wconf 74' lang='grc' dir='ltr'>παρὰ</span> <span class='ocrx_word' id='word_1_248' title='bbox 1631 257 1743 292; x_wconf 72' lang='grc' dir='ltr'><strong>μηδενὸς</strong></span> 
     </span>
    </p>
   </div>
   <div class='ocr_carea' id='block_1_34' title="bbox 956 302 1743 340">
    <p class='ocr_par' dir='ltr' id='par_1_34' title="bbox 956 302 1743 340">
     <span class='ocr_line' id='line_1_34' title="bbox 956 302 1743 340; baseline -0.005 -8"><span class='ocrx_word' id='word_1_249' title='bbox 956 307 1069 333; x_wconf 85' lang='grc' dir='ltr'>ἀκούειν</span> <span class='ocrx_word' id='word_1_250' title='bbox 1084 307 1117 333; x_wconf 78' lang='grc' dir='ltr'>τὰ</span> <span class='ocrx_word' id='word_1_251' title='bbox 1135 306 1266 333; x_wconf 74' lang='grc' dir='ltr'>δοκοῦντα</span> <span class='ocrx_word' id='word_1_252' title='bbox 1285 305 1423 340; x_wconf 71' lang='grc' dir='ltr'>Εύμφορα,</span> <span class='ocrx_word' id='word_1_253' title='bbox 1438 305 1470 340; x_wconf 78' lang='grc' dir='ltr'>ἦν</span> <span class='ocrx_word' id='word_1_254' title='bbox 1487 305 1512 330; x_wconf 76' lang='grc' dir='ltr'>οἱ</span> <span class='ocrx_word' id='word_1_255' title='bbox 1532 304 1608 338; x_wconf 74' lang='grc' dir='ltr'>παρὰ</span> <span class='ocrx_word' id='word_1_256' title='bbox 1629 302 1743 338; x_wconf 81' lang='grc' dir='ltr'><strong>γνώμης</strong></span> 
     </span>
    </p>
   </div>
   <div class='ocr_carea' id='block_1_35' title="bbox 955 349 1743 387">
    <p class='ocr_par' dir='ltr' id='par_1_35' title="bbox 955 349 1743 387">
     <span class='ocr_line' id='line_1_35' title="bbox 955 349 1743 387; baseline -0.005 -8"><span class='ocrx_word' id='word_1_257' title='bbox 955 351 1020 386; x_wconf 82' lang='grc' dir='ltr'>εἷεν,</span> <span class='ocrx_word' id='word_1_258' title='bbox 1038 353 1077 379; x_wconf 73' lang='grc' dir='ltr'>ἔνι</span> <span class='ocrx_word' id='word_1_259' title='bbox 1091 353 1119 378; x_wconf 69' lang='grc' dir='ltr'><strong>δὲ</strong></span> <span class='ocrx_word' id='word_1_260' title='bbox 1136 353 1182 380; x_wconf 78' lang='grc' dir='ltr'><strong>καὶ</strong></span> <span class='ocrx_word' id='word_1_261' title='bbox 1198 353 1300 387; x_wconf 76' lang='grc' dir='ltr'>κράτος</span> <span class='ocrx_word' id='word_1_262' title='bbox 1322 352 1413 386; x_wconf 71' lang='grc' dir='ltr'><strong>ἰσχύος</strong></span> <span class='ocrx_word' id='word_1_263' title='bbox 1434 352 1463 383; x_wconf 77' lang='grc' dir='ltr'>ἐξ</span> <span class='ocrx_word' id='word_1_264' title='bbox 1478 351 1633 385; x_wconf 74' lang='grc' dir='ltr'>ἀξιώματος</span> <span class='ocrx_word' id='word_1_265' title='bbox 1651 350 1681 375; x_wconf 85' lang='grc' dir='ltr'>τὺ</span> <span class='ocrx_word' id='word_1_266' title='bbox 1696 349 1743 376; x_wconf 79' lang='grc' dir='ltr'>θε-</span> 
     </span>
    </p>
   </div>
   <div class='ocr_carea' id='block_1_36' title="bbox 953 396 1742 434">
    <p class='ocr_par' dir='ltr' id='par_1_36' title="bbox 953 396 1742 434">
     <span class='ocr_line' id='line_1_36' title="bbox 953 396 1742 434; baseline -0.005 -9"><span class='ocrx_word' id='word_1_267' title='bbox 953 399 1034 434; x_wconf 74' lang='grc' dir='ltr'>λητὺν</span> <span class='ocrx_word' id='word_1_268' title='bbox 1059 400 1087 430; x_wconf 78' lang='grc' dir='ltr'><strong>ἐς</strong></span> <span class='ocrx_word' id='word_1_269' title='bbox 1107 399 1181 426; x_wconf 69' lang='grc' dir='ltr'>ἅπαν</span> <span class='ocrx_word' id='word_1_270' title='bbox 1209 398 1392 433; x_wconf 67' lang='grc' dir='ltr'>ἓξομαλίξειν,</span> <span class='ocrx_word' id='word_1_271' title='bbox 1419 398 1534 432; x_wconf 71' lang='grc' dir='ltr'>μηδενὸς</span> <span class='ocrx_word' id='word_1_272' title='bbox 1555 396 1742 428; x_wconf 76' lang='grc' dir='ltr'>ἀντιξοοῦντος</span> 
     </span>
    </p>
   </div>
   <div class='ocr_carea' id='block_1_37' title="bbox 953 442 1744 482">
    <p class='ocr_par' dir='ltr' id='par_1_37' title="bbox 953 442 1744 482">
     <span class='ocr_line' id='line_1_37' title="bbox 953 442 1744 482; baseline -0.009 -8"><span class='ocrx_word' id='word_1_273' title='bbox 953 446 997 474; x_wconf 82' lang='grc' dir='ltr'><strong>διὰ</strong></span> <span class='ocrx_word' id='word_1_274' title='bbox 1011 446 1060 482; x_wconf 83' lang='grc' dir='ltr'><strong>τὴν</strong></span> <span class='ocrx_word' id='word_1_275' title='bbox 1080 447 1112 473; x_wconf 87' lang='grc' dir='ltr'><strong>ὲκ</strong></span> <span class='ocrx_word' id='word_1_276' title='bbox 1129 445 1276 481; x_wconf 76' lang='grc' dir='ltr'>συνηθείας</span> <span class='ocrx_word' id='word_1_277' title='bbox 1294 444 1445 480; x_wconf 73' lang='grc' dir='ltr'>ὑποστολὴν</span> <span class='ocrx_word' id='word_1_278' title='bbox 1464 443 1509 470; x_wconf 79' lang='grc' dir='ltr'>τοῦ</span> <span class='ocrx_word' id='word_1_279' title='bbox 1530 443 1567 478; x_wconf 82' lang='grc' dir='ltr'><strong>μὴ</strong></span> <span class='ocrx_word' id='word_1_280' title='bbox 1589 443 1678 469; x_wconf 87' lang='grc' dir='ltr'>δοκεῖν</span> <span class='ocrx_word' id='word_1_281' title='bbox 1695 442 1744 477; x_wconf 68' lang='grc' dir='ltr'><strong>βα.-</strong></span> 
     </span>
    </p>
   </div>
   <div class='ocr_carea' id='block_1_38' title="bbox 955 487 1741 528">
    <p class='ocr_par' dir='ltr' id='par_1_38' title="bbox 955 487 1741 528">
     <span class='ocr_line' id='line_1_38' title="bbox 955 487 1741 528; baseline -0.008 -9"><span class='ocrx_word' id='word_1_282' title='bbox 955 494 1026 519; x_wconf 86' lang='grc' dir='ltr'>σιλεῖ</span> <span class='ocrx_word' id='word_1_283' title='bbox 1043 492 1239 528; x_wconf 74' lang='grc' dir='ltr'>προσκρούειν,</span> <span class='ocrx_word' id='word_1_284' title='bbox 1257 493 1315 524; x_wconf 76' lang='grc' dir='ltr'><strong>πῶς</strong></span> <span class='ocrx_word' id='word_1_285' title='bbox 1340 492 1370 518; x_wconf 83' lang='grc' dir='ltr'><strong>οὺ</strong></span> <span class='ocrx_word' id='word_1_286' title='bbox 1399 491 1545 526; x_wconf 78' lang='grc' dir='ltr'>μανθάνειν</span> <span class='ocrx_word' id='word_1_287' title='bbox 1564 490 1690 515; x_wconf 73' lang='grc' dir='ltr'>κάκεῖνον</span> <span class='ocrx_word' id='word_1_288' title='bbox 1712 487 1741 514; x_wconf 49' lang='lat' dir='ltr'><strong>ea</strong></span> 
     </span>
    </p>
   </div>
   <div class='ocr_carea' id='block_1_39' title="bbox 954 535 1739 575">
    <p class='ocr_par' dir='ltr' id='par_1_39' title="bbox 954 535 1739 575">
     <span class='ocr_line' id='line_1_39' title="bbox 954 535 1739 575; baseline -0.006 -9"><span class='ocrx_word' id='word_1_289' title='bbox 954 541 1072 575; x_wconf 84' lang='grc' dir='ltr'>πρᾶγμα</span> <span class='ocrx_word' id='word_1_290' title='bbox 1101 539 1246 574; x_wconf 66' lang='grc' dir='ltr'>γλίχεσθαι</span> <span class='ocrx_word' id='word_1_291' title='bbox 1271 539 1463 573; x_wconf 73' lang='grc' dir='ltr'>παρεσκεύαζε</span> <span class='ocrx_word' id='word_1_292' title='bbox 1489 537 1535 564; x_wconf 73' lang='grc' dir='ltr'>τὸν</span> <span class='ocrx_word' id='word_1_293' title='bbox 1553 536 1663 562; x_wconf 71' lang='grc' dir='ltr'>τοιαῦτα</span> <span class='ocrx_word' id='word_1_294' title='bbox 1681 535 1739 562; x_wconf 82' lang='grc' dir='ltr'>τολ-</span> 
     </span>
    </p>
   </div>
   <div class='ocr_carea' id='block_1_40' title="bbox 955 580 1741 622">
    <p class='ocr_par' dir='ltr' id='par_1_40' title="bbox 955 580 1741 622">
     <span class='ocr_line' id='line_1_40' title="bbox 955 580 1741 622; baseline -0.008 -9"><span class='ocrx_word' id='word_1_295' title='bbox 955 587 1069 622; x_wconf 77' lang='grc' dir='ltr'>μῶντας</span> <span class='ocrx_word' id='word_1_296' title='bbox 1095 587 1177 613; x_wconf 77' lang='grc' dir='ltr'>Ἀλλὰ</span> <span class='ocrx_word' id='word_1_297' title='bbox 1199 586 1287 612; x_wconf 74' lang='grc' dir='ltr'>ταῦτα</span> <span class='ocrx_word' id='word_1_298' title='bbox 1313 585 1363 619; x_wconf 73' lang='grc' dir='ltr'><strong>μὲν</strong></span> <span class='ocrx_word' id='word_1_299' title='bbox 1388 586 1416 611; x_wconf 76' lang='grc' dir='ltr'>ἐν</span> <span class='ocrx_word' id='word_1_300' title='bbox 1441 584 1631 619; x_wconf 74' lang='grc' dir='ltr'>παρατηρήσει</span> <span class='ocrx_word' id='word_1_301' title='bbox 1658 580 1741 608; x_wconf 77' lang='grc' dir='ltr'>ἐτίθει</span> 
     </span>
    </p>
   </div>
   <div class='ocr_carea' id='block_1_41' title="bbox 954 632 1350 668">
    <p class='ocr_par' dir='ltr' id='par_1_41' title="bbox 954 632 1350 668">
     <span class='ocr_line' id='line_1_41' title="bbox 954 632 1350 668; baseline -0.005 -8"><span class='ocrx_word' id='word_1_302' title='bbox 954 633 1109 668; x_wconf 84' lang='grc' dir='ltr'>ἀνίχνευτον</span> <span class='ocrx_word' id='word_1_303' title='bbox 1128 633 1173 659; x_wconf 76' lang='grc' dir='ltr'><strong>τὸν</strong></span> <span class='ocrx_word' id='word_1_304' title='bbox 1188 632 1350 668; x_wconf 79' lang='grc' dir='ltr'><strong>δεδρακότα.</strong></span> 
     </span>
    </p>
   </div>
   <div class='ocr_carea' id='block_1_42' title="bbox 972 698 1722 736">
    <p class='ocr_par' dir='ltr' id='par_1_42' title="bbox 972 698 1722 736">
     <span class='ocr_line' id='line_1_42' title="bbox 972 698 1722 736; baseline -0.007 -8"><span class='ocrx_word' id='word_1_305' title='bbox 972 704 1008 733; x_wconf 86' lang='grc' dir='ltr'><strong>ς’.</strong></span> <span class='ocrx_word' id='word_1_306' title='bbox 1024 701 1093 736; x_wconf 74' lang='grc' dir='ltr'><strong>Περὶ</strong></span> <span class='ocrx_word' id='word_1_307' title='bbox 1106 701 1162 735; x_wconf 84' lang='grc' dir='ltr'><strong>τῆς</strong></span> <span class='ocrx_word' id='word_1_308' title='bbox 1182 700 1333 733; x_wconf 79' lang='grc' dir='ltr'><strong>Μαδύτου,</strong></span> <span class='ocrx_word' id='word_1_309' title='bbox 1347 699 1387 732; x_wconf 85' lang='grc' dir='ltr'><strong>ὡς</strong></span> <span class='ocrx_word' id='word_1_310' title='bbox 1404 699 1483 726; x_wconf 73' lang='grc' dir='ltr'><strong>ἑάλω</strong></span> <span class='ocrx_word' id='word_1_311' title='bbox 1501 698 1722 732; x_wconf 63' lang='grc' dir='ltr'><strong>’Λμογιιῦάροιᾳ</strong></span> 
     </span>
    </p>
   </div>
   <div class='ocr_carea' id='block_1_43' title="bbox 988 750 1740 803">
    <p class='ocr_par' dir='ltr' id='par_1_43' title="bbox 988 750 1740 803">
     <span class='ocr_line' id='line_1_43' title="bbox 988 750 1740 803; baseline -0.008 -7"><span class='ocrx_word' id='word_1_312' title='bbox 988 770 1020 797; x_wconf 80' lang='lat' dir='ltr'><strong>Ol</strong></span> <span class='ocrx_word' id='word_1_313' title='bbox 1033 770 1061 796; x_wconf 65' lang='grc' dir='ltr'><strong>δὲ</strong></span> <span class='ocrx_word' id='word_1_314' title='bbox 1081 769 1278 803; x_wconf 63' lang='grc' dir='ltr'><strong>Ἀμογάδαρῠι,</strong></span> <span class='ocrx_word' id='word_1_315' title='bbox 1295 769 1333 799; x_wconf 77' lang='grc' dir='ltr'><strong>ὡς</strong></span> <span class='ocrx_word' id='word_1_316' title='bbox 1347 767 1479 798; x_wconf 58' lang='grc' dir='ltr'>πολλάκις</span> <span class='ocrx_word' id='word_1_317' title='bbox 1491 767 1540 800; x_wconf 72' lang='grc' dir='ltr'><strong>ἤδη</strong></span> <span class='ocrx_word' id='word_1_318' title='bbox 1559 750 1740 801; x_wconf 66' lang='grc' dir='ltr'>προείπομεν,</span> 
     </span>
    </p>
   </div>
   <div class='ocr_carea' id='block_1_44' title="bbox 953 812 1741 849">
    <p class='ocr_par' dir='ltr' id='par_1_44' title="bbox 953 812 1741 849">
     <span class='ocr_line' id='line_1_44' title="bbox 953 812 1741 849; baseline -0.006 -7"><span class='ocrx_word' id='word_1_319' title='bbox 953 816 1095 846; x_wconf 75' lang='grc' dir='ltr'>ἐκθέοντες</span> <span class='ocrx_word' id='word_1_320' title='bbox 1119 814 1258 849; x_wconf 84' lang='grc' dir='ltr'>πανταχοῦ</span> <span class='ocrx_word' id='word_1_321' title='bbox 1278 815 1324 841; x_wconf 81' lang='grc' dir='ltr'><strong>καὶ</strong></span> <span class='ocrx_word' id='word_1_322' title='bbox 1349 814 1384 840; x_wconf 80' lang='grc' dir='ltr'>τὰ</span> <span class='ocrx_word' id='word_1_323' title='bbox 1403 814 1479 840; x_wconf 74' lang='grc' dir='ltr'>δεινὰ</span> <span class='ocrx_word' id='word_1_324' title='bbox 1501 813 1654 846; x_wconf 79' lang='grc' dir='ltr'><strong>Ῥωμαίους</strong></span> <span class='ocrx_word' id='word_1_325' title='bbox 1669 812 1741 838; x_wconf 78' lang='grc' dir='ltr'>τιθέ-</span> 
     </span>
    </p>
   </div>
   <div class='ocr_carea' id='block_1_45' title="bbox 917 850 1742 896">
    <p class='ocr_par' dir='ltr' id='par_1_45' title="bbox 917 850 1742 896">
     <span class='ocr_line' id='line_1_45' title="bbox 917 850 1742 896; baseline -0.006 -8"><span class='ocrx_word' id='word_1_326' title='bbox 917 850 938 877; x_wconf 77' lang='grc' dir='ltr'><strong>Β</strong></span> <span class='ocrx_word' id='word_1_327' title='bbox 954 870 1031 896; x_wconf 72' lang='grc' dir='ltr'>μενοι</span> <span class='ocrx_word' id='word_1_328' title='bbox 1050 861 1260 896; x_wconf 81' lang='grc' dir='ltr'>περικαθίζουσι</span> <span class='ocrx_word' id='word_1_329' title='bbox 1274 859 1405 896; x_wconf 81' lang='grc' dir='ltr'>φρούριον</span> <span class='ocrx_word' id='word_1_330' title='bbox 1420 860 1483 894; x_wconf 65' lang='grc' dir='ltr'>περὶ</span> <span class='ocrx_word' id='word_1_331' title='bbox 1498 859 1542 885; x_wconf 62' lang='grc' dir='ltr'>τόν</span> <span class='ocrx_word' id='word_1_332' title='bbox 1561 859 1639 892; x_wconf 75' lang='grc' dir='ltr'>Σιγὸν</span> <span class='ocrx_word' id='word_1_333' title='bbox 1659 867 1742 884; x_wconf 70' lang='grc' dir='ltr'>ποτα-</span> 
     </span>
    </p>
   </div>
   <div class='ocr_carea' id='block_1_46' title="bbox 952 905 1741 944">
    <p class='ocr_par' dir='ltr' id='par_1_46' title="bbox 952 905 1741 944">
     <span class='ocr_line' id='line_1_46' title="bbox 952 905 1741 944; baseline -0.006 -9"><span class='ocrx_word' id='word_1_334' title='bbox 952 910 1002 944; x_wconf 64' lang='grc' dir='ltr'>μὸν</span> <span class='ocrx_word' id='word_1_335' title='bbox 1020 908 1146 936; x_wconf 79' lang='grc' dir='ltr'>Μάδυτον</span> <span class='ocrx_word' id='word_1_336' title='bbox 1159 907 1300 943; x_wconf 75' lang='grc' dir='ltr'><strong>ὲγχωρίως</strong></span> <span class='ocrx_word' id='word_1_337' title='bbox 1316 907 1475 941; x_wconf 81' lang='grc' dir='ltr'>λεγόμενον.</span> <span class='ocrx_word' id='word_1_338' title='bbox 1493 906 1525 941; x_wconf 79' lang='grc' dir='ltr'><strong>[Ρ</strong></span> <span class='ocrx_word' id='word_1_339' title='bbox 1543 905 1606 940; x_wconf 69' lang='grc' dir='ltr'><strong>4οη</strong></span> <span class='ocrx_word' id='word_1_340' title='bbox 1629 905 1741 940; x_wconf 62' lang='grc' dir='ltr'>Ὀχυρθλν</span> 
     </span>
    </p>
   </div>
   <div class='ocr_carea' id='block_1_47' title="bbox 950 949 1740 986">
    <p class='ocr_par' dir='ltr' id='par_1_47' title="bbox 950 949 1740 986">
     <span class='ocr_line' id='line_1_47' title="bbox 950 949 1740 986; baseline -0.004 -6"><span class='ocrx_word' id='word_1_341' title='bbox 950 953 979 980; x_wconf 80' lang='grc' dir='ltr'><strong>δὲ</strong></span> <span class='ocrx_word' id='word_1_342' title='bbox 997 953 1038 985; x_wconf 80' lang='grc' dir='ltr'>δν,</span> <span class='ocrx_word' id='word_1_343' title='bbox 1052 952 1090 984; x_wconf 81' lang='grc' dir='ltr'><strong>ὡς</strong></span> <span class='ocrx_word' id='word_1_344' title='bbox 1103 952 1188 984; x_wconf 76' lang='grc' dir='ltr'>εἰκὸς,</span> <span class='ocrx_word' id='word_1_345' title='bbox 1209 953 1239 979; x_wconf 84' lang='grc' dir='ltr'>οὺ</span> <span class='ocrx_word' id='word_1_346' title='bbox 1255 952 1370 979; x_wconf 70' lang='grc' dir='ltr'>δυνατδν</span> <span class='ocrx_word' id='word_1_347' title='bbox 1387 950 1422 986; x_wconf 76' lang='grc' dir='ltr'>ἦν</span> <span class='ocrx_word' id='word_1_348' title='bbox 1442 952 1532 982; x_wconf 70' lang='grc' dir='ltr'>αὐτοῖς</span> <span class='ocrx_word' id='word_1_349' title='bbox 1557 949 1740 986; x_wconf 76' lang='grc' dir='ltr'>κρατηθῆναι.</span> 
     </span>
    </p>
   </div>
   <div class='ocr_carea' id='block_1_48' title="bbox 952 991 1742 1035">
    <p class='ocr_par' dir='ltr' id='par_1_48' title="bbox 952 991 1742 1035">
     <span class='ocr_line' id='line_1_48' title="bbox 952 991 1742 1035; baseline -0.004 -10"><span class='ocrx_word' id='word_1_350' title='bbox 952 1000 1152 1035; x_wconf 79' lang='grc' dir='ltr'>Πολιορκήσεις</span> <span class='ocrx_word' id='word_1_351' title='bbox 1167 999 1196 1025; x_wconf 69' lang='grc' dir='ltr'><strong>δὲ</strong></span> <span class='ocrx_word' id='word_1_352' title='bbox 1212 998 1274 1025; x_wconf 76' lang='grc' dir='ltr'>καθ’</span> <span class='ocrx_word' id='word_1_353' title='bbox 1292 999 1411 1032; x_wconf 75' lang='grc' dir='ltr'>ἑκάστην</span> <span class='ocrx_word' id='word_1_354' title='bbox 1427 998 1567 1028; x_wconf 78' lang='grc' dir='ltr'>ποιοῦντες</span> <span class='ocrx_word' id='word_1_355' title='bbox 1584 991 1640 1023; x_wconf 59' lang='grc' dir='ltr'><strong>καὶ⁴</strong></span> <span class='ocrx_word' id='word_1_356' title='bbox 1651 1005 1742 1032; x_wconf 81' lang='grc' dir='ltr'>μηχα-</span> 
     </span>
    </p>
   </div>
   <div class='ocr_carea' id='block_1_49' title="bbox 951 1043 1741 1079">
    <p class='ocr_par' dir='ltr' id='par_1_49' title="bbox 951 1043 1741 1079">
     <span class='ocr_line' id='line_1_49' title="bbox 951 1043 1741 1079; baseline -0.005 -7"><span class='ocrx_word' id='word_1_357' title='bbox 951 1046 1009 1077; x_wconf 81' lang='grc' dir='ltr'>νὰς,</span> <span class='ocrx_word' id='word_1_358' title='bbox 1040 1045 1075 1072; x_wconf 85' lang='grc' dir='ltr'>τὰ</span> <span class='ocrx_word' id='word_1_359' title='bbox 1099 1046 1189 1072; x_wconf 86' lang='grc' dir='ltr'>πάντα</span> <span class='ocrx_word' id='word_1_360' title='bbox 1219 1046 1322 1079; x_wconf 80' lang='grc' dir='ltr'>μάταια</span> <span class='ocrx_word' id='word_1_361' title='bbox 1345 1044 1524 1078; x_wconf 77' lang='grc' dir='ltr'>διεφαίνοντο.</span> <span class='ocrx_word' id='word_1_362' title='bbox 1548 1044 1624 1069; x_wconf 66' lang='grc' dir='ltr'><strong>Ἐπεὶ</strong></span> <span class='ocrx_word' id='word_1_363' title='bbox 1645 1043 1673 1070; x_wconf 78' lang='grc' dir='ltr'>δὲ</span> <span class='ocrx_word' id='word_1_364' title='bbox 1704 1045 1741 1078; x_wconf 78' lang='grc' dir='ltr'><strong>μὴ</strong></span> 
     </span>
    </p>
   </div>
   <div class='ocr_carea' id='block_1_50' title="bbox 952 1088 1741 1127">
    <p class='ocr_par' dir='ltr' id='par_1_50' title="bbox 952 1088 1741 1127">
     <span class='ocr_line' id='line_1_50' title="bbox 952 1088 1741 1127; baseline -0.005 -9"><span class='ocrx_word' id='word_1_365' title='bbox 952 1092 1056 1118; x_wconf 74' lang='grc' dir='ltr'>ἀνυστὰ</span> <span class='ocrx_word' id='word_1_366' title='bbox 1069 1093 1125 1123; x_wconf 69' lang='grc' dir='ltr'>’τοῖς</span> <span class='ocrx_word' id='word_1_367' title='bbox 1151 1090 1261 1123; x_wconf 81' lang='grc' dir='ltr'>Ἰταλοῖς</span> <span class='ocrx_word' id='word_1_368' title='bbox 1275 1088 1322 1127; x_wconf 81' lang='grc' dir='ltr'>ἦν,</span> <span class='ocrx_word' id='word_1_369' title='bbox 1337 1090 1409 1124; x_wconf 75' lang='grc' dir='ltr'>λιμῷ</span> <span class='ocrx_word' id='word_1_370' title='bbox 1426 1090 1455 1116; x_wconf 71' lang='grc' dir='ltr'>τὸ</span> <span class='ocrx_word' id='word_1_371' title='bbox 1471 1089 1601 1124; x_wconf 74' lang='grc' dir='ltr'>φρούριον</span> <span class='ocrx_word' id='word_1_372' title='bbox 1617 1089 1741 1122; x_wconf 76' lang='grc' dir='ltr'>ἔγνωσαν</span> 
     </span>
    </p>
   </div>
   <div class='ocr_carea' id='block_1_51' title="bbox 952 1135 1741 1174">
    <p class='ocr_par' dir='ltr' id='par_1_51' title="bbox 952 1135 1741 1174">
     <span class='ocr_line' id='line_1_51' title="bbox 952 1135 1741 1174; baseline -0.005 -9"><span class='ocrx_word' id='word_1_373' title='bbox 952 1139 1119 1174; x_wconf 83' lang='grc' dir='ltr'>πολιορκεῖν.</span> <span class='ocrx_word' id='word_1_374' title='bbox 1145 1137 1249 1174; x_wconf 82' lang='grc' dir='ltr'>Χρόνου</span> <span class='ocrx_word' id='word_1_375' title='bbox 1275 1137 1420 1172; x_wconf 74' lang='grc' dir='ltr'>τοιγαροῦν</span> <span class='ocrx_word' id='word_1_376' title='bbox 1443 1136 1606 1172; x_wconf 75' lang='grc' dir='ltr'>τριϐομένου</span> <span class='ocrx_word' id='word_1_377' title='bbox 1627 1137 1640 1162; x_wconf 85' lang='grc' dir='ltr'>ὁ</span> <span class='ocrx_word' id='word_1_378' title='bbox 1662 1135 1741 1170; x_wconf 79' lang='grc' dir='ltr'>λιμὸς</span> 
     </span>
    </p>
   </div>
   <div class='ocr_carea' id='block_1_52' title="bbox 952 1183 1742 1220">
    <p class='ocr_par' dir='ltr' id='par_1_52' title="bbox 952 1183 1742 1220">
     <span class='ocr_line' id='line_1_52' title="bbox 952 1183 1742 1220; baseline -0.005 -8"><span class='ocrx_word' id='word_1_379' title='bbox 952 1185 1027 1216; x_wconf 63' lang='grc' dir='ltr'>ἐντὸς</span> <span class='ocrx_word' id='word_1_380' title='bbox 1042 1185 1183 1220; x_wconf 80' lang='grc' dir='ltr'>κραταιῶς</span> <span class='ocrx_word' id='word_1_381' title='bbox 1201 1185 1349 1220; x_wconf 75' lang='grc' dir='ltr'>ἐπήρχετο,</span> <span class='ocrx_word' id='word_1_382' title='bbox 1368 1183 1436 1211; x_wconf 80' lang='grc' dir='ltr'>ὥστε</span> <span class='ocrx_word' id='word_1_383' title='bbox 1453 1183 1498 1210; x_wconf 70' lang='grc' dir='ltr'><strong>καὶ</strong></span> <span class='ocrx_word' id='word_1_384' title='bbox 1512 1183 1565 1210; x_wconf 82' lang='grc' dir='ltr'><strong>τῶν</strong></span> <span class='ocrx_word' id='word_1_385' title='bbox 1583 1183 1742 1218; x_wconf 78' lang='grc' dir='ltr'>ἀπηγορευο</span> 
     </span>
    </p>
   </div>
   <div class='ocr_carea' id='block_1_53' title="bbox 949 1273 1742 1312">
    <p class='ocr_par' dir='ltr' id='par_1_53' title="bbox 949 1273 1742 1312">
     <span class='ocr_line' id='line_1_53' title="bbox 949 1273 1742 1312; baseline -0.006 -7"><span class='ocrx_word' id='word_1_386' title='bbox 949 1287 1008 1312; x_wconf 80' lang='lat' dir='ltr'><strong>quae</strong></span> <span class='ocrx_word' id='word_1_387' title='bbox 1025 1286 1039 1306; x_wconf 81' lang='lat' dir='ltr'><strong>a</strong></span> <span class='ocrx_word' id='word_1_388' title='bbox 1055 1277 1128 1305; x_wconf 91' lang='lat' dir='ltr'><strong>nullo</strong></span> <span class='ocrx_word' id='word_1_389' title='bbox 1144 1285 1263 1312; x_wconf 89' lang='lat' dir='ltr'><strong>unquam</strong></span> <span class='ocrx_word' id='word_1_390' title='bbox 1286 1277 1418 1304; x_wconf 88' lang='lat' dir='ltr'><strong>audisset.</strong></span> <span class='ocrx_word' id='word_1_391' title='bbox 1433 1275 1491 1303; x_wconf 82' lang='lat' dir='ltr'><strong>Non</strong></span> <span class='ocrx_word' id='word_1_392' title='bbox 1505 1275 1576 1303; x_wconf 89' lang='lat' dir='ltr'><strong>ettim</strong></span> <span class='ocrx_word' id='word_1_393' title='bbox 1602 1273 1742 1309; x_wconf 66' lang='lat' dir='ltr'><strong>praesentis</strong></span> 
     </span>
    </p>
   </div>
   <div class='ocr_carea' id='block_1_54' title="bbox 950 1319 1741 1357">
    <p class='ocr_par' dir='ltr' id='par_1_54' title="bbox 950 1319 1741 1357">
     <span class='ocr_line' id='line_1_54' title="bbox 950 1319 1741 1357; baseline -0.006 -6"><span class='ocrx_word' id='word_1_394' title='bbox 950 1333 1016 1353; x_wconf 71' lang='lat' dir='ltr'><strong>voce</strong></span> <span class='ocrx_word' id='word_1_395' title='bbox 1033 1325 1151 1352; x_wconf 74' lang='lat' dir='ltr'><strong>auctoris</strong></span> <span class='ocrx_word' id='word_1_396' title='bbox 1167 1325 1192 1351; x_wconf 91' lang='lat' dir='ltr'><strong>in</strong></span> <span class='ocrx_word' id='word_1_397' title='bbox 1220 1323 1371 1357; x_wconf 83' lang='lat' dir='ltr'><strong>principum</strong></span> <span class='ocrx_word' id='word_1_398' title='bbox 1397 1330 1476 1350; x_wconf 84' lang='lat' dir='ltr'><strong>aures</strong></span> <span class='ocrx_word' id='word_1_399' title='bbox 1506 1321 1558 1348; x_wconf 74' lang='lat' dir='ltr'><strong>nisi</strong></span> <span class='ocrx_word' id='word_1_400' title='bbox 1583 1319 1677 1347; x_wconf 83' lang='lat' dir='ltr'><strong>laudes</strong></span> <span class='ocrx_word' id='word_1_401' title='bbox 1709 1326 1741 1346; x_wconf 89' lang='lat' dir='ltr'><strong>ac</strong></span> 
     </span>
    </p>
   </div>
   <div class='ocr_carea' id='block_1_55' title="bbox 949 1366 1743 1406">
    <p class='ocr_par' dir='ltr' id='par_1_55' title="bbox 949 1366 1743 1406">
     <span class='ocr_line' id='line_1_55' title="bbox 949 1366 1743 1406; baseline -0.009 -7"><span class='ocrx_word' id='word_1_402' title='bbox 949 1371 1081 1406; x_wconf 66' lang='lat' dir='ltr'><strong>pra-conia</strong></span> <span class='ocrx_word' id='word_1_403' title='bbox 1098 1370 1282 1405; x_wconf 70' lang='lat' dir='ltr'><strong>pet-feruntur,</strong></span> <span class='ocrx_word' id='word_1_404' title='bbox 1311 1370 1382 1396; x_wconf 86' lang='lat' dir='ltr'><strong>circa</strong></span> <span class='ocrx_word' id='word_1_405' title='bbox 1410 1368 1521 1395; x_wconf 80' lang='lat' dir='ltr'><strong>thronos</strong></span> <span class='ocrx_word' id='word_1_406' title='bbox 1552 1368 1644 1402; x_wconf 79' lang='lat' dir='ltr'><strong>utique</strong></span> <span class='ocrx_word' id='word_1_407' title='bbox 1671 1366 1743 1401; x_wconf 86' lang='lat' dir='ltr'><strong>ipso-</strong></span> 
     </span>
    </p>
   </div>
   <div class='ocr_carea' id='block_1_56' title="bbox 949 1412 1741 1449">
    <p class='ocr_par' dir='ltr' id='par_1_56' title="bbox 949 1412 1741 1449">
     <span class='ocr_line' id='line_1_56' title="bbox 949 1412 1741 1449; baseline -0.006 -5"><span class='ocrx_word' id='word_1_408' title='bbox 949 1425 1008 1445; x_wconf 89' lang='lat' dir='ltr'><strong>rum</strong></span> <span class='ocrx_word' id='word_1_409' title='bbox 1022 1417 1178 1444; x_wconf 75' lang='lat' dir='ltr'><strong>adulatione</strong></span> <span class='ocrx_word' id='word_1_410' title='bbox 1191 1416 1358 1447; x_wconf 84' lang='lat' dir='ltr'><strong>subsidentc,</strong></span> <span class='ocrx_word' id='word_1_411' title='bbox 1376 1415 1531 1449; x_wconf 73' lang='lat' dir='ltr'><strong>liberaeque</strong></span> <span class='ocrx_word' id='word_1_412' title='bbox 1549 1413 1626 1448; x_wconf 79' lang='lat' dir='ltr'><strong>longe</strong></span> <span class='ocrx_word' id='word_1_413' title='bbox 1651 1412 1741 1440; x_wconf 53' lang='lat' dir='ltr'><strong>moui.</strong></span> 
     </span>
    </p>
   </div>
   <div class='ocr_carea' id='block_1_57' title="bbox 950 1458 1739 1495">
    <p class='ocr_par' dir='ltr' id='par_1_57' title="bbox 950 1458 1739 1495">
     <span class='ocr_line' id='line_1_57' title="bbox 950 1458 1739 1495; baseline -0.009 -5"><span class='ocrx_word' id='word_1_414' title='bbox 950 1463 1037 1491; x_wconf 78' lang='lat' dir='ltr'><strong>tiones</strong></span> <span class='ocrx_word' id='word_1_415' title='bbox 1055 1468 1176 1495; x_wconf 82' lang='lat' dir='ltr'><strong>arcente,</strong></span> <span class='ocrx_word' id='word_1_416' title='bbox 1192 1463 1255 1488; x_wconf 90' lang='lat' dir='ltr'><strong>dntn</strong></span> <span class='ocrx_word' id='word_1_417' title='bbox 1270 1469 1363 1487; x_wconf 84' lang='lat' dir='ltr'><strong>omnes</strong></span> <span class='ocrx_word' id='word_1_418' title='bbox 1376 1460 1428 1487; x_wconf 90' lang='lat' dir='ltr'><strong>illic</strong></span> <span class='ocrx_word' id='word_1_419' title='bbox 1454 1460 1578 1486; x_wconf 79' lang='lat' dir='ltr'><strong>certatim</strong></span> <span class='ocrx_word' id='word_1_420' title='bbox 1607 1458 1739 1485; x_wconf 82' lang='lat' dir='ltr'><strong>obsecun-</strong></span> 
     </span>
    </p>
   </div>
   <div class='ocr_carea' id='block_1_58' title="bbox 109 1503 1739 1546">
    <p class='ocr_par' dir='ltr' id='par_1_58' title="bbox 109 1503 1739 1546">
     <span class='ocr_line' id='line_1_58' title="bbox 109 1503 1739 1546; baseline -0.002 -13"><span class='ocrx_word' id='word_1_421' title='bbox 109 1506 154 1538; x_wconf 79' lang='lat' dir='ltr'><strong>vit,</strong></span> <span class='ocrx_word' id='word_1_422' title='bbox 173 1506 306 1533; x_wconf 81' lang='lat' dir='ltr'><strong>simulans</strong></span> <span class='ocrx_word' id='word_1_423' title='bbox 333 1514 362 1533; x_wconf 83' lang='lat' dir='ltr'><strong>se</strong></span> <span class='ocrx_word' id='word_1_424' title='bbox 380 1506 474 1540; x_wconf 87' lang='lat' dir='ltr'><strong>alium,</strong></span> <span class='ocrx_word' id='word_1_425' title='bbox 489 1512 516 1533; x_wconf 89' lang='lat' dir='ltr'><strong>et</strong></span> <span class='ocrx_word' id='word_1_426' title='bbox 538 1508 564 1534; x_wconf 93' lang='lat' dir='ltr'><strong>in</strong></span> <span class='ocrx_word' id='word_1_427' title='bbox 592 1507 661 1543; x_wconf 81' lang='lat' dir='ltr'><strong>ipso,</strong></span> <span class='ocrx_word' id='word_1_428' title='bbox 685 1509 729 1537; x_wconf 91' lang='lat' dir='ltr'><strong>ubi</strong></span> <span class='ocrx_word' id='word_1_429' title='bbox 753 1510 932 1546; x_wconf 80' lang='lat' dir='ltr'><strong>considerec</strong></span> <span class='ocrx_word' id='word_1_430' title='bbox 949 1511 1014 1536; x_wconf 77' lang='lat' dir='ltr'><strong>dant</strong></span> <span class='ocrx_word' id='word_1_431' title='bbox 1034 1508 1198 1536; x_wconf 72' lang='lat' dir='ltr'><strong>demittanlis</strong></span> <span class='ocrx_word' id='word_1_432' title='bbox 1226 1508 1347 1539; x_wconf 87' lang='lat' dir='ltr'><strong>nutibus,</strong></span> <span class='ocrx_word' id='word_1_433' title='bbox 1376 1511 1527 1539; x_wconf 76' lang='lat' dir='ltr'><strong>cunctaque</strong></span> <span class='ocrx_word' id='word_1_434' title='bbox 1540 1511 1588 1531; x_wconf 85' lang='lat' dir='ltr'><strong>sua</strong></span> <span class='ocrx_word' id='word_1_435' title='bbox 1623 1504 1654 1530; x_wconf 88' lang='lat' dir='ltr'><strong>ad</strong></span> <span class='ocrx_word' id='word_1_436' title='bbox 1681 1503 1739 1536; x_wconf 71' lang='lat' dir='ltr'><strong>ejus</strong></span> 
     </span>
    </p>
   </div>
   <div class='ocr_carea' id='block_1_59' title="bbox 109 1551 895 1589">
    <p class='ocr_par' dir='ltr' id='par_1_59' title="bbox 109 1551 895 1589">
     <span class='ocr_line' id='line_1_59' title="bbox 109 1551 895 1589; baseline 0.008 -12"><span class='ocrx_word' id='word_1_437' title='bbox 109 1551 242 1587; x_wconf 76' lang='lat' dir='ltr'><strong>Augustus</strong></span> <span class='ocrx_word' id='word_1_438' title='bbox 257 1552 373 1584; x_wconf 83' lang='lat' dir='ltr'><strong>solebat,</strong></span> <span class='ocrx_word' id='word_1_439' title='bbox 388 1556 485 1580; x_wconf 87' lang='lat' dir='ltr'><strong>throno</strong></span> <span class='ocrx_word' id='word_1_440' title='bbox 497 1554 623 1589; x_wconf 78' lang='lat' dir='ltr'><strong>deposuit</strong></span> <span class='ocrx_word' id='word_1_441' title='bbox 636 1564 644 1588; x_wconf 87' lang='lat'><strong>;</strong></span> <span class='ocrx_word' id='word_1_442' title='bbox 659 1555 771 1582; x_wconf 90' lang='lat' dir='ltr'><strong>multam</strong></span> <span class='ocrx_word' id='word_1_443' title='bbox 783 1555 809 1582; x_wconf 88' lang='lat' dir='ltr'><strong>itt</strong></span> <span class='ocrx_word' id='word_1_444' title='bbox 822 1556 895 1583; x_wconf 89' lang='lat' dir='ltr'><strong>aditu</strong></span> 
     </span>
    </p>
   </div>
   <div class='ocr_carea' id='block_1_60' title="bbox 108 1599 896 1635">
    <p class='ocr_par' dir='ltr' id='par_1_60' title="bbox 108 1599 896 1635">
     <span class='ocr_line' id='line_1_60' title="bbox 108 1599 896 1635; baseline 0.006 -11"><span class='ocrx_word' id='word_1_445' title='bbox 108 1601 132 1624; x_wconf 82' lang='lat' dir='ltr'><strong>et</strong></span> <span class='ocrx_word' id='word_1_446' title='bbox 149 1605 270 1631; x_wconf 85' lang='lat' dir='ltr'><strong>recessu,</strong></span> <span class='ocrx_word' id='word_1_447' title='bbox 288 1599 376 1633; x_wconf 79' lang='lat' dir='ltr'><strong>capite</strong></span> <span class='ocrx_word' id='word_1_448' title='bbox 397 1599 522 1627; x_wconf 81' lang='lat' dir='ltr'><strong>videlicet</strong></span> <span class='ocrx_word' id='word_1_449' title='bbox 547 1600 692 1635; x_wconf 76' lang='lat' dir='ltr'><strong>diligenter</strong></span> <span class='ocrx_word' id='word_1_450' title='bbox 708 1601 837 1635; x_wconf 88' lang='lat' dir='ltr'><strong>obnnpto,</strong></span> <span class='ocrx_word' id='word_1_451' title='bbox 863 1602 896 1630; x_wconf 92' lang='lat' dir='ltr'><strong>ad</strong></span> 
     </span>
    </p>
   </div>
   <div class='ocr_carea' id='block_1_61' title="bbox 109 1643 895 1683">
    <p class='ocr_par' dir='ltr' id='par_1_61' title="bbox 109 1643 895 1683">
     <span class='ocr_line' id='line_1_61' title="bbox 109 1643 895 1683; baseline 0.006 -13"><span class='ocrx_word' id='word_1_452' title='bbox 109 1643 247 1672; x_wconf 82' lang='lat' dir='ltr'><strong>latendum</strong></span> <span class='ocrx_word' id='word_1_453' title='bbox 262 1652 355 1672; x_wconf 91' lang='lat' dir='ltr'><strong>curam</strong></span> <span class='ocrx_word' id='word_1_454' title='bbox 369 1645 512 1673; x_wconf 84' lang='lat' dir='ltr'><strong>adhibens.</strong></span> <span class='ocrx_word' id='word_1_455' title='bbox 529 1646 663 1674; x_wconf 85' lang='lat' dir='ltr'><strong>Utautem</strong></span> <span class='ocrx_word' id='word_1_456' title='bbox 678 1655 711 1675; x_wconf 90' lang='lat' dir='ltr'><strong>eo</strong></span> <span class='ocrx_word' id='word_1_457' title='bbox 729 1648 810 1682; x_wconf 87' lang='lat' dir='ltr'><strong>paulo</strong></span> <span class='ocrx_word' id='word_1_458' title='bbox 823 1652 895 1683; x_wconf 80' lang='lat' dir='ltr'><strong>post.</strong></span> 
     </span>
    </p>
   </div>
   <div class='ocr_carea' id='block_1_62' title="bbox 109 1692 895 1727">
    <p class='ocr_par' dir='ltr' id='par_1_62' title="bbox 109 1692 895 1727">
     <span class='ocr_line' id='line_1_62' title="bbox 109 1692 895 1727; baseline 0.008 -11"><span class='ocrx_word' id='word_1_459' title='bbox 109 1695 182 1722; x_wconf 88' lang='lat' dir='ltr'><strong>prout</strong></span> <span class='ocrx_word' id='word_1_460' title='bbox 197 1696 258 1720; x_wconf 79' lang='lat' dir='ltr'><strong>erat</strong></span> <span class='ocrx_word' id='word_1_461' title='bbox 273 1699 345 1726; x_wconf 70' lang='lat' dir='ltr'><strong>saepe</strong></span> <span class='ocrx_word' id='word_1_462' title='bbox 359 1692 467 1725; x_wconf 88' lang='lat' dir='ltr'><strong>solitus,</strong></span> <span class='ocrx_word' id='word_1_463' title='bbox 485 1692 631 1727; x_wconf 71' lang='lat' dir='ltr'><strong>praefectus</strong></span> <span class='ocrx_word' id='word_1_464' title='bbox 651 1694 768 1721; x_wconf 85' lang='lat' dir='ltr'><strong>cubiculi</strong></span> <span class='ocrx_word' id='word_1_465' title='bbox 784 1695 895 1722; x_wconf 78' lang='lat' dir='ltr'><strong>(Zhatzi-</strong></span> 
     </span>
    </p>
   </div>
   <div class='ocr_carea' id='block_1_63' title="bbox 109 1737 895 1776">
    <p class='ocr_par' dir='ltr' id='par_1_63' title="bbox 109 1737 895 1776">
     <span class='ocr_line' id='line_1_63' title="bbox 109 1737 895 1776; baseline 0.008 -14"><span class='ocrx_word' id='word_1_466' title='bbox 109 1742 150 1762; x_wconf 65' lang='lat' dir='ltr'><strong>res</strong></span> <span class='ocrx_word' id='word_1_467' title='bbox 178 1737 275 1771; x_wconf 88' lang='lat' dir='ltr'><strong>subiit,</strong></span> <span class='ocrx_word' id='word_1_468' title='bbox 308 1737 435 1765; x_wconf 82' lang='lat' dir='ltr'><strong>familiari</strong></span> <span class='ocrx_word' id='word_1_469' title='bbox 467 1739 623 1766; x_wconf 86' lang='lat' dir='ltr'><strong>ministerio</strong></span> <span class='ocrx_word' id='word_1_470' title='bbox 649 1740 735 1767; x_wconf 78' lang='lat' dir='ltr'><strong>sedile</strong></span> <span class='ocrx_word' id='word_1_471' title='bbox 763 1741 895 1776; x_wconf 83' lang='lat' dir='ltr'><strong>principis</strong></span> 
     </span>
    </p>
   </div>
   <div class='ocr_carea' id='block_1_64' title="bbox 107 1781 896 1820">
    <p class='ocr_par' dir='ltr' id='par_1_64' title="bbox 107 1781 896 1820">
     <span class='ocr_line' id='line_1_64' title="bbox 107 1781 896 1820; baseline 0.01 -14"><span class='ocrx_word' id='word_1_472' title='bbox 107 1781 298 1815; x_wconf 84' lang='lat' dir='ltr'><strong>adornaturns,</strong></span> <span class='ocrx_word' id='word_1_473' title='bbox 316 1784 341 1810; x_wconf 95' lang='lat' dir='ltr'><strong>in</strong></span> <span class='ocrx_word' id='word_1_474' title='bbox 361 1791 414 1818; x_wconf 90' lang='lat' dir='ltr'><strong>qtto</strong></span> <span class='ocrx_word' id='word_1_475' title='bbox 430 1783 534 1812; x_wconf 66' lang='lat' dir='ltr'><strong>solebat</strong></span> <span class='ocrx_word' id='word_1_476' title='bbox 551 1792 611 1812; x_wconf 87' lang='lat' dir='ltr'><strong>esse</strong></span> <span class='ocrx_word' id='word_1_477' title='bbox 629 1785 756 1820; x_wconf 80' lang='lat' dir='ltr'><strong>diligens,</strong></span> <span class='ocrx_word' id='word_1_478' title='bbox 779 1787 896 1814; x_wconf 83' lang='lat' dir='ltr'><strong>incurrit</strong></span> 
     </span>
    </p>
   </div>
   <div class='ocr_carea' id='block_1_65' title="bbox 109 1827 894 1868">
    <p class='ocr_par' dir='ltr' id='par_1_65' title="bbox 109 1827 894 1868">
     <span class='ocr_line' id='line_1_65' title="bbox 109 1827 894 1868; baseline 0.008 -14"><span class='ocrx_word' id='word_1_479' title='bbox 109 1827 132 1853; x_wconf 93' lang='lat' dir='ltr'><strong>in</strong></span> <span class='ocrx_word' id='word_1_480' title='bbox 151 1827 291 1863; x_wconf 83' lang='lat' dir='ltr'><strong>libellum;</strong></span> <span class='ocrx_word' id='word_1_481' title='bbox 318 1838 397 1865; x_wconf 88' lang='lat' dir='ltr'><strong>quem</strong></span> <span class='ocrx_word' id='word_1_482' title='bbox 413 1838 427 1857; x_wconf 89' lang='lat' dir='ltr'><strong>a</strong></span> <span class='ocrx_word' id='word_1_483' title='bbox 451 1839 503 1858; x_wconf 91' lang='lat' dir='ltr'><strong>non</strong></span> <span class='ocrx_word' id='word_1_484' title='bbox 524 1831 577 1859; x_wconf 88' lang='lat' dir='ltr'><strong>alio</strong></span> <span class='ocrx_word' id='word_1_485' title='bbox 597 1839 679 1866; x_wconf 90' lang='lat' dir='ltr'><strong>quam</strong></span> <span class='ocrx_word' id='word_1_486' title='bbox 695 1832 753 1867; x_wconf 85' lang='lat' dir='ltr'><strong>ipso</strong></span> <span class='ocrx_word' id='word_1_487' title='bbox 771 1834 894 1868; x_wconf 76' lang='lat' dir='ltr'><strong>Augusto</strong></span> 
     </span>
    </p>
   </div>
   <div class='ocr_carea' id='block_1_66' title="bbox 107 1873 894 1908">
    <p class='ocr_par' dir='ltr' id='par_1_66' title="bbox 107 1873 894 1908">
     <span class='ocr_line' id='line_1_66' title="bbox 107 1873 894 1908; baseline 0.009 -9"><span class='ocrx_word' id='word_1_488' title='bbox 107 1873 225 1902; x_wconf 88' lang='lat' dir='ltr'><strong>relictum</strong></span> <span class='ocrx_word' id='word_1_489' title='bbox 245 1875 301 1903; x_wconf 90' lang='lat' dir='ltr'><strong>illic</strong></span> <span class='ocrx_word' id='word_1_490' title='bbox 315 1881 473 1908; x_wconf 78' lang='lat' dir='ltr'><strong>autumans,</strong></span> <span class='ocrx_word' id='word_1_491' title='bbox 493 1883 519 1904; x_wconf 90' lang='lat' dir='ltr'><strong>et</strong></span> <span class='ocrx_word' id='word_1_492' title='bbox 536 1878 638 1905; x_wconf 86' lang='lat' dir='ltr'><strong>veritus</strong></span> <span class='ocrx_word' id='word_1_493' title='bbox 661 1885 696 1905; x_wconf 88' lang='lat' dir='ltr'><strong>ne</strong></span> <span class='ocrx_word' id='word_1_494' title='bbox 711 1885 810 1905; x_wconf 82' lang='lat' dir='ltr'><strong>arcana</strong></span> <span class='ocrx_word' id='word_1_495' title='bbox 826 1887 894 1906; x_wconf 86' lang='lat' dir='ltr'><strong>cott-</strong></span> 
     </span>
    </p>
   </div>
   <div class='ocr_carea' id='block_1_67' title="bbox 110 1919 892 1960">
    <p class='ocr_par' dir='ltr' id='par_1_67' title="bbox 110 1919 892 1960">
     <span class='ocr_line' id='line_1_67' title="bbox 110 1919 892 1960; baseline 0.008 -14"><span class='ocrx_word' id='word_1_496' title='bbox 110 1919 202 1949; x_wconf 88' lang='lat' dir='ltr'><strong>tincret</strong></span> <span class='ocrx_word' id='word_1_497' title='bbox 221 1929 284 1956; x_wconf 70' lang='lat' dir='ltr'><strong>quae</strong></span> <span class='ocrx_word' id='word_1_498' title='bbox 301 1922 411 1950; x_wconf 90' lang='lat' dir='ltr'><strong>minime</strong></span> <span class='ocrx_word' id='word_1_499' title='bbox 431 1923 452 1949; x_wconf 88' lang='lat' dir='ltr'><strong>is</strong></span> <span class='ocrx_word' id='word_1_500' title='bbox 467 1923 547 1951; x_wconf 85' lang='lat' dir='ltr'><strong>vellet</strong></span> <span class='ocrx_word' id='word_1_501' title='bbox 561 1925 688 1958; x_wconf 77' lang='lat' dir='ltr'><strong>cognosci</strong></span> <span class='ocrx_word' id='word_1_502' title='bbox 711 1933 725 1951; x_wconf 83' lang='lat' dir='ltr'><strong>a</strong></span> <span class='ocrx_word' id='word_1_503' title='bbox 745 1932 892 1960; x_wconf 83' lang='lat' dir='ltr'><strong>quoquam,</strong></span> 
     </span>
    </p>
   </div>
   <div class='ocr_carea' id='block_1_68' title="bbox 109 1965 894 2004">
    <p class='ocr_par' dir='ltr' id='par_1_68' title="bbox 109 1965 894 2004">
     <span class='ocr_line' id='line_1_68' title="bbox 109 1965 894 2004; baseline 0.009 -12"><span class='ocrx_word' id='word_1_504' title='bbox 109 1965 133 1993; x_wconf 86' lang='lat' dir='ltr'><strong>vi</strong></span> <span class='ocrx_word' id='word_1_505' title='bbox 153 1968 304 1996; x_wconf 87' lang='lat' dir='ltr'><strong>curiositali</strong></span> <span class='ocrx_word' id='word_1_506' title='bbox 322 1968 401 2004; x_wconf 78' lang='lat'><strong>577</strong></span> <span class='ocrx_word' id='word_1_507' title='bbox 420 1968 488 1997; x_wconf 79' lang='lat' dir='ltr'><strong>facta</strong></span> <span class='ocrx_word' id='word_1_508' title='bbox 510 1970 698 2002; x_wconf 84' lang='lat' dir='ltr'><strong>convolutum,</strong></span> <span class='ocrx_word' id='word_1_509' title='bbox 717 1976 746 1998; x_wconf 94' lang='lat' dir='ltr'><strong>ut</strong></span> <span class='ocrx_word' id='word_1_510' title='bbox 758 1977 827 2004; x_wconf 84' lang='lat' dir='ltr'><strong>erat,</strong></span> <span class='ocrx_word' id='word_1_511' title='bbox 845 1979 894 1999; x_wconf 88' lang='lat' dir='ltr'><strong>nec</strong></span> 
     </span>
    </p>
   </div>
   <div class='ocr_carea' id='block_1_69' title="bbox 109 2013 893 2052">
    <p class='ocr_par' dir='ltr' id='par_1_69' title="bbox 109 2013 893 2052">
     <span class='ocr_line' id='line_1_69' title="bbox 109 2013 893 2052; baseline 0.008 -13"><span class='ocrx_word' id='word_1_512' title='bbox 109 2013 147 2040; x_wconf 80' lang='lat' dir='ltr'><strong>vel</strong></span> <span class='ocrx_word' id='word_1_513' title='bbox 158 2016 282 2051; x_wconf 79' lang='lat' dir='ltr'><strong>ronjecttt</strong></span> <span class='ocrx_word' id='word_1_514' title='bbox 299 2015 373 2044; x_wconf 88' lang='lat' dir='ltr'><strong>inttts</strong></span> <span class='ocrx_word' id='word_1_515' title='bbox 391 2016 460 2043; x_wconf 88' lang='lat' dir='ltr'><strong>oculi</strong></span> <span class='ocrx_word' id='word_1_516' title='bbox 474 2017 599 2049; x_wconf 89' lang='lat' dir='ltr'><strong>libatum,</strong></span> <span class='ocrx_word' id='word_1_517' title='bbox 615 2025 694 2052; x_wconf 89' lang='lat' dir='ltr'><strong>quam</strong></span> <span class='ocrx_word' id='word_1_518' title='bbox 706 2018 793 2052; x_wconf 88' lang='lat' dir='ltr'><strong>potuit</strong></span> <span class='ocrx_word' id='word_1_519' title='bbox 805 2018 893 2046; x_wconf 80' lang='lat' dir='ltr'><strong>celer-</strong></span> 
     </span>
    </p>
   </div>
   <div class='ocr_carea' id='block_1_70' title="bbox 108 2060 894 2099">
    <p class='ocr_par' dir='ltr' id='par_1_70' title="bbox 108 2060 894 2099">
     <span class='ocr_line' id='line_1_70' title="bbox 108 2060 894 2099; baseline 0.006 -12"><span class='ocrx_word' id='word_1_520' title='bbox 108 2060 343 2098; x_wconf 83' lang='lat' dir='ltr'><strong>riineimperatori</strong></span> <span class='ocrx_word' id='word_1_521' title='bbox 362 2063 474 2090; x_wconf 87' lang='lat' dir='ltr'><strong>tradidit</strong></span> <span class='ocrx_word' id='word_1_522' title='bbox 495 2063 519 2090; x_wconf 95' lang='lat' dir='ltr'><strong>in</strong></span> <span class='ocrx_word' id='word_1_523' title='bbox 546 2071 652 2091; x_wconf 86' lang='lat' dir='ltr'><strong>manus.</strong></span> <span class='ocrx_word' id='word_1_524' title='bbox 675 2063 704 2091; x_wconf 89' lang='lat' dir='ltr'><strong>ln</strong></span> <span class='ocrx_word' id='word_1_525' title='bbox 724 2072 777 2099; x_wconf 93' lang='lat' dir='ltr'><strong>quo</strong></span> <span class='ocrx_word' id='word_1_526' title='bbox 791 2064 835 2092; x_wconf 89' lang='lat' dir='ltr'><strong>ille</strong></span> <span class='ocrx_word' id='word_1_527' title='bbox 855 2066 894 2092; x_wconf 87' lang='lat' dir='ltr'><strong>vi-</strong></span> 
     </span>
    </p>
   </div>
   <div class='ocr_carea' id='block_1_71' title="bbox 108 2106 892 2144">
    <p class='ocr_par' dir='ltr' id='par_1_71' title="bbox 108 2106 892 2144">
     <span class='ocr_line' id='line_1_71' title="bbox 108 2106 892 2144; baseline 0.008 -12"><span class='ocrx_word' id='word_1_528' title='bbox 108 2106 158 2134; x_wconf 85' lang='lat' dir='ltr'><strong>deri</strong></span> <span class='ocrx_word' id='word_1_529' title='bbox 181 2109 271 2142; x_wconf 86' lang='lat' dir='ltr'><strong>potuit</strong></span> <span class='ocrx_word' id='word_1_530' title='bbox 295 2108 372 2143; x_wconf 83' lang='lat' dir='ltr'><strong>quasi</strong></span> <span class='ocrx_word' id='word_1_531' title='bbox 389 2108 538 2136; x_wconf 82' lang='lat' dir='ltr'><strong>sedulitate</strong></span> <span class='ocrx_word' id='word_1_532' title='bbox 553 2108 638 2136; x_wconf 87' lang='lat' dir='ltr'><strong>nimia</strong></span> <span class='ocrx_word' id='word_1_533' title='bbox 662 2117 804 2144; x_wconf 80' lang='lat' dir='ltr'><strong>peccasse,</strong></span> <span class='ocrx_word' id='word_1_534' title='bbox 825 2112 892 2138; x_wconf 88' lang='lat' dir='ltr'><strong>scri-</strong></span> 
     </span>
    </p>
   </div>
   <div class='ocr_carea' id='block_1_72' title="bbox 109 2154 889 2193">
    <p class='ocr_par' dir='ltr' id='par_1_72' title="bbox 109 2154 889 2193">
     <span class='ocr_line' id='line_1_72' title="bbox 109 2154 889 2193; baseline 0.008 -14"><span class='ocrx_word' id='word_1_535' title='bbox 109 2157 177 2185; x_wconf 89' lang='lat' dir='ltr'><strong>ptum</strong></span> <span class='ocrx_word' id='word_1_536' title='bbox 200 2156 323 2190; x_wconf 74' lang='lat' dir='ltr'><strong>ignotum</strong></span> <span class='ocrx_word' id='word_1_537' title='bbox 336 2161 362 2182; x_wconf 89' lang='lat' dir='ltr'><strong>et</strong></span> <span class='ocrx_word' id='word_1_538' title='bbox 380 2154 450 2182; x_wconf 82' lang='lat' dir='ltr'><strong>forte</strong></span> <span class='ocrx_word' id='word_1_539' title='bbox 469 2155 605 2190; x_wconf 77' lang='lat' dir='ltr'><strong>ingratum</strong></span> <span class='ocrx_word' id='word_1_540' title='bbox 623 2157 738 2184; x_wconf 86' lang='lat' dir='ltr'><strong>reddens</strong></span> <span class='ocrx_word' id='word_1_541' title='bbox 764 2158 889 2193; x_wconf 88' lang='lat' dir='ltr'><strong>principi,</strong></span> 
     </span>
    </p>
   </div>
   <div class='ocr_carea' id='block_1_73' title="bbox 108 2201 889 2239">
    <p class='ocr_par' dir='ltr' id='par_1_73' title="bbox 108 2201 889 2239">
     <span class='ocr_line' id='line_1_73' title="bbox 108 2201 889 2239; baseline 0.01 -15"><span class='ocrx_word' id='word_1_542' title='bbox 108 2201 175 2232; x_wconf 84' lang='lat' dir='ltr'><strong>quod</strong></span> <span class='ocrx_word' id='word_1_543' title='bbox 184 2201 206 2228; x_wconf 89' lang='lat' dir='ltr'><strong>ei</strong></span> <span class='ocrx_word' id='word_1_544' title='bbox 221 2201 354 2229; x_wconf 88' lang='lat' dir='ltr'><strong>occultari</strong></span> <span class='ocrx_word' id='word_1_545' title='bbox 371 2202 474 2236; x_wconf 86' lang='lat' dir='ltr'><strong>quietis</strong></span> <span class='ocrx_word' id='word_1_546' title='bbox 487 2203 571 2237; x_wconf 84' lang='lat' dir='ltr'><strong>ipsius</strong></span> <span class='ocrx_word' id='word_1_547' title='bbox 588 2203 744 2237; x_wconf 81' lang='lat' dir='ltr'><strong>interesset,</strong></span> <span class='ocrx_word' id='word_1_548' title='bbox 762 2208 889 2239; x_wconf 78' lang='lat' dir='ltr'><strong>tanquam</strong></span> 
     </span>
    </p>
   </div>
   <div class='ocr_carea' id='block_1_74' title="bbox 109 2245 889 2283">
    <p class='ocr_par' dir='ltr' id='par_1_74' title="bbox 109 2245 889 2283">
     <span class='ocr_line' id='line_1_74' title="bbox 109 2245 889 2283; baseline 0.006 -11"><span class='ocrx_word' id='word_1_549' title='bbox 109 2245 225 2275; x_wconf 79' lang='lat' dir='ltr'><strong>videlicet</strong></span> <span class='ocrx_word' id='word_1_550' title='bbox 245 2248 279 2275; x_wconf 86' lang='lat' dir='ltr'><strong>ab</strong></span> <span class='ocrx_word' id='word_1_551' title='bbox 301 2248 360 2282; x_wconf 92' lang='lat' dir='ltr'><strong>ipso</strong></span> <span class='ocrx_word' id='word_1_552' title='bbox 374 2248 511 2283; x_wconf 85' lang='lat' dir='ltr'><strong>positum;</strong></span> <span class='ocrx_word' id='word_1_553' title='bbox 527 2250 598 2283; x_wconf 86' lang='lat' dir='ltr'><strong>quod</strong></span> <span class='ocrx_word' id='word_1_554' title='bbox 623 2258 673 2278; x_wconf 89' lang='lat' dir='ltr'><strong>nec</strong></span> <span class='ocrx_word' id='word_1_555' title='bbox 698 2259 791 2278; x_wconf 87' lang='lat' dir='ltr'><strong>verum</strong></span> <span class='ocrx_word' id='word_1_556' title='bbox 807 2259 889 2283; x_wconf 85' lang='lat' dir='ltr'><strong>esset,</strong></span> 
     </span>
    </p>
   </div>
   <div class='ocr_carea' id='block_1_75' title="bbox 108 2294 887 2329">
    <p class='ocr_par' dir='ltr' id='par_1_75' title="bbox 108 2294 887 2329">
     <span class='ocr_line' id='line_1_75' title="bbox 108 2294 887 2329; baseline 0.01 -11"><span class='ocrx_word' id='word_1_557' title='bbox 108 2299 151 2319; x_wconf 78' lang='lat' dir='ltr'><strong>nec</strong></span> <span class='ocrx_word' id='word_1_558' title='bbox 165 2294 223 2322; x_wconf 86' lang='lat' dir='ltr'><strong>sine</strong></span> <span class='ocrx_word' id='word_1_559' title='bbox 243 2299 403 2329; x_wconf 78' lang='lat' dir='ltr'><strong>argumento</strong></span> <span class='ocrx_word' id='word_1_560' title='bbox 420 2300 468 2322; x_wconf 90' lang='lat' dir='ltr'><strong>aut</strong></span> <span class='ocrx_word' id='word_1_561' title='bbox 491 2296 652 2324; x_wconf 87' lang='lat' dir='ltr'><strong>testimonio</strong></span> <span class='ocrx_word' id='word_1_562' title='bbox 670 2297 767 2324; x_wconf 87' lang='lat' dir='ltr'><strong>idoneo</strong></span> <span class='ocrx_word' id='word_1_563' title='bbox 781 2299 854 2326; x_wconf 87' lang='lat' dir='ltr'><strong>credi</strong></span> <span class='ocrx_word' id='word_1_564' title='bbox 873 2306 887 2325; x_wconf 90' lang='lat' dir='ltr'><strong>a</strong></span> 
     </span>
    </p>
   </div>
   <div class='ocr_carea' id='block_1_76' title="bbox 108 2340 889 2379">
    <p class='ocr_par' dir='ltr' id='par_1_76' title="bbox 108 2340 889 2379">
     <span class='ocr_line' id='line_1_76' title="bbox 108 2340 889 2379; baseline 0.008 -14"><span class='ocrx_word' id='word_1_565' title='bbox 108 2340 233 2371; x_wconf 82' lang='lat' dir='ltr'><strong>prudente</strong></span> <span class='ocrx_word' id='word_1_566' title='bbox 257 2342 383 2369; x_wconf 90' lang='lat' dir='ltr'><strong>ministro</strong></span> <span class='ocrx_word' id='word_1_567' title='bbox 415 2343 565 2370; x_wconf 87' lang='lat' dir='ltr'><strong>debuisset.</strong></span> <span class='ocrx_word' id='word_1_568' title='bbox 594 2342 661 2370; x_wconf 78' lang='lat' dir='ltr'><strong>Utut</strong></span> <span class='ocrx_word' id='word_1_569' title='bbox 687 2344 732 2374; x_wconf 77' lang='lat' dir='ltr'><strong>sit.</strong></span> <span class='ocrx_word' id='word_1_570' title='bbox 755 2344 889 2379; x_wconf 71' lang='lat' dir='ltr'><strong>explicato</strong></span> 
     </span>
    </p>
   </div>
   <div class='ocr_carea' id='block_1_77' title="bbox 107 2384 887 2424">
    <p class='ocr_par' dir='ltr' id='par_1_77' title="bbox 107 2384 887 2424">
     <span class='ocr_line' id='line_1_77' title="bbox 107 2384 887 2424; baseline 0.009 -13"><span class='ocrx_word' id='word_1_571' title='bbox 107 2384 238 2419; x_wconf 77' lang='lat' dir='ltr'><strong>Augustus</strong></span> <span class='ocrx_word' id='word_1_572' title='bbox 256 2387 405 2421; x_wconf 83' lang='lat' dir='ltr'><strong>volumine,</strong></span> <span class='ocrx_word' id='word_1_573' title='bbox 418 2393 443 2415; x_wconf 90' lang='lat' dir='ltr'><strong>et</strong></span> <span class='ocrx_word' id='word_1_574' title='bbox 460 2389 559 2424; x_wconf 86' lang='lat' dir='ltr'><strong>primis</strong></span> <span class='ocrx_word' id='word_1_575' title='bbox 576 2390 673 2424; x_wconf 88' lang='lat' dir='ltr'><strong>raptim</strong></span> <span class='ocrx_word' id='word_1_576' title='bbox 703 2391 783 2417; x_wconf 90' lang='lat' dir='ltr'><strong>oculo</strong></span> <span class='ocrx_word' id='word_1_577' title='bbox 801 2391 887 2418; x_wconf 86' lang='lat' dir='ltr'><strong>versi-</strong></span> 
     </span>
    </p>
   </div>
   <div class='ocr_carea' id='block_1_78' title="bbox 109 2429 884 2471">
    <p class='ocr_par' dir='ltr' id='par_1_78' title="bbox 109 2429 884 2471">
     <span class='ocr_line' id='line_1_78' title="bbox 109 2429 884 2471; baseline 0.006 -12"><span class='ocrx_word' id='word_1_578' title='bbox 109 2429 153 2458; x_wconf 81' lang='lat' dir='ltr'><strong>bus</strong></span> <span class='ocrx_word' id='word_1_579' title='bbox 167 2434 296 2465; x_wconf 84' lang='lat' dir='ltr'><strong>decursis,</strong></span> <span class='ocrx_word' id='word_1_580' title='bbox 313 2441 399 2468; x_wconf 75' lang='lat' dir='ltr'><strong>genus</strong></span> <span class='ocrx_word' id='word_1_581' title='bbox 413 2439 440 2461; x_wconf 89' lang='lat' dir='ltr'><strong>et</strong></span> <span class='ocrx_word' id='word_1_582' title='bbox 465 2441 656 2470; x_wconf 77' lang='lat' dir='ltr'><strong>argumentum</strong></span> <span class='ocrx_word' id='word_1_583' title='bbox 685 2437 779 2471; x_wconf 81' lang='lat' dir='ltr'><strong>scripti</strong></span> <span class='ocrx_word' id='word_1_584' title='bbox 797 2441 884 2465; x_wconf 88' lang='lat' dir='ltr'><strong>totunt</strong></span> 
     </span>
    </p>
   </div>
   <div class='ocr_carea' id='block_1_79' title="bbox 109 2475 885 2515">
    <p class='ocr_par' dir='ltr' id='par_1_79' title="bbox 109 2475 885 2515">
     <span class='ocr_line' id='line_1_79' title="bbox 109 2475 885 2515; baseline 0.009 -12"><span class='ocrx_word' id='word_1_585' title='bbox 109 2475 242 2512; x_wconf 79' lang='lat' dir='ltr'><strong>intellexit,</strong></span> <span class='ocrx_word' id='word_1_586' title='bbox 258 2480 333 2506; x_wconf 89' lang='lat' dir='ltr'><strong>velut</strong></span> <span class='ocrx_word' id='word_1_587' title='bbox 348 2487 380 2507; x_wconf 84' lang='lat' dir='ltr'><strong>ex</strong></span> <span class='ocrx_word' id='word_1_588' title='bbox 399 2479 498 2507; x_wconf 85' lang='lat' dir='ltr'><strong>lacinia</strong></span> <span class='ocrx_word' id='word_1_589' title='bbox 516 2481 549 2508; x_wconf 89' lang='lat' dir='ltr'><strong>de</strong></span> <span class='ocrx_word' id='word_1_590' title='bbox 564 2482 646 2515; x_wconf 90' lang='lat' dir='ltr'><strong>pantti</strong></span> <span class='ocrx_word' id='word_1_591' title='bbox 663 2482 792 2510; x_wconf 87' lang='lat' dir='ltr'><strong>universo</strong></span> <span class='ocrx_word' id='word_1_592' title='bbox 819 2491 885 2511; x_wconf 87' lang='lat' dir='ltr'><strong>con-</strong></span> 
     </span>
    </p>
   </div>
   <div class='ocr_carea' id='block_1_80' title="bbox 109 2524 885 2564">
    <p class='ocr_par' dir='ltr' id='par_1_80' title="bbox 109 2524 885 2564">
     <span class='ocr_line' id='line_1_80' title="bbox 109 2524 885 2564; baseline 0.014 -18"><span class='ocrx_word' id='word_1_593' title='bbox 109 2524 176 2549; x_wconf 74' lang='lat' dir='ltr'><strong>textu</strong></span> <span class='ocrx_word' id='word_1_594' title='bbox 188 2526 339 2553; x_wconf 74' lang='lat' dir='ltr'><strong>aestimans.</strong></span> <span class='ocrx_word' id='word_1_595' title='bbox 366 2525 435 2553; x_wconf 91' lang='lat' dir='ltr'><strong>lline</strong></span> <span class='ocrx_word' id='word_1_596' title='bbox 461 2526 537 2554; x_wconf 91' lang='lat' dir='ltr'><strong>illutn</strong></span> <span class='ocrx_word' id='word_1_597' title='bbox 562 2527 635 2554; x_wconf 77' lang='lat' dir='ltr'><strong>acris</strong></span> <span class='ocrx_word' id='word_1_598' title='bbox 655 2527 768 2555; x_wconf 78' lang='lat' dir='ltr'><strong>incessit</strong></span> <span class='ocrx_word' id='word_1_599' title='bbox 787 2530 885 2564; x_wconf 90' lang='lat' dir='ltr'><strong>cupido</strong></span> 
     </span>
    </p>
   </div>
   <div class='ocr_carea' id='block_1_81' title="bbox 110 2572 882 2610">
    <p class='ocr_par' dir='ltr' id='par_1_81' title="bbox 110 2572 882 2610">
     <span class='ocr_line' id='line_1_81' title="bbox 110 2572 882 2610; baseline 0.013 -17"><span class='ocrx_word' id='word_1_600' title='bbox 110 2572 226 2599; x_wconf 72' lang='lat' dir='ltr'><strong>noscendi</strong></span> <span class='ocrx_word' id='word_1_601' title='bbox 241 2572 394 2606; x_wconf 81' lang='lat' dir='ltr'><strong>scriptoris,</strong></span> <span class='ocrx_word' id='word_1_602' title='bbox 409 2580 463 2607; x_wconf 85' lang='lat' dir='ltr'><strong>quo</strong></span> <span class='ocrx_word' id='word_1_603' title='bbox 478 2573 502 2599; x_wconf 93' lang='lat' dir='ltr'><strong>in</strong></span> <span class='ocrx_word' id='word_1_604' title='bbox 515 2573 694 2607; x_wconf 85' lang='lat' dir='ltr'><strong>disquirendo</strong></span> <span class='ocrx_word' id='word_1_605' title='bbox 710 2583 769 2602; x_wconf 83' lang='lat' dir='ltr'><strong>cum</strong></span> <span class='ocrx_word' id='word_1_606' title='bbox 787 2584 882 2610; x_wconf 91' lang='lat' dir='ltr'><strong>parum</strong></span> 
     </span>
    </p>
   </div>
   <div class='ocr_carea' id='block_1_82' title="bbox 109 2615 882 2656">
    <p class='ocr_par' dir='ltr' id='par_1_82' title="bbox 109 2615 882 2656">
     <span class='ocr_line' id='line_1_82' title="bbox 109 2615 882 2656; baseline 0.01 -14"><span class='ocrx_word' id='word_1_607' title='bbox 109 2615 252 2651; x_wconf 74' lang='lat' dir='ltr'><strong>proliceret,</strong></span> <span class='ocrx_word' id='word_1_608' title='bbox 288 2619 433 2653; x_wconf 75' lang='lat' dir='ltr'><strong>indignans</strong></span> <span class='ocrx_word' id='word_1_609' title='bbox 465 2619 633 2655; x_wconf 78' lang='lat' dir='ltr'><strong>ringensque</strong></span> <span class='ocrx_word' id='word_1_610' title='bbox 656 2621 816 2656; x_wconf 79' lang='lat' dir='ltr'><strong>angebatur.</strong></span> <span class='ocrx_word' id='word_1_611' title='bbox 852 2622 882 2650; x_wconf 89' lang='lat' dir='ltr'><strong>Si</strong></span> 
     </span>
    </p>
   </div>
   <div class='ocr_carea' id='block_1_83' title="bbox 109 2661 884 2702">
    <p class='ocr_par' dir='ltr' id='par_1_83' title="bbox 109 2661 884 2702">
     <span class='ocr_line' id='line_1_83' title="bbox 109 2661 884 2702; baseline 0.013 -16"><span class='ocrx_word' id='word_1_612' title='bbox 109 2661 171 2689; x_wconf 86' lang='lat' dir='ltr'><strong>enim</strong></span> <span class='ocrx_word' id='word_1_613' title='bbox 183 2672 275 2693; x_wconf 80' lang='lat' dir='ltr'><strong>omnes</strong></span> <span class='ocrx_word' id='word_1_614' title='bbox 290 2665 413 2693; x_wconf 83' lang='lat' dir='ltr'><strong>homines</strong></span> <span class='ocrx_word' id='word_1_615' title='bbox 427 2671 524 2693; x_wconf 81' lang='lat' dir='ltr'><strong>natura</strong></span> <span class='ocrx_word' id='word_1_616' title='bbox 551 2667 622 2694; x_wconf 85' lang='lat' dir='ltr'><strong>scire</strong></span> <span class='ocrx_word' id='word_1_617' title='bbox 654 2667 823 2702; x_wconf 74' lang='lat' dir='ltr'><strong>desiderant,</strong></span> <span class='ocrx_word' id='word_1_618' title='bbox 855 2674 884 2697; x_wconf 83' lang='lat' dir='ltr'><strong>ut</strong></span> 
     </span>
    </p>
   </div>
   <div class='ocr_carea' id='block_1_84' title="bbox 108 2711 881 2746">
    <p class='ocr_par' dir='ltr' id='par_1_84' title="bbox 108 2711 881 2746">
     <span class='ocr_line' id='line_1_84' title="bbox 108 2711 881 2746; baseline 0.013 -14"><span class='ocrx_word' id='word_1_619' title='bbox 108 2711 179 2737; x_wconf 79' lang='lat' dir='ltr'><strong>qnam</strong></span> <span class='ocrx_word' id='word_1_620' title='bbox 191 2717 220 2736; x_wconf 78' lang='lat' dir='ltr'><strong>ex</strong></span> <span class='ocrx_word' id='word_1_621' title='bbox 239 2717 288 2736; x_wconf 71' lang='lat' dir='ltr'><strong>usu</strong></span> <span class='ocrx_word' id='word_1_622' title='bbox 306 2717 433 2737; x_wconf 86' lang='lat' dir='ltr'><strong>sensuum</strong></span> <span class='ocrx_word' id='word_1_623' title='bbox 448 2711 602 2746; x_wconf 90' lang='lat' dir='ltr'><strong>percipiunt</strong></span> <span class='ocrx_word' id='word_1_624' title='bbox 627 2712 772 2741; x_wconf 79' lang='lat' dir='ltr'><strong>delectatio</strong></span> <span class='ocrx_word' id='word_1_625' title='bbox 800 2719 881 2742; x_wconf 80' lang='lat' dir='ltr'><strong>testa-</strong></span> 
     </span>
    </p>
   </div>
   <div class='ocr_carea' id='block_1_85' title="bbox 110 2753 883 2792">
    <p class='ocr_par' dir='ltr' id='par_1_85' title="bbox 110 2753 883 2792">
     <span class='ocr_line' id='line_1_85' title="bbox 110 2753 883 2792; baseline 0.017 -17"><span class='ocrx_word' id='word_1_626' title='bbox 110 2753 156 2785; x_wconf 88' lang='lat' dir='ltr'><strong>tur,</strong></span> <span class='ocrx_word' id='word_1_627' title='bbox 175 2756 269 2783; x_wconf 90' lang='lat' dir='ltr'><strong>mirum</strong></span> <span class='ocrx_word' id='word_1_628' title='bbox 287 2763 337 2783; x_wconf 91' lang='lat' dir='ltr'><strong>non</strong></span> <span class='ocrx_word' id='word_1_629' title='bbox 350 2763 392 2784; x_wconf 91' lang='lat' dir='ltr'><strong>est</strong></span> <span class='ocrx_word' id='word_1_630' title='bbox 409 2756 600 2792; x_wconf 76' lang='lat' dir='ltr'><strong>imperatorem</strong></span> <span class='ocrx_word' id='word_1_631' title='bbox 616 2765 669 2787; x_wconf 86' lang='lat' dir='ltr'><strong>tam</strong></span> <span class='ocrx_word' id='word_1_632' title='bbox 686 2760 795 2788; x_wconf 86' lang='lat' dir='ltr'><strong>incensa</strong></span> <span class='ocrx_word' id='word_1_633' title='bbox 818 2766 883 2789; x_wconf 85' lang='lat' dir='ltr'><strong>tunc</strong></span> 
     </span>
    </p>
   </div>
   <div class='ocr_carea' id='block_1_86' title="bbox 110 2794 882 2840">
    <p class='ocr_par' dir='ltr' id='par_1_86' title="bbox 110 2794 882 2840">
     <span class='ocr_line' id='line_1_86' title="bbox 110 2794 882 2840; baseline 0.016 -16"><span class='ocrx_word' id='word_1_634' title='bbox 110 2794 181 2826; x_wconf 75' lang='lat' dir='ltr'><strong>fuisse</strong></span> <span class='ocrx_word' id='word_1_635' title='bbox 193 2807 317 2836; x_wconf 89' lang='lat' dir='ltr'><strong>punctutn</strong></span> <span class='ocrx_word' id='word_1_636' title='bbox 331 2803 489 2831; x_wconf 85' lang='lat' dir='ltr'><strong>curiositate</strong></span> <span class='ocrx_word' id='word_1_637' title='bbox 512 2806 705 2840; x_wconf 77' lang='lat' dir='ltr'><strong>cognoscenda:</strong></span> <span class='ocrx_word' id='word_1_638' title='bbox 729 2807 766 2835; x_wconf 77' lang='lat' dir='ltr'><strong>rei</strong></span> <span class='ocrx_word' id='word_1_639' title='bbox 793 2808 825 2835; x_wconf 82' lang='lat' dir='ltr'><strong>ad</strong></span> <span class='ocrx_word' id='word_1_640' title='bbox 852 2816 882 2836; x_wconf 90' lang='lat' dir='ltr'><strong>se</strong></span> 
     </span>
    </p>
   </div>
   <div class='ocr_carea' id='block_1_87' title="bbox 108 2846 881 2888">
    <p class='ocr_par' dir='ltr' id='par_1_87' title="bbox 108 2846 881 2888">
     <span class='ocr_line' id='line_1_87' title="bbox 108 2846 881 2888; baseline 0.013 -14"><span class='ocrx_word' id='word_1_641' title='bbox 108 2846 255 2878; x_wconf 66' lang='lat' dir='ltr'><strong>Pertincntis</strong></span> <span class='ocrx_word' id='word_1_642' title='bbox 271 2849 374 2884; x_wconf 85' lang='lat' dir='ltr'><strong>intime,</strong></span> <span class='ocrx_word' id='word_1_643' title='bbox 389 2850 505 2879; x_wconf 83' lang='lat' dir='ltr'><strong>hominis</strong></span> <span class='ocrx_word' id='word_1_644' title='bbox 521 2851 568 2886; x_wconf 87' lang='lat' dir='ltr'><strong>qui</strong></span> <span class='ocrx_word' id='word_1_645' title='bbox 590 2851 641 2881; x_wconf 84' lang='lat' dir='ltr'><strong>sibi</strong></span> <span class='ocrx_word' id='word_1_646' title='bbox 652 2853 756 2888; x_wconf 72' lang='lat' dir='ltr'><strong>primus</strong></span> <span class='ocrx_word' id='word_1_647' title='bbox 779 2855 881 2884; x_wconf 75' lang='lat' dir='ltr'><strong>diceret</strong></span> 
     </span>
    </p>
   </div>
   <div class='ocr_carea' id='block_1_88' title="bbox 949 1549 1739 1590">
    <p class='ocr_par' dir='ltr' id='par_1_88' title="bbox 949 1549 1739 1590">
     <span class='ocr_line' id='line_1_88' title="bbox 949 1549 1739 1590; baseline -0.011 -7"><span class='ocrx_word' id='word_1_648' title='bbox 949 1556 1050 1590; x_wconf 72' lang='lat' dir='ltr'><strong>quaevis</strong></span> <span class='ocrx_word' id='word_1_649' title='bbox 1062 1555 1161 1583; x_wconf 89' lang='lat' dir='ltr'><strong>indicia</strong></span> <span class='ocrx_word' id='word_1_650' title='bbox 1179 1554 1323 1582; x_wconf 71' lang='lat' dir='ltr'><strong>voluntatis</strong></span> <span class='ocrx_word' id='word_1_651' title='bbox 1334 1560 1413 1580; x_wconf 79' lang='lat' dir='ltr'><strong>sensa</strong></span> <span class='ocrx_word' id='word_1_652' title='bbox 1433 1552 1525 1579; x_wconf 85' lang='lat' dir='ltr'><strong>statim</strong></span> <span class='ocrx_word' id='word_1_653' title='bbox 1551 1555 1578 1577; x_wconf 87' lang='lat' dir='ltr'><strong>et</strong></span> <span class='ocrx_word' id='word_1_654' title='bbox 1607 1549 1739 1583; x_wconf 67' lang='lat' dir='ltr'><strong>obsoquia</strong></span> 
     </span>
    </p>
   </div>
   <div class='ocr_carea' id='block_1_89' title="bbox 948 1598 1733 1635">
    <p class='ocr_par' dir='ltr' id='par_1_89' title="bbox 948 1598 1733 1635">
     <span class='ocr_line' id='line_1_89' title="bbox 948 1598 1733 1635; baseline -0.01 -6"><span class='ocrx_word' id='word_1_655' title='bbox 948 1602 1089 1635; x_wconf 88' lang='lat' dir='ltr'><strong>inclinant,</strong></span> <span class='ocrx_word' id='word_1_656' title='bbox 1108 1600 1216 1628; x_wconf 88' lang='lat' dir='ltr'><strong>nemine</strong></span> <span class='ocrx_word' id='word_1_657' title='bbox 1232 1600 1346 1628; x_wconf 78' lang='lat' dir='ltr'><strong>frontem</strong></span> <span class='ocrx_word' id='word_1_658' title='bbox 1361 1598 1502 1626; x_wconf 83' lang='lat' dir='ltr'><strong>adversam</strong></span> <span class='ocrx_word' id='word_1_659' title='bbox 1523 1604 1660 1632; x_wconf 82' lang='lat' dir='ltr'><strong>opponere</strong></span> <span class='ocrx_word' id='word_1_660' title='bbox 1672 1604 1733 1622; x_wconf 68' lang='lat' dir='ltr'><strong>alts-</strong></span> 
     </span>
    </p>
   </div>
   <div class='ocr_carea' id='block_1_90' title="bbox 949 1643 1739 1682">
    <p class='ocr_par' dir='ltr' id='par_1_90' title="bbox 949 1643 1739 1682">
     <span class='ocr_line' id='line_1_90' title="bbox 949 1643 1739 1682; baseline -0.01 -6"><span class='ocrx_word' id='word_1_661' title='bbox 949 1649 1050 1676; x_wconf 79' lang='lat' dir='ltr'><strong>tiuente</strong></span> <span class='ocrx_word' id='word_1_662' title='bbox 1061 1653 1117 1680; x_wconf 91' lang='lat' dir='ltr'><strong>aut,</strong></span> <span class='ocrx_word' id='word_1_663' title='bbox 1134 1648 1205 1682; x_wconf 86' lang='lat' dir='ltr'><strong>quod</strong></span> <span class='ocrx_word' id='word_1_664' title='bbox 1225 1647 1397 1673; x_wconf 86' lang='lat' dir='ltr'><strong>temerariqu</strong></span> <span class='ocrx_word' id='word_1_665' title='bbox 1415 1650 1442 1672; x_wconf 88' lang='lat' dir='ltr'><strong>et</strong></span> <span class='ocrx_word' id='word_1_666' title='bbox 1464 1644 1572 1671; x_wconf 87' lang='lat' dir='ltr'><strong>audenti</strong></span> <span class='ocrx_word' id='word_1_667' title='bbox 1596 1643 1739 1670; x_wconf 84' lang='lat' dir='ltr'><strong>exitiosum</strong></span> 
     </span>
    </p>
   </div>
   <div class='ocr_carea' id='block_1_91' title="bbox 949 1689 1740 1729">
    <p class='ocr_par' dir='ltr' id='par_1_91' title="bbox 949 1689 1740 1729">
     <span class='ocr_line' id='line_1_91' title="bbox 949 1689 1740 1729; baseline -0.009 -7"><span class='ocrx_word' id='word_1_668' title='bbox 949 1701 1086 1727; x_wconf 79' lang='lat' dir='ltr'><strong>censetur,</strong></span> <span class='ocrx_word' id='word_1_669' title='bbox 1103 1693 1246 1729; x_wconf 81' lang='lat' dir='ltr'><strong>potentiori</strong></span> <span class='ocrx_word' id='word_1_670' title='bbox 1262 1700 1352 1719; x_wconf 80' lang='lat' dir='ltr'><strong>coram</strong></span> <span class='ocrx_word' id='word_1_671' title='bbox 1373 1691 1469 1719; x_wconf 86' lang='lat' dir='ltr'><strong>obniti.</strong></span> <span class='ocrx_word' id='word_1_672' title='bbox 1497 1691 1549 1718; x_wconf 85' lang='lat' dir='ltr'><strong>ista</strong></span> <span class='ocrx_word' id='word_1_673' title='bbox 1579 1689 1659 1725; x_wconf 71' lang='lat' dir='ltr'><strong>igitur</strong></span> <span class='ocrx_word' id='word_1_674' title='bbox 1690 1697 1740 1716; x_wconf 84' lang='lat' dir='ltr'><strong>no-</strong></span> 
     </span>
    </p>
   </div>
   <div class='ocr_carea' id='block_1_92' title="bbox 947 1735 1740 1768">
    <p class='ocr_par' dir='ltr' id='par_1_92' title="bbox 947 1735 1740 1768">
     <span class='ocr_line' id='line_1_92' title="bbox 947 1735 1740 1768; baseline -0.009 0"><span class='ocrx_word' id='word_1_675' title='bbox 947 1743 1018 1768; x_wconf 84' lang='lat' dir='ltr'><strong>vitas</strong></span> <span class='ocrx_word' id='word_1_676' title='bbox 1034 1750 1122 1768; x_wconf 86' lang='lat' dir='ltr'><strong>rerutn</strong></span> <span class='ocrx_word' id='word_1_677' title='bbox 1138 1741 1243 1767; x_wconf 66' lang='lat' dir='ltr'><strong>lnrtit&#39;ae</strong></span> <span class='ocrx_word' id='word_1_678' title='bbox 1258 1739 1321 1766; x_wconf 90' lang='lat' dir='ltr'><strong>huic</strong></span> <span class='ocrx_word' id='word_1_679' title='bbox 1337 1739 1481 1765; x_wconf 88' lang='lat' dir='ltr'><strong>inditartttn</strong></span> <span class='ocrx_word' id='word_1_680' title='bbox 1508 1737 1608 1764; x_wconf 66' lang='lat' dir='ltr'><strong>chartae</strong></span> <span class='ocrx_word' id='word_1_681' title='bbox 1632 1735 1740 1762; x_wconf 69' lang='lat' dir='ltr'><strong>Amlro&lt;</strong></span> 
     </span>
    </p>
   </div>
   <div class='ocr_carea' id='block_1_93' title="bbox 947 1783 1739 1821">
    <p class='ocr_par' dir='ltr' id='par_1_93' title="bbox 947 1783 1739 1821">
     <span class='ocr_line' id='line_1_93' title="bbox 947 1783 1739 1821; baseline -0.008 -6"><span class='ocrx_word' id='word_1_682' title='bbox 947 1787 1252 1818; x_wconf 74' lang='lat' dir='ltr'><strong>nit-untstimulabatin</strong></span> <span class='ocrx_word' id='word_1_683' title='bbox 1277 1785 1452 1821; x_wconf 84' lang='lat' dir='ltr'><strong>cupiditatem</strong></span> <span class='ocrx_word' id='word_1_684' title='bbox 1484 1784 1587 1811; x_wconf 88' lang='lat' dir='ltr'><strong>sciendi</strong></span> <span class='ocrx_word' id='word_1_685' title='bbox 1616 1783 1739 1818; x_wconf 69' lang='lat' dir='ltr'><strong>quisnam</strong></span> 
     </span>
    </p>
   </div>
   <div class='ocr_carea' id='block_1_94' title="bbox 947 1829 1740 1861">
    <p class='ocr_par' dir='ltr' id='par_1_94' title="bbox 947 1829 1740 1861">
     <span class='ocr_line' id='line_1_94' title="bbox 947 1829 1740 1861; baseline -0.009 -1"><span class='ocrx_word' id='word_1_686' title='bbox 947 1834 991 1860; x_wconf 93' lang='lat' dir='ltr'><strong>hic</strong></span> <span class='ocrx_word' id='word_1_687' title='bbox 1008 1833 1114 1860; x_wconf 83' lang='lat' dir='ltr'><strong>tandem</strong></span> <span class='ocrx_word' id='word_1_688' title='bbox 1128 1837 1199 1860; x_wconf 82' lang='lat' dir='ltr'><strong>esset</strong></span> <span class='ocrx_word' id='word_1_689' title='bbox 1215 1839 1268 1858; x_wconf 91' lang='lat' dir='ltr'><strong>non</strong></span> <span class='ocrx_word' id='word_1_690' title='bbox 1281 1831 1360 1858; x_wconf 88' lang='lat' dir='ltr'><strong>modo</strong></span> <span class='ocrx_word' id='word_1_691' title='bbox 1371 1838 1469 1858; x_wconf 86' lang='lat' dir='ltr'><strong>censor</strong></span> <span class='ocrx_word' id='word_1_692' title='bbox 1483 1831 1579 1861; x_wconf 70' lang='lat' dir='ltr'><strong>audax,</strong></span> <span class='ocrx_word' id='word_1_693' title='bbox 1599 1829 1645 1856; x_wconf 87' lang='lat' dir='ltr'><strong>sed</strong></span> <span class='ocrx_word' id='word_1_694' title='bbox 1658 1829 1740 1855; x_wconf 86' lang='lat' dir='ltr'><strong>etiam</strong></span> 
     </span>
    </p>
   </div>
   <div class='ocr_carea' id='block_1_95' title="bbox 946 1872 1740 1910">
    <p class='ocr_par' dir='ltr' id='par_1_95' title="bbox 946 1872 1740 1910">
     <span class='ocr_line' id='line_1_95' title="bbox 946 1872 1740 1910; baseline -0.008 -5"><span class='ocrx_word' id='word_1_695' title='bbox 946 1886 1055 1905; x_wconf 81' lang='lat' dir='ltr'><strong>amarus</strong></span> <span class='ocrx_word' id='word_1_696' title='bbox 1069 1878 1165 1905; x_wconf 88' lang='lat' dir='ltr'><strong>irrisor</strong></span> <span class='ocrx_word' id='word_1_697' title='bbox 1178 1877 1231 1905; x_wconf 87' lang='lat' dir='ltr'><strong>sui.</strong></span> <span class='ocrx_word' id='word_1_698' title='bbox 1248 1877 1348 1904; x_wconf 87' lang='lat' dir='ltr'><strong>Atisto</strong></span> <span class='ocrx_word' id='word_1_699' title='bbox 1372 1877 1430 1910; x_wconf 86' lang='lat' dir='ltr'><strong>ipso</strong></span> <span class='ocrx_word' id='word_1_700' title='bbox 1451 1882 1511 1902; x_wconf 85' lang='lat' dir='ltr'><strong>sese</strong></span> <span class='ocrx_word' id='word_1_701' title='bbox 1540 1875 1647 1901; x_wconf 89' lang='lat' dir='ltr'><strong>iudiciis</strong></span> <span class='ocrx_word' id='word_1_702' title='bbox 1676 1872 1740 1900; x_wconf 72' lang='lat' dir='ltr'><strong>ct’fe-</strong></span> 
     </span>
    </p>
   </div>
   <div class='ocr_carea' id='block_1_96' title="bbox 946 1921 1739 1958">
    <p class='ocr_par' dir='ltr' id='par_1_96' title="bbox 946 1921 1739 1958">
     <span class='ocr_line' id='line_1_96' title="bbox 946 1921 1739 1958; baseline -0.01 -6"><span class='ocrx_word' id='word_1_703' title='bbox 946 1931 1023 1952; x_wconf 84' lang='lat' dir='ltr'><strong>rente</strong></span> <span class='ocrx_word' id='word_1_704' title='bbox 1036 1924 1166 1958; x_wconf 87' lang='lat' dir='ltr'><strong>principis</strong></span> <span class='ocrx_word' id='word_1_705' title='bbox 1180 1924 1270 1951; x_wconf 85' lang='lat' dir='ltr'><strong>studio</strong></span> <span class='ocrx_word' id='word_1_706' title='bbox 1283 1924 1307 1950; x_wconf 88' lang='lat' dir='ltr'><strong>is</strong></span> <span class='ocrx_word' id='word_1_707' title='bbox 1321 1922 1366 1956; x_wconf 89' lang='lat' dir='ltr'><strong>qui</strong></span> <span class='ocrx_word' id='word_1_708' title='bbox 1383 1922 1510 1949; x_wconf 87' lang='lat' dir='ltr'><strong>conscius</strong></span> <span class='ocrx_word' id='word_1_709' title='bbox 1525 1921 1577 1948; x_wconf 84' lang='lat' dir='ltr'><strong>sibi</strong></span> <span class='ocrx_word' id='word_1_710' title='bbox 1600 1923 1660 1946; x_wconf 84' lang='lat' dir='ltr'><strong>erat</strong></span> <span class='ocrx_word' id='word_1_711' title='bbox 1687 1927 1739 1945; x_wconf 80' lang='lat' dir='ltr'><strong>an-</strong></span> 
     </span>
    </p>
   </div>
   <div class='ocr_carea' id='block_1_97' title="bbox 944 1965 1737 2006">
    <p class='ocr_par' dir='ltr' id='par_1_97' title="bbox 944 1965 1737 2006">
     <span class='ocr_line' id='line_1_97' title="bbox 944 1965 1737 2006; baseline -0.011 -8"><span class='ocrx_word' id='word_1_712' title='bbox 944 1971 1035 2006; x_wconf 82' lang='lat' dir='ltr'><strong>cipitis</strong></span> <span class='ocrx_word' id='word_1_713' title='bbox 1050 1971 1124 2002; x_wconf 79' lang='lat' dir='ltr'><strong>facti,</strong></span> <span class='ocrx_word' id='word_1_714' title='bbox 1140 1970 1172 1996; x_wconf 90' lang='lat' dir='ltr'><strong>ad</strong></span> <span class='ocrx_word' id='word_1_715' title='bbox 1186 1976 1246 1996; x_wconf 87' lang='lat' dir='ltr'><strong>sese</strong></span> <span class='ocrx_word' id='word_1_716' title='bbox 1261 1969 1367 1996; x_wconf 82' lang='lat' dir='ltr'><strong>cautius</strong></span> <span class='ocrx_word' id='word_1_717' title='bbox 1381 1968 1485 1995; x_wconf 86' lang='lat' dir='ltr'><strong>scilicet</strong></span> <span class='ocrx_word' id='word_1_718' title='bbox 1515 1965 1737 1993; x_wconf 84' lang='lat' dir='ltr'><strong>abscondendqu</strong></span> 
     </span>
    </p>
   </div>
   <div class='ocr_carea' id='block_1_98' title="bbox 945 2015 1756 2053">
    <p class='ocr_par' dir='ltr' id='par_1_98' title="bbox 945 2015 1756 2053">
     <span class='ocr_line' id='line_1_98' title="bbox 945 2015 1756 2053; baseline -0.01 -9"><span class='ocrx_word' id='word_1_719' title='bbox 945 2016 1119 2048; x_wconf 78' lang='lat' dir='ltr'><strong>incitabatur;</strong></span> <span class='ocrx_word' id='word_1_720' title='bbox 1131 2015 1202 2050; x_wconf 83' lang='lat' dir='ltr'><strong>quod</strong></span> <span class='ocrx_word' id='word_1_721' title='bbox 1218 2020 1286 2042; x_wconf 82' lang='lat' dir='ltr'><strong>etex</strong></span> <span class='ocrx_word' id='word_1_722' title='bbox 1306 2017 1367 2041; x_wconf 85' lang='lat' dir='ltr'><strong>voto</strong></span> <span class='ocrx_word' id='word_1_723' title='bbox 1393 2017 1535 2040; x_wconf 88' lang='lat' dir='ltr'><strong>assecutus</strong></span> <span class='ocrx_word' id='word_1_724' title='bbox 1563 2018 1658 2053; x_wconf 60' lang='lat' dir='ltr'><strong>om’ttes</strong></span> <span class='ocrx_word' id='word_1_725' title='bbox 1681 2018 1756 2036; x_wconf 57' lang='lat' dir='ltr'><strong>Sese»</strong></span> 
     </span>
    </p>
   </div>
   <div class='ocr_carea' id='block_1_99' title="bbox 944 2057 1739 2097">
    <p class='ocr_par' dir='ltr' id='par_1_99' title="bbox 944 2057 1739 2097">
     <span class='ocr_line' id='line_1_99' title="bbox 944 2057 1739 2097; baseline -0.009 -7"><span class='ocrx_word' id='word_1_726' title='bbox 944 2062 1167 2097; x_wconf 79' lang='lat' dir='ltr'><strong>investigantium</strong></span> <span class='ocrx_word' id='word_1_727' title='bbox 1196 2060 1383 2096; x_wconf 73' lang='lat' dir='ltr'><strong>indagationea</strong></span> <span class='ocrx_word' id='word_1_728' title='bbox 1438 2065 1546 2092; x_wconf 83' lang='lat' dir='ltr'><strong>semper</strong></span> <span class='ocrx_word' id='word_1_729' title='bbox 1585 2057 1739 2092; x_wconf 79' lang='lat' dir='ltr'><strong>incognitus</strong></span> 
     </span>
    </p>
   </div>
   <div class='ocr_carea' id='block_1_100' title="bbox 943 2108 1034 2136">
    <p class='ocr_par' dir='ltr' id='par_1_100' title="bbox 943 2108 1034 2136">
     <span class='ocr_line' id='line_1_100' title="bbox 943 2108 1034 2136; baseline -0.011 0"><span class='ocrx_word' id='word_1_730' title='bbox 943 2108 1034 2136; x_wconf 87' lang='lat' dir='ltr'><strong>elusit.</strong></span> 
     </span>
    </p>
   </div>
   <div class='ocr_carea' id='block_1_101' title="bbox 979 2174 1702 2213">
    <p class='ocr_par' dir='ltr' id='par_1_101' title="bbox 979 2174 1702 2213">
     <span class='ocr_line' id='line_1_101' title="bbox 979 2174 1702 2213; baseline -0.004 -9"><span class='ocrx_word' id='word_1_731' title='bbox 979 2178 1006 2205; x_wconf 85' lang='lat'><strong>6.</strong></span> <span class='ocrx_word' id='word_1_732' title='bbox 1025 2177 1062 2204; x_wconf 85' lang='lat' dir='ltr'><strong>De</strong></span> <span class='ocrx_word' id='word_1_733' title='bbox 1077 2176 1196 2213; x_wconf 70' lang='lat' dir='ltr'><strong>Madyto,</strong></span> <span class='ocrx_word' id='word_1_734' title='bbox 1216 2182 1244 2204; x_wconf 83' lang='lat' dir='ltr'><strong>ut</strong></span> <span class='ocrx_word' id='word_1_735' title='bbox 1262 2181 1341 2212; x_wconf 81' lang='lat' dir='ltr'><strong>capta</strong></span> <span class='ocrx_word' id='word_1_736' title='bbox 1359 2175 1440 2210; x_wconf 68' lang='lat' dir='ltr'><strong>fuerit</strong></span> <span class='ocrx_word' id='word_1_737' title='bbox 1465 2174 1497 2202; x_wconf 75' lang='lat' dir='ltr'><strong>ab</strong></span> <span class='ocrx_word' id='word_1_738' title='bbox 1513 2174 1702 2210; x_wconf 75' lang='lat' dir='ltr'><strong>Amogabaris.</strong></span> 
     </span>
    </p>
   </div>
   <div class='ocr_carea' id='block_1_102' title="bbox 994 2244 1738 2282">
    <p class='ocr_par' dir='ltr' id='par_1_102' title="bbox 994 2244 1738 2282">
     <span class='ocr_line' id='line_1_102' title="bbox 994 2244 1738 2282; baseline -0.001 -9"><span class='ocrx_word' id='word_1_739' title='bbox 994 2246 1077 2282; x_wconf 75' lang='lat'><strong>578</strong></span> <span class='ocrx_word' id='word_1_740' title='bbox 1093 2247 1124 2273; x_wconf 82' lang='lat' dir='ltr'><strong>At</strong></span> <span class='ocrx_word' id='word_1_741' title='bbox 1139 2246 1314 2281; x_wconf 72' lang='lat' dir='ltr'><strong>Atuogabari,</strong></span> <span class='ocrx_word' id='word_1_742' title='bbox 1330 2249 1358 2272; x_wconf 94' lang='lat' dir='ltr'><strong>nt</strong></span> <span class='ocrx_word' id='word_1_743' title='bbox 1371 2245 1469 2280; x_wconf 66' lang='lat' dir='ltr'><strong>saepius</strong></span> <span class='ocrx_word' id='word_1_744' title='bbox 1480 2244 1534 2278; x_wconf 80' lang='lat' dir='ltr'><strong>iam</strong></span> <span class='ocrx_word' id='word_1_745' title='bbox 1558 2250 1638 2272; x_wconf 84' lang='lat' dir='ltr'><strong>antea</strong></span> <span class='ocrx_word' id='word_1_746' title='bbox 1666 2244 1738 2272; x_wconf 81' lang='lat' dir='ltr'><strong>dixi-</strong></span> 
     </span>
    </p>
   </div>
   <div class='ocr_carea' id='block_1_103' title="bbox 942 2291 1737 2328">
    <p class='ocr_par' dir='ltr' id='par_1_103' title="bbox 942 2291 1737 2328">
     <span class='ocr_line' id='line_1_103' title="bbox 942 2291 1737 2328; baseline -0.004 -8"><span class='ocrx_word' id='word_1_747' title='bbox 942 2301 1013 2326; x_wconf 88' lang='lat' dir='ltr'><strong>mus,</strong></span> <span class='ocrx_word' id='word_1_748' title='bbox 1031 2300 1248 2328; x_wconf 80' lang='lat' dir='ltr'><strong>quoqtmversum</strong></span> <span class='ocrx_word' id='word_1_749' title='bbox 1264 2297 1441 2320; x_wconf 74' lang='lat' dir='ltr'><strong>exeurrentes</strong></span> <span class='ocrx_word' id='word_1_750' title='bbox 1456 2297 1484 2319; x_wconf 90' lang='lat' dir='ltr'><strong>et</strong></span> <span class='ocrx_word' id='word_1_751' title='bbox 1510 2291 1649 2318; x_wconf 70' lang='lat' dir='ltr'><strong>Romanos</strong></span> <span class='ocrx_word' id='word_1_752' title='bbox 1679 2292 1737 2317; x_wconf 90' lang='lat' dir='ltr'><strong>dire</strong></span> 
     </span>
    </p>
   </div>
   <div class='ocr_carea' id='block_1_104' title="bbox 942 2336 1737 2372">
    <p class='ocr_par' dir='ltr' id='par_1_104' title="bbox 942 2336 1737 2372">
     <span class='ocr_line' id='line_1_104' title="bbox 942 2336 1737 2372; baseline -0.004 -7"><span class='ocrx_word' id='word_1_753' title='bbox 942 2344 1082 2372; x_wconf 81' lang='lat' dir='ltr'><strong>vexantes,</strong></span> <span class='ocrx_word' id='word_1_754' title='bbox 1101 2338 1242 2366; x_wconf 89' lang='lat' dir='ltr'><strong>obsidione</strong></span> <span class='ocrx_word' id='word_1_755' title='bbox 1259 2338 1373 2372; x_wconf 73' lang='lat' dir='ltr'><strong>cingunt</strong></span> <span class='ocrx_word' id='word_1_756' title='bbox 1393 2345 1482 2365; x_wconf 85' lang='lat' dir='ltr'><strong>arcent</strong></span> <span class='ocrx_word' id='word_1_757' title='bbox 1498 2337 1561 2371; x_wconf 75' lang='lat' dir='ltr'><strong>Sigo</strong></span> <span class='ocrx_word' id='word_1_758' title='bbox 1578 2337 1650 2363; x_wconf 88' lang='lat' dir='ltr'><strong>atttni</strong></span> <span class='ocrx_word' id='word_1_759' title='bbox 1666 2336 1737 2363; x_wconf 81' lang='lat' dir='ltr'><strong>adsi-</strong></span> 
     </span>
    </p>
   </div>
   <div class='ocr_carea' id='block_1_105' title="bbox 941 2382 1735 2419">
    <p class='ocr_par' dir='ltr' id='par_1_105' title="bbox 941 2382 1735 2419">
     <span class='ocr_line' id='line_1_105' title="bbox 941 2382 1735 2419; baseline -0.004 -7"><span class='ocrx_word' id='word_1_760' title='bbox 941 2391 1008 2416; x_wconf 83' lang='lat' dir='ltr'><strong>tam.</strong></span> <span class='ocrx_word' id='word_1_761' title='bbox 1025 2385 1105 2419; x_wconf 75' lang='lat' dir='ltr'><strong>vulgo</strong></span> <span class='ocrx_word' id='word_1_762' title='bbox 1118 2384 1254 2419; x_wconf 85' lang='lat' dir='ltr'><strong>Madytum</strong></span> <span class='ocrx_word' id='word_1_763' title='bbox 1281 2389 1417 2412; x_wconf 85' lang='lat' dir='ltr'><strong>vocatam.</strong></span> <span class='ocrx_word' id='word_1_764' title='bbox 1452 2383 1552 2411; x_wconf 82' lang='lat' dir='ltr'><strong>Verum</strong></span> <span class='ocrx_word' id='word_1_765' title='bbox 1582 2384 1639 2410; x_wconf 60' lang='lat' dir='ltr'><strong>haec</strong></span> <span class='ocrx_word' id='word_1_766' title='bbox 1667 2382 1735 2410; x_wconf 85' lang='lat' dir='ltr'><strong>adeo</strong></span> 
     </span>
    </p>
   </div>
   <div class='ocr_carea' id='block_1_106' title="bbox 942 2431 1735 2466">
    <p class='ocr_par' dir='ltr' id='par_1_106' title="bbox 942 2431 1735 2466">
     <span class='ocr_line' id='line_1_106' title="bbox 942 2431 1735 2466; baseline -0.004 -8"><span class='ocrx_word' id='word_1_767' title='bbox 942 2432 1042 2459; x_wconf 88' lang='lat' dir='ltr'><strong>munita</strong></span> <span class='ocrx_word' id='word_1_768' title='bbox 1056 2437 1158 2459; x_wconf 84' lang='lat' dir='ltr'><strong>eratut</strong></span> <span class='ocrx_word' id='word_1_769' title='bbox 1175 2432 1275 2459; x_wconf 80' lang='lat' dir='ltr'><strong>frustra</strong></span> <span class='ocrx_word' id='word_1_770' title='bbox 1301 2434 1390 2458; x_wconf 82' lang='lat' dir='ltr'><strong>omnis</strong></span> <span class='ocrx_word' id='word_1_771' title='bbox 1416 2436 1490 2459; x_wconf 85' lang='lat' dir='ltr'><strong>esset</strong></span> <span class='ocrx_word' id='word_1_772' title='bbox 1522 2431 1735 2466; x_wconf 80' lang='lat' dir='ltr'><strong>oppugnantium</strong></span> 
     </span>
    </p>
   </div>
   <div class='ocr_carea' id='block_1_107' title="bbox 940 2477 1736 2514">
    <p class='ocr_par' dir='ltr' id='par_1_107' title="bbox 940 2477 1736 2514">
     <span class='ocr_line' id='line_1_107' title="bbox 940 2477 1736 2514; baseline -0.006 -7"><span class='ocrx_word' id='word_1_773' title='bbox 940 2479 1026 2512; x_wconf 84' lang='lat' dir='ltr'><strong>labor,</strong></span> <span class='ocrx_word' id='word_1_774' title='bbox 1042 2485 1178 2514; x_wconf 89' lang='lat' dir='ltr'><strong>utcttttque</strong></span> <span class='ocrx_word' id='word_1_775' title='bbox 1195 2479 1231 2505; x_wconf 90' lang='lat' dir='ltr'><strong>illi</strong></span> <span class='ocrx_word' id='word_1_776' title='bbox 1256 2479 1421 2513; x_wconf 88' lang='lat' dir='ltr'><strong>qttotidianis</strong></span> <span class='ocrx_word' id='word_1_777' title='bbox 1448 2477 1604 2508; x_wconf 79' lang='lat' dir='ltr'><strong>assultibus,</strong></span> <span class='ocrx_word' id='word_1_778' title='bbox 1634 2477 1736 2503; x_wconf 90' lang='lat' dir='ltr'><strong>machi—</strong></span> 
     </span>
    </p>
   </div>
   <div class='ocr_carea' id='block_1_108' title="bbox 940 2522 1734 2561">
    <p class='ocr_par' dir='ltr' id='par_1_108' title="bbox 940 2522 1734 2561">
     <span class='ocr_line' id='line_1_108' title="bbox 940 2522 1734 2561; baseline -0.009 -7"><span class='ocrx_word' id='word_1_779' title='bbox 940 2527 980 2554; x_wconf 80' lang='lat' dir='ltr'><strong>nis</strong></span> <span class='ocrx_word' id='word_1_780' title='bbox 996 2527 1061 2561; x_wconf 89' lang='lat' dir='ltr'><strong>quin</strong></span> <span class='ocrx_word' id='word_1_781' title='bbox 1075 2526 1156 2553; x_wconf 85' lang='lat' dir='ltr'><strong>etiam</strong></span> <span class='ocrx_word' id='word_1_782' title='bbox 1175 2525 1317 2557; x_wconf 86' lang='lat' dir='ltr'><strong>adhibitis,</strong></span> <span class='ocrx_word' id='word_1_783' title='bbox 1333 2525 1397 2551; x_wconf 89' lang='lat' dir='ltr'><strong>nihil</strong></span> <span class='ocrx_word' id='word_1_784' title='bbox 1414 2524 1569 2551; x_wconf 86' lang='lat' dir='ltr'><strong>omitterent</strong></span> <span class='ocrx_word' id='word_1_785' title='bbox 1587 2523 1658 2554; x_wconf 78' lang='lat' dir='ltr'><strong>quod</strong></span> <span class='ocrx_word' id='word_1_786' title='bbox 1672 2522 1695 2548; x_wconf 87' lang='lat' dir='ltr'><strong>ei</strong></span> <span class='ocrx_word' id='word_1_787' title='bbox 1711 2522 1734 2547; x_wconf 84' lang='lat' dir='ltr'><strong>vi</strong></span> 
     </span>
    </p>
   </div>
   <div class='ocr_carea' id='block_1_109' title="bbox 940 2569 1735 2607">
    <p class='ocr_par' dir='ltr' id='par_1_109' title="bbox 940 2569 1735 2607">
     <span class='ocr_line' id='line_1_109' title="bbox 940 2569 1735 2607; baseline -0.005 -8"><span class='ocrx_word' id='word_1_788' title='bbox 940 2572 1096 2606; x_wconf 73' lang='lat' dir='ltr'><strong>sultigendre</strong></span> <span class='ocrx_word' id='word_1_789' title='bbox 1109 2577 1202 2607; x_wconf 88' lang='lat' dir='ltr'><strong>posset</strong></span> <span class='ocrx_word' id='word_1_790' title='bbox 1216 2571 1281 2598; x_wconf 86' lang='lat' dir='ltr'><strong>utile</strong></span> <span class='ocrx_word' id='word_1_791' title='bbox 1295 2570 1390 2597; x_wconf 89' lang='lat' dir='ltr'><strong>videri.</strong></span> <span class='ocrx_word' id='word_1_792' title='bbox 1406 2569 1495 2603; x_wconf 84' lang='lat' dir='ltr'><strong>Quare</strong></span> <span class='ocrx_word' id='word_1_793' title='bbox 1514 2569 1622 2595; x_wconf 84' lang='lat' dir='ltr'><strong>tandem</strong></span> <span class='ocrx_word' id='word_1_794' title='bbox 1641 2569 1735 2595; x_wconf 89' lang='lat' dir='ltr'><strong>decre-</strong></span> 
     </span>
    </p>
   </div>
   <div class='ocr_carea' id='block_1_110' title="bbox 935 2615 1736 2653">
    <p class='ocr_par' dir='ltr' id='par_1_110' title="bbox 935 2615 1736 2653">
     <span class='ocr_line' id='line_1_110' title="bbox 935 2615 1736 2653; baseline -0.007 -7"><span class='ocrx_word' id='word_1_795' title='bbox 935 2624 1048 2650; x_wconf 71' lang='lat' dir='ltr'><strong>Verunt,</strong></span> <span class='ocrx_word' id='word_1_796' title='bbox 1066 2627 1133 2653; x_wconf 89' lang='lat' dir='ltr'><strong>quos</strong></span> <span class='ocrx_word' id='word_1_797' title='bbox 1152 2625 1308 2652; x_wconf 78' lang='lat' dir='ltr'><strong>expugnare</strong></span> <span class='ocrx_word' id='word_1_798' title='bbox 1324 2618 1407 2644; x_wconf 88' lang='lat' dir='ltr'><strong>artnis</strong></span> <span class='ocrx_word' id='word_1_799' title='bbox 1422 2616 1574 2651; x_wconf 84' lang='lat' dir='ltr'><strong>nequirent,</strong></span> <span class='ocrx_word' id='word_1_800' title='bbox 1599 2615 1670 2641; x_wconf 66' lang='lat' dir='ltr'><strong>fame</strong></span> <span class='ocrx_word' id='word_1_801' title='bbox 1691 2615 1736 2641; x_wconf 83' lang='lat' dir='ltr'><strong>dc-</strong></span> 
     </span>
    </p>
   </div>
   <div class='ocr_carea' id='block_1_111' title="bbox 940 2661 1735 2699">
    <p class='ocr_par' dir='ltr' id='par_1_111' title="bbox 940 2661 1735 2699">
     <span class='ocr_line' id='line_1_111' title="bbox 940 2661 1735 2699; baseline -0.009 -7"><span class='ocrx_word' id='word_1_802' title='bbox 940 2665 1049 2692; x_wconf 81' lang='lat' dir='ltr'><strong>hellare.</strong></span> <span class='ocrx_word' id='word_1_803' title='bbox 1068 2665 1115 2692; x_wconf 90' lang='lat' dir='ltr'><strong>Din</strong></span> <span class='ocrx_word' id='word_1_804' title='bbox 1129 2672 1194 2699; x_wconf 69' lang='lat' dir='ltr'><strong>ergo</strong></span> <span class='ocrx_word' id='word_1_805' title='bbox 1209 2664 1443 2696; x_wconf 86' lang='lat' dir='ltr'><strong>circumsidentes,</strong></span> <span class='ocrx_word' id='word_1_806' title='bbox 1457 2663 1530 2690; x_wconf 89' lang='lat' dir='ltr'><strong>ontni</strong></span> <span class='ocrx_word' id='word_1_807' title='bbox 1552 2661 1626 2688; x_wconf 87' lang='lat' dir='ltr'><strong>aditu</strong></span> <span class='ocrx_word' id='word_1_808' title='bbox 1657 2669 1735 2687; x_wconf 80' lang='lat' dir='ltr'><strong>eom-</strong></span> 
     </span>
    </p>
   </div>
   <div class='ocr_carea' id='block_1_112' title="bbox 939 2706 1734 2744">
    <p class='ocr_par' dir='ltr' id='par_1_112' title="bbox 939 2706 1734 2744">
     <span class='ocr_line' id='line_1_112' title="bbox 939 2706 1734 2744; baseline -0.008 -6"><span class='ocrx_word' id='word_1_809' title='bbox 939 2711 1072 2738; x_wconf 78' lang='lat' dir='ltr'><strong>meatibus</strong></span> <span class='ocrx_word' id='word_1_810' title='bbox 1084 2710 1204 2744; x_wconf 72' lang='lat' dir='ltr'><strong>obscplo,</strong></span> <span class='ocrx_word' id='word_1_811' title='bbox 1219 2718 1252 2738; x_wconf 89' lang='lat' dir='ltr'><strong>eo</strong></span> <span class='ocrx_word' id='word_1_812' title='bbox 1267 2709 1386 2744; x_wconf 64' lang='lat' dir='ltr'><strong>penuriae</strong></span> <span class='ocrx_word' id='word_1_813' title='bbox 1396 2709 1563 2744; x_wconf 79' lang='lat' dir='ltr'><strong>llladytcnses</strong></span> <span class='ocrx_word' id='word_1_814' title='bbox 1573 2706 1734 2741; x_wconf 58' lang='lat' dir='ltr'><strong>redeguruut</strong></span> 
     </span>
    </p>
   </div>
   <div class='ocr_carea' id='block_1_113' title="bbox 940 2753 1736 2794">
    <p class='ocr_par' dir='ltr' id='par_1_113' title="bbox 940 2753 1736 2794">
     <span class='ocr_line' id='line_1_113' title="bbox 940 2753 1736 2794; baseline -0.008 -8"><span class='ocrx_word' id='word_1_815' title='bbox 940 2759 1035 2793; x_wconf 84' lang='lat' dir='ltr'><strong>utjatn</strong></span> <span class='ocrx_word' id='word_1_816' title='bbox 1051 2767 1094 2786; x_wconf 82' lang='lat' dir='ltr'><strong>res</strong></span> <span class='ocrx_word' id='word_1_817' title='bbox 1111 2766 1220 2794; x_wconf 89' lang='lat' dir='ltr'><strong>quoque</strong></span> <span class='ocrx_word' id='word_1_818' title='bbox 1232 2758 1317 2785; x_wconf 72' lang='lat' dir='ltr'><strong>foedas</strong></span> <span class='ocrx_word' id='word_1_819' title='bbox 1331 2763 1357 2784; x_wconf 87' lang='lat' dir='ltr'><strong>et</strong></span> <span class='ocrx_word' id='word_1_820' title='bbox 1375 2763 1477 2784; x_wconf 71' lang='lat' dir='ltr'><strong>natum</strong></span> <span class='ocrx_word' id='word_1_821' title='bbox 1508 2757 1633 2783; x_wconf 62' lang='lat' dir='ltr'><strong>humana:</strong></span> <span class='ocrx_word' id='word_1_822' title='bbox 1659 2753 1736 2782; x_wconf 77' lang='lat' dir='ltr'><strong>fasti-</strong></span> 
     </span>
    </p>
   </div>
   <div class='ocr_carea' id='block_1_114' title="bbox 938 2801 1735 2834">
    <p class='ocr_par' dir='ltr' id='par_1_114' title="bbox 938 2801 1735 2834">
     <span class='ocr_line' id='line_1_114' title="bbox 938 2801 1735 2834; baseline -0.011 0"><span class='ocrx_word' id='word_1_823' title='bbox 938 2807 1008 2834; x_wconf 85' lang='lat' dir='ltr'><strong>ditas</strong></span> <span class='ocrx_word' id='word_1_824' title='bbox 1023 2810 1129 2833; x_wconf 83' lang='lat' dir='ltr'><strong>vertere</strong></span> <span class='ocrx_word' id='word_1_825' title='bbox 1155 2805 1182 2832; x_wconf 87' lang='lat' dir='ltr'><strong>in</strong></span> <span class='ocrx_word' id='word_1_826' title='bbox 1202 2806 1292 2832; x_wconf 91' lang='lat' dir='ltr'><strong>cibum</strong></span> <span class='ocrx_word' id='word_1_827' title='bbox 1313 2803 1477 2831; x_wconf 80' lang='lat' dir='ltr'><strong>dicerentur.</strong></span> <span class='ocrx_word' id='word_1_828' title='bbox 1506 2801 1637 2828; x_wconf 76' lang='lat' dir='ltr'><strong>ProcesSu</strong></span> <span class='ocrx_word' id='word_1_829' title='bbox 1664 2804 1735 2826; x_wconf 81' lang='lat' dir='ltr'><strong>tem-</strong></span> 
     </span>
    </p>
   </div>
   <div class='ocr_carea' id='block_1_115' title="bbox 936 2846 1734 2888">
    <p class='ocr_par' dir='ltr' id='par_1_115' title="bbox 936 2846 1734 2888">
     <span class='ocr_line' id='line_1_115' title="bbox 936 2846 1734 2888; baseline -0.01 -6"><span class='ocrx_word' id='word_1_830' title='bbox 936 2854 1009 2888; x_wconf 83' lang='lat' dir='ltr'><strong>poris</strong></span> <span class='ocrx_word' id='word_1_831' title='bbox 1023 2861 1084 2882; x_wconf 79' lang='lat' dir='ltr'><strong>cum</strong></span> <span class='ocrx_word' id='word_1_832' title='bbox 1103 2857 1243 2882; x_wconf 78' lang='lat' dir='ltr'><strong>crescente</strong></span> <span class='ocrx_word' id='word_1_833' title='bbox 1262 2852 1424 2880; x_wconf 82' lang='lat' dir='ltr'><strong>necessitate</strong></span> <span class='ocrx_word' id='word_1_834' title='bbox 1444 2856 1507 2886; x_wconf 77' lang='lat' dir='ltr'><strong>spes</strong></span> <span class='ocrx_word' id='word_1_835' title='bbox 1531 2846 1645 2877; x_wconf 81' lang='lat' dir='ltr'><strong>subsidii</strong></span> <span class='ocrx_word' id='word_1_836' title='bbox 1669 2846 1734 2876; x_wconf 84' lang='lat' dir='ltr'><strong>deli-</strong></span> 
     </span>
    </p>
   </div>
  </div>
