1957 3066
179 95 232 126 6739

774 100 797 130 G
804 100 936 131 EORGII
950 101 1190 132 PACHYMERE

1754 101 1820 133 6&0

180 153 228 180 καὶ
249 153 350 188 μᾶλλον
365 154 404 186 εἰς
419 155 576 182 τούναντίον
593 156 768 189 συνέπιπτεν,
792 159 829 190 ὡς
850 159 896 185 ἐπὶ
911 161 968 192 τοῖς
984 166 1005 193 Α
1022 161 1115 188 πολλοὶ
1134 161 1182 193 τῆς
1201 159 1295 190 νυκτὸς
1310 159 1512 195 ξυνδραμόντες
1523 158 1632 194 ἐκείνης
1649 159 1699 192 τὰς
1714 161 1816 192 θυσίας

179 201 250 231 ὅλοις
268 201 314 227 ἐπὶ
339 201 435 228 τούτου
460 202 495 229 τὰ
515 202 662 238 Ῥωμαίων
685 203 833 239 ἐφθάρθαι.
847 205 910 232 ὅσον
929 207 969 237 εἰς

180 247 318 282 διέγερσιν
332 248 369 283 τῷ
393 248 481 280 οὕτως
504 249 710 285 αὐτονομοῦντι.
728 250 811 278 Ὦστι
827 251 874 278 καὶ
894 254 923 278 ὲν
939 252 970 288 [Ρ

180 294 244 330 407]
261 296 311 329 μιᾷ
335 295 496 328 λιτανεύσας
519 297 580 322 κατ’
598 297 683 332 αὐτὴν
706 297 815 332 ἡμέραν
840 298 970 333 ἑσπέρας,

181 342 234 367 tit-ia
249 341 299 374 τῆς
316 342 371 368 τῶν
388 341 515 376 κυνηγῶν
532 341 683 377 λεγομένης
708 343 797 378 πύλης
822 344 904 379 μέχρι
924 345 971 371 καὶ

183 387 232 422 τῆς
255 387 301 414 τοῦ
323 387 482 423 Προδρόμου
511 387 606 423 μονῆς,
635 389 726 415 πᾶσαν
752 391 801 423 τὴν
833 389 972 425 ὑπώρειαν

181 434 290 469 ἐκείνην
312 434 344 460 τὸ
372 434 428 469 πῦρ
452 434 584 461 ἐπιλαϐὸν
616 434 794 469 ὲτ.ημάουνε,
819 436 934 462 πλοῦτον
950 436 972 463 δ’

182 480 287 507 ἐκεῖνον
306 480 368 506 ὅσον
393 481 545 515 ἐμπορικῖν
561 482 608 506 καὶ
635 481 726 507 πᾶσαν
754 481 838 517 ἄλλην
860 482 973 508 πολυτέ-

182 525 258 551 λειαν
269 526 389 559 εὐγενῶν
402 527 443 557 είς
456 526 486 552 τὸ
505 527 589 560 μηδὲν
605 527 789 561 ἀπηκόντισεν
801 548 807 554 .
835 527 863 554 '0
878 528 909 562 δὴ
926 527 973 554 καὶ

185 572 318 606 πρότερον
335 573 380 598 ἐπὶ
392 572 441 606 τῆς
453 572 536 599 αὑτοῦ
549 574 735 608 πατριαρχίας
747 573 864 606 ἐγένετο.
880 572 972 608 Ταύτῃ

183 625 224 642 τοι
241 617 289 644 καὶ
304 617 516 652 διελοιδοροῦντό
532 627 603 649 τινες
623 618 660 649 ὡς
682 619 727 645 διὰ
749 618 798 653 τὴν
814 618 919 645 ἐκείνου
935 619 974 645 λι-

183 663 296 690 τανείαν
309 665 473 699 γεγενῆσθαι
487 665 536 700 τὴν
548 664 683 700 τοσαύτην
698 665 880 701 πυρπόλησιν.
903 666 933 691 Ὀ
945 665 974 692 δὲ.

183 708 234 742 τὴν
255 709 369 736 ἐκείνων
396 710 464 744 πρὸς
484 711 532 743 τὰς
552 711 673 743 ἱκετείας
699 711 845 746 ῥᾳστώνην
872 714 920 738 καὶ
943 711 975 738 τδ

184 755 443 790 ὲρρᾳστωνευμένον
471 755 519 783 τοῦ
551 756 608 792 βίου
636 757 683 784 καὶ
709 757 809 791 ἀμελὲς
833 758 904 793 ὑπὲρ
921 759 974 785 πᾶν

184 801 250 828 ἄλλο
273 802 321 835 τῆς
345 802 491 838 θεομηνίας
516 805 677 839 κατῃτιᾶτο.
707 804 851 838 Ὀττίτεροι
880 804 906 831 δὲ
927 804 974 831 τοῦ

185 847 304 883 ἀληθοῦς
320 850 535 886 κατηυστόχουν,
552 851 642 885 λέγειν
654 851 704 878 οὐκ
721 851 786 886 ἔχω.
802 851 873 878 Ἀλλ’
892 852 975 886 ἀφορ-

188 895 237 922 μαὶ
252 895 307 922 τῶν
326 894 512 931 δικαστηρίων
527 897 565 931 τῷ
579 897 739 934 πατριάρχῃ
754 897 880 925 ἐντεῦθεν
898 900 975 933 ἐσχε-

185 941 330 974 διάζοντο,
355 942 386 968 οὐ
418 943 498 977 μόνον
523 943 756 978 πυρποληῦέντων
781 943 836 970 τῶν
861 944 891 970 ὲν
914 944 974 975 ταῖς

186 987 334 1022 ἐμπορίαις
362 988 538 1023 συμϐολαίων
562 991 753 1025 γραμμάτων,
780 989 837 1017 ἀλλ’
861 990 906 1017 ὅτι
928 989 976 1017 καὶ

189 1077 239 1104 hoc
253 1077 313 1111 ejus
330 1076 438 1105 demum
456 1078 640 1112 patriarchatu
658 1086 701 1106 res
718 1087 823 1107 summa
839 1079 977 1107 Romano-

190 1132 248 1149 rum
268 1125 343 1157 prins
367 1131 499 1151 contussa
524 1124 602 1158 plane
621 1125 678 1159 jam
707 1125 977 1160 irreparalniliterque

188 1169 348 1202 eoncidcril,
363 1170 420 1203 ipsa
435 1171 518 1197 etiam
542 1170 621 1204 huius
644 1178 740 1198 secura
767 1171 856 1206 legum
879 1177 906 1199 et
929 1179 978 1207 pro

188 1215 266 1243 libitu
287 1220 381 1243 ruente
401 1216 571 1250 gubernandi
597 1217 684 1244 forma
710 1218 856 1252 impulsum
880 1219 904 1246 ei
930 1226 979 1254 pro

189 1268 235 1288 sua
259 1265 336 1295 parte
351 1261 467 1288 addente
485 1262 518 1289 ad
536 1262 641 1289 ruinam
656 1269 682 1290 et
700 1263 727 1290 in
742 1270 863 1298 praeceps
885 1264 977 1291 omnia

191 1308 323 1334 trudente.
337 1307 392 1335 Nec
407 1311 509 1335 temere
525 1308 582 1341 rapi
600 1308 670 1336 forte
692 1314 774 1344 queat
795 1309 822 1336 itt
845 1309 924 1344 hujus
939 1310 980 1337 rei

190 1353 296 1388 signum
322 1357 348 1380 et
370 1353 509 1388 specimen
535 1354 640 1382 fructtts
665 1355 777 1382 istarum
803 1355 979 1389 litaniarum,

191 1400 262 1433 quod
276 1399 392 1434 quadam
403 1399 519 1432 dierum,
533 1408 587 1435 qua
604 1401 662 1428 illas
679 1401 735 1436 ipse
752 1409 872 1436 presens
882 1409 980 1437 magno

191 1445 293 1471 ambitu
312 1445 443 1478 obiverat,
464 1445 548 1474 ferale
573 1448 623 1474 sub
649 1454 790 1481 vesperam
812 1447 915 1475 exarsit
941 1447 981 1473 in-

190 1492 328 1525 cendium,
345 1501 397 1528 quo
412 1501 425 1519 a
446 1499 522 1529 porta
547 1494 718 1529 Cynegorum
744 1494 815 1521 dicta
839 1501 925 1529 usque
945 1494 978 1521 ad

194 1541 386 1568 monasterium
402 1541 557 1574 Prodromi,
574 1546 647 1570 totus
663 1541 708 1569 ille
724 1541 797 1568 urbis
820 1549 898 1576 quam
924 1541 980 1569 late

193 1593 264 1620 patet
281 1587 501 1621 frequentissime
518 1587 655 1615 habitatus
672 1588 757 1614 clivus
775 1587 880 1614 flamma
903 1594 980 1622 gras-

191 1639 267 1660 sanie
286 1634 387 1661 deletus
402 1639 454 1667 est,
470 1636 579 1661 redacta
597 1635 622 1660 in
639 1634 759 1661 cinerem
777 1641 808 1660 ac
828 1633 906 1667 plane
920 1641 980 1668 per-

193 1680 247 1707 dita
263 1681 306 1706 iila
321 1680 456 1714 opulentia
474 1679 530 1706 illic
555 1685 683 1714 congesta
707 1679 838 1707 mercium
859 1687 875 1706 e
898 1679 982 1714 longo

191 1727 376 1758 advectarum,
391 1726 434 1752 illa
450 1726 649 1760 magnificentia
664 1726 844 1759 superbarum
861 1725 960 1752 aedium
971 1746 978 1758 ,

192 1772 293 1807 pariter
306 1780 358 1799 una
377 1780 437 1799 cum
454 1773 652 1806 pretiosissima
667 1772 825 1807 supellectili
840 1772 982 1807 splendide

193 1819 220 1845 in
238 1819 270 1845 iis
285 1819 479 1846 diversantium
499 1819 628 1846 nobilium
651 1818 832 1852 familiarum;
854 1819 942 1854 qualis
955 1823 984 1846 et.

194 1869 274 1892 antea
291 1865 431 1892 calamitas
453 1865 502 1893 sub
525 1865 584 1900 ejus
607 1865 793 1900 patriarchatu
818 1865 981 1900 contigerat.

195 1911 259 1938 Inde
282 1919 334 1939 non
351 1912 462 1940 defuere
479 1913 524 1947 qui
549 1913 700 1941 Athanasio
716 1920 808 1941 coram
825 1912 851 1940 itt
874 1920 907 1940 os
930 1912 983 1947 ipsi

194 1958 358 1992 exprobrare
375 1965 428 1984 non
453 1957 608 1985 dubitarent
631 1957 775 1991 praeclaras
794 1958 861 1985 istas
875 1957 934 1992 eius
950 1957 982 1984 li-

196 2003 283 2030 tanias
302 2001 387 2030 facem
415 2002 498 2030 fuisse
521 2003 686 2031 luculentam
701 2011 761 2038 qua!
782 2007 884 2030 tantam
903 2003 982 2030 istam

195 2048 271 2075 urbis
290 2053 395 2082 partem
411 2047 605 2075 inﬂammando
623 2050 800 2084 corrupisset.
815 2050 920 2083 Quibus
940 2050 985 2077 ille

197 2096 342 2130 reponebat
363 2103 415 2123 non
434 2096 554 2128 litanias,
580 2097 626 2123 sed
645 2096 763 2131 ipsorutn
780 2097 826 2132 qui
853 2097 894 2124 sic
911 2105 985 2124 mur-

197 2148 347 2175 murarcnt,
363 2142 388 2169 in
410 2150 442 2170 ea
460 2143 616 2177 precatione
632 2151 665 2170 ac
687 2143 792 2170 czcleris
815 2143 866 2178 piis
889 2143 985 2171 ofﬁciis

1022 208 1075 235 τῶν
1086 207 1238 242 ἀνθρώπων
1250 207 1396 242 ὲξεφόρουν
1408 206 1607 241 διαρπάζοντες
1617 213 1624 221 °
1635 206 1652 241 ὴ
1662 206 1717 242 γὰρ
1731 207 1815 233 πᾶσα.

1022 251 1113 286 κρίσις
1134 251 1255 287 ἀρχῆθεν
1280 251 1320 286 τῷ
1333 250 1494 289 πατριάρχῃ
1512 251 1736 286 προσανετιθιτο.
1760 251 1816 278 τοῦ

1025 296 1157 332 βασιλέως
1172 296 1303 328 ἐνδόντος,
1314 296 1352 331 τῷ
1368 297 1417 332 μὲν
1427 297 1585 332 φαινομένῳ
1594 297 1636 325 διὰ
1651 298 1680 324 τὸ
1689 297 1819 332 καθαρὸν

1023 342 1078 369 τῶν
1098 343 1262 378 λημμάτων,
1281 343 1320 378 τῷ
1336 342 1358 369 δ’
1375 342 1567 378 ὑπονοουμένῳ
1586 344 1616 370 τὸ
1629 343 1683 370 ἀπὸ
1697 344 1819 371 πάντων

1022 387 1124 414 αἰδοῖον
1140 389 1187 414 καὶ
1204 388 1321 424 φοϐερὸν
1337 389 1546 424 περιποιοῦντος
1567 389 1606 424 τῷ
1621 390 1754 425 κρίνοντι,
1774 391 1820 422 ὠς

1023 433 1150 460 ἐντεῦθεν
1161 435 1202 467 ,ὲκ
1217 434 1325 469 πρωῖας
1341 435 1437 470 μέχρις
1456 435 1576 470 ἑσπέρας
1593 435 1820 470 ὀχ).αγωγείσθαι

1023 479 1069 506 τὸν
1083 479 1170 514 ἱερέα,
1188 480 1268 515 ὄχλου
1287 481 1386 516 μυρίον
1403 481 1450 507 ἐπὶ
1463 482 1514 515 τὴν
1529 482 1614 516 μονὴν
1629 481 1675 508 τοῦ
1692 482 1820 516 μεγάλου

1023 525 1207 561 λογαριαστοῦ
1231 527 1301 561 (ἐκεῖ
1315 527 1370 563 γὰρ
1387 529 1418 554 ὲκ
1433 527 1481 554 τοῦ
1499 528 1546 554 ἐπὶ
1564 527 1691 555 πλεῖστον
1705 527 1821 563 διῆγεν)

1026 571 1118 598 ἰλαδὸν
1136 572 1341 607 συντρέχοντος.

1138 644 1182 668 ια’.
1204 643 1274 676 Περὶ
1291 642 1345 669 τοῦ
1361 643 1503 678 Ἀνδρέου
1521 645 1707 679 Μουρισκου.

1061 707 1092 744 [Ρ
1106 708 1169 745 408]
1186 702 1241 744 Πρὸ
1252 709 1280 736 δὲ
1294 710 1341 736 τοῦ
1357 710 1494 746 ἁλωθῆναι
1509 712 1636 739 Μάδυτον
1653 713 1821 748 πολιορκουο

1027 756 1111 791 μένην
1126 755 1178 782 ὑπὸ
1193 755 1240 783 τοῦ
1253 757 1375 792 Φαρέντα
1394 757 1496 793 Τζιμῆ,
1514 759 1656 792 ἐφίσταται
1668 759 1821 794 ἁμηράλης

1032 802 1159 838 Ἀνδρέας
1191 803 1349 838 Μουρίσκος
1383 804 1548 836 ἀποσταλεὶς
1579 805 1654 840 παρὰ
1682 805 1821 841 βασιλέως

989 843 1012 872 Β
1027 849 1202 884 σιταρκήσων
1226 849 1256 875 τὸ
1282 849 1412 884 φρούριον
1436 850 1619 884 λειποσιτοῦν,
1638 851 1747 886 σύναμα
1769 851 1822 878 δύο

1028 895 1141 922 ναυσίν·
1171 896 1218 922 καὶ
1238 895 1270 930 δὴ
1293 897 1408 927 ἐπιστὰς
1438 897 1514 932 μόλις
1536 898 1642 932 εἰσάγει
1665 898 1711 925 τὸν
1732 898 1821 925 σῖτον.

1034 940 1154 967 Ἐκεῖθεν
1172 941 1195 967 δ’
1222 939 1300 972 αὖθις
1319 942 1382 975 περι
1410 950 1462 968 που
1487 941 1537 978 τὴν
1564 942 1677 978 Ἴμϐρον
1698 942 1820 978 ἐχώρει·

1028 985 1107 1022 ἔτυχε
1122 986 1177 1022 γὰρ
1192 987 1286 1022 μαθὼν
1298 988 1335 1019 ὡς
1350 988 1498 1023 ἀνάγονται
1510 989 1557 1016 δύο
1572 989 1635 1024 νῆες
1648 990 1680 1016 ἐκ
1690 989 1821 1021 Σικελίας

1029 1076 1156 1111 deinceps
1170 1077 1250 1113 583
1263 1081 1290 1105 ut
1303 1077 1409 1113 propria
1421 1083 1571 1106 servantes.
1583 1078 1645 1105 inde
1655 1078 1736 1113 igitur
1749 1083 1823 1106 natte

1029 1124 1223 1151 controversiae
1230 1124 1380 1151 Athanasio
1389 1124 1569 1159 dijudicandte
1584 1125 1736 1152 veniebant.
1749 1124 1821 1152 Nam

1028 1169 1074 1204 jus
1088 1177 1170 1197 omne
1187 1170 1386 1205 arbitriumque
1404 1171 1589 1205 .qutcstionum
1614 1170 1762 1198 forensium
1785 1172 1822 1199 ab

1031 1215 1110 1244 initio
1128 1216 1239 1244 secundi
1258 1216 1459 1251 patriarcltatus
1475 1216 1626 1244 Athanasio
1650 1217 1677 1244 in
1701 1217 1822 1244 solidum

1031 1267 1170 1295 cesserat,
1195 1262 1350 1296 indulgente
1365 1263 1487 1298 Augusto
1507 1262 1543 1290 ob
1563 1270 1622 1290 eam
1639 1263 1746 1297 quidem
1759 1284 1767 1295 ,
1792 1267 1824 1290 ut

1031 1308 1115 1336 videri
1131 1309 1250 1341 volebat,
1269 1308 1415 1342 rationem,
1429 1308 1499 1342 quod
1516 1316 1531 1335 a
1545 1309 1683 1336 notissima
1698 1308 1757 1343 ejus
1773 1309 1824 1336 ab-

1032 1355 1159 1382 stinentia
1183 1363 1279 1389 puram
1304 1360 1331 1382 et
1359 1355 1458 1382 nullius
1481 1360 1633 1389 suspectati]
1653 1355 1823 1390 acccptionis

1032 1409 1174 1429 munerum
1190 1401 1403 1436 exspectandam
1428 1409 1491 1429 csse
1515 1401 1733 1436 iurisdictionem
1762 1408 1825 1428 ere-

1031 1447 1108 1474 deret
1125 1456 1132 1474 :
1149 1448 1195 1474 sed
1216 1455 1270 1475 non
1288 1447 1389 1475 latebat
1412 1448 1582 1482 perspicaces
1607 1448 1661 1475 alia
1683 1447 1822 1475 occultata

1032 1492 1190 1527 profundius
1203 1493 1281 1520 istius
1295 1492 1483 1519 altributionis
1498 1499 1593 1519 causa.
1609 1491 1712 1526 Nempe
1730 1490 1819 1525 impe-

1032 1544 1106 1567 rator
1124 1539 1261 1566 hominem
1280 1539 1367 1573 palam
1387 1546 1497 1566 exosum
1513 1557 1521 1571 ,
1545 1545 1624 1573 quem
1648 1546 1662 1565 tt
1683 1538 1822 1572 popularis

1031 1585 1174 1614 iusullibus
1188 1585 1295 1613 invidia:
1313 1590 1339 1613 et
1353 1585 1469 1620 querelis
1484 1584 1747 1612 increbrescentibus
1762 1591 1823 1610 om-

1032 1632 1108 1660 nium
1124 1640 1195 1668 aegre
1217 1636 1272 1659 tota
1290 1631 1314 1658 vi
1333 1638 1380 1658 sua
1397 1630 1571 1663 defenderet,
1588 1629 1694 1657 etIiCere
1709 1630 1759 1656 hac
1776 1637 1822 1656 ra-

1032 1679 1107 1706 tione
1118 1679 1244 1706 studebat
1258 1682 1288 1705 ut
1304 1678 1427 1712 plerique
1438 1681 1634 1704 venerarentur
1642 1680 1669 1703 et
1683 1676 1822 1707 timerent.

1032 1725 1071 1753 uti
1088 1733 1149 1753 eum
1173 1733 1188 1752 a
1214 1732 1268 1760 quo
1294 1731 1450 1758 supremam
1474 1723 1666 1751 auctoritatem
1684 1722 1824 1750 obtinente

1029 1774 1180 1809 iudicandi,
1194 1781 1257 1801 suas
1269 1779 1340 1808 saepe
1355 1773 1475 1808 pendere
1490 1772 1614 1800 fortunas
1627 1772 1824 1807 intelligerent.

1033 1820 1120 1854 Qttam
1142 1828 1216 1854 spem
1243 1820 1330 1854 ipsum
1355 1827 1461 1854 quoque
1479 1819 1628 1854 apparebat
1644 1819 1822 1845 Athanasium

1034 1867 1126 1902 sequi,
1142 1866 1206 1894 dum
1222 1865 1381 1893 assiduitate
1397 1864 1621 1892 constantissima
1636 1871 1723 1899 usque
1737 1872 1752 1891 a
1767 1864 1822 1899 pri-

1037 1921 1080 1940 tno
1107 1920 1186 1940 mane
1205 1912 1238 1939 ad
1255 1911 1344 1939 noctis
1364 1911 1552 1945 crepusculum
1577 1910 1664 1937 turbis
1685 1917 1745 1937 sese
1769 1915 1845 1937 tru-_

1035 1959 1161 1986 dentibus
1178 1958 1366 1986 altercantium
1382 1964 1566 1992 compressus,
1586 1963 1672 1984 sacrae
1687 1955 1823 1991 fastigium

1035 2005 1176 2040 dignitatis
1193 2004 1226 2031 ad
1243 2003 1424 2038 cognitionem
1442 2001 1594 2029 recularum
1610 2002 1703 2029 vilium
1724 2002 1824 2028 demit-

1037 2057 1094 2079 tere
1109 2051 1229 2086 pontifex
1247 2049 1422 2081 sustinebat,
1447 2048 1581 2076 immensa
1603 2055 1709 2082 semper
1733 2048 1823 2082 populi

1037 2099 1099 2126 lites
1115 2097 1253 2132 sequentis
1271 2096 1445 2123 multitudine
1460 2096 1494 2123 ad
1519 2095 1713 2122 monasterium
1735 2094 1823 2129 tnagni

1039 2145 1192 2180 logariastae
1208 2143 1257 2178 (ibi
1272 2142 1343 2170 enim
1367 2142 1527 2178 plerumque
1549 2141 1674 2176 degebat)
1697 2145 1825 2176 perpetuo

198 2187 250 2215 rite
272 2188 458 2222 persolveudis
475 2197 506 2216 ac
531 2188 674 2223 fttngcndis
688 2189 812 2223 supinam
829 2190 981 2217 socordiam
1000 2190 1022 2216 D
1035 2200 1094 2220 eam
1109 2191 1145 2219 ob
1161 2190 1330 2218 rem’aﬂiuxn
1344 2194 1534 2216 concurrente.

195 2242 308 2262 causam
328 2235 444 2262 incendii
463 2234 557 2262 fuisSc.
574 2235 696 2262 Addebat
713 2235 813 2269 impetu
827 2235 890 2262 hinc
905 2240 983 2268 capto

197 2283 325 2310 ardentes
342 2281 490 2309 invectivas
507 2282 533 2309 in
552 2282 683 2316 reliquam
704 2289 800 2309 eorum
818 2281 979 2309 dissolutam

198 2329 380 2364 voluptatibus
402 2334 429 2357 et
454 2329 634 2364 negligentem
659 2336 749 2355 rerum
774 2329 927 2356 divinarum
943 2328 986 2354 vi~

198 2381 264 2407 tam,
283 2383 298 2404 e
312 2383 364 2410 qua
379 2383 460 2410 super
473 2382 555 2402 omne
565 2375 636 2401 aliud
652 2374 690 2401 ira
707 2374 752 2402 Dei
769 2374 884 2401 vindicis
899 2374 924 2401 in
937 2382 987 2401 nos

197 2422 324 2450 saeviendi
341 2429 438 2449 causas
455 2422 575 2448 duceret.
590 2420 648 2448 Utri
669 2421 765 2448 horum
783 2427 838 2447 rem
856 2428 904 2447 acu
923 2422 986 2447 teti-

198 2471 298 2503 gerint,
313 2469 426 2496 definire
443 2476 558 2502 nequeo.
573 2467 705 2495 Caeterum
721 2468 879 2495 occasiones
897 2467 986 2494 litium

198 2517 231 2544 ad
246 2516 359 2543 densius
374 2515 502 2548 deinceps
527 2515 737 2548 constipandum
764 2515 924 2549 patriarcha!
946 2515 988 2542 fo-

200 2571 258 2590 rum
275 2563 337 2590 hinc
350 2562 491 2592 exstitere,
508 2569 560 2588 non
577 2561 662 2588 solum
674 2561 800 2596 quoniam
817 2562 987 2596 consttmptis

198 2607 360 2644 syngraphis
374 2611 400 2634 et
418 2607 520 2634 chartis
537 2606 660 2641 plurimis
678 2606 748 2641 apud
764 2606 836 2633 aedes
849 2607 910 2642 igne
923 2614 989 2634 con-

198 2661 319 2689 sumptas
331 2659 512 2680 mercatorum
527 2652 646 2679 cenittsm
661 2653 815 2680 necessario
826 2658 889 2680 sunt
902 2654 985 2680 debiti

198 2708 225 2730 et
243 2701 322 2730 soluti
340 2702 470 2732 rationes,
487 2701 534 2727 sed
552 2701 632 2726 etiam
648 2700 710 2734 quia
728 2705 806 2727 nocte
824 2700 869 2726 illa
895 2700 987 2734 plures

197 2753 394 2777 concurrentes
411 2748 500 2782 specie
515 2748 719 2775 commodandae
734 2755 824 2781 opera:
839 2752 987 2782 exportan-

197 2797 239 2824 dis
267 2797 293 2823 in
321 2800 407 2822 tutqu
430 2795 511 2822 rebus
535 2794 568 2821 ab
592 2793 653 2829 igne
671 2793 890 2827 periclitantibus
916 2792 988 2819 furta

198 2842 281 2869 multa
303 2841 434 2875 fecerunt,
461 2840 550 2869 aliena
571 2841 598 2869 in
631 2845 720 2868 tantos
735 2839 858 2876 proprias
882 2844 989 2874 portata

1250 2243 1293 2286 ii.
1314 2257 1351 2285 De
1366 2258 1471 2284 Andrei:
1487 2256 1614 2284 Marino.

1073 2328 1152 2356 Prius
1172 2335 1253 2363 porro
1274 2334 1355 2362 quam
1372 2330 1516 2360 caperetur
1536 2325 1660 2361 Madytus
1680 2325 1791 2353 obsessa
1810 2333 1823 2352 a

1014 2386 1016 2388 -
1038 2373 1178 2401 Pharcnda
1203 2372 1308 2404 Tzime,
1329 2371 1452 2398 Andreas
1480 2371 1613 2399 Muriscus
1638 2371 1671 2398 ad
1686 2371 1746 2405 ejus
1761 2371 1825 2398 vici-

1039 2421 1111 2447 niam
1132 2427 1162 2447 se
1179 2419 1330 2446 contulerat
1347 2418 1518 2454 imperatoris
1533 2417 1610 2453 jussu
1631 2425 1692 2445 cum
1713 2417 1824 2445 navibus

1039 2467 1156 2496 duabus.
1171 2470 1350 2497 commeatus,
1367 2465 1389 2492 si
1403 2473 1454 2499 qua
1471 2469 1571 2499 posset,
1589 2465 1785 2499 importaturus
1798 2464 1823 2490 in

1039 2519 1129 2539 arcem
1153 2511 1227 2537 illam
1247 2510 1439 2536 alimentorum
1461 2509 1572 2544 penuria
1593 2509 1772 2536 laborantem.
1795 2508 1824 2536 Et

1040 2559 1171 2586 hactenus
1182 2558 1289 2592 quidem
1305 2556 1448 2584 consilium
1462 2555 1607 2587 successit,
1622 2560 1661 2587 ut,
1673 2563 1743 2589 aegre
1755 2555 1823 2587 licet,

1040 2605 1147 2632 tandem
1167 2608 1257 2630 tamen
1272 2603 1390 2636 aliquant
1412 2602 1541 2629 frttmenti
1559 2602 1666 2636 copiam
1695 2601 1833 2628 Muriscus-

1041 2651 1067 2679 in
1083 2651 1108 2678 id
1120 2655 1238 2677 castrum
1254 2650 1423 2676 immitteret.
1438 2649 1496 2682 Quo
1509 2648 1580 2676 facto
1592 2656 1652 2676 cum
1664 2648 1697 2674 ad
1709 2648 1822 2675 Imbrum

1041 2697 1210 2729 recessisset,
1227 2697 1335 2732 cognito
1354 2696 1407 2724 illic
1424 2696 1492 2723 duas
1507 2695 1603 2722 adduci
1619 2694 1796 2730 Amogabaris
1811 2702 1824 2720 c

1040 2744 1132 2771 Sicilia
1151 2751 1244 2776 naves,
1266 2743 1362 2770 harum
1383 2742 1474 2770 studio
1499 2741 1776 2776 prwoccupandarum
1796 2747 1824 2767 eo

1041 2799 1093 2827 qna
1107 2791 1251 2818 veniebant.
1262 2797 1371 2817 cursum
1386 2788 1512 2816 intendit.
1528 2788 1582 2815 lll:e
1600 2793 1690 2815 autent
1705 2787 1823 2814 inobser-

1043 2843 1108 2866 γειιω
1123 2838 1230 2872 longius
1254 2843 1336 2872 quam
1363 2836 1448 2863 nostri
1467 2835 1610 2863 crederent
1630 2837 1822 2870 processerant.
