1957 3066
80 145 130 182 till

512 150 560 181 DE
582 150 804 181 ANDRONICO
818 149 1052 181 PAL/EOLOGO
1071 150 1145 183 LIB.
1165 152 1234 183 VH.

1659 154 1714 186 6i!

91 207 313 242 ’Δμογαϐἀροις,
347 208 394 234 καὶ
431 209 650 244 προκαταλαϐεῖν
685 209 730 235 τὴν
761 208 873 234 ἐκείνων
886 209 1024 243 Αγυμνοῖ
1039 209 1198 244 ξύμπαντας
1218 209 1272 236 τῶν
1293 209 1382 236 ὅπλων
1407 210 1556 245 Ῥωμαίους
1571 210 1617 243 οὒς
1640 209 1713 246 εἶχεν

86 253 200 279 ἔσπευδε
215 253 327 288 δρόμον.
343 254 375 280 Al
390 253 418 280 δὲ
433 254 462 287 ἐξ
475 254 594 288 ἀφανοῦς
614 254 756 289 διαδρᾶσαι
773 255 820 280 καὶ
835 253 875 287 τῷ

86 298 202 334 πορθμῴ
219 300 366 326 ἐπιστᾶσαι
381 300 451 326 κατὰ
463 299 514 334 τὴν
527 300 644 326 Καλλιου
655 299 808 335 χειροῦνται
825 299 875 333 μὲν

85 345 114 377 ἐξ
128 345 227 378 ἐφόδου
247 345 363 380 ὓατέραν
383 354 438 372 των
449 346 495 372 τοῦ
510 346 668 381 Μουρεσκου
683 346 772 372 ἑκοντὶ
791 353 875 379 προσ-

87 390 203 425 σχοῦσαν
218 391 259 425 τῷ
273 392 322 426 τὴν
337 392 471 426 πολεμίαν
487 392 659 419 ὑποτοπάσαι
679 390 749 418 εἶναι
764 391 812 427 τὴν
829 391 874 417 τὸν

85 436 241 471 Μουρεσκον
255 437 401 471 φέρουσαν.
417 438 448 464 Ol
460 438 488 464 δὲ
500 437 538 469 ὡς
551 437 660 472 ἕτοιμον
674 437 761 473 θήραν
776 437 874 464 αὔταν-

86 481 145 515 δρον
162 482 342 516 περισχόντες
357 482 406 517 τὴν
419 482 498 515 ναῦν,
511 482 626 514 πάντας.
648 483 709 517 δίχα
726 482 806 509 τινῶν
820 482 874 508 τῶν

87 527 207 562 θαλάσσῃ
236 528 457 560 ἁποκειλάντων,
479 528 566 563 ,ἔργον
593 528 698 554 ποιοῦσι
727 528 873 563 μαχαίρας,

85 573 165 607 μόνον
177 573 224 599 τὸν
241 573 379 608 ναύαρχον
395 575 659 608 περιποιησάμενον
677 575 690 600 ὁ
701 574 755 608 γὰρ
775 574 876 609 ναύαρ-

86 627 127 653 χος
148 617 220 650 Θέῐο;
238 617 273 654 ἦν
297 619 344 646 τοῦ
370 620 539 654 Μουρισκου.
568 620 681 646 Ἐκεῖνοι
698 620 725 646 δὲ
743 620 819 654 μόλις
835 619 874 654 τῷ

87 663 189 698 σώματι
204 664 430 698 διαπλεύσαντες,
449 665 479 692 τὸ
497 661 618 701 πραχθὲν
640 666 802 698 ἐπιστάντες
821 666 873 692 Τε-

86 709 149 744 νέδῳ
163 711 331 744 ἀγγέλλουσι
355 711 393 746 τῷ
413 712 562 747 Μουρίσκῳ
575 720 581 726 ·
608 711 677 746 πλὴν
695 712 742 738 καὶ
759 711 805 738 τὸν
820 712 874 738 τῶν

86 754 154 788 νηῶν
171 755 273 790 φόρτον
290 756 426 790 δηλοῦσιν,
451 756 489 788 ὼς
513 755 609 787 κώπας
629 757 684 788 τοῖς
708 756 874 787 Κατελάνοις

86 800 279 836 διακομίςοιεν.
315 802 408 828 Ταῦτα
434 802 515 836 γνοὺς
548 802 725 837 Μουριτχος.
760 803 808 830 καὶ
836 803 874 834 ὡς

86 847 250 881 κατάσχεσιν
261 847 377 874 ἐπύθετο
389 847 436 874 καὶ
447 848 544 883 ἐτέρας
556 849 619 883 νηὸς
632 849 664 882 ἣν
676 848 873 883 προαπέστειλε

86 893 218 927 βασιλεὺς,
234 894 331 926 δεινῶς
346 894 423 930 ἤλυε,
434 895 483 922 καὶ
496 895 635 926 διενοεῖτο,
648 895 684 926 ῶς
703 894 797 927 ἔδειξε,
815 896 872 927 τοῖς

86 940 141 973 μετ’
157 940 242 967 αὑτοῦ
268 941 302 967 τὰ
319 941 357 977 μὴ
374 942 528 976 πρόσφορα.
549 942 658 976 Ἐπειδὴ
674 943 728 977 γὰρ
746 943 827 974 αὐτός
842 951 872 968 τε

86 986 129 1012 καὶ
141 987 165 1013 οἱ
176 987 208 1013 ἐκ
222 987 359 1021 βασιλέως
372 988 543 1023 πεμφθέντες
564 988 695 1023 Ῥωμαῖοι
708 991 738 1016 ὲν
750 989 811 1017 δυσὶ
825 990 873 1016 καὶ

87 1032 176 1066 μόναις
184 1035 284 1060 ναυσὶν
294 1033 458 1067 ἐπώκελλον,
465 1034 519 1060 τῶν
528 1035 629 1061 λοιπῶν
637 1035 794 1069 ἀλωμένων,
803 1036 874 1063 ἀπά-

86 1087 133 1113 ρας
145 1081 193 1106 σὺν
202 1081 297 1112 αὐτοῖς
308 1080 412 1108 ἐκεῖθεν
422 1082 469 1108 καὶ
477 1083 510 1116 τῇ
519 1082 710 1116 Προικοννήσῳ
718 1083 873 1118 προσσχὼν,

86 1168 208 1204 Adeoque
233 1170 262 1197 in
281 1169 378 1198 fretum
403 1170 461 1205 jam
485 1177 586 1200 evecta:
613 1180 697 1208 prope
723 1173 873 1209 Callipolim

85 1220 227 1244 occurrunt
256 1216 403 1250 improviso
418 1225 472 1244 non
501 1218 654 1247 advertenti
681 1224 708 1246 et
731 1219 873 1248 festinanti

87 1261 193 1289 ulterius
209 1263 337 1290 Andreae.
356 1263 406 1291 llic
423 1264 493 1291 forte
512 1265 625 1299 coiitigit
641 1270 738 1292 nautas
758 1267 872 1295 alterius

88 1307 188 1336 Ilurisci
201 1310 316 1338 navium
333 1311 405 1339 ultro
416 1319 445 1339 se
457 1312 603 1340 admovere
615 1313 684 1340 hosti
699 1321 752 1340 non
767 1314 870 1348 agnito.

87 1359 151 1391 quod
167 1366 266 1387 navem
293 1359 443 1393 conspicati
462 1360 580 1388 Siculam
609 1360 683 1387 illam
702 1367 762 1388 esse
784 1361 869 1394 ipsam

88 1404 223 1432 crederent
239 1413 294 1439 qua
324 1406 383 1433 dux.
407 1407 526 1441 ipsorum
545 1406 678 1434 amerales
707 1407 868 1434 vehebatur.

89 1447 157 1476 [laud
181 1451 237 1485 pari
272 1458 365 1478 errore
396 1451 482 1479 delusi
514 1442 720 1488 Siculir‘584
747 1457 870 1486 paratam

89 1499 189 1524 strenue
217 1497 385 1531 arripientes
413 1498 542 1532 praedam,
570 1499 629 1525 navi
659 1498 782 1526 Romana
809 1504 871 1527 sunt

90 1535 169 1574 potiti,
188 1547 353 1577 nostrosque
380 1543 434 1570 illic
450 1549 572 1578 repertos
588 1545 757 1578 occiderunt,
773 1550 872 1580 prater
886 1560 909 1590 ρ

90 1589 212 1620 quosdam
232 1589 281 1623 qui
300 1588 374 1623 jactu
392 1589 512 1617 ἰηκιιηιτο
529 1591 661 1626 praecipiti
678 1591 760 1626 gladii
783 1592 869 1620 aciem

89 1632 216 1667 fugerunt,
232 1640 262 1662 et
279 1635 447 1662 navarchum
467 1643 565 1670 spome
594 1644 608 1663 a
637 1638 786 1665 victoribus
814 1646 871 1666 ser-

90 1684 182 1706 vatum.
196 1679 249 1707 Hic
260 1686 319 1707 erat
334 1681 443 1709 Murisci
460 1689 584 1716 patruus.
600 1682 638 1710 llli
654 1688 743 1711 autem
759 1691 827 1718 quos
841 1691 871 1711 se

90 1724 114 1750 iu
129 1733 221 1760 aquam
238 1727 369 1762 injecisse
385 1728 515 1760 diximus,
531 1729 588 1756 solo
606 1737 735 1757 manutnn
757 1730 870 1764 remigio

89 1778 153 1806 aegre
186 1774 294 1800 tandem
324 1773 404 1801 nudis
439 1775 598 1808 c0rporihus
627 1775 695 1802 salvi
729 1775 869 1803 Tenedum

89 1819 196 1854 appulsi,
208 1828 268 1848 rem
282 1820 336 1847 illic
352 1826 455 1856 gestam
477 1820 595 1848 Murisco
610 1821 782 1854 nuntiarunt,
801 1829 869 1856 pra:-

90 1870 207 1900 lcreaque
234 1868 437 1902 significarunl,
468 1868 532 1901 quid
554 1868 652 1895 Sicula:
671 1876 753 1895 naves
778 1869 870 1896 oneris

90 1912 222 1945 haberent,
237 1917 305 1940 etut
320 1921 407 1940 remos
422 1918 502 1947 atque
519 1913 544 1939 id
560 1921 645 1947 genus
659 1922 734 1940 artua
749 1915 867 1947 nautica,

89 1957 237 1987 triremibus
263 1959 367 1986 scilicet
392 1959 570 1991 instruendis,
598 1965 774 1994 apportarent
789 1959 869 1987 Cute-

90 2001 160 2030 lanis.
177 2003 222 2031 llis
241 2004 375 2031 Muriscus
393 2005 519 2040 cognitis,
547 2005 627 2032 simul
644 2006 728 2032 etiam
754 2006 869 2034 audiens

90 2048 162 2076 aliam
181 2058 196 2078 ε
215 2051 307 2078 missis
323 2051 357 2077 sb
374 2051 539 2085 imperatore
568 2051 683 2079 navibus
709 2056 815 2086 captant
841 2056 868 2079 et

91 2094 168 2128 ipsam
194 2096 288 2129 fuisse,
310 2097 336 2124 in
361 2104 470 2132 gravent
498 2096 620 2132 dejectus
645 2104 789 2125 mterorem
816 2103 866 2130 est,

91 2141 245 2177 anxiumque
273 2142 313 2170 sic
327 2143 447 2170 animum
464 2150 512 2176 per
525 2143 602 2169 varia
620 2150 733 2170 versans
750 2144 866 2171 consilia

91 2186 113 2212 in
127 2193 157 2213 eo
172 2188 289 2222 denique
304 2188 452 2222 acquievit,
465 2187 536 2222 quod
556 2187 667 2215 minime
684 2189 866 2221 conducibile,

926 255 1001 287 ὲντὺς
1015 256 1185 290 συμμάχους,
1209 255 1328 290 γυμνούς
1349 265 1378 282 τε
1402 257 1450 283 καὶ
1473 257 1607 288 ἀνόπλους
1631 258 1713 291 ἀφεὶς

928 301 997 328 ἱέναι
1017 310 1046 328 τε
1064 302 1249 336 παραγγέλλει
1265 302 1332 337 πρὸς
1348 302 1458 336 βασιλέα
1483 304 1530 330 καὶ
1552 303 1672 339 δηλῶσαί
1687 305 1712 331 οἱ

926 347 960 373 τὰ
979 348 1119 381 γεγονότα.
1136 347 1219 374 Ταῦτ’
1238 348 1397 379 ἐπιστάντες
1418 350 1528 381 ἐκεῖνοι,
1546 350 1616 385 πλὴν
1634 352 1712 385 μέλις

927 393 974 420 καὶ
994 393 1064 427 μετὰ
1077 393 1147 428 βίας,
1164 394 1361 420 Γεννουῖτικῶν
1387 395 1455 421 ἑπτὰ
1480 396 1615 429 φανεισῶν
1630 397 1709 427 νεῶν,

926 435 970 470 αἶς
998 438 1185 474 Θαρῤήσαντες
1214 440 1263 466 καὶ
1288 440 1365 466 αὐτοὶ
1388 441 1581 467 συνεκπλὲουσι
1607 443 1652 468 καὶ
1674 443 1711 475 τῷ

926 484 1033 519 βασιλεῖ
1049 485 1228 519 ἀγγέλλουσιν
1257 486 1295 518 ὡς
1320 486 1374 512 οὐδ’
1393 486 1474 515 αὐτὸς
1498 476 1662 520 Μουρίσέοᾴ,
1688 489 1712 513 εἰ

927 530 965 566 μὴ
979 522 1042 566 νῆες
1054 532 1168 565 ἀρκεταὶ
1181 531 1250 566 πρὺς
1262 531 1484 566 ἀντιπαλάμησιν
1495 532 1638 561 ἐπισταῖεν
1658 533 1712 558 τῶν

926 577 1066 608 ἐναντίων,
1091 577 1121 602 οὗ
1150 577 1290 612 πρόθυμος
1316 577 1349 603 ἂν
1370 578 1411 611 εἴη
1441 578 1470 609 ἐς
1495 577 1544 613 τὴν
1572 577 1712 613 βασιλικὴν

925 621 1059 654 δουλείατ,
1076 620 1126 657 τὴν
1143 622 1304 656 πειρατικὴν
1319 623 1519 657 περιπλάνησιν
1536 623 1582 648 καὶ
1595 623 1628 648 τὰ
1643 623 1713 648 ἐκεῖ-

926 667 972 693 θεν
1005 667 1090 702 κέρδη
1121 668 1185 702 περὶ
1214 667 1339 693 πλείστου
1370 667 1543 701 ποιούμενος.
1578 667 1648 694 Ἀλλ’
1663 669 1712 694 οὐκ

925 712 1054 739 ἀπώνατο
1064 713 1118 739 τῶν
1132 712 1259 739 τοιούτων
1273 713 1305 748 δὴ
1316 712 1519 748 βουλευμάτων,
1534 713 1592 739 ἀλλ’
1607 715 1667 739 ἐπεὶ
1680 713 1711 749 [Ρ

925 757 990 794 409]
1004 758 1052 785 δύο
1063 759 1130 794 νῆας
1142 759 1361 794 ὲξαρτυσάμενος
1381 759 1444 794 περί
1461 768 1513 785 που
1524 761 1569 786 τὸν
1583 761 1633 796 τῆς
1652 761 1713 786 Ἐλ-

924 803 1227 839 λησπὸντουπορθμὺν,
1249 804 1379 838 μαθόντες
1403 805 1427 830 οἱ
1443 805 1557 830 ἐναντίοι
1575 806 1638 840 περὶ
1648 805 1711 831 10'3-

924 858 983 882 του,
1002 850 1049 876 σὺν
1071 846 1111 880 οἷς
1127 849 1261 881 Φίλιππος
1275 850 1396 885 ἀρχηγὸς
1420 850 1542 882 ἐκείνων,
1554 851 1615 876 ὅσον
1630 851 1711 886 τάχος

889 886 910 914 Β
925 895 968 921 ἐπ’
983 896 1085 922 ἐκεῖνον
1107 895 1266 930 ἐξήλαυνον,
1282 897 1330 922 καὶ
1346 896 1410 930 περι
1434 905 1484 922 που
1510 897 1555 922 τὸν
1575 897 1711 932 ’Λρτάκην

925 942 979 969 τῶν
996 942 1155 978 Κυζικηνῶν
1178 942 1296 969 ἐπίνειον
1317 943 1388 969 κατὰ
1412 943 1443 969 τὸ
1464 943 1590 969 Ἀλώνιον
1608 944 1712 978 συμϐα-

925 988 1016 1019 λόντες
1028 989 1070 1022 ἐς)
1084 989 1174 1015 ἱκανὸν
1193 989 1364 1024 διεμάχοντο,
1383 989 1430 1015 καὶ
1453 990 1644 1023 περιεγένοντο
1665 990 1710 1014 τοῦ

925 1032 1090 1068 Μουρισκου,
1117 1034 1172 1061 τῶν
1200 1035 1265 1070 περὶ
1289 1035 1393 1060 ἐκεῖνον
1424 1035 1626 1069 ἀπειρηκότων.
1658 1035 1712 1059 Kal

925 1078 1029 1113 γίνεται
1046 1080 1126 1113 φόνος
1144 1080 1239 1114 πολὺς,
1257 1080 1341 1106 αὑτοῦ
1359 1081 1440 1115 μόνου
1458 1081 1617 1116 Μουρίσκου
1631 1089 1711 1116 περι-

925 1178 986 1199 cum
998 1178 1045 1205 spe
1062 1170 1201 1198 verisimili
1216 1170 1336 1198 victoriae
1350 1175 1444 1198 contra
1456 1170 1569 1198 classem
1587 1171 1711 1198 hostilem

927 1225 987 1245 mox
1005 1216 1218 1252 potentissimatn
1237 1217 1364 1248 futuram,
1384 1222 1411 1244 et
1424 1217 1526 1245 eaedem
1550 1217 1602 1244 sibi
1628 1224 1712 1244 naves

926 1271 988 1291 cum
1013 1264 1090 1298 plena
1117 1267 1251 1297 potestate
1278 1264 1502 1298 permitterentur
1531 1263 1644 1290 ducendi
1666 1271 1712 1290 eas

927 1318 1090 1345 quocunque
1115 1311 1196 1338 vellet
1218 1311 1272 1337 late
1299 1318 1345 1344 per
1371 1311 1457 1337 maria
1478 1311 1512 1338 ad
1536 1311 1712 1338 excursiones

927 1356 1065 1390 piraticos,
1083 1357 1201 1391 qualium
1215 1364 1229 1383 a
1242 1363 1272 1384 se
1284 1356 1348 1383 olim
1363 1361 1483 1382 actarum
1499 1355 1602 1383 lucrum
1614 1364 1712 1387 exper-

929 1407 972 1430 tus
988 1402 1068 1438 585
1086 1402 1181 1437 ingens
1204 1402 1324 1429 fraudari
1344 1410 1376 1437 et)
1395 1409 1443 1436 per
1461 1409 1572 1429 causam
1589 1407 1712 1436 angusta:

927 1455 958 1475 ac
975 1449 1076 1476 sterilis
1091 1448 1192 1475 circum
1210 1447 1364 1476 suburbana
1382 1447 1473 1475 littora
1489 1447 1593 1474 navalis
1608 1448 1712 1474 militia:

925 1494 997 1522 haud
1012 1502 1041 1522 se
1065 1495 1091 1521 in
1114 1500 1251 1529 posterum
1276 1495 1331 1528 pati
1347 1494 1449 1521 diceret
1469 1501 1560 1528 posse.
1576 1494 1710 1521 Caeterum

925 1549 977 1568 non
996 1541 1092 1577 longus
1106 1542 1170 1569 huic
1195 1549 1305 1568 suorum
1323 1541 1500 1568 consiliorum
1525 1540 1633 1568 fructus
1646 1548 1710 1568 con-

923 1589 1002 1616 stitit.
1017 1588 1083 1616 Nam
1102 1595 1136 1615 ex
1155 1595 1208 1624 quo
1224 1588 1401 1620 renuntiavit,
1416 1595 1470 1622 quo
1487 1588 1567 1615 modo
1579 1587 1709 1620 diximus,

920 1636 1079 1671 obsequium
1109 1636 1241 1669 Augusto,
1267 1633 1379 1660 armatis
1402 1637 1511 1667 sumptu
1535 1640 1586 1660 suo
1604 1633 1710 1659 duabus

921 1683 1044 1714 navibus,
1060 1682 1088 1708 in
1110 1681 1143 1709 iis
1157 1681 1221 1708 dum
1236 1679 1378 1714 opperitur
1393 1678 1602 1713 inllellesponto
1619 1682 1710 1706 trans-

902 1725 988 1756 ~itutn
1017 1728 1189 1756 commodum
1211 1727 1238 1753 in
1260 1733 1353 1760 aequor
1373 1725 1480 1760 plenum
1497 1725 1542 1752 ubi
1566 1732 1640 1752 more
1659 1732 1709 1751 suo

920 1783 952 1803 ac
970 1781 1074 1810 qutestu
1097 1774 1181 1802 veteri
1205 1773 1320 1808 piratam
1347 1777 1453 1808 ageret,
1487 1773 1635 1806 conspicati
1663 1780 1710 1799 eas

920 1823 1080 1854 adversarii,
1091 1829 1184 1849 secum
1194 1820 1328 1848 habentes
1339 1818 1468 1854 appulsas
1481 1826 1575 1846 recens
1589 1826 1603 1845 e
1616 1818 1708 1846 Sicilia

920 1877 1002 1896 naves
1024 1869 1122 1903 quibus
1147 1868 1287 1902 Philippus
1316 1867 1426 1903 quidam
1451 1871 1577 1901 praeerat.
1598 1873 1707 1892 cursum

920 1916 1064 1943 confestim
1087 1915 1113 1941 in
1136 1915 1198 1942 illas
1215 1913 1375 1947 expediunt.
1395 1912 1428 1938 Et
1448 1920 1552 1939 summa
1569 1913 1709 1938 celeritate

920 1961 1036 1990 insecuti
1047 1960 1253 1994 deprehendunt
1265 1959 1367 1986 circum
1380 1959 1496 1985 Artacen
1509 1958 1706 1993 Cyzice-norum

920 2004 1024 2036 navale,
1043 2005 1087 2031 tibi
1108 2011 1191 2038 prope
1214 2004 1340 2030 Alonium
1355 2009 1444 2037 pugna
1463 2002 1643 2030 committitur
1659 2003 1704 2030 diu

919 2058 1029 2085 auceps,
1057 2050 1158 2078 acriter
1184 2048 1302 2077 Murisco
1328 2049 1486 2080 resistente,
1506 2049 1592 2083 quoad
1626 2050 1707 2084 hujus

920 2096 1050 2123 militibus
1067 2096 1171 2122 animos
1184 2095 1415 2129 despondentibus
1435 2094 1577 2129 Philippus
1594 2102 1707 2129 super..-

920 2143 968 2174 vit,
982 2147 1007 2170 et
1020 2142 1093 2169 czcde
1118 2150 1149 2168 ac
1166 2147 1256 2176 strage
1272 2141 1373 2168 circum
1392 2141 1539 2168 Muriscum
1561 2142 1633 2168 edita
1651 2149 1704 2168 non

919 2197 1001 2224 parva
1017 2197 1077 2216 cum
1095 2190 1181 2223 ipsum
1198 2189 1280 2223 cepit,
1302 2193 1357 2215 tum
1374 2190 1468 2215 ambas
1481 2187 1538 2223 ejus
1553 2197 1636 2216 naves
1650 2190 1708 2215 suis

91 2236 116 2257 ut
133 2239 240 2262 eventus
252 2234 426 2266 monstravit,
442 2234 586 2260 comitibus
603 2235 687 2268 ipsius
700 2234 780 2261 foret.
799 2234 867 2262 Cum
885 2234 905 2261 ἰ)
922 2235 1073 2270 adjungcns
1098 2234 1186 2261 victor
1207 2239 1249 2261 est
1273 2241 1408 2261 reversus.
1430 2233 1484 2261 Nec
1505 2235 1651 2268 quidquam
1675 2243 1709 2261 eo

91 2281 154 2306 enim
171 2286 223 2309 tam
241 2282 393 2317 ipsequam
409 2280 456 2315 qui
474 2281 524 2308 sub
543 2289 575 2308 eo
590 2281 666 2308 missi
693 2283 727 2308 ab
745 2281 864 2316 impera-

92 2329 144 2352 tore
157 2326 269 2354 Romani
287 2326 450 2358 militabant,
466 2327 492 2353 in
507 2327 573 2354 duas
588 2327 643 2360 jam
660 2326 733 2353 solus
748 2326 867 2359 relictas,

91 2373 186 2400 ceteris
199 2374 232 2401 ab
256 2373 333 2400 hoste
345 2372 498 2407 occupatis,
524 2373 648 2399 contrusi
666 2380 749 2400 naves
764 2378 866 2407 essent,

93 2424 146 2444 cum
178 2419 218 2446 his
250 2419 359 2446 solvens
389 2420 452 2446 inde
489 2418 704 2446 Prmconlesum
740 2419 868 2454 appulsus

92 2463 181 2496 spoliat
200 2465 283 2493 armis
298 2464 437 2493 Romanos
454 2471 560 2496 omnes,
575 2468 601 2491 et
626 2464 700 2492 nullo
716 2465 866 2492 instructos

93 2508 183 2537 viatico
206 2511 329 2544 dimittit,
347 2511 387 2538 ire
405 2511 439 2538 ad
467 2511 658 2545 imperatorem
680 2511 779 2545 iubens
799 2515 826 2538 et
841 2511 867 2539 ei

94 2561 194 2584 narrare
205 2565 263 2592 qua:
275 2558 443 2585 acciderant.
462 2557 651 2584 Pervenerqu
667 2557 694 2584 hi
709 2558 817 2585 tandem
833 2560 867 2586 ad

94 2601 243 2637 Augustum,
260 2613 330 2640 aegre
345 2605 467 2640 quidem,
494 2610 521 2632 ct
537 2605 581 2632 diu
595 2606 707 2640 qumsita
726 2606 753 2633 in
772 2608 866 2633 urbem

94 2650 272 2678 transfretandi
296 2651 436 2678 facultate.
457 2651 509 2678 Sed
534 2652 726 2685 apparentibus
748 2659 867 2678 comtno~

80 2695 150 2722 'dutn
173 2704 271 2732 septem
288 2698 472 2726 Genuettsium
499 2699 623 2730 navibus,
640 2703 754 2725 excrato
770 2699 797 2726 in
818 2706 865 2726 eas

95 2747 210 2775 ascensu,
224 2745 357 2779 deportati
372 2752 404 2771 eo
421 2744 538 2778 denique
557 2743 716 2777 imperatori
734 2752 868 2779 exposue-

95 2794 151 2817 runt
175 2793 237 2824 quid
263 2793 328 2827 ipsis
346 2791 501 2823 accidisset,
518 2791 598 2825 eique
614 2792 775 2818 nuntiarunt
797 2793 868 2819 nolle

96 2838 199 2871 amplius
223 2839 368 2866 Muriscum
391 2838 443 2872 ipsi
463 2836 579 2869 sortire,
598 2836 650 2864 nisi
666 2843 693 2864 et
715 2845 796 2865 naves
815 2839 866 2873 ipsi

98 2884 212 2913 Jurculur
233 2887 329 2915 idoneo
346 2892 459 2912 numero
475 2890 505 2910 ac
523 2882 620 2910 robore
633 2883 665 2910 ad
686 2886 859 2918 pugnandum

97 2946 112 2958 κ

921 2287 1040 2317 tempore
1069 2283 1151 2308 vitam
1187 2281 1305 2307 Murisco
1339 2280 1390 2307 nisi
1422 2280 1541 2315 Philippi
1570 2282 1707 2314 gratitudo

919 2328 1049 2357 servavit.
1079 2327 1239 2355 Meminerat
1263 2326 1306 2353 hic
1338 2326 1410 2353 enim
1437 2326 1505 2352 alias
1529 2334 1559 2354 se
1586 2326 1611 2352 in
1638 2327 1707 2355 mari

919 2381 1027 2412 captum
1044 2383 1058 2402 a
1073 2375 1191 2402 Murisco
1202 2374 1310 2405 eodem,
1325 2373 1468 2408 piraticam
1479 2378 1542 2400 tunc
1552 2373 1707 2405 faetitantc,

920 2427 1065 2450 tractatum
1078 2423 1111 2448 nl)
1121 2421 1179 2456 ipso
1193 2421 1346 2447 humaniter
1356 2420 1440 2447 fuisse
1449 2419 1578 2454 brevique
1591 2420 1704 2447 liberum

918 2469 1074 2499 dimissum,
1094 2467 1163 2502 lytro
1178 2475 1231 2494 non
1243 2473 1351 2501 magno.
1370 2466 1440 2500 Ergo
1459 2473 1551 2500 parem
1568 2466 1608 2493 illi
1625 2466 1707 2494 modo

919 2516 1034 2551 gratiam
1060 2515 1210 2549 rependere
1236 2513 1376 2547 Philippus
1406 2513 1505 2546 voluit,
1535 2521 1588 2539 non
1618 2513 1706 2540 multo

917 2566 981 2596 post
997 2560 1092 2587 redimi
1113 2567 1174 2586 eum
1201 2559 1270 2593 apud
1297 2558 1434 2585 Tenedum
1455 2559 1548 2587 sinens
1575 2566 1589 2585 a
1610 2563 1707 2593 patruo

919 2608 977 2642 ejus
990 2607 1046 2633 illic
1066 2606 1136 2633 f0rte
1151 2610 1271 2639 reperto,
1290 2606 1376 2632 tribus
1395 2612 1539 2632 aureorum
1558 2611 1703 2639 parvorum

919 2653 1050 2680 millibus.
1076 2651 1126 2679 Per
1144 2653 1214 2678 hunc
1229 2659 1386 2678 successum
1406 2650 1514 2678 Murisci
1530 2655 1603 2677 metu
1624 2653 1706 2677 Amm

918 2700 1010 2735 μὶ)ςηί
1026 2699 1118 2731 soluti,
1134 2700 1261 2726 fidentius
1278 2699 1335 2733 jam
1355 2703 1540 2726 commeantes
1552 2698 1579 2724 itt
1596 2698 1700 2728 Asiatn,

918 2747 1016 2774 Persas
1036 2747 1089 2773 illic
1107 2754 1158 2772 nnu
1176 2753 1277 2780 paucos
1303 2745 1354 2772 sub
1367 2745 1436 2772 duce
1451 2744 1531 2770 Atina
1555 2747 1704 2773 merentes,

918 2792 1001 2820 certis
1018 2792 1044 2819 in
1063 2799 1126 2819 suas
1141 2796 1231 2826 partes
1246 2790 1448 2819 conditionibus
1475 2793 1617 2821 altractos,
1636 2789 1706 2815 freto

920 2838 1035 2872 trajecto
1064 2838 1097 2864 ad
1124 2845 1172 2864 sua
1202 2839 1295 2866 castra
1321 2837 1511 2871 deportarunt.
1541 2833 1573 2861 lli
1599 2835 1708 2861 caneris

920 2884 1053 2918 adjuncli,
1068 2884 1112 2918 qui
1127 2883 1246 2919 jamillic
1260 2889 1347 2917 crant,
1365 2883 1420 2909 suis
1436 2880 1622 2916 popularihllsr
1638 2880 1706 2907 Μετ’
