1957 3066
94 123 144 154 MO

534 125 582 155 DE
604 124 820 155 ANDRONICO
837 122 1066 155 PALEOLOGO
1086 125 1157 155 LlB.
1182 125 1246 156 VII.

1658 127 1712 160 650

93 179 254 206 Κατελάνων
270 180 394 214 αἴσθησιν
412 180 486 216 ἠξίου
506 182 570 216 περὶ
588 181 720 214 σπονδῶν,
738 180 776 212 ὡς
793 181 872 208 αὐτό·
887 183 910 210 Α
924 180 970 207 τοῦ
982 180 1074 208 λαϐεῖν
1085 181 1173 209 θέλειν
1188 182 1238 214 τὰς
1249 183 1381 218 συζύγους
1396 184 1459 216 τοὺς
1472 185 1708 220 Τουρκοπούλους.

92 227 135 252 θεν
153 227 352 261 ἀποστατήσων
381 227 596 263 Ἀμογαὸάρων,
619 229 667 254 καὶ
680 229 730 254 ὅσα
745 228 801 258 τοῖς
824 227 871 254 τοῦ

92 271 220 306 βασιλέως
249 272 367 298 συνοίσει
392 273 627 308 πράγμασι’κατὰ
644 273 676 299 τὸ
696 272 821 304 δυνατὸν,
834 273 872 304 ὡς

91 317 156 352 ἔχει,
174 317 404 352 διαπραξόμενος,
420 319 511 353 ἢγοῦν
531 319 626 345 αὐτόθι
643 319 742 352 μένων,
757 319 781 345 sl
792 319 874 346 δυνα-

90 363 133 389 τὸν
142 361 186 398 ἦν,
202 363 218 398 ἢ
233 363 280 389 καὶ
296 364 342 390 ἐπὶ
356 365 413 395 τοῖς
427 364 577 400 ἀντιπέραν
590 365 638 392 σὺν
652 365 709 400 ἰδίῳ
723 365 781 399 λαῷ
794 365 872 398 γενό-

92 417 177 444 μενος.
195 409 331 441 Βασιλεὺς
357 409 385 436 δὲ
399 409 453 436 τῶν
469 410 565 436 δεινῶν
586 409 721 444 ὁσημέραι
738 410 874 445 πληθυνθ-

92 456 176 489 μένων
205 455 254 481 καὶ
285 457 322 490 μὴ
339 455 445 483 ἐώντων
463 456 526 483 ἄλλο
551 462 578 482 τι
606 455 784 491 βουλεύεσθαι
806 455 822 491 ἢ
843 456 873 483 τδ

91 501 169 536 χείρω
182 502 270 527 ποιεῖν
287 501 321 528 τὰ
337 502 391 528 τῶν
403 502 509 537 ἐχθρῶν
521 502 592 529 κατά
608 510 670 531 τινα
683 502 792 528 σύνεσιν
809 503 874 538 (ἆλ-

91 547 140 578 λως
154 547 208 582 γὰρ
234 547 428 581 ἀντιπράττειν
461 548 511 574 καὶ
527 548 658 580 πολεμεῖν
670 548 725 574 οὐδ’
740 548 808 579 δλως
819 546 872 583 ἦν)

92 593 213 626 ἁσμένως
237 594 367 628 προσίετο
390 594 441 628 τὴν
458 595 619 630 πρεσῦεἱαν,
637 594 685 621 καὶ
699 594 873 630 ἀντιπέμψας

92 639 132 666 διά
143 648 214 671 τινος
233 640 352 674 Πέρσου,
373 639 411 675 μὴ
424 640 566 675 φωραθείη
580 641 659 674 δῆθεν
672 640 702 666 τὺ
715 640 874 675 μελετώμε-

93 693 143 716 νον,
156 684 248 711 δοῦναι
268 686 317 719 μὲν
332 686 372 717 εἰς
390 687 509 719 γυναῖκα
525 686 555 712 τὸ
569 686 616 712 τοῦ
632 686 749 712 παλαιοῦ
768 686 873 712 ἐκείνου

93 731 181 765 Μελὴκ
211 732 359 766 θυγάτριον
389 731 428 767 τῷ
461 732 609 767 Περσάρχῃ
639 731 872 766 καθυπισχνεῖτο,

93 778 217 812 παρέχειν
228 777 257 803 δὲ
274 777 324 804 ὅσα
340 785 369 803 τε
382 776 454 803 κατὰ
471 778 573 812 προῖκα
586 777 634 804 καὶ
651 777 700 803 ὅσα
715 777 776 803 κατ’
789 776 872 812 ἄλλην

92 823 242 857 φιλοτιμίαν
260 823 294 849 τὰ
313 823 403 850 ἱκανά.
425 822 506 850 Ἀλλὰ
517 823 619 849 τούτων
640 823 777 857 ὁσημέραι
796 823 873 857 διαγ-

91 869 267 902 γελλομένων,
282 869 343 895 καθ’
356 869 518 904 ὑποσχέσεις
534 868 580 895 τοῦ
595 869 644 897 καὶ
655 867 734 900 αὖθις
747 877 873 904 προσχω-
887 858 909 885 Β

93 915 145 947 perv
157 915 220 945 toil;
237 915 482 950 ἀποστατήσαντας
498 914 724 950 Τουρκοπούλους
744 914 825 940 αὑτοῦ
840 922 872 948 γε

93 960 324 994 συμπράττοντος,
351 960 374 986 ει
391 960 471 994 μόνον
496 961 649 995 πέμποιντο
661 960 688 986 αἱ
702 959 807 986 τούτων
823 967 873 992 γυ-

92 1007 191 1038 ναῖκες,
216 1005 289 1038 πλὴν
307 1004 364 1039 μετ’
388 1005 540 1040 ἀσφαλείας
557 1004 603 1031 τοῦ
621 1006 698 1040 μήτι
714 1004 873 1039 παραϐῆναι

93 1052 149 1078 κατ’
166 1053 277 1087 ἀπάτην
294 1051 348 1078 τῶν
363 1052 564 1086 συγκειμένων,
580 1052 617 1082 ὡς
633 1050 699 1084 γοῦν
712 1050 787 1077 ταῦτ’
802 1048 873 1085 ᾠκο-

94 1096 203 1131 νόμηντο
213 1097 262 1123 καὶ
275 1097 326 1132 ἠδη
348 1097 515 1131 ἐπέμποντο,
541 1096 668 1131 φωρᾶται
683 1097 740 1127 τοῖς
751 1095 873 1130 Ἀμογα-

93 1142 182 1177 ὀάροις
202 1143 232 1169 τὸ
249 1143 355 1178 δρᾶμα,
378 1143 425 1169 καὶ
443 1142 627 1178 Ῥομοφόρτος
641 1141 686 1168 τὸν
710 1141 874 1176 Περσάρχην

95 1188 130 1219 εἰς
140 1189 228 1222 κρίσιν
244 1189 317 1221 ἄγει,
331 1188 378 1215 καὶ
392 1189 450 1215 ὅσοι
474 1187 660 1222 συνεμελέτιςν
685 1186 760 1221 αὐτῷ
774 1186 808 1212 τὰ
825 1186 874 1220 τῆς

95 1235 310 1269 ἁποστατήσεως.
340 1235 403 1266 Τοῖς
425 1234 453 1260 δὲ
470 1234 508 1269 μὴ
521 1234 630 1269 ἔχουσιν
647 1233 715 1264 ὅλως
729 1232 874 1265 ἀπολογεῖ-

96 1280 162 1312 σθαι,
176 1280 204 1306 ἓν
215 1281 255 1312 εἰς
268 1280 416 1315 ἀπολογίαν
432 1279 617 1315 προύτεινετο,
628 1278 658 1305 τὺ
673 1278 782 1313 ἀπατᾷ-ν
804 1277 875 1311 ὑπὲρ

95 1377 150 1396 enm
163 1376 193 1397 eo
207 1369 278 1396 ittire
292 1369 457 1397 admitteret.
476 1367 615 1395 OlTerebat
629 1371 719 1394 autem
740 1374 770 1394 se
783 1368 874 1395 statim

96 1414 246 1442 relicturum
265 1414 498 1449 Amogabarorum
524 1418 625 1449 partes,
650 1420 676 1442 et
689 1415 820 1450 quidquid
841 1415 875 1441 ad

95 1467 136 1488 res
153 1466 178 1488 et
192 1461 314 1488 rationes
345 1461 516 1496 imperatoris
544 1461 673 1496 expedire
700 1461 874 1494 intelligeret.

97 1514 141 1538 pro
159 1506 229 1533 virili
246 1511 384 1538 acturutn,
396 1507 452 1534 sive
474 1507 530 1533 illic
545 1507 588 1533 ubi
603 1511 673 1539 erat,
690 1507 712 1534 si
729 1506 786 1534 ﬁeri
813 1513 874 1540 pos-

97 1555 141 1579 set.
155 1551 338 1585 persistendo,
354 1551 410 1578 sive
428 1551 454 1577 in
469 1551 611 1578 adversam
635 1558 695 1577 cum
716 1550 774 1578 suis
790 1551 875 1584 cepiis

98 1595 295 1624 transfretando
313 1597 506 1622 continentem.
521 1595 568 1623 llis
585 1596 734 1629 imperator
761 1595 875 1628 auditis,

97 1646 221 1675 reputans
235 1641 316 1669 malis
330 1641 453 1675 quotidie
466 1641 718 1675 ingravescentibus
729 1648 783 1667 non
794 1641 873 1668 aliam

95 1687 196 1715 aliunde
207 1695 283 1722 spent
314 1687 428 1714 remedii
447 1687 565 1717 ostendi.
596 1687 707 1722 quando
737 1687 876 1714 exhausta:

95 1740 153 1766 opes
165 1733 272 1768 imperii
303 1732 459 1760 facultatem
490 1733 626 1766 negabant
649 1732 715 1767 justi
740 1733 876 1761 exercitus

96 1780 235 1808 rebellibus
250 1779 418 1814 opponendi,
436 1787 517 1814 quam
534 1787 548 1806 a
573 1779 757 1813 procuranda.
784 1779 806 1807 si
821 1787 875 1814 qua

95 1831 179 1859 posset
206 1831 266 1853 arte
291 1825 400 1858 conﬁci,
424 1825 613 1852 debilitatione
633 1829 716 1859 atque
744 1825 875 1852 immittu-

96 1872 162 1898 tione
181 1871 311 1906 potentiae
327 1870 444 1903 hostilis,
476 1870 641 1905 perlibenter
672 1870 777 1905 excepit
803 1871 877 1905 lega-

95 1916 198 1947 tionent,
213 1923 240 1944 et
261 1918 375 1944 remisso
396 1916 429 1943 ad
445 1916 581 1943 Meleeum
599 1915 682 1943 Persa
703 1916 819 1950 quodam
843 1916 875 1942 ﬁ-

96 1961 136 1992 do,
153 1966 181 1988 ut
196 1970 239 1988 res
256 1962 341 1988 tutius
364 1961 470 1993 lateret,
496 1960 622 1995 promisit
634 1967 664 1988 se
694 1960 731 1988 illi
746 1960 875 1988 daturum

97 2005 120 2032 itt
135 2015 242 2034 uxorem
257 2006 417 2041 antiquioris
435 2006 507 2033 illius
527 2005 620 2034 Meleci
636 2006 730 2038 ﬁliam,
745 2006 874 2041 adjectu-

98 2060 203 2086 rttutque
214 2054 304 2081 dotem
319 2052 446 2087 amplam,
459 2059 508 2080 nec
520 2052 546 2078 in
560 2051 677 2085 caeteris,
690 2052 795 2086 quoties
808 2052 877 2079 foret

97 2105 157 2131 opus
179 2105 225 2126 aut
246 2099 305 2133 ipse
327 2098 455 2125 ad-snam
475 2097 687 2125 muniﬁcentiam
714 2097 875 2132 appellaret,

98 2151 261 2179 negaturum.
279 2144 311 2171 Et
327 2144 488 2178 procedebat
516 2143 633 2170 feliciter
662 2143 785 2170 tractatio
810 2143 876 2169 mis-

97 2189 130 2216 sis
143 2190 209 2217 ultro
226 2191 349 2224 citroque
365 2189 485 2224 quotidie
498 2189 733 2221 commeantibus;
756 2196 870 2223 quoruttt
886 2194 912 2224 ι)

97 2236 197 2268 quidam
215 2243 230 2262 a
251 2235 351 2262 tleleco
378 2234 511 2262 nuntiavit
530 2235 579 2270 ipsi
607 2233 691 2261 videri
707 2242 788 2269 posse
805 2233 877 2261 Tur—

98 2281 200 2315 copnlos
217 2289 231 2307 a
249 2282 379 2309 societate
399 2279 589 2307 Catelanorutn
618 2280 742 2307 abscindi
760 2284 787 2307 et
816 2280 878 2306 dato

99 2326 189 2353 i-loneo
208 2328 269 2354 ﬁdei
285 2327 398 2362 pignore
429 2327 561 2354 Romanis
589 2327 742 2359 conciliari,
771 2326 793 2353 si
821 2334 878 2353 suae

98 2370 158 2404 ipsis
168 2373 304 2404 mulieres,
324 2379 392 2407 quas
422 2376 517 2406 captas
543 2372 576 2399 ab
599 2371 693 2398 Alanis
718 2371 876 2405 imperatori

98 2417 193 2444 deditas
211 2418 316 2445 dictum
333 2421 384 2450 est,
414 2417 447 2445 ab
463 2418 515 2445 hoc
536 2418 588 2444 illis
616 2418 803 2444 redderentur.
826 2416 875 2444 His

99 2462 170 2490 facile
184 2471 316 2492 annuente
327 2464 448 2497 Augusto
459 2468 485 2491 et
515 2463 672 2491 mulieribus
692 2464 748 2497 jam
771 2463 874 2495 missis,

99 2509 299 2542 deprehenditur
307 2510 342 2537 ab
354 2509 531 2543 Amogabaris
546 2504 645 2536 arcana
657 2508 770 2536 ntolitio.
784 2508 875 2540 Ouare

99 2552 262 2583 ttontoforttts
289 2556 322 2583 ad
341 2556 474 2591 judicium
490 2555 668 2583 Persarcham
697 2555 776 2586 citat,
793 2554 873 2590 592

99 2607 190 2635 eosque
211 2610 252 2629 om
261 2610 308 2630 nes
332 2610 400 2636 quos
417 2601 579 2629 defectionis
611 2608 672 2628 cum
701 2608 734 2627 eo
749 2601 874 2635 cogitatas

101 2647 209 2680 suspicio
222 2648 404 2683 contingebat.
432 2647 479 2675 His
504 2654 616 2674 causam
634 2646 781 2679 diﬁicilem,
798 2646 873 2674 exitu

100 2698 158 2718 sane
172 2694 292 2728 ancipiti,
306 2693 459 2721 dicentibus
474 2700 540 2720 cum.
557 2700 610 2719 non
625 2696 780 2719 occurreret
806 2693 872 2727 quid

100 2737 164 2763 aliud
182 2739 362 2765 verisimiliter
397 2738 558 2773 allegarenl,
592 2737 620 2764 in
632 2745 663 2765 eo
676 2741 873 2764 consenserunt

102 2786 125 2806 ttt
140 2782 298 2810 afﬁrmarent
311 2791 363 2810 non
379 2790 441 2810 vere
471 2783 587 2810 deﬁcere
615 2789 645 2810 se
665 2783 793 2814 voluisse,
825 2783 872 2810 sed

101 2829 248 2856 ostentanda
273 2830 339 2856 falso
354 2829 412 2863 ejus
431 2829 470 2856 rei
497 2829 634 2856 voluntate
655 2828 689 2856 ab
706 2828 872 2862 imperatore

229 2877 358 2908 Pamou.
385 2879 440 2909 Gn.
465 2876 593 2907 CXLlV.

889 1529 910 1557 C

925 226 999 262 Πλὴν
1013 227 1209 261 ὑπονοηθέντες
1226 229 1351 257 ἐντεῦθεν
1364 231 1414 262 τὰς
1431 232 1471 263 εις
1487 232 1586 264 αὐτοὺς
1606 232 1711 269 πληρο-

925 273 1023 308 φορίας
1051 273 1104 299 τῶν
1139 274 1338 310 Ἀμογαϐάρων
1361 277 1490 305 ἀπέλυον.
1518 277 1601 304 Ὅθεν
1619 279 1668 305 καὶ
1681 279 1711 311 ἐξ

924 319 1007 354 αὐτῆς
1021 320 1173 356 ἁντιπερᾷν
1188 321 1344 356 ἐγνώκεσαν
1359 323 1405 349 τὸν
1427 323 1603 359 Περσάρχην.
1627 324 1710 352 Αὐτοὶ

923 365 951 391 δὲ
962 366 1032 392 κατὰ
1050 365 1092 401 [Ρ.
1105 366 1167 402 Hd]
1184 367 1269 394 νώτου
1284 368 1408 400 λιπόντες
1424 369 1488 401 τοὺς
1510 371 1630 404 Πέρσας,
1643 372 1709 404 περί

925 419 975 437 που
991 411 1024 437 τὰ
1039 411 1088 446 τῆς
1098 412 1226 440 Μαδύτου
1244 414 1326 449 μέρη,
1339 414 1416 441 ἔνθεν
1433 415 1482 450 μὲν
1498 417 1558 448 ταῖς
1571 417 1637 452 παρ’
1660 418 1710 444 αὺ-

923 458 978 488 τοῖς
994 458 1119 493 τριήρεσι
1130 458 1268 493 χρώμενοι
1280 460 1309 486 τὸ
1327 462 1481 496 προστυχὸν
1494 462 1634 497 ἐληΐζοντο
1643 464 1706 498 τρό-

924 508 975 528 πον
993 504 1129 538 πειρατῶν
1144 505 1213 530 κατὰ
1227 505 1374 538 θάλασσαν,
1398 508 1468 534 κατὰ
1483 508 1511 534 δὲ
1532 508 1617 543 ξηρὰν
1634 509 1710 535 ἔθεον

925 548 1097 583 παμπληθεὶ,
1127 551 1176 576 καὶ
1200 551 1380 586 προσδόκιμοι
1399 550 1468 586 ἦσαν
1483 554 1647 588 προσὸαλεῖν
1663 556 1710 581 καὶ

925 593 1001 620 πόλει
1011 602 1019 610 ο
1036 596 1231 630 προσετόλμων
1246 597 1274 623 δὲ
1288 599 1334 624 καὶ
1348 599 1416 632 πρδς
1433 600 1546 633 βασιλέα
1560 589 1713 635 πρεσϐείαν

925 640 1056 674 πέμπειν,
1072 641 1119 667 καὶ
1138 643 1230 674 ἀξιοῦν
1244 643 1346 671 διδόναι
1366 644 1415 679 μὲν
1430 646 1494 677 τοὺς
1510 647 1634 681 μισθοὺς,
1650 657 1712 675 συν-

924 685 1053 712 ωνεῖσθαι
1071 687 1100 713 δὲ
1129 689 1176 713 καὶ
1202 689 1236 714 τὰ
1263 690 1457 724 σκυλευθέντα,
1486 693 1533 718 καὶ
1562 693 1632 720 οὕτω
1651 694 1710 728 μετ’

924 731 1034 764 εξρὴνης
1049 731 1097 757 ἐπὶ
1111 732 1184 766 νηῶν
1200 733 1319 768 πέμπειν
1337 735 1435 767 αὐτοὺς
1449 737 1488 767 εἰς
1501 737 1535 762 τὰ
1552 737 1617 765 ἴδια.
1635 739 1712 766 Ἐπεὶ

923 776 951 802 δὲ
963 776 1040 802 ταῦτ’
1066 778 1117 803 οὐκ
1142 777 1263 813 ἐχώρουν
1289 780 1424 813 γίνεσθαι,
1444 782 1574 816 ἄπρακτα
1590 784 1624 810 τὰ
1653 785 1710 820 τῇδ’

922 821 1003 858 ἦσαν,
1024 824 1118 858 μόναις
1134 825 1162 852 δὲ
1176 827 1238 857 ταῖς
1255 827 1322 862 πρὸς
1345 828 1412 854 Θεὸν
1439 830 1570 862 ἱκετείαις
1596 832 1711 866 ἤλπιζον

925 868 1072 901 σώζεσθαι,
1095 869 1130 901 ἃς
1156 871 1257 906 συχνὰς
1279 873 1293 898 ὸ
1313 875 1523 908 πατριαρχιυων
1551 877 1712 913 παμπληθεὶ

923 913 1110 949 διεπράττετο.
1140 916 1214 948 Τέως
1233 917 1260 943 δὲ
1279 918 1324 944 καὶ
1344 919 1374 944 τὺ
1388 919 1435 945 τοῦ
1463 921 1614 954 Κοσμιδίου
1630 923 1713 956 φρού-

924 966 992 993 ριον,
1007 958 1132 986 δεδιότων
1158 961 1196 996 μὴ
1221 961 1382 993 ἐπιστάντες
1400 964 1590 998 κατάσχοιντο,
1611 965 1643 991 ἐκ
1661 965 1711 999 μέε

925 1011 988 1036 ρους
997 1004 1175 1039 κατήρειπτο,
1187 1005 1235 1031 καὶ
1250 1005 1356 1037 ξενικὰς
1368 1007 1496 1042 δυνάμεις
1508 1008 1539 1034 ἐκ
1547 1009 1570 1034 τ’
1585 1010 1711 1044 Ἰὁηρίας

926 1047 1025 1082 (κάκεῖ
1044 1048 1098 1083 γὰρ
1125 1049 1298 1076 ἀποστέλλων
1324 1051 1449 1085 βασιλεὺς
1468 1054 1532 1088 περὶ
1548 1054 1710 1090 συμμαχίας

924 1092 1018 1127 ἠξίου)
1032 1093 1063 1120 ἔκ
1087 1103 1117 1120 τε
1131 1095 1262 1127 Γεννούας
1286 1096 1475 1132 ἀπεξεδέχετο.
1500 1099 1566 1125 Οὐδὲ
1581 1100 1634 1135 γὰρ
1649 1101 1712 1126 οὐδὲ

923 1139 958 1165 τὰ
974 1139 1052 1170 ἐντὸς
1075 1140 1183 1174 ἐσάπαξ
1208 1142 1336 1176 ἀσφαλῶς
1361 1140 1433 1178 εἶχον
1449 1144 1488 1179 τῷ
1507 1144 1622 1179 βασιλεῖ,
1652 1147 1711 1172 ὁιλλ⁹

925 1185 1000 1211 ἐνοεν
1018 1186 1067 1220 μέν
1081 1195 1123 1217 τις
1138 1186 1193 1213 τῶν
1209 1187 1365 1223 ὲπιρῤήτων
1383 1190 1415 1215 ἐκ
1431 1189 1544 1221 δύσεως,
1562 1191 1712 1226 ἱερωσύνης

927 1233 1108 1267 περικτᾶσθοιι
1124 1233 1203 1265 δόξας
1219 1234 1328 1269 ἀξίωμα
1345 1236 1390 1262 καὶ
1404 1235 1457 1270 πρὸ
1471 1237 1575 1272 χρόνων
1588 1246 1713 1273 προσχω-

927 1280 1011 1314 ρὴσας
1027 1279 1130 1306 ἐκεῖθεν
1145 1279 1183 1315 τῷ
1202 1280 1318 1316 βασιλεῖ,
1336 1282 1350 1308 ὁ
1364 1282 1485 1314 τοιοῦτος
1497 1283 1602 1318 Δριμὺς
1617 1284 1715 1310 τούπί-

926 1369 1065 1396 retraltere
1096 1377 1196 1397 uxores
1223 1369 1450 1405 Turcopulorum.
1490 1370 1584 1398 Fidem
1608 1371 1716 1400 invenit

926 1414 997 1449 apud
1014 1415 1199 1448 Amogabaros
1215 1415 1366 1450 plausibilis
1392 1418 1545 1445 excusatio._
1570 1416 1659 1451 Atque
1676 1417 1714 1444 ita

927 1467 1025 1493 magno
1039 1459 1159 1486 drfnncti
1175 1460 1297 1495 periculo
1312 1461 1458 1496 conjurati,
1484 1461 1639 1489 l‘ersarchaa
1654 1463 1714 1490 Me-

928 1505 986 1532 leco
1013 1511 1206 1539 persuaserunt
1241 1506 1361 1534 velocem
1391 1507 1418 1534 in
1436 1507 1528 1534 Asiam
1561 1507 1713 1542 trajectum,

927 1558 1006 1585 quem
1024 1551 1046 1578 is
1060 1551 1130 1578 clam
1144 1552 1336 1580 administrare
1359 1560 1392 1580 eo
1416 1554 1585 1581 commodius
1613 1555 1711 1588 potuit,

926 1598 996 1630 quod
1012 1597 1088 1632 quasi
1106 1597 1186 1624 soluti
1198 1597 1255 1632 jam
1266 1605 1330 1625 cura
1351 1598 1483 1631 Catelauni,
1496 1598 1587 1627 Persis
1602 1607 1618 1626 a
1635 1604 1713 1634 tergo

926 1643 1028 1670 relictis
1044 1643 1116 1671 circa
1132 1648 1222 1678 partes
1237 1643 1349 1680 Matlyti,
1364 1645 1428 1672 hinc
1457 1645 1563 1680 quidem
1595 1645 1714 1673 triremi-

926 1689 977 1716 bus
1002 1689 1160 1717 conscensis
1189 1697 1265 1717 mare
1296 1690 1495 1718 latrocinantes
1536 1691 1713 1723 infestabant,

926 1735 989 1762 inde
1020 1740 1108 1762 autem
1133 1737 1308 1764 terrestribus
1336 1737 1421 1772 copiis
1453 1737 1506 1765 late
1538 1738 1712 1772 pradabuttdi

927 1781 1051 1816 regiones
1067 1781 1253 1814 incursabant,
1280 1782 1330 1817 ipsi
1351 1789 1460 1818 quoque
1480 1782 1539 1811 urbi
1564 1782 1712 1814 formidati.

927 1828 1008 1854 anxia
1027 1835 1121 1854 eorunt
1155 1828 1360 1862 exspectatione
1391 1828 1525 1860 sollicitae,
1551 1830 1660 1864 quando
1687 1835 1715 1856 ct

927 1873 985 1900 ausi
1003 1879 1065 1900 sunt
1080 1880 1151 1900 nova
1165 1874 1355 1907 imperatorem
1381 1874 1513 1909 legatione
1533 1875 1649 1909 superbe
1666 1875 1713 1901 la-

927 1926 1047 1951 eessere,
1060 1927 1111 1953 qua
1126 1919 1255 1953 petebant
1267 1920 1335 1947 solvi
1351 1920 1404 1947 sibi
1420 1920 1500 1955 plane
1519 1921 1653 1955 stipendia
1671 1929 1713 1947 re-

927 1969 969 1990 tro
983 1963 1084 1996 debita,
1099 1969 1154 1990 tum
1178 1971 1237 1997 qua:
1262 1968 1340 1998 rapta
1359 1965 1385 1991 itt
1417 1965 1541 1991 manibus
1569 1965 1713 1996 haberent,

927 2008 980 2036 alia
992 2009 1112 2042 ipsorum
1123 2008 1255 2036 arbitratu
1276 2008 1391 2036 taxanda
1415 2009 1528 2043 pecunia
1550 2009 1664 2042 redimi;
1680 2010 1714 2037 iis

927 2054 1043 2088 peractis
1059 2054 1173 2087 praeberi
1200 2054 1252 2081 sibi
1273 2054 1306 2081 ab
1332 2055 1496 2089 imperatore
1517 2062 1610 2087 naves,
1629 2059 1658 2082 et
1673 2056 1713 2081 sic

927 2105 989 2126 cum
1008 2098 1110 2132 pacein
1130 2098 1246 2132 patriam
1270 2098 1384 2126 remitti.
1412 2098 1444 2126 Ni
1458 2100 1514 2126 baae
1539 2099 1644 2132 ﬁerent,
1672 2100 1713 2126 in-

929 2144 1096 2171 tentecinum
1108 2143 1139 2170 ad
1147 2147 1296 2171 extremum
1311 2143 1509 2171 denuntiabant
1521 2145 1632 2171 bellum.
1650 2145 1715 2172 Haec

926 2197 987 2217 cum
1012 2189 1116 2216 admitti
1145 2189 1219 2215 nullo
1232 2189 1312 2217 ntodo
1327 2195 1447 2224 possent,
1462 2190 1624 2229 palanterat
1646 2199 1715 2219 cun-

930 2237 981 2263 ctis
998 2243 1073 2270 spem
1088 2235 1274 2263 conventionis
1286 2236 1386 2263 nullam
1400 2243 1553 2270 superesse.
1570 2238 1659 2271 Quare
1687 2239 1713 2266 in

929 2281 985 2308 sola
1002 2280 1100 2309 ﬁducia
1117 2281 1201 2308 oivini
1226 2281 1319 2308 auxilii
1348 2281 1476 2315 precibus
1493 2283 1624 2310 exorandi
1642 2283 1715 2311 salu—

931 2327 966 2353 tis
981 2326 1095 2361 publicae
1118 2325 1234 2354 facultas
1252 2331 1279 2353 et
1295 2327 1367 2354 ratio
1379 2327 1524 2361 pendebat,
1538 2328 1611 2356 haud
1637 2330 1714 2364 segni

928 2373 960 2398 ad
988 2372 1014 2399 id
1035 2372 1155 2399 ofﬁciunt
1182 2372 1348 2406 patriarcha,
1389 2373 1436 2407 qui
1463 2374 1592 2402 maximis
1617 2375 1714 2402 crebro

927 2418 1111 2445 conventibus
1128 2418 1223 2446 solitas
1238 2427 1302 2446 suas
1326 2419 1433 2447 litanias
1450 2420 1576 2448 iterabat.
1601 2421 1713 2449 Interim

927 2467 1016 2490 autem
1037 2464 1115 2498 periti
1145 2472 1235 2492 rerum
1261 2466 1430 2499 bellicarum,
1459 2471 1488 2494 ut
1505 2467 1612 2494 defendi
1644 2467 1712 2494 satis

927 2516 1018 2545 posset
1035 2518 1083 2537 arx
1100 2510 1237 2538 Cosmodii
1252 2516 1386 2544 verentes,
1419 2512 1506 2540 deseri
1527 2517 1554 2540 et
1575 2521 1606 2540 ex
1636 2517 1714 2546 parte

927 2554 1047 2581 subverti
1063 2562 1184 2582 suasere.
1200 2555 1351 2590 Imperator
1375 2561 1465 2584 autem
1483 2558 1576 2592 copias
1601 2558 1715 2584 auxilia-

926 2607 970 2627 res
989 2608 1020 2626 ex
1034 2600 1121 2627 Iberia
1134 2600 1207 2628 etab
1225 2601 1291 2629 urbe
1321 2601 1427 2635 Genua,
1456 2603 1526 2630 unde
1542 2609 1714 2638 poposcerat,

926 2646 1101 2680 exspectabat
1117 2653 1150 2672 eo
1163 2647 1300 2681 cupidius,
1317 2655 1372 2683 quo
1388 2656 1421 2675 ne
1437 2649 1571 2677 interiora
1602 2650 1713 2684 quidem

925 2691 1000 2718 urbis
1011 2690 1091 2727 593
1107 2697 1149 2719 sat
1169 2692 1223 2720 sibi
1238 2697 1294 2720 tuta
1317 2695 1450 2722 sentiebat
1466 2701 1575 2730 propter
1596 2696 1715 2723 subodo.

924 2742 999 2764 ratas
1013 2738 1191 2772 quorumdam
1207 2740 1420 2768 machinationes
1430 2741 1610 2775 proditorttnt.
1627 2741 1714 2768 Nimi-

924 2790 983 2810 rum
993 2783 1103 2818 quidam
1119 2790 1297 2818 cognomento
1323 2785 1440 2822 Drimys,
1467 2787 1512 2822 qui
1537 2788 1602 2815 olim
1634 2786 1715 2814 fama!

924 2836 1018 2864 parum
1034 2832 1111 2858 bona:
1127 2830 1229 2858 dudum
1243 2839 1276 2860 ex
1293 2832 1414 2861 Occiduo
1440 2838 1529 2860 tractu
1546 2834 1581 2861 ad
1598 2834 1714 2868 impora-

1473 2881 1510 2912 21
