  <div class='ocr_page' id='page_1' title='image "/cluster/home/n/w/nwhite01/storage/ocr_20150623/144/njp.32101010942892/350.png"; bbox 0 0 1957 3066; ppageno 0'>
   <div class='ocr_carea' id='block_1_1' title="bbox 101 149 156 180">
    <p class='ocr_par' dir='ltr' id='par_1_1' title="bbox 101 149 156 180">
     <span class='ocr_line' id='line_1_1' title="bbox 101 149 156 180; baseline 0.036 -2"><span class='ocrx_word' id='word_1_1' title='bbox 101 149 156 180; x_wconf 66' lang='lat'><strong>657</strong></span> 
     </span>
    </p>
   </div>
   <div class='ocr_carea' id='block_1_2' title="bbox 552 145 1270 180">
    <p class='ocr_par' dir='ltr' id='par_1_2' title="bbox 552 145 1270 180">
     <span class='ocr_line' id='line_1_2' title="bbox 552 145 1270 180; baseline -0.001 -1"><span class='ocrx_word' id='word_1_2' title='bbox 552 149 599 179; x_wconf 85' lang='lat' dir='ltr'><strong>DE</strong></span> <span class='ocrx_word' id='word_1_3' title='bbox 620 147 840 180; x_wconf 74' lang='lat' dir='ltr'><strong>ANDRONICO</strong></span> <span class='ocrx_word' id='word_1_4' title='bbox 861 146 1089 177; x_wconf 73' lang='lat' dir='ltr'><strong>PAL‘EOLOGO</strong></span> <span class='ocrx_word' id='word_1_5' title='bbox 1109 147 1180 177; x_wconf 83' lang='lat' dir='ltr'><strong>LlB.</strong></span> <span class='ocrx_word' id='word_1_6' title='bbox 1202 145 1270 178; x_wconf 83' lang='lat' dir='ltr'><strong>Vll.</strong></span> 
     </span>
    </p>
   </div>
   <div class='ocr_carea' id='block_1_3' title="bbox 1681 142 1734 173">
    <p class='ocr_par' dir='ltr' id='par_1_3' title="bbox 1681 142 1734 173">
     <span class='ocr_line' id='line_1_3' title="bbox 1681 142 1734 173; baseline 0.019 -1"><span class='ocrx_word' id='word_1_7' title='bbox 1681 142 1734 173; x_wconf 73' lang='grc'><strong>658</strong></span> 
     </span>
    </p>
   </div>
   <div class='ocr_carea' id='block_1_4' title="bbox 103 199 1735 244">
    <p class='ocr_par' dir='ltr' id='par_1_4' title="bbox 103 199 1735 244">
     <span class='ocr_line' id='line_1_4' title="bbox 103 199 1735 244; baseline -0.006 -8"><span class='ocrx_word' id='word_1_8' title='bbox 103 210 200 242; x_wconf 68' lang='lat' dir='ltr'><strong>Bia-ta,</strong></span> <span class='ocrx_word' id='word_1_9' title='bbox 226 209 277 244; x_wconf 74' lang='grc' dir='ltr'>τὴν</span> <span class='ocrx_word' id='word_1_10' title='bbox 300 208 348 236; x_wconf 81' lang='grc' dir='ltr'>τοῦ</span> <span class='ocrx_word' id='word_1_11' title='bbox 380 208 531 244; x_wconf 82' lang='grc' dir='ltr'>μαρκεσίου</span> <span class='ocrx_word' id='word_1_12' title='bbox 549 209 634 244; x_wconf 80' lang='grc' dir='ltr'>τιμὴν</span> <span class='ocrx_word' id='word_1_13' title='bbox 653 208 817 243; x_wconf 72' lang='grc' dir='ltr'>ληψόμενον,</span> <span class='ocrx_word' id='word_1_14' title='bbox 834 206 894 233; x_wconf 71' lang='grc' dir='ltr'>ἑπεὶ</span> <span class='ocrx_word' id='word_1_15' title='bbox 910 208 930 235; x_wconf 83' lang='grc' dir='ltr'><strong>Α</strong></span> <span class='ocrx_word' id='word_1_16' title='bbox 947 206 1015 239; x_wconf 80' lang='grc' dir='ltr'>γύου</span> <span class='ocrx_word' id='word_1_17' title='bbox 1032 205 1079 232; x_wconf 71' lang='grc' dir='ltr'>καὶ</span> <span class='ocrx_word' id='word_1_18' title='bbox 1096 205 1120 231; x_wconf 84' lang='lat' dir='ltr'><strong>oi</strong></span> <span class='ocrx_word' id='word_1_19' title='bbox 1149 204 1320 240; x_wconf 74' lang='grc' dir='ltr'><strong>πεμφθέντες</strong></span> <span class='ocrx_word' id='word_1_20' title='bbox 1344 205 1381 236; x_wconf 84' lang='grc' dir='ltr'><strong>εἰς</strong></span> <span class='ocrx_word' id='word_1_21' title='bbox 1398 203 1475 230; x_wconf 80' lang='grc' dir='ltr'>τοῦτο</span> <span class='ocrx_word' id='word_1_22' title='bbox 1490 201 1631 237; x_wconf 75' lang='grc' dir='ltr'>πρέσϐεις,</span> <span class='ocrx_word' id='word_1_23' title='bbox 1648 199 1684 228; x_wconf 78' lang='grc' dir='ltr'>ὧν</span> <span class='ocrx_word' id='word_1_24' title='bbox 1701 201 1735 236; x_wconf 71' lang='grc' dir='ltr'><strong>δὴ</strong></span> 
     </span>
    </p>
   </div>
   <div class='ocr_carea' id='block_1_5' title="bbox 102 253 895 290">
    <p class='ocr_par' dir='ltr' id='par_1_5' title="bbox 102 253 895 290">
     <span class='ocr_line' id='line_1_5' title="bbox 102 253 895 290; baseline -0.005 -8"><span class='ocrx_word' id='word_1_25' title='bbox 102 257 213 287; x_wconf 79' lang='grc' dir='ltr'>ἐκεῖνος</span> <span class='ocrx_word' id='word_1_26' title='bbox 228 255 277 290; x_wconf 82' lang='grc' dir='ltr'>μὲν</span> <span class='ocrx_word' id='word_1_27' title='bbox 292 255 322 287; x_wconf 78' lang='grc' dir='ltr'><strong>ἐξ</strong></span> <span class='ocrx_word' id='word_1_28' title='bbox 337 254 490 289; x_wconf 80' lang='grc' dir='ltr'>ἀνθρώπων</span> <span class='ocrx_word' id='word_1_29' title='bbox 506 255 627 288; x_wconf 77' lang='grc' dir='ltr'>ἐγένετο,</span> <span class='ocrx_word' id='word_1_30' title='bbox 645 255 689 281; x_wconf 67' lang='grc' dir='ltr'><strong>τὸν</strong></span> <span class='ocrx_word' id='word_1_31' title='bbox 704 254 733 281; x_wconf 82' lang='grc' dir='ltr'><strong>δὲ</strong></span> <span class='ocrx_word' id='word_1_32' title='bbox 748 253 860 288; x_wconf 79' lang='grc' dir='ltr'>βασιλέα</span> <span class='ocrx_word' id='word_1_33' title='bbox 871 253 895 278; x_wconf 79' lang='grc' dir='ltr'>οἱ</span> 
     </span>
    </p>
   </div>
   <div class='ocr_carea' id='block_1_6' title="bbox 102 299 894 336">
    <p class='ocr_par' dir='ltr' id='par_1_6' title="bbox 102 299 894 336">
     <span class='ocr_line' id='line_1_6' title="bbox 102 299 894 336; baseline -0.003 -9"><span class='ocrx_word' id='word_1_34' title='bbox 102 303 164 328; x_wconf 76' lang='grc' dir='ltr'>ἐκεῖ</span> <span class='ocrx_word' id='word_1_35' title='bbox 184 301 343 336; x_wconf 76' lang='grc' dir='ltr'><strong>πέμψαντες</strong></span> <span class='ocrx_word' id='word_1_36' title='bbox 359 301 452 336; x_wconf 72' lang='grc' dir='ltr'>ἠξίουν</span> <span class='ocrx_word' id='word_1_37' title='bbox 470 301 516 328; x_wconf 83' lang='grc' dir='ltr'><strong>διά</strong></span> <span class='ocrx_word' id='word_1_38' title='bbox 529 309 602 332; x_wconf 87' lang='grc' dir='ltr'>τινος</span> <span class='ocrx_word' id='word_1_39' title='bbox 619 300 674 326; x_wconf 83' lang='grc' dir='ltr'>τῶν</span> <span class='ocrx_word' id='word_1_40' title='bbox 689 299 894 331; x_wconf 75' lang='grc' dir='ltr'>ἰδίωντὲκνων,</span> 
     </span>
    </p>
   </div>
   <div class='ocr_carea' id='block_1_7' title="bbox 102 346 896 382">
    <p class='ocr_par' dir='ltr' id='par_1_7' title="bbox 102 346 896 382">
     <span class='ocr_line' id='line_1_7' title="bbox 102 346 896 382; baseline -0.005 -7"><span class='ocrx_word' id='word_1_41' title='bbox 102 348 153 375; x_wconf 73' lang='grc' dir='ltr'>καὶ</span> <span class='ocrx_word' id='word_1_42' title='bbox 171 348 275 381; x_wconf 80' lang='grc' dir='ltr'>μᾶλλον</span> <span class='ocrx_word' id='word_1_43' title='bbox 291 346 340 374; x_wconf 84' lang='grc' dir='ltr'>τοῦ</span> <span class='ocrx_word' id='word_1_44' title='bbox 361 347 399 381; x_wconf 85' lang='grc' dir='ltr'>τῷ</span> <span class='ocrx_word' id='word_1_45' title='bbox 417 346 505 382; x_wconf 70' lang='grc' dir='ltr'>χρόνῳ</span> <span class='ocrx_word' id='word_1_46' title='bbox 528 346 582 373; x_wconf 82' lang='grc' dir='ltr'>τῶν</span> <span class='ocrx_word' id='word_1_47' title='bbox 597 346 700 373; x_wconf 84' lang='grc' dir='ltr'>λοιπῶν</span> <span class='ocrx_word' id='word_1_48' title='bbox 713 346 896 382; x_wconf 74' lang='grc' dir='ltr'>προφέροντος</span> 
     </span>
    </p>
   </div>
   <div class='ocr_carea' id='block_1_8' title="bbox 111 393 896 428">
    <p class='ocr_par' dir='ltr' id='par_1_8' title="bbox 111 393 896 428">
     <span class='ocr_line' id='line_1_8' title="bbox 111 393 896 428; baseline -0.004 -7"><span class='ocrx_word' id='word_1_49' title='bbox 111 394 252 426; x_wconf 76' lang='grc' dir='ltr'><strong>Ἰωάννου,</strong></span> <span class='ocrx_word' id='word_1_50' title='bbox 282 394 351 421; x_wconf 58' lang='grc' dir='ltr'>κατά</span> <span class='ocrx_word' id='word_1_51' title='bbox 378 403 438 420; x_wconf 87' lang='grc' dir='ltr'>τινα</span> <span class='ocrx_word' id='word_1_52' title='bbox 452 394 641 428; x_wconf 84' lang='grc' dir='ltr'><strong>κληρονομίαν</strong></span> <span class='ocrx_word' id='word_1_53' title='bbox 669 393 777 420; x_wconf 82' lang='grc' dir='ltr'>δικαίαν</span> <span class='ocrx_word' id='word_1_54' title='bbox 791 393 896 419; x_wconf 82' lang='grc' dir='ltr'>ἐκείνου</span> 
     </span>
    </p>
   </div>
   <div class='ocr_carea' id='block_1_9' title="bbox 104 439 897 476">
    <p class='ocr_par' dir='ltr' id='par_1_9' title="bbox 104 439 897 476">
     <span class='ocr_line' id='line_1_9' title="bbox 104 439 897 476; baseline -0.003 -8"><span class='ocrx_word' id='word_1_55' title='bbox 104 441 223 472; x_wconf 78' lang='grc' dir='ltr'>ἄπαιδος</span> <span class='ocrx_word' id='word_1_56' title='bbox 233 441 456 476; x_wconf 79' lang='grc' dir='ltr'>τελευτήσαντος,</span> <span class='ocrx_word' id='word_1_57' title='bbox 464 440 518 466; x_wconf 83' lang='grc' dir='ltr'>τῶν</span> <span class='ocrx_word' id='word_1_58' title='bbox 529 440 589 467; x_wconf 78' lang='grc' dir='ltr'>κατ’</span> <span class='ocrx_word' id='word_1_59' title='bbox 600 440 699 471; x_wconf 80' lang='grc' dir='ltr'>αὐτοὺς</span> <span class='ocrx_word' id='word_1_60' title='bbox 711 439 897 474; x_wconf 73' lang='grc' dir='ltr'>ἁντίσχεσθαι.</span> 
     </span>
    </p>
   </div>
   <div class='ocr_carea' id='block_1_10' title="bbox 107 485 898 522">
    <p class='ocr_par' dir='ltr' id='par_1_10' title="bbox 107 485 898 522">
     <span class='ocr_line' id='line_1_10' title="bbox 107 485 898 522; baseline -0.003 -8"><span class='ocrx_word' id='word_1_61' title='bbox 107 489 141 514; x_wconf 86' lang='grc'><strong>’0</strong></span> <span class='ocrx_word' id='word_1_62' title='bbox 157 487 206 514; x_wconf 70' lang='grc' dir='ltr'>καὶ</span> <span class='ocrx_word' id='word_1_63' title='bbox 221 487 335 521; x_wconf 79' lang='grc' dir='ltr'>γεγονὸς</span> <span class='ocrx_word' id='word_1_64' title='bbox 363 486 490 522; x_wconf 78' lang='grc' dir='ltr'>ὕστερον,</span> <span class='ocrx_word' id='word_1_65' title='bbox 522 487 621 513; x_wconf 77' lang='grc' dir='ltr'>ἐκεῖνοι</span> <span class='ocrx_word' id='word_1_66' title='bbox 649 485 710 512; x_wconf 74' lang='grc' dir='ltr'>κατ’</span> <span class='ocrx_word' id='word_1_67' title='bbox 730 485 850 517; x_wconf 80' lang='grc' dir='ltr'>Ἰταλοὺς</span> <span class='ocrx_word' id='word_1_68' title='bbox 866 485 898 512; x_wconf 80' lang='grc' dir='ltr'><strong>τὸ</strong></span> 
     </span>
    </p>
   </div>
   <div class='ocr_carea' id='block_1_11' title="bbox 105 530 899 566">
    <p class='ocr_par' dir='ltr' id='par_1_11' title="bbox 105 530 899 566">
     <span class='ocr_line' id='line_1_11' title="bbox 105 530 899 566; baseline -0.001 -8"><span class='ocrx_word' id='word_1_69' title='bbox 105 534 163 559; x_wconf 78' lang='grc' dir='ltr'>πᾶν</span> <span class='ocrx_word' id='word_1_70' title='bbox 177 532 224 559; x_wconf 82' lang='grc' dir='ltr'>τὸν</span> <span class='ocrx_word' id='word_1_71' title='bbox 241 532 377 566; x_wconf 80' lang='grc' dir='ltr'><strong>δεσπότην</strong></span> <span class='ocrx_word' id='word_1_72' title='bbox 399 532 655 566; x_wconf 79' lang='grc' dir='ltr'>μετασκευάσαντες</span> <span class='ocrx_word' id='word_1_73' title='bbox 681 530 767 562; x_wconf 77' lang='grc' dir='ltr'>οὕτως</span> <span class='ocrx_word' id='word_1_74' title='bbox 780 531 899 565; x_wconf 78' lang='grc' dir='ltr'><strong>ἠγάπων</strong></span> 
     </span>
    </p>
   </div>
   <div class='ocr_carea' id='block_1_12' title="bbox 106 577 900 613">
    <p class='ocr_par' dir='ltr' id='par_1_12' title="bbox 106 577 900 613">
     <span class='ocr_line' id='line_1_12' title="bbox 106 577 900 613; baseline 0 -8"><span class='ocrx_word' id='word_1_75' title='bbox 106 579 239 605; x_wconf 80' lang='grc' dir='ltr'>ὑποκλινό</span> <span class='ocrx_word' id='word_1_76' title='bbox 244 587 320 613; x_wconf 76' lang='grc' dir='ltr'>μενοι</span> <span class='ocrx_word' id='word_1_77' title='bbox 331 578 400 613; x_wconf 74' lang='grc' dir='ltr'>πρὸς</span> <span class='ocrx_word' id='word_1_78' title='bbox 412 579 548 613; x_wconf 83' lang='grc' dir='ltr'>ὑπακοήν.</span> <span class='ocrx_word' id='word_1_79' title='bbox 559 577 742 612; x_wconf 79' lang='grc' dir='ltr'><strong>’Λναχθεισῶν</strong></span> <span class='ocrx_word' id='word_1_80' title='bbox 753 577 900 612; x_wconf 80' lang='grc' dir='ltr'><strong>τοιγαροῦν</strong></span> 
     </span>
    </p>
   </div>
   <div class='ocr_carea' id='block_1_13' title="bbox 104 621 900 660">
    <p class='ocr_par' dir='ltr' id='par_1_13' title="bbox 104 621 900 660">
     <span class='ocr_line' id='line_1_13' title="bbox 104 621 900 660; baseline -0.003 -9"><span class='ocrx_word' id='word_1_81' title='bbox 104 626 161 651; x_wconf 78' lang='grc' dir='ltr'>τῶν</span> <span class='ocrx_word' id='word_1_82' title='bbox 179 625 261 656; x_wconf 80' lang='grc' dir='ltr'>νεῶν,</span> <span class='ocrx_word' id='word_1_83' title='bbox 287 624 496 660; x_wconf 73' lang='grc' dir='ltr'><strong>προηγούμενον</strong></span> <span class='ocrx_word' id='word_1_84' title='bbox 521 624 575 651; x_wconf 81' lang='grc' dir='ltr'>τῶν</span> <span class='ocrx_word' id='word_1_85' title='bbox 590 624 678 650; x_wconf 80' lang='grc' dir='ltr'>ἄλλων</span> <span class='ocrx_word' id='word_1_86' title='bbox 691 624 808 654; x_wconf 80' lang='grc' dir='ltr'>ἐκείνοις</span> <span class='ocrx_word' id='word_1_87' title='bbox 819 621 855 658; x_wconf 83' lang='grc' dir='ltr'><strong>ἦν</strong></span> <span class='ocrx_word' id='word_1_88' title='bbox 869 623 900 649; x_wconf 78' lang='grc' dir='ltr'>τὸ</span> 
     </span>
    </p>
   </div>
   <div class='ocr_carea' id='block_1_14' title="bbox 106 668 901 705">
    <p class='ocr_par' dir='ltr' id='par_1_14' title="bbox 106 668 901 705">
     <span class='ocr_line' id='line_1_14' title="bbox 106 668 901 705; baseline -0.003 -8"><span class='ocrx_word' id='word_1_89' title='bbox 106 671 156 697; x_wconf 78' lang='grc' dir='ltr'>τοῦ</span> <span class='ocrx_word' id='word_1_90' title='bbox 174 671 308 705; x_wconf 71' lang='grc' dir='ltr'>βασιλέως</span> <span class='ocrx_word' id='word_1_91' title='bbox 327 670 476 705; x_wconf 78' lang='grc' dir='ltr'>μανθάνειν</span> <span class='ocrx_word' id='word_1_92' title='bbox 496 670 620 705; x_wconf 78' lang='grc' dir='ltr'>θέλημα,</span> <span class='ocrx_word' id='word_1_93' title='bbox 638 670 676 702; x_wconf 84' lang='grc' dir='ltr'>ὡς</span> <span class='ocrx_word' id='word_1_94' title='bbox 689 669 866 704; x_wconf 82' lang='grc' dir='ltr'>πραξείουσιν</span> <span class='ocrx_word' id='word_1_95' title='bbox 882 668 901 696; x_wconf 75' lang='grc' dir='ltr'>ἃ</span> 
     </span>
    </p>
   </div>
   <div class='ocr_carea' id='block_1_15' title="bbox 108 715 899 751">
    <p class='ocr_par' dir='ltr' id='par_1_15' title="bbox 108 715 899 751">
     <span class='ocr_line' id='line_1_15' title="bbox 108 715 899 751; baseline -0.003 -9"><span class='ocrx_word' id='word_1_96' title='bbox 108 717 143 743; x_wconf 75' lang='grc' dir='ltr'>ἂν</span> <span class='ocrx_word' id='word_1_97' title='bbox 156 717 240 748; x_wconf 75' lang='grc' dir='ltr'>αὐτὸς</span> <span class='ocrx_word' id='word_1_98' title='bbox 255 717 408 743; x_wconf 75' lang='grc' dir='ltr'>ἐπιτάττοι.</span> <span class='ocrx_word' id='word_1_99' title='bbox 428 717 458 743; x_wconf 83' lang='lat'><strong>&#39;0</strong></span> <span class='ocrx_word' id='word_1_100' title='bbox 469 717 496 742; x_wconf 83' lang='grc' dir='ltr'><strong>δὲ</strong></span> <span class='ocrx_word' id='word_1_101' title='bbox 508 716 557 751; x_wconf 89' lang='grc' dir='ltr'>τὴν</span> <span class='ocrx_word' id='word_1_102' title='bbox 572 716 632 751; x_wconf 79' lang='grc' dir='ltr'>μετ’</span> <span class='ocrx_word' id='word_1_103' title='bbox 643 716 754 751; x_wconf 75' lang='grc' dir='ltr'>είρήνης</span> <span class='ocrx_word' id='word_1_104' title='bbox 767 715 899 746; x_wconf 84' lang='grc' dir='ltr'>διάλυσιν,</span> 
     </span>
    </p>
   </div>
   <div class='ocr_carea' id='block_1_16' title="bbox 108 760 902 797">
    <p class='ocr_par' dir='ltr' id='par_1_16' title="bbox 108 760 902 797">
     <span class='ocr_line' id='line_1_16' title="bbox 108 760 902 797; baseline -0.004 -8"><span class='ocrx_word' id='word_1_105' title='bbox 108 763 134 789; x_wconf 82' lang='grc' dir='ltr'><strong>εί</strong></span> <span class='ocrx_word' id='word_1_106' title='bbox 149 762 271 795; x_wconf 79' lang='grc' dir='ltr'>δύναιτο,</span> <span class='ocrx_word' id='word_1_107' title='bbox 299 762 366 794; x_wconf 82' lang='grc' dir='ltr'>τέως</span> <span class='ocrx_word' id='word_1_108' title='bbox 382 762 434 797; x_wconf 83' lang='grc' dir='ltr'>τῆς</span> <span class='ocrx_word' id='word_1_109' title='bbox 452 762 544 797; x_wconf 80' lang='grc' dir='ltr'><strong>μάχης</strong></span> <span class='ocrx_word' id='word_1_110' title='bbox 572 760 692 795; x_wconf 80' lang='grc' dir='ltr'>πολέμου</span> <span class='ocrx_word' id='word_1_111' title='bbox 710 760 794 787; x_wconf 80' lang='grc' dir='ltr'>ἐτίθει</span> <span class='ocrx_word' id='word_1_112' title='bbox 811 760 902 796; x_wconf 80' lang='grc' dir='ltr'>πολλῷ</span> 
     </span>
    </p>
   </div>
   <div class='ocr_carea' id='block_1_17' title="bbox 108 807 902 844">
    <p class='ocr_par' dir='ltr' id='par_1_17' title="bbox 108 807 902 844">
     <span class='ocr_line' id='line_1_17' title="bbox 108 807 902 844; baseline -0.001 -10"><span class='ocrx_word' id='word_1_113' title='bbox 108 809 178 844; x_wconf 80' lang='grc' dir='ltr'>περὶ</span> <span class='ocrx_word' id='word_1_114' title='bbox 204 808 338 839; x_wconf 82' lang='grc' dir='ltr'>πλείονος,</span> <span class='ocrx_word' id='word_1_115' title='bbox 367 809 391 834; x_wconf 86' lang='grc' dir='ltr'><strong>εί</strong></span> <span class='ocrx_word' id='word_1_116' title='bbox 419 809 466 834; x_wconf 77' lang='grc' dir='ltr'><strong>καὶ</strong></span> <span class='ocrx_word' id='word_1_117' title='bbox 493 808 624 843; x_wconf 84' lang='grc' dir='ltr'>χρήματα</span> <span class='ocrx_word' id='word_1_118' title='bbox 649 807 773 842; x_wconf 84' lang='grc' dir='ltr'>δαπανᾷν</span> <span class='ocrx_word' id='word_1_119' title='bbox 795 807 902 842; x_wconf 87' lang='grc' dir='ltr'>μεγάλα.</span> 
     </span>
    </p>
   </div>
   <div class='ocr_carea' id='block_1_18' title="bbox 107 853 938 907">
    <p class='ocr_par' dir='ltr' id='par_1_18' title="bbox 107 853 938 907">
     <span class='ocr_line' id='line_1_18' title="bbox 107 853 938 907; baseline 0 -27"><span class='ocrx_word' id='word_1_120' title='bbox 107 854 234 889; x_wconf 75' lang='grc' dir='ltr'><strong>ξυμϐαίη</strong></span> <span class='ocrx_word' id='word_1_121' title='bbox 244 863 250 870; x_wconf 93' lang='grc'><strong>·</strong></span> <span class='ocrx_word' id='word_1_122' title='bbox 266 855 316 889; x_wconf 81' lang='grc' dir='ltr'><strong>τὴν</strong></span> <span class='ocrx_word' id='word_1_123' title='bbox 330 854 380 889; x_wconf 83' lang='grc' dir='ltr'>μὲν</span> <span class='ocrx_word' id='word_1_124' title='bbox 395 855 451 889; x_wconf 72' lang='grc' dir='ltr'><strong>γὰρ</strong></span> <span class='ocrx_word' id='word_1_125' title='bbox 462 854 610 889; x_wconf 78' lang='grc' dir='ltr'>ἀναιμωτὶ,</span> <span class='ocrx_word' id='word_1_126' title='bbox 626 854 678 889; x_wconf 81' lang='grc' dir='ltr'>τὴν</span> <span class='ocrx_word' id='word_1_127' title='bbox 690 853 719 881; x_wconf 79' lang='grc' dir='ltr'><strong>δὲ</strong></span> <span class='ocrx_word' id='word_1_128' title='bbox 731 853 837 879; x_wconf 82' lang='grc' dir='ltr'><strong>πολλῶν</strong></span> <span class='ocrx_word' id='word_1_129' title='bbox 853 862 902 880; x_wconf 84' lang='grc' dir='ltr'>πε-</span> <span class='ocrx_word' id='word_1_130' title='bbox 916 879 938 907; x_wconf 72' lang='grc' dir='ltr'>Β</span> 
     </span>
    </p>
   </div>
   <div class='ocr_carea' id='block_1_19' title="bbox 108 900 900 936">
    <p class='ocr_par' dir='ltr' id='par_1_19' title="bbox 108 900 900 936">
     <span class='ocr_line' id='line_1_19' title="bbox 108 900 900 936; baseline -0.001 -9"><span class='ocrx_word' id='word_1_131' title='bbox 108 902 215 928; x_wconf 66' lang='grc' dir='ltr'>σάντων</span> <span class='ocrx_word' id='word_1_132' title='bbox 232 901 303 928; x_wconf 78' lang='grc' dir='ltr'>κατὰ</span> <span class='ocrx_word' id='word_1_133' title='bbox 328 901 448 936; x_wconf 70' lang='grc' dir='ltr'>πόλεμον</span> <span class='ocrx_word' id='word_1_134' title='bbox 470 901 603 935; x_wconf 82' lang='grc' dir='ltr'>γίνεσθαι.</span> <span class='ocrx_word' id='word_1_135' title='bbox 635 900 714 927; x_wconf 78' lang='grc' dir='ltr'>Ἐπεὶ</span> <span class='ocrx_word' id='word_1_136' title='bbox 734 900 762 927; x_wconf 84' lang='grc' dir='ltr'><strong>δὲ</strong></span> <span class='ocrx_word' id='word_1_137' title='bbox 778 900 900 927; x_wconf 70' lang='grc' dir='ltr'>κάκεῖνοι</span> 
     </span>
    </p>
   </div>
   <div class='ocr_carea' id='block_1_20' title="bbox 107 947 902 984">
    <p class='ocr_par' dir='ltr' id='par_1_20' title="bbox 107 947 902 984">
     <span class='ocr_line' id='line_1_20' title="bbox 107 947 902 984; baseline -0.003 -10"><span class='ocrx_word' id='word_1_138' title='bbox 107 948 243 980; x_wconf 73' lang='grc' dir='ltr'>πολλάκις</span> <span class='ocrx_word' id='word_1_139' title='bbox 265 948 418 982; x_wconf 78' lang='grc' dir='ltr'><strong>πέμποντες</strong></span> <span class='ocrx_word' id='word_1_140' title='bbox 435 948 530 982; x_wconf 76' lang='grc' dir='ltr'>ἠξίουν</span> <span class='ocrx_word' id='word_1_141' title='bbox 541 948 576 974; x_wconf 81' lang='grc' dir='ltr'><strong>τὰ</strong></span> <span class='ocrx_word' id='word_1_142' title='bbox 588 947 820 984; x_wconf 78' lang='grc' dir='ltr'>κεχρεωστημένα</span> <span class='ocrx_word' id='word_1_143' title='bbox 833 947 902 982; x_wconf 88' lang='grc' dir='ltr'>λαμ-</span> 
     </span>
    </p>
   </div>
   <div class='ocr_carea' id='block_1_21' title="bbox 109 992 902 1029">
    <p class='ocr_par' dir='ltr' id='par_1_21' title="bbox 109 992 902 1029">
     <span class='ocr_line' id='line_1_21' title="bbox 109 992 902 1029; baseline -0.001 -9"><span class='ocrx_word' id='word_1_144' title='bbox 109 995 207 1021; x_wconf 77' lang='grc' dir='ltr'>ϐάνειν</span> <span class='ocrx_word' id='word_1_145' title='bbox 223 995 270 1021; x_wconf 69' lang='grc' dir='ltr'>καὶ</span> <span class='ocrx_word' id='word_1_146' title='bbox 291 993 516 1020; x_wconf 69' lang='grc' dir='ltr'><strong>ἀπαλλάσσεσθαι</strong></span> <span class='ocrx_word' id='word_1_147' title='bbox 544 994 597 1028; x_wconf 86' lang='grc' dir='ltr'><strong>(τὰ</strong></span> <span class='ocrx_word' id='word_1_148' title='bbox 611 994 633 1020; x_wconf 84' lang='grc' dir='ltr'><strong>δ’</strong></span> <span class='ocrx_word' id='word_1_149' title='bbox 649 992 731 1029; x_wconf 84' lang='grc' dir='ltr'>ἦσαν,</span> <span class='ocrx_word' id='word_1_150' title='bbox 749 993 786 1025; x_wconf 81' lang='grc' dir='ltr'>ὥς</span> <span class='ocrx_word' id='word_1_151' title='bbox 802 994 902 1020; x_wconf 76' lang='grc' dir='ltr'>ἐκεῖνοι</span> 
     </span>
    </p>
   </div>
   <div class='ocr_carea' id='block_1_22' title="bbox 111 1039 902 1076">
    <p class='ocr_par' dir='ltr' id='par_1_22' title="bbox 111 1039 902 1076">
     <span class='ocr_line' id='line_1_22' title="bbox 111 1039 902 1076; baseline 0 -10"><span class='ocrx_word' id='word_1_152' title='bbox 111 1040 304 1076; x_wconf 74' lang='grc' dir='ltr'>ὲϐρενθύοντο,</span> <span class='ocrx_word' id='word_1_153' title='bbox 322 1040 387 1075; x_wconf 81' lang='grc' dir='ltr'>περί</span> <span class='ocrx_word' id='word_1_154' title='bbox 401 1048 454 1067; x_wconf 87' lang='grc' dir='ltr'><strong>που</strong></span> <span class='ocrx_word' id='word_1_155' title='bbox 476 1039 525 1071; x_wconf 79' lang='grc' dir='ltr'><strong>τὰς</strong></span> <span class='ocrx_word' id='word_1_156' title='bbox 541 1039 700 1075; x_wconf 80' lang='grc' dir='ltr'>τριακοσίας</span> <span class='ocrx_word' id='word_1_157' title='bbox 716 1039 838 1074; x_wconf 81' lang='grc' dir='ltr'><strong>χιλιάδας</strong></span> <span class='ocrx_word' id='word_1_158' title='bbox 854 1039 902 1066; x_wconf 82' lang='grc' dir='ltr'>τοῦ</span> 
     </span>
    </p>
   </div>
   <div class='ocr_carea' id='block_1_23' title="bbox 111 1084 902 1122">
    <p class='ocr_par' dir='ltr' id='par_1_23' title="bbox 111 1084 902 1122">
     <span class='ocr_line' id='line_1_23' title="bbox 111 1084 902 1122; baseline 0 -9"><span class='ocrx_word' id='word_1_159' title='bbox 111 1086 294 1121; x_wconf 68' lang='grc' dir='ltr'>νομιςημένου</span> <span class='ocrx_word' id='word_1_160' title='bbox 323 1087 464 1122; x_wconf 82' lang='grc' dir='ltr'>χρυσίου),</span> <span class='ocrx_word' id='word_1_161' title='bbox 495 1087 543 1114; x_wconf 76' lang='grc' dir='ltr'>καὶ</span> <span class='ocrx_word' id='word_1_162' title='bbox 566 1087 621 1121; x_wconf 80' lang='grc' dir='ltr'>γὰρ</span> <span class='ocrx_word' id='word_1_163' title='bbox 636 1085 691 1113; x_wconf 77' lang='grc' dir='ltr'>τότ’</span> <span class='ocrx_word' id='word_1_164' title='bbox 707 1084 778 1122; x_wconf 78' lang='grc' dir='ltr'>ἦσαν</span> <span class='ocrx_word' id='word_1_165' title='bbox 791 1085 820 1119; x_wconf 76' lang='grc' dir='ltr'>ἐξ</span> <span class='ocrx_word' id='word_1_166' title='bbox 835 1087 902 1113; x_wconf 78' lang='grc' dir='ltr'>ὑπο-</span> 
     </span>
    </p>
   </div>
   <div class='ocr_carea' id='block_1_24' title="bbox 112 1177 922 1212">
    <p class='ocr_par' dir='ltr' id='par_1_24' title="bbox 112 1177 922 1212">
     <span class='ocr_line' id='line_1_24' title="bbox 112 1177 922 1212; baseline 0.001 -9"><span class='ocrx_word' id='word_1_167' title='bbox 112 1177 271 1212; x_wconf 77' lang='lat' dir='ltr'><strong>gnbardiam</strong></span> <span class='ocrx_word' id='word_1_168' title='bbox 288 1181 418 1205; x_wconf 83' lang='lat' dir='ltr'><strong>miserat:</strong></span> <span class='ocrx_word' id='word_1_169' title='bbox 439 1183 527 1205; x_wconf 87' lang='lat' dir='ltr'><strong>mater</strong></span> <span class='ocrx_word' id='word_1_170' title='bbox 547 1183 636 1205; x_wconf 88' lang='lat' dir='ltr'><strong>autem</strong></span> <span class='ocrx_word' id='word_1_171' title='bbox 658 1177 691 1205; x_wconf 92' lang='lat' dir='ltr'><strong>ad</strong></span> <span class='ocrx_word' id='word_1_172' title='bbox 708 1185 767 1205; x_wconf 84' lang='lat' dir='ltr'><strong>eam</strong></span> <span class='ocrx_word' id='word_1_173' title='bbox 784 1177 834 1205; x_wconf 84' lang='lat' dir='ltr'><strong>sibi</strong></span> <span class='ocrx_word' id='word_1_174' title='bbox 849 1178 904 1205; x_wconf 71' lang='lat' dir='ltr'><strong>ari—</strong></span> <span class='ocrx_word' id='word_1_175' title='bbox 916 1206 922 1212; x_wconf 61' lang='grc'><em>,</em></span> 
     </span>
    </p>
   </div>
   <div class='ocr_carea' id='block_1_25' title="bbox 112 1223 904 1260">
    <p class='ocr_par' dir='ltr' id='par_1_25' title="bbox 112 1223 904 1260">
     <span class='ocr_line' id='line_1_25' title="bbox 112 1223 904 1260; baseline 0.004 -11"><span class='ocrx_word' id='word_1_176' title='bbox 112 1228 169 1250; x_wconf 87' lang='lat' dir='ltr'><strong>tam</strong></span> <span class='ocrx_word' id='word_1_177' title='bbox 185 1223 349 1250; x_wconf 80' lang='lat' dir='ltr'><strong>cemcndam</strong></span> <span class='ocrx_word' id='word_1_178' title='bbox 375 1224 562 1251; x_wconf 73' lang='lat' dir='ltr'><strong>luereditatem</strong></span> <span class='ocrx_word' id='word_1_179' title='bbox 579 1224 752 1252; x_wconf 85' lang='lat' dir='ltr'><strong>Theodorum</strong></span> <span class='ocrx_word' id='word_1_180' title='bbox 769 1232 904 1260; x_wconf 73' lang='lat' dir='ltr'><strong>praeroga-</strong></span> 
     </span>
    </p>
   </div>
   <div class='ocr_carea' id='block_1_26' title="bbox 111 1269 904 1306">
    <p class='ocr_par' dir='ltr' id='par_1_26' title="bbox 111 1269 904 1306">
     <span class='ocr_line' id='line_1_26' title="bbox 111 1269 904 1306; baseline 0.005 -11"><span class='ocrx_word' id='word_1_181' title='bbox 111 1269 165 1295; x_wconf 87' lang='lat' dir='ltr'><strong>tiva</strong></span> <span class='ocrx_word' id='word_1_182' title='bbox 190 1269 302 1303; x_wconf 79' lang='lat' dir='ltr'><strong>majoris</strong></span> <span class='ocrx_word' id='word_1_183' title='bbox 326 1270 414 1298; x_wconf 65' lang='lat' dir='ltr'><strong>artatis</strong></span> <span class='ocrx_word' id='word_1_184' title='bbox 432 1278 548 1299; x_wconf 85' lang='lat' dir='ltr'><strong>censens</strong></span> <span class='ocrx_word' id='word_1_185' title='bbox 567 1272 653 1306; x_wconf 77' lang='lat' dir='ltr'><strong>magis</strong></span> <span class='ocrx_word' id='word_1_186' title='bbox 668 1271 805 1303; x_wconf 87' lang='lat' dir='ltr'><strong>idoneum.</strong></span> <span class='ocrx_word' id='word_1_187' title='bbox 832 1272 904 1300; x_wconf 92' lang='lat' dir='ltr'><strong>hunc</strong></span> 
     </span>
    </p>
   </div>
   <div class='ocr_carea' id='block_1_27' title="bbox 111 1315 904 1354">
    <p class='ocr_par' dir='ltr' id='par_1_27' title="bbox 111 1315 904 1354">
     <span class='ocr_line' id='line_1_27' title="bbox 111 1315 904 1354; baseline 0.006 -12"><span class='ocrx_word' id='word_1_188' title='bbox 111 1315 305 1343; x_wconf 71' lang='lat' dir='ltr'><strong>Thessalonica</strong></span> <span class='ocrx_word' id='word_1_189' title='bbox 321 1321 392 1344; x_wconf 81' lang='lat' dir='ltr'><strong>recta</strong></span> <span class='ocrx_word' id='word_1_190' title='bbox 407 1317 516 1344; x_wconf 86' lang='lat' dir='ltr'><strong>misitin</strong></span> <span class='ocrx_word' id='word_1_191' title='bbox 529 1316 803 1354; x_wconf 80' lang='lat' dir='ltr'><strong>ltaliam,legitimum</strong></span> <span class='ocrx_word' id='word_1_192' title='bbox 817 1320 904 1347; x_wconf 74' lang='lat' dir='ltr'><strong>luere-</strong></span> 
     </span>
    </p>
   </div>
   <div class='ocr_carea' id='block_1_28' title="bbox 110 1362 904 1398">
    <p class='ocr_par' dir='ltr' id='par_1_28' title="bbox 110 1362 904 1398">
     <span class='ocr_line' id='line_1_28' title="bbox 110 1362 904 1398; baseline 0.004 -9"><span class='ocrx_word' id='word_1_193' title='bbox 110 1362 173 1389; x_wconf 84' lang='lat' dir='ltr'><strong>dem</strong></span> <span class='ocrx_word' id='word_1_194' title='bbox 185 1363 352 1390; x_wconf 87' lang='lat' dir='ltr'><strong>declaratum</strong></span> <span class='ocrx_word' id='word_1_195' title='bbox 377 1363 509 1391; x_wconf 91' lang='lat' dir='ltr'><strong>bonorum</strong></span> <span class='ocrx_word' id='word_1_196' title='bbox 529 1364 727 1398; x_wconf 85' lang='lat' dir='ltr'><strong>etprineipatus</strong></span> <span class='ocrx_word' id='word_1_197' title='bbox 748 1365 904 1398; x_wconf 86' lang='lat' dir='ltr'><strong>suilratris,</strong></span> 
     </span>
    </p>
   </div>
   <div class='ocr_carea' id='block_1_29' title="bbox 111 1408 904 1445">
    <p class='ocr_par' dir='ltr' id='par_1_29' title="bbox 111 1408 904 1445">
     <span class='ocr_line' id='line_1_29' title="bbox 111 1408 904 1445; baseline 0.006 -12"><span class='ocrx_word' id='word_1_198' title='bbox 111 1413 286 1441; x_wconf 85' lang='lat' dir='ltr'><strong>sumpturum</strong></span> <span class='ocrx_word' id='word_1_199' title='bbox 298 1408 350 1435; x_wconf 91' lang='lat' dir='ltr'><strong>illic</strong></span> <span class='ocrx_word' id='word_1_200' title='bbox 358 1416 390 1435; x_wconf 90' lang='lat' dir='ltr'><strong>eo</strong></span> <span class='ocrx_word' id='word_1_201' title='bbox 399 1410 477 1436; x_wconf 88' lang='lat' dir='ltr'><strong>titulo</strong></span> <span class='ocrx_word' id='word_1_202' title='bbox 486 1410 631 1437; x_wconf 88' lang='lat' dir='ltr'><strong>marchesii</strong></span> <span class='ocrx_word' id='word_1_203' title='bbox 653 1411 824 1445; x_wconf 81' lang='lat' dir='ltr'><strong>dignitatem.</strong></span> <span class='ocrx_word' id='word_1_204' title='bbox 836 1411 904 1438; x_wconf 83' lang='lat' dir='ltr'><strong>Huic</strong></span> 
     </span>
    </p>
   </div>
   <div class='ocr_carea' id='block_1_30' title="bbox 111 1454 905 1491">
    <p class='ocr_par' dir='ltr' id='par_1_30' title="bbox 111 1454 905 1491">
     <span class='ocr_line' id='line_1_30' title="bbox 111 1454 905 1491; baseline 0.005 -11"><span class='ocrx_word' id='word_1_205' title='bbox 111 1454 297 1482; x_wconf 76' lang='lat' dir='ltr'><strong>collocaverat</strong></span> <span class='ocrx_word' id='word_1_206' title='bbox 309 1454 390 1482; x_wconf 75' lang='lat' dir='ltr'><strong>tiliam</strong></span> <span class='ocrx_word' id='word_1_207' title='bbox 399 1456 548 1490; x_wconf 85' lang='lat' dir='ltr'><strong>Spinulus:</strong></span> <span class='ocrx_word' id='word_1_208' title='bbox 563 1457 610 1484; x_wconf 79' lang='lat' dir='ltr'><strong>sed</strong></span> <span class='ocrx_word' id='word_1_209' title='bbox 626 1462 654 1483; x_wconf 91' lang='lat' dir='ltr'><strong>ut</strong></span> <span class='ocrx_word' id='word_1_210' title='bbox 665 1465 724 1491; x_wconf 63' lang='lat' dir='ltr'><strong>qum</strong></span> <span class='ocrx_word' id='word_1_211' title='bbox 739 1462 830 1483; x_wconf 83' lang='lat' dir='ltr'><strong>secuta</strong></span> <span class='ocrx_word' id='word_1_212' title='bbox 842 1462 905 1484; x_wconf 84' lang='lat' dir='ltr'><strong>stult</strong></span> 
     </span>
    </p>
   </div>
   <div class='ocr_carea' id='block_1_31' title="bbox 110 1501 904 1535">
    <p class='ocr_par' dir='ltr' id='par_1_31' title="bbox 110 1501 904 1535">
     <span class='ocr_line' id='line_1_31' title="bbox 110 1501 904 1535; baseline 0.004 -9"><span class='ocrx_word' id='word_1_213' title='bbox 110 1501 203 1527; x_wconf 86' lang='lat' dir='ltr'><strong>obiter</strong></span> <span class='ocrx_word' id='word_1_214' title='bbox 218 1505 348 1533; x_wconf 82' lang='lat' dir='ltr'><strong>attexam,</strong></span> <span class='ocrx_word' id='word_1_215' title='bbox 362 1506 525 1535; x_wconf 61' lang='lat' dir='ltr'><strong>praemature</strong></span> <span class='ocrx_word' id='word_1_216' title='bbox 540 1503 563 1529; x_wconf 90' lang='lat' dir='ltr'><strong>is</strong></span> <span class='ocrx_word' id='word_1_217' title='bbox 581 1503 649 1530; x_wconf 88' lang='lat' dir='ltr'><strong>obiit</strong></span> <span class='ocrx_word' id='word_1_218' title='bbox 665 1503 725 1529; x_wconf 86' lang='lat' dir='ltr'><strong>sine</strong></span> <span class='ocrx_word' id='word_1_219' title='bbox 739 1502 815 1535; x_wconf 88' lang='lat' dir='ltr'><strong>prole</strong></span> <span class='ocrx_word' id='word_1_220' title='bbox 832 1510 904 1529; x_wconf 84' lang='lat' dir='ltr'><strong>mas-</strong></span> 
     </span>
    </p>
   </div>
   <div class='ocr_carea' id='block_1_32' title="bbox 948 247 1734 287">
    <p class='ocr_par' dir='ltr' id='par_1_32' title="bbox 948 247 1734 287">
     <span class='ocr_line' id='line_1_32' title="bbox 948 247 1734 287; baseline -0.006 -10"><span class='ocrx_word' id='word_1_221' title='bbox 948 251 1115 287; x_wconf 78' lang='grc' dir='ltr'>προὺξένουν</span> <span class='ocrx_word' id='word_1_222' title='bbox 1143 252 1192 285; x_wconf 78' lang='grc' dir='ltr'><strong>μὲν</strong></span> <span class='ocrx_word' id='word_1_223' title='bbox 1208 250 1372 281; x_wconf 72' lang='grc' dir='ltr'>Γεννουῗται,</span> <span class='ocrx_word' id='word_1_224' title='bbox 1397 251 1421 276; x_wconf 73' lang='lat' dir='ltr'><strong>oi</strong></span> <span class='ocrx_word' id='word_1_225' title='bbox 1437 249 1512 276; x_wconf 75' lang='grc' dir='ltr'>αὐτοὶ</span> <span class='ocrx_word' id='word_1_226' title='bbox 1533 248 1561 275; x_wconf 81' lang='grc' dir='ltr'><strong>δὲ</strong></span> <span class='ocrx_word' id='word_1_227' title='bbox 1577 247 1623 274; x_wconf 70' lang='grc' dir='ltr'>καὶ</span> <span class='ocrx_word' id='word_1_228' title='bbox 1637 247 1671 273; x_wconf 77' lang='grc' dir='ltr'><strong>τὰ</strong></span> <span class='ocrx_word' id='word_1_229' title='bbox 1683 247 1734 281; x_wconf 76' lang='grc' dir='ltr'>τῆς</span> 
     </span>
    </p>
   </div>
   <div class='ocr_carea' id='block_1_33' title="bbox 949 293 1736 334">
    <p class='ocr_par' dir='ltr' id='par_1_33' title="bbox 949 293 1736 334">
     <span class='ocr_line' id='line_1_33' title="bbox 949 293 1736 334; baseline -0.009 -9"><span class='ocrx_word' id='word_1_230' title='bbox 949 299 1097 334; x_wconf 69' lang='grc' dir='ltr'>πρεσϐείας</span> <span class='ocrx_word' id='word_1_231' title='bbox 1113 298 1180 331; x_wconf 79' lang='grc' dir='ltr'>πρὸς</span> <span class='ocrx_word' id='word_1_232' title='bbox 1200 297 1311 332; x_wconf 75' lang='grc' dir='ltr'><strong>βασιλέα</strong></span> <span class='ocrx_word' id='word_1_233' title='bbox 1337 297 1502 331; x_wconf 80' lang='grc' dir='ltr'>διηυθέτουν,</span> <span class='ocrx_word' id='word_1_234' title='bbox 1523 299 1559 329; x_wconf 77' lang='grc' dir='ltr'><strong>μη</strong></span> <span class='ocrx_word' id='word_1_235' title='bbox 1577 293 1736 328; x_wconf 80' lang='grc' dir='ltr'>δυναμένων</span> 
     </span>
    </p>
   </div>
   <div class='ocr_carea' id='block_1_34' title="bbox 948 341 1736 379">
    <p class='ocr_par' dir='ltr' id='par_1_34' title="bbox 948 341 1736 379">
     <span class='ocr_line' id='line_1_34' title="bbox 948 341 1736 379; baseline -0.009 -8"><span class='ocrx_word' id='word_1_236' title='bbox 948 345 1061 371; x_wconf 74' lang='grc' dir='ltr'>ἐκείνων</span> <span class='ocrx_word' id='word_1_237' title='bbox 1079 345 1184 379; x_wconf 77' lang='grc' dir='ltr'>βασίλεῖ</span> <span class='ocrx_word' id='word_1_238' title='bbox 1196 343 1407 379; x_wconf 70' lang='grc' dir='ltr'>ἐμφανίζεσθαι.</span> <span class='ocrx_word' id='word_1_239' title='bbox 1434 343 1482 368; x_wconf 70' lang='grc' dir='ltr'>Διὰ</span> <span class='ocrx_word' id='word_1_240' title='bbox 1501 341 1532 376; x_wconf 80' lang='grc' dir='ltr'>δὴ</span> <span class='ocrx_word' id='word_1_241' title='bbox 1547 341 1634 367; x_wconf 71' lang='grc' dir='ltr'>ταῦτα</span> <span class='ocrx_word' id='word_1_242' title='bbox 1649 347 1736 374; x_wconf 81' lang='grc' dir='ltr'>προσ-</span> 
     </span>
    </p>
   </div>
   <div class='ocr_carea' id='block_1_35' title="bbox 950 385 1737 425">
    <p class='ocr_par' dir='ltr' id='par_1_35' title="bbox 950 385 1737 425">
     <span class='ocr_line' id='line_1_35' title="bbox 950 385 1737 425; baseline -0.01 -7"><span class='ocrx_word' id='word_1_243' title='bbox 950 391 1057 425; x_wconf 84' lang='grc' dir='ltr'>ιέμενος</span> <span class='ocrx_word' id='word_1_244' title='bbox 1081 392 1094 417; x_wconf 81' lang='grc' dir='ltr'>ὁ</span> <span class='ocrx_word' id='word_1_245' title='bbox 1111 390 1219 425; x_wconf 67' lang='grc' dir='ltr'>κρατῶν</span> <span class='ocrx_word' id='word_1_246' title='bbox 1237 389 1285 424; x_wconf 82' lang='grc' dir='ltr'>τὴν</span> <span class='ocrx_word' id='word_1_247' title='bbox 1312 389 1470 423; x_wconf 74' lang='grc' dir='ltr'>πρεσϐείαν,</span> <span class='ocrx_word' id='word_1_248' title='bbox 1489 388 1551 418; x_wconf 68' lang='grc' dir='ltr'>τοὺς</span> <span class='ocrx_word' id='word_1_249' title='bbox 1571 386 1621 422; x_wconf 78' lang='grc' dir='ltr'>μὲν</span> <span class='ocrx_word' id='word_1_250' title='bbox 1634 387 1662 411; x_wconf 85' lang='grc' dir='ltr'><strong>ὲν</strong></span> <span class='ocrx_word' id='word_1_251' title='bbox 1677 385 1737 415; x_wconf 83' lang='grc' dir='ltr'>ταῖς</span> 
     </span>
    </p>
   </div>
   <div class='ocr_carea' id='block_1_36' title="bbox 949 431 1738 472">
    <p class='ocr_par' dir='ltr' id='par_1_36' title="bbox 949 431 1738 472">
     <span class='ocr_line' id='line_1_36' title="bbox 949 431 1738 472; baseline -0.009 -8"><span class='ocrx_word' id='word_1_252' title='bbox 949 442 1027 464; x_wconf 70' lang='grc' dir='ltr'>ναυσί</span> <span class='ocrx_word' id='word_1_253' title='bbox 1039 437 1242 472; x_wconf 75' lang='grc' dir='ltr'>παρακατέχειν</span> <span class='ocrx_word' id='word_1_254' title='bbox 1257 436 1307 462; x_wconf 76' lang='grc' dir='ltr'>οὐκ</span> <span class='ocrx_word' id='word_1_255' title='bbox 1319 433 1391 470; x_wconf 77' lang='grc' dir='ltr'>εἶχεν</span> <span class='ocrx_word' id='word_1_256' title='bbox 1403 434 1545 469; x_wconf 77' lang='grc' dir='ltr'><strong>ὁρμῶντας</strong></span> <span class='ocrx_word' id='word_1_257' title='bbox 1560 433 1626 467; x_wconf 78' lang='grc' dir='ltr'>πρδς</span> <span class='ocrx_word' id='word_1_258' title='bbox 1644 431 1738 464; x_wconf 77' lang='grc' dir='ltr'>Εὔξει-</span> 
     </span>
    </p>
   </div>
   <div class='ocr_carea' id='block_1_37' title="bbox 948 478 1738 517">
    <p class='ocr_par' dir='ltr' id='par_1_37' title="bbox 948 478 1738 517">
     <span class='ocr_line' id='line_1_37' title="bbox 948 478 1738 517; baseline -0.008 -7"><span class='ocrx_word' id='word_1_259' title='bbox 948 491 993 510; x_wconf 88' lang='grc' dir='ltr'><strong>νον</strong></span> <span class='ocrx_word' id='word_1_260' title='bbox 1011 483 1056 510; x_wconf 76' lang='grc' dir='ltr'>διὰ</span> <span class='ocrx_word' id='word_1_261' title='bbox 1069 484 1103 509; x_wconf 76' lang='grc' dir='ltr'><strong>τὰ</strong></span> <span class='ocrx_word' id='word_1_262' title='bbox 1119 482 1216 517; x_wconf 79' lang='grc' dir='ltr'>φορτία</span> <span class='ocrx_word' id='word_1_263' title='bbox 1229 480 1453 512; x_wconf 74' lang='grc' dir='ltr'>διαπλωῖζεσθαι,</span> <span class='ocrx_word' id='word_1_264' title='bbox 1465 480 1600 514; x_wconf 81' lang='grc' dir='ltr'>τέσσαρας</span> <span class='ocrx_word' id='word_1_265' title='bbox 1612 479 1640 505; x_wconf 77' lang='grc' dir='ltr'><strong>δὲ</strong></span> <span class='ocrx_word' id='word_1_266' title='bbox 1657 478 1738 511; x_wconf 83' lang='grc' dir='ltr'>μόνον</span> 
     </span>
    </p>
   </div>
   <div class='ocr_carea' id='block_1_38' title="bbox 949 520 1738 566">
    <p class='ocr_par' dir='ltr' id='par_1_38' title="bbox 949 520 1738 566">
     <span class='ocr_line' id='line_1_38' title="bbox 949 520 1738 566; baseline -0.01 -10"><span class='ocrx_word' id='word_1_267' title='bbox 949 531 1071 566; x_wconf 81' lang='grc' dir='ltr'>τριήρεις</span> <span class='ocrx_word' id='word_1_268' title='bbox 1093 529 1140 555; x_wconf 72' lang='grc' dir='ltr'><strong>ἐπὶ</strong></span> <span class='ocrx_word' id='word_1_269' title='bbox 1163 528 1254 563; x_wconf 79' lang='grc' dir='ltr'><strong>ῥητοῖς</strong></span> <span class='ocrx_word' id='word_1_270' title='bbox 1277 527 1382 561; x_wconf 81' lang='grc' dir='ltr'>μισθοῖς</span> <span class='ocrx_word' id='word_1_271' title='bbox 1408 524 1641 560; x_wconf 70' lang='grc' dir='ltr'><strong>παρακατασχὼν,</strong></span> <span class='ocrx_word' id='word_1_272' title='bbox 1658 524 1699 557; x_wconf 62' lang='grc' dir='ltr'><strong>ἐφ’</strong></span> 
     </span>
    </p>
   </div>
   <div class='ocr_carea' id='block_1_39' title="bbox 949 570 1738 611">
    <p class='ocr_par' dir='ltr' id='par_1_39' title="bbox 949 570 1738 611">
     <span class='ocr_line' id='line_1_39' title="bbox 949 570 1738 611; baseline -0.01 -8"><span class='ocrx_word' id='word_1_273' title='bbox 949 576 1101 611; x_wconf 82' lang='grc' dir='ltr'>διατηροῖεν</span> <span class='ocrx_word' id='word_1_274' title='bbox 1117 576 1151 601; x_wconf 87' lang='grc' dir='ltr'><strong>τὰ</strong></span> <span class='ocrx_word' id='word_1_275' title='bbox 1168 575 1217 609; x_wconf 81' lang='grc' dir='ltr'>τῆς</span> <span class='ocrx_word' id='word_1_276' title='bbox 1238 574 1350 600; x_wconf 79' lang='grc' dir='ltr'><strong>Ἀϐύδου</strong></span> <span class='ocrx_word' id='word_1_277' title='bbox 1376 573 1468 604; x_wconf 79' lang='grc' dir='ltr'>στενὰ,</span> <span class='ocrx_word' id='word_1_278' title='bbox 1481 572 1539 605; x_wconf 70' lang='grc' dir='ltr'><strong>ἄμα</strong></span> <span class='ocrx_word' id='word_1_279' title='bbox 1557 571 1606 606; x_wconf 77' lang='grc' dir='ltr'>μὲν</span> <span class='ocrx_word' id='word_1_280' title='bbox 1623 570 1738 596; x_wconf 78' lang='grc' dir='ltr'>κωλύειν</span> 
     </span>
    </p>
   </div>
   <div class='ocr_carea' id='block_1_40' title="bbox 949 616 1739 656">
    <p class='ocr_par' dir='ltr' id='par_1_40' title="bbox 949 616 1739 656">
     <span class='ocr_line' id='line_1_40' title="bbox 949 616 1739 656; baseline -0.01 -7"><span class='ocrx_word' id='word_1_281' title='bbox 949 623 1013 653; x_wconf 81' lang='grc' dir='ltr'>τοὺς</span> <span class='ocrx_word' id='word_1_282' title='bbox 1029 621 1291 656; x_wconf 75' lang='grc' dir='ltr'>διαπεραιουμένους</span> <span class='ocrx_word' id='word_1_283' title='bbox 1307 619 1425 654; x_wconf 75' lang='grc' dir='ltr'>Πέρσας,</span> <span class='ocrx_word' id='word_1_284' title='bbox 1443 619 1500 652; x_wconf 68' lang='grc' dir='ltr'><strong>ἅμα</strong></span> <span class='ocrx_word' id='word_1_285' title='bbox 1512 617 1539 643; x_wconf 81' lang='grc' dir='ltr'><strong>δὲ</strong></span> <span class='ocrx_word' id='word_1_286' title='bbox 1555 616 1603 642; x_wconf 71' lang='grc' dir='ltr'>καὶ</span> <span class='ocrx_word' id='word_1_287' title='bbox 1616 616 1664 646; x_wconf 73' lang='grc' dir='ltr'><strong>τὰς</strong></span> <span class='ocrx_word' id='word_1_288' title='bbox 1677 624 1739 641; x_wconf 78' lang='grc' dir='ltr'><strong>πει⁴</strong></span> 
     </span>
    </p>
   </div>
   <div class='ocr_carea' id='block_1_41' title="bbox 952 661 1740 705">
    <p class='ocr_par' dir='ltr' id='par_1_41' title="bbox 952 661 1740 705">
     <span class='ocr_line' id='line_1_41' title="bbox 952 661 1740 705; baseline -0.01 -10"><span class='ocrx_word' id='word_1_289' title='bbox 952 668 1066 705; x_wconf 80' lang='grc' dir='ltr'>ρατικὰς</span> <span class='ocrx_word' id='word_1_290' title='bbox 1083 668 1203 702; x_wconf 75' lang='grc' dir='ltr'>ἐπέχειν,</span> <span class='ocrx_word' id='word_1_291' title='bbox 1220 667 1253 701; x_wconf 67' lang='grc' dir='ltr'><strong>ἦν</strong></span> <span class='ocrx_word' id='word_1_292' title='bbox 1270 675 1322 692; x_wconf 83' lang='grc' dir='ltr'><strong>που</strong></span> <span class='ocrx_word' id='word_1_293' title='bbox 1339 666 1458 700; x_wconf 82' lang='grc' dir='ltr'>φανεῖεν,</span> <span class='ocrx_word' id='word_1_294' title='bbox 1471 665 1520 696; x_wconf 76' lang='grc' dir='ltr'><strong>τὰς</strong></span> <span class='ocrx_word' id='word_1_295' title='bbox 1536 664 1559 690; x_wconf 85' lang='grc' dir='ltr'><strong>δ’</strong></span> <span class='ocrx_word' id='word_1_296' title='bbox 1572 662 1655 693; x_wconf 77' lang='grc' dir='ltr'>ἄλλας</span> <span class='ocrx_word' id='word_1_297' title='bbox 1670 661 1740 688; x_wconf 82' lang='grc' dir='ltr'><strong>ἁπέ-</strong></span> 
     </span>
    </p>
   </div>
   <div class='ocr_carea' id='block_1_42' title="bbox 950 707 1741 750">
    <p class='ocr_par' dir='ltr' id='par_1_42' title="bbox 950 707 1741 750">
     <span class='ocr_line' id='line_1_42' title="bbox 950 707 1741 750; baseline -0.01 -9"><span class='ocrx_word' id='word_1_298' title='bbox 950 715 1009 746; x_wconf 86' lang='grc' dir='ltr'>λυε,</span> <span class='ocrx_word' id='word_1_299' title='bbox 1024 713 1066 750; x_wconf 62' lang='grc' dir='ltr'><strong>ίΡ,</strong></span> <span class='ocrx_word' id='word_1_300' title='bbox 1077 713 1140 749; x_wconf 78' lang='lat' dir='ltr'><strong>H9]</strong></span> <span class='ocrx_word' id='word_1_301' title='bbox 1157 713 1226 745; x_wconf 84' lang='grc' dir='ltr'>πλὴν</span> <span class='ocrx_word' id='word_1_302' title='bbox 1243 713 1288 739; x_wconf 73' lang='grc' dir='ltr'><strong>ἐπὶ</strong></span> <span class='ocrx_word' id='word_1_303' title='bbox 1298 713 1394 748; x_wconf 75' lang='grc' dir='ltr'><strong>ῥηταῖς</strong></span> <span class='ocrx_word' id='word_1_304' title='bbox 1408 711 1525 746; x_wconf 68' lang='grc' dir='ltr'>ἡμέραις</span> <span class='ocrx_word' id='word_1_305' title='bbox 1536 707 1693 740; x_wconf 76' lang='grc' dir='ltr'>εἴκοσιν,ἴν“</span> <span class='ocrx_word' id='word_1_306' title='bbox 1707 707 1741 742; x_wconf 76' lang='grc' dir='ltr'>ἢν</span> 
     </span>
    </p>
   </div>
   <div class='ocr_carea' id='block_1_43' title="bbox 954 753 1743 796">
    <p class='ocr_par' dir='ltr' id='par_1_43' title="bbox 954 753 1743 796">
     <span class='ocr_line' id='line_1_43' title="bbox 954 753 1743 796; baseline -0.01 -9"><span class='ocrx_word' id='word_1_307' title='bbox 954 761 1002 796; x_wconf 85' lang='grc' dir='ltr'><strong>μὲν</strong></span> <span class='ocrx_word' id='word_1_308' title='bbox 1018 761 1046 786; x_wconf 79' lang='grc' dir='ltr'>ὲν</span> <span class='ocrx_word' id='word_1_309' title='bbox 1060 760 1098 795; x_wconf 82' lang='grc' dir='ltr'>τῷ</span> <span class='ocrx_word' id='word_1_310' title='bbox 1115 758 1216 794; x_wconf 77' lang='grc' dir='ltr'>μεταξὺ</span> <span class='ocrx_word' id='word_1_311' title='bbox 1231 758 1441 792; x_wconf 75' lang='grc' dir='ltr'>ξυμὸιῦάξοιντο</span> <span class='ocrx_word' id='word_1_312' title='bbox 1452 777 1459 788; x_wconf 94' lang='grc'><strong>,</strong></span> <span class='ocrx_word' id='word_1_313' title='bbox 1478 757 1501 782; x_wconf 80' lang='grc' dir='ltr'>εξ</span> <span class='ocrx_word' id='word_1_314' title='bbox 1517 756 1538 782; x_wconf 83' lang='grc' dir='ltr'><strong>δ’</strong></span> <span class='ocrx_word' id='word_1_315' title='bbox 1555 753 1612 786; x_wconf 79' lang='grc' dir='ltr'>οὖν,</span> <span class='ocrx_word' id='word_1_316' title='bbox 1631 762 1743 789; x_wconf 80' lang='grc' dir='ltr'>συμμα-</span> 
     </span>
    </p>
   </div>
   <div class='ocr_carea' id='block_1_44' title="bbox 951 800 1742 843">
    <p class='ocr_par' dir='ltr' id='par_1_44' title="bbox 951 800 1742 843">
     <span class='ocr_line' id='line_1_44' title="bbox 951 800 1742 843; baseline -0.01 -10"><span class='ocrx_word' id='word_1_317' title='bbox 951 808 1024 843; x_wconf 83' lang='grc' dir='ltr'>χοῖεν</span> <span class='ocrx_word' id='word_1_318' title='bbox 1041 806 1100 832; x_wconf 78' lang='grc' dir='ltr'>τότε</span> <span class='ocrx_word' id='word_1_319' title='bbox 1116 804 1186 832; x_wconf 80' lang='grc' dir='ltr'>κατὰ</span> <span class='ocrx_word' id='word_1_320' title='bbox 1202 804 1237 830; x_wconf 81' lang='grc' dir='ltr'><strong>τὰ</strong></span> <span class='ocrx_word' id='word_1_321' title='bbox 1249 804 1373 836; x_wconf 75' lang='grc' dir='ltr'><strong>δόξαντα.</strong></span> <span class='ocrx_word' id='word_1_322' title='bbox 1390 803 1482 829; x_wconf 84' lang='grc' dir='ltr'>Κοιὶοὶ</span> <span class='ocrx_word' id='word_1_323' title='bbox 1500 802 1550 836; x_wconf 75' lang='grc' dir='ltr'>μὲν</span> <span class='ocrx_word' id='word_1_324' title='bbox 1565 800 1711 830; x_wconf 75' lang='grc' dir='ltr'>ἀπέπλεον,</span> <span class='ocrx_word' id='word_1_325' title='bbox 1727 800 1742 825; x_wconf 80' lang='grc' dir='ltr'>ὁ</span> 
     </span>
    </p>
   </div>
   <div class='ocr_carea' id='block_1_45' title="bbox 952 845 1743 887">
    <p class='ocr_par' dir='ltr' id='par_1_45' title="bbox 952 845 1743 887">
     <span class='ocr_line' id='line_1_45' title="bbox 952 845 1743 887; baseline -0.011 -7"><span class='ocrx_word' id='word_1_326' title='bbox 952 854 980 880; x_wconf 76' lang='grc' dir='ltr'><strong>δὲ</strong></span> <span class='ocrx_word' id='word_1_327' title='bbox 994 852 1120 887; x_wconf 78' lang='grc' dir='ltr'>βασιλεὺς</span> <span class='ocrx_word' id='word_1_328' title='bbox 1135 850 1316 884; x_wconf 79' lang='grc' dir='ltr'>ἐκλεξάμενος</span> <span class='ocrx_word' id='word_1_329' title='bbox 1342 848 1472 884; x_wconf 78' lang='grc' dir='ltr'>πρὲσὸεις</span> <span class='ocrx_word' id='word_1_330' title='bbox 1491 848 1559 883; x_wconf 72' lang='grc' dir='ltr'>πρδς</span> <span class='ocrx_word' id='word_1_331' title='bbox 1588 845 1743 880; x_wconf 73' lang='grc' dir='ltr'><strong>’Λμογαϐἀ-</strong></span> 
     </span>
    </p>
   </div>
   <div class='ocr_carea' id='block_1_46' title="bbox 954 894 1742 937">
    <p class='ocr_par' dir='ltr' id='par_1_46' title="bbox 954 894 1742 937">
     <span class='ocr_line' id='line_1_46' title="bbox 954 894 1742 937; baseline -0.006 -11"><span class='ocrx_word' id='word_1_332' title='bbox 954 909 1017 937; x_wconf 87' lang='grc' dir='ltr'>ρους</span> <span class='ocrx_word' id='word_1_333' title='bbox 1029 898 1188 930; x_wconf 75' lang='grc' dir='ltr'>ἀπέστελλε,</span> <span class='ocrx_word' id='word_1_334' title='bbox 1207 897 1290 930; x_wconf 77' lang='grc' dir='ltr'>τάξας</span> <span class='ocrx_word' id='word_1_335' title='bbox 1303 897 1350 923; x_wconf 75' lang='grc' dir='ltr'><strong>καὶ</strong></span> <span class='ocrx_word' id='word_1_336' title='bbox 1365 897 1378 922; x_wconf 83' lang='grc' dir='ltr'>ὃ</span> <span class='ocrx_word' id='word_1_337' title='bbox 1392 894 1425 932; x_wconf 82' lang='grc' dir='ltr'>ἧν</span> <span class='ocrx_word' id='word_1_338' title='bbox 1444 895 1598 930; x_wconf 75' lang='grc' dir='ltr'>βουλομένῳ</span> <span class='ocrx_word' id='word_1_339' title='bbox 1610 895 1634 921; x_wconf 82' lang='grc' dir='ltr'>οἱ</span> <span class='ocrx_word' id='word_1_340' title='bbox 1650 894 1742 921; x_wconf 78' lang='grc' dir='ltr'>δοῦναι</span> 
     </span>
    </p>
   </div>
   <div class='ocr_carea' id='block_1_47' title="bbox 951 939 1742 978">
    <p class='ocr_par' dir='ltr' id='par_1_47' title="bbox 951 939 1742 978">
     <span class='ocr_line' id='line_1_47' title="bbox 951 939 1742 978; baseline -0.006 -9"><span class='ocrx_word' id='word_1_341' title='bbox 951 942 1074 978; x_wconf 85' lang='grc' dir='ltr'>χρυσίον,</span> <span class='ocrx_word' id='word_1_342' title='bbox 1098 942 1138 973; x_wconf 87' lang='grc' dir='ltr'><strong>εἰς</strong></span> <span class='ocrx_word' id='word_1_343' title='bbox 1163 941 1261 968; x_wconf 77' lang='grc' dir='ltr'>ἑκατὸν</span> <span class='ocrx_word' id='word_1_344' title='bbox 1285 940 1409 976; x_wconf 84' lang='grc' dir='ltr'>χιλιάδας</span> <span class='ocrx_word' id='word_1_345' title='bbox 1438 939 1615 972; x_wconf 76' lang='grc' dir='ltr'>ποσούμενον,</span> <span class='ocrx_word' id='word_1_346' title='bbox 1632 941 1656 965; x_wconf 79' lang='grc' dir='ltr'>εἰ</span> <span class='ocrx_word' id='word_1_347' title='bbox 1672 939 1694 964; x_wconf 80' lang='grc' dir='ltr'><strong>δ’</strong></span> <span class='ocrx_word' id='word_1_348' title='bbox 1711 940 1742 964; x_wconf 69' lang='grc' dir='ltr'>οὗ</span> 
     </span>
    </p>
   </div>
   <div class='ocr_carea' id='block_1_48' title="bbox 953 985 1747 1023">
    <p class='ocr_par' dir='ltr' id='par_1_48' title="bbox 953 985 1747 1023">
     <span class='ocr_line' id='line_1_48' title="bbox 953 985 1747 1023; baseline -0.006 -8"><span class='ocrx_word' id='word_1_349' title='bbox 953 989 1089 1019; x_wconf 81' lang='grc' dir='ltr'>πείθουσι,</span> <span class='ocrx_word' id='word_1_350' title='bbox 1106 987 1281 1023; x_wconf 80' lang='grc' dir='ltr'>προστιθέναι</span> <span class='ocrx_word' id='word_1_351' title='bbox 1309 986 1356 1013; x_wconf 78' lang='grc' dir='ltr'><strong>καὶ</strong></span> <span class='ocrx_word' id='word_1_352' title='bbox 1382 986 1473 1013; x_wconf 77' lang='grc' dir='ltr'>πλέον.</span> <span class='ocrx_word' id='word_1_353' title='bbox 1487 987 1519 1012; x_wconf 79' lang='lat' dir='ltr'><strong>Ol</strong></span> <span class='ocrx_word' id='word_1_354' title='bbox 1535 985 1600 1019; x_wconf 78' lang='grc' dir='ltr'>γοῦν</span> <span class='ocrx_word' id='word_1_355' title='bbox 1613 985 1747 1020; x_wconf 23' lang='grc' dir='ltr'>πρέσϐεις,</span> 
     </span>
    </p>
   </div>
   <div class='ocr_carea' id='block_1_49' title="bbox 952 1030 1744 1070">
    <p class='ocr_par' dir='ltr' id='par_1_49' title="bbox 952 1030 1744 1070">
     <span class='ocr_line' id='line_1_49' title="bbox 952 1030 1744 1070; baseline -0.009 -7"><span class='ocrx_word' id='word_1_356' title='bbox 952 1036 1113 1067; x_wconf 65' lang='grc' dir='ltr'>ἐπιστάντες</span> <span class='ocrx_word' id='word_1_357' title='bbox 1128 1035 1206 1061; x_wconf 81' lang='grc' dir='ltr'>οὐδὲν</span> <span class='ocrx_word' id='word_1_358' title='bbox 1233 1034 1350 1070; x_wconf 73' lang='grc' dir='ltr'>ἤνυτον·</span> <span class='ocrx_word' id='word_1_359' title='bbox 1380 1033 1476 1068; x_wconf 80' lang='grc' dir='ltr'>ἔτυχον</span> <span class='ocrx_word' id='word_1_360' title='bbox 1499 1032 1553 1067; x_wconf 77' lang='grc' dir='ltr'>γὰρ</span> <span class='ocrx_word' id='word_1_361' title='bbox 1581 1030 1744 1066; x_wconf 76' lang='grc' dir='ltr'>παμπληοεὶ</span> 
     </span>
    </p>
   </div>
   <div class='ocr_carea' id='block_1_50' title="bbox 953 1077 1742 1117">
    <p class='ocr_par' dir='ltr' id='par_1_50' title="bbox 953 1077 1742 1117">
     <span class='ocr_line' id='line_1_50' title="bbox 953 1077 1742 1117; baseline -0.005 -10"><span class='ocrx_word' id='word_1_362' title='bbox 953 1081 1006 1117; x_wconf 74' lang='grc' dir='ltr'>πρὸ</span> <span class='ocrx_word' id='word_1_363' title='bbox 1018 1081 1130 1116; x_wconf 81' lang='grc' dir='ltr'>ἡμερῶν</span> <span class='ocrx_word' id='word_1_364' title='bbox 1148 1080 1247 1106; x_wconf 79' lang='grc' dir='ltr'>ἐκεῖνοι</span> <span class='ocrx_word' id='word_1_365' title='bbox 1261 1079 1312 1114; x_wconf 81' lang='grc' dir='ltr'>τῆς</span> <span class='ocrx_word' id='word_1_366' title='bbox 1328 1078 1448 1105; x_wconf 77' lang='grc' dir='ltr'>Καλλίου</span> <span class='ocrx_word' id='word_1_367' title='bbox 1465 1077 1742 1112; x_wconf 72' lang='grc' dir='ltr'>ἐκστρατευσάμενοι.</span> 
     </span>
    </p>
   </div>
   <div class='ocr_carea' id='block_1_51' title="bbox 953 1164 1747 1206">
    <p class='ocr_par' dir='ltr' id='par_1_51' title="bbox 953 1164 1747 1206">
     <span class='ocr_line' id='line_1_51' title="bbox 953 1164 1747 1206; baseline -0.011 -8"><span class='ocrx_word' id='word_1_368' title='bbox 953 1170 1103 1206; x_wconf 77' lang='lat' dir='ltr'><strong>Augustum</strong></span> <span class='ocrx_word' id='word_1_369' title='bbox 1120 1173 1159 1201; x_wconf 88' lang='lat' dir='ltr'><strong>ut,</strong></span> <span class='ocrx_word' id='word_1_370' title='bbox 1188 1168 1210 1194; x_wconf 83' lang='lat' dir='ltr'><strong>si</strong></span> <span class='ocrx_word' id='word_1_371' title='bbox 1237 1167 1261 1195; x_wconf 86' lang='lat' dir='ltr'><strong>ei</strong></span> <span class='ocrx_word' id='word_1_372' title='bbox 1289 1166 1438 1198; x_wconf 71' lang='lat' dir='ltr'><strong>videretur,</strong></span> <span class='ocrx_word' id='word_1_373' title='bbox 1456 1165 1555 1193; x_wconf 83' lang='lat' dir='ltr'><strong>debilis</strong></span> <span class='ocrx_word' id='word_1_374' title='bbox 1592 1169 1665 1192; x_wconf 87' lang='lat' dir='ltr'><strong>retro</strong></span> <span class='ocrx_word' id='word_1_375' title='bbox 1693 1164 1747 1191; x_wconf 80' lang='lat' dir='ltr'><strong>Ge.</strong></span> 
     </span>
    </p>
   </div>
   <div class='ocr_carea' id='block_1_52' title="bbox 955 1211 1753 1250">
    <p class='ocr_par' dir='ltr' id='par_1_52' title="bbox 955 1211 1753 1250">
     <span class='ocr_line' id='line_1_52' title="bbox 955 1211 1753 1250; baseline -0.009 -6"><span class='ocrx_word' id='word_1_376' title='bbox 955 1217 1050 1244; x_wconf 85' lang='lat' dir='ltr'><strong>nucnsi</strong></span> <span class='ocrx_word' id='word_1_377' title='bbox 1065 1215 1221 1250; x_wconf 69' lang='lat' dir='ltr'><strong>reipublicae</strong></span> <span class='ocrx_word' id='word_1_378' title='bbox 1243 1213 1378 1249; x_wconf 71' lang='lat' dir='ltr'><strong>pecuniis,</strong></span> <span class='ocrx_word' id='word_1_379' title='bbox 1396 1213 1447 1240; x_wconf 85' lang='lat' dir='ltr'><strong>sibi</strong></span> <span class='ocrx_word' id='word_1_380' title='bbox 1461 1212 1545 1247; x_wconf 83' lang='lat' dir='ltr'><strong>jussis</strong></span> <span class='ocrx_word' id='word_1_381' title='bbox 1559 1219 1605 1239; x_wconf 87' lang='lat' dir='ltr'><strong>eas</strong></span> <span class='ocrx_word' id='word_1_382' title='bbox 1625 1211 1753 1246; x_wconf 79' lang='lat' dir='ltr'><strong>exigerc,_</strong></span> 
     </span>
    </p>
   </div>
   <div class='ocr_carea' id='block_1_53' title="bbox 954 1257 1757 1295">
    <p class='ocr_par' dir='ltr' id='par_1_53' title="bbox 954 1257 1757 1295">
     <span class='ocr_line' id='line_1_53' title="bbox 954 1257 1757 1295; baseline -0.01 -4"><span class='ocrx_word' id='word_1_383' title='bbox 954 1269 1028 1291; x_wconf 86' lang='lat' dir='ltr'><strong>recte</strong></span> <span class='ocrx_word' id='word_1_384' title='bbox 1041 1261 1230 1292; x_wconf 80' lang='lat' dir='ltr'><strong>numerandis,</strong></span> <span class='ocrx_word' id='word_1_385' title='bbox 1247 1266 1359 1295; x_wconf 78' lang='lat' dir='ltr'><strong>pergere</strong></span> <span class='ocrx_word' id='word_1_386' title='bbox 1374 1266 1455 1286; x_wconf 82' lang='lat' dir='ltr'><strong>cursu</strong></span> <span class='ocrx_word' id='word_1_387' title='bbox 1479 1263 1570 1292; x_wconf 63' lang='lat' dir='ltr'><strong>erepto</strong></span> <span class='ocrx_word' id='word_1_388' title='bbox 1588 1264 1618 1285; x_wconf 78' lang='lat' dir='ltr'><strong>se</strong></span> <span class='ocrx_word' id='word_1_389' title='bbox 1631 1257 1757 1285; x_wconf 80' lang='lat' dir='ltr'><strong>sineret.,</strong></span> 
     </span>
    </p>
   </div>
   <div class='ocr_carea' id='block_1_54' title="bbox 956 1302 1748 1343">
    <p class='ocr_par' dir='ltr' id='par_1_54' title="bbox 956 1302 1748 1343">
     <span class='ocr_line' id='line_1_54' title="bbox 956 1302 1748 1343; baseline -0.01 -6"><span class='ocrx_word' id='word_1_390' title='bbox 956 1311 1096 1337; x_wconf 81' lang='lat' dir='ltr'><strong>Summam</strong></span> <span class='ocrx_word' id='word_1_391' title='bbox 1111 1316 1193 1343; x_wconf 86' lang='lat' dir='ltr'><strong>porro</strong></span> <span class='ocrx_word' id='word_1_392' title='bbox 1210 1308 1290 1334; x_wconf 83' lang='lat' dir='ltr'><strong>istam</strong></span> <span class='ocrx_word' id='word_1_393' title='bbox 1319 1308 1515 1341; x_wconf 70' lang='lat' dir='ltr'><strong>exaggerantes</strong></span> <span class='ocrx_word' id='word_1_394' title='bbox 1531 1303 1678 1331; x_wconf 68' lang='lat' dir='ltr'><strong>ascendere</strong></span> <span class='ocrx_word' id='word_1_395' title='bbox 1689 1302 1748 1335; x_wconf 52' lang='lat' dir='ltr'><strong>lae.</strong></span> 
     </span>
    </p>
   </div>
   <div class='ocr_carea' id='block_1_55' title="bbox 956 1353 1746 1384">
    <p class='ocr_par' dir='ltr' id='par_1_55' title="bbox 956 1353 1746 1384">
     <span class='ocr_line' id='line_1_55' title="bbox 956 1353 1746 1384; baseline -0.009 -1"><span class='ocrx_word' id='word_1_396' title='bbox 956 1358 1050 1384; x_wconf 85' lang='lat' dir='ltr'><strong>labant</strong></span> <span class='ocrx_word' id='word_1_397' title='bbox 1078 1356 1110 1382; x_wconf 89' lang='lat' dir='ltr'><strong>ad</strong></span> <span class='ocrx_word' id='word_1_398' title='bbox 1145 1358 1265 1381; x_wconf 79' lang='lat' dir='ltr'><strong>trecenta</strong></span> <span class='ocrx_word' id='word_1_399' title='bbox 1289 1353 1372 1379; x_wconf 90' lang='lat' dir='ltr'><strong>millia</strong></span> <span class='ocrx_word' id='word_1_400' title='bbox 1392 1358 1567 1379; x_wconf 86' lang='lat' dir='ltr'><strong>nummorum</strong></span> <span class='ocrx_word' id='word_1_401' title='bbox 1587 1356 1746 1376; x_wconf 78' lang='lat' dir='ltr'><strong>aureorum.</strong></span> 
     </span>
    </p>
   </div>
   <div class='ocr_carea' id='block_1_56' title="bbox 955 1395 1747 1434">
    <p class='ocr_par' dir='ltr' id='par_1_56' title="bbox 955 1395 1747 1434">
     <span class='ocr_line' id='line_1_56' title="bbox 955 1395 1747 1434; baseline -0.01 -4"><span class='ocrx_word' id='word_1_402' title='bbox 955 1403 988 1431; x_wconf 82' lang='lat' dir='ltr'><strong>Et</strong></span> <span class='ocrx_word' id='word_1_403' title='bbox 1004 1407 1081 1430; x_wconf 86' lang='lat' dir='ltr'><strong>erant</strong></span> <span class='ocrx_word' id='word_1_404' title='bbox 1100 1403 1125 1429; x_wconf 91' lang='lat' dir='ltr'><strong>in</strong></span> <span class='ocrx_word' id='word_1_405' title='bbox 1149 1402 1237 1428; x_wconf 78' lang='lat' dir='ltr'><strong>classe</strong></span> <span class='ocrx_word' id='word_1_406' title='bbox 1251 1400 1362 1434; x_wconf 87' lang='lat' dir='ltr'><strong>quidam</strong></span> <span class='ocrx_word' id='word_1_407' title='bbox 1383 1398 1558 1433; x_wconf 78' lang='lat' dir='ltr'><strong>peculiariter</strong></span> <span class='ocrx_word' id='word_1_408' title='bbox 1573 1396 1686 1431; x_wconf 80' lang='lat' dir='ltr'><strong>delegati</strong></span> <span class='ocrx_word' id='word_1_409' title='bbox 1714 1395 1747 1422; x_wconf 78' lang='lat' dir='ltr'><strong>ad</strong></span> 
     </span>
    </p>
   </div>
   <div class='ocr_carea' id='block_1_57' title="bbox 956 1443 1746 1485">
    <p class='ocr_par' dir='ltr' id='par_1_57' title="bbox 956 1443 1746 1485">
     <span class='ocr_line' id='line_1_57' title="bbox 956 1443 1746 1485; baseline -0.013 -7"><span class='ocrx_word' id='word_1_410' title='bbox 956 1450 1148 1485; x_wconf 73' lang='lat' dir='ltr'><strong>disceptandas</strong></span> <span class='ocrx_word' id='word_1_411' title='bbox 1175 1455 1235 1475; x_wconf 88' lang='lat' dir='ltr'><strong>cum</strong></span> <span class='ocrx_word' id='word_1_412' title='bbox 1257 1447 1433 1481; x_wconf 78' lang='lat' dir='ltr'><strong>imperatore,</strong></span> <span class='ocrx_word' id='word_1_413' title='bbox 1464 1445 1485 1472; x_wconf 89' lang='lat' dir='ltr'><strong>si</strong></span> <span class='ocrx_word' id='word_1_414' title='bbox 1517 1444 1642 1471; x_wconf 84' lang='lat' dir='ltr'><strong>dubitare</strong></span> <span class='ocrx_word' id='word_1_415' title='bbox 1671 1443 1746 1469; x_wconf 85' lang='lat' dir='ltr'><strong>illum</strong></span> 
     </span>
    </p>
   </div>
   <div class='ocr_carea' id='block_1_58' title="bbox 957 1488 1748 1529">
    <p class='ocr_par' dir='ltr' id='par_1_58' title="bbox 957 1488 1748 1529">
     <span class='ocr_line' id='line_1_58' title="bbox 957 1488 1748 1529; baseline -0.013 -5"><span class='ocrx_word' id='word_1_416' title='bbox 957 1502 1002 1524; x_wconf 85' lang='lat' dir='ltr'><strong>aut</strong></span> <span class='ocrx_word' id='word_1_417' title='bbox 1019 1496 1141 1524; x_wconf 82' lang='lat' dir='ltr'><strong>cunctari</strong></span> <span class='ocrx_word' id='word_1_418' title='bbox 1160 1494 1341 1529; x_wconf 78' lang='lat' dir='ltr'><strong>contingeret,</strong></span> <span class='ocrx_word' id='word_1_419' title='bbox 1364 1497 1443 1527; x_wconf 84' lang='lat' dir='ltr'><strong>prout</strong></span> <span class='ocrx_word' id='word_1_420' title='bbox 1457 1496 1521 1517; x_wconf 89' lang='lat' dir='ltr'><strong>tunc</strong></span> <span class='ocrx_word' id='word_1_421' title='bbox 1533 1489 1643 1521; x_wconf 78' lang='lat' dir='ltr'><strong>accidit,</strong></span> <span class='ocrx_word' id='word_1_422' title='bbox 1662 1488 1748 1515; x_wconf 85' lang='lat' dir='ltr'><strong>ratio-</strong></span> 
     </span>
    </p>
   </div>
   <div class='ocr_carea' id='block_1_59' title="bbox 112 1535 1748 1583">
    <p class='ocr_par' dir='ltr' id='par_1_59' title="bbox 112 1535 1748 1583">
     <span class='ocr_line' id='line_1_59' title="bbox 112 1535 1748 1583; baseline -0.008 -11"><span class='ocrx_word' id='word_1_423' title='bbox 112 1546 186 1573; x_wconf 89' lang='lat' dir='ltr'><strong>cula.</strong></span> <span class='ocrx_word' id='word_1_424' title='bbox 208 1545 285 1574; x_wconf 85' lang='lat' dir='ltr'><strong>Unde</strong></span> <span class='ocrx_word' id='word_1_425' title='bbox 316 1547 519 1574; x_wconf 86' lang='lat' dir='ltr'><strong>marchionatus</strong></span> <span class='ocrx_word' id='word_1_426' title='bbox 538 1547 616 1575; x_wconf 80' lang='lat' dir='ltr'><strong>istius</strong></span> <span class='ocrx_word' id='word_1_427' title='bbox 647 1548 746 1575; x_wconf 76' lang='lat' dir='ltr'><strong>subditi</strong></span> <span class='ocrx_word' id='word_1_428' title='bbox 776 1546 940 1583; x_wconf 76' lang='lat' dir='ltr'><strong>rogaruntC</strong></span> <span class='ocrx_word' id='word_1_429' title='bbox 957 1552 1006 1571; x_wconf 87' lang='lat' dir='ltr'><strong>nes</strong></span> <span class='ocrx_word' id='word_1_430' title='bbox 1024 1543 1102 1576; x_wconf 72' lang='lat' dir='ltr'><strong>huius</strong></span> <span class='ocrx_word' id='word_1_431' title='bbox 1127 1541 1258 1568; x_wconf 88' lang='lat' dir='ltr'><strong>nominis.</strong></span> <span class='ocrx_word' id='word_1_432' title='bbox 1283 1540 1372 1573; x_wconf 80' lang='lat' dir='ltr'><strong>Quare</strong></span> <span class='ocrx_word' id='word_1_433' title='bbox 1394 1546 1454 1565; x_wconf 90' lang='lat' dir='ltr'><strong>cum</strong></span> <span class='ocrx_word' id='word_1_434' title='bbox 1468 1537 1583 1564; x_wconf 87' lang='lat' dir='ltr'><strong>ducibus</strong></span> <span class='ocrx_word' id='word_1_435' title='bbox 1602 1542 1651 1570; x_wconf 90' lang='lat' dir='ltr'><strong>per</strong></span> <span class='ocrx_word' id='word_1_436' title='bbox 1664 1535 1748 1560; x_wconf 72' lang='lat' dir='ltr'><strong>inter~</strong></span> 
     </span>
    </p>
   </div>
   <div class='ocr_carea' id='block_1_60' title="bbox 110 1591 904 1626">
    <p class='ocr_par' dir='ltr' id='par_1_60' title="bbox 110 1591 904 1626">
     <span class='ocr_line' id='line_1_60' title="bbox 110 1591 904 1626; baseline 0.005 -10"><span class='ocrx_word' id='word_1_437' title='bbox 110 1591 306 1625; x_wconf 68' lang='lat' dir='ltr'><strong>imperatorem</strong></span> <span class='ocrx_word' id='word_1_438' title='bbox 321 1597 349 1618; x_wconf 90' lang='lat' dir='ltr'><strong>nt</strong></span> <span class='ocrx_word' id='word_1_439' title='bbox 364 1592 416 1619; x_wconf 88' lang='lat' dir='ltr'><strong>sibi</strong></span> <span class='ocrx_word' id='word_1_440' title='bbox 432 1592 580 1626; x_wconf 85' lang='lat' dir='ltr'><strong>principem</strong></span> <span class='ocrx_word' id='word_1_441' title='bbox 593 1593 672 1620; x_wconf 85' lang='lat' dir='ltr'><strong>daret</strong></span> <span class='ocrx_word' id='word_1_442' title='bbox 682 1600 697 1620; x_wconf 90' lang='lat' dir='ltr'><strong>e</strong></span> <span class='ocrx_word' id='word_1_443' title='bbox 712 1594 769 1620; x_wconf 83' lang='lat' dir='ltr'><strong>suis</strong></span> <span class='ocrx_word' id='word_1_444' title='bbox 782 1601 812 1620; x_wconf 79' lang='lat' dir='ltr'><strong>ex</strong></span> <span class='ocrx_word' id='word_1_445' title='bbox 826 1594 904 1621; x_wconf 68' lang='lat' dir='ltr'><strong>lrvne</strong></span> 
     </span>
    </p>
   </div>
   <div class='ocr_carea' id='block_1_61' title="bbox 110 1632 905 1670">
    <p class='ocr_par' dir='ltr' id='par_1_61' title="bbox 110 1632 905 1670">
     <span class='ocr_line' id='line_1_61' title="bbox 110 1632 905 1670; baseline 0.004 -10"><span class='ocrx_word' id='word_1_446' title='bbox 110 1632 176 1661; x_wconf 82' lang='lat' dir='ltr'><strong>ﬁliis</strong></span> <span class='ocrx_word' id='word_1_447' title='bbox 205 1634 370 1668; x_wconf 87' lang='lat' dir='ltr'><strong>quempiam,</strong></span> <span class='ocrx_word' id='word_1_448' title='bbox 407 1636 565 1661; x_wconf 75' lang='lat' dir='ltr'><strong>nominatim</strong></span> <span class='ocrx_word' id='word_1_449' title='bbox 597 1641 687 1662; x_wconf 86' lang='lat' dir='ltr'><strong>autem</strong></span> <span class='ocrx_word' id='word_1_450' title='bbox 718 1637 905 1670; x_wconf 79' lang='lat' dir='ltr'><strong>expOScebant</strong></span> 
     </span>
    </p>
   </div>
   <div class='ocr_carea' id='block_1_62' title="bbox 109 1677 904 1716">
    <p class='ocr_par' dir='ltr' id='par_1_62' title="bbox 109 1677 904 1716">
     <span class='ocr_line' id='line_1_62' title="bbox 109 1677 904 1716; baseline 0.004 -10"><span class='ocrx_word' id='word_1_451' title='bbox 109 1677 261 1711; x_wconf 75' lang='lat' dir='ltr'><strong>Joannem.</strong></span> <span class='ocrx_word' id='word_1_452' title='bbox 279 1680 323 1708; x_wconf 85' lang='lat' dir='ltr'><strong>cui</strong></span> <span class='ocrx_word' id='word_1_453' title='bbox 338 1681 384 1714; x_wconf 84' lang='lat' dir='ltr'><strong>jus</strong></span> <span class='ocrx_word' id='word_1_454' title='bbox 401 1681 523 1708; x_wconf 88' lang='lat' dir='ltr'><strong>moribus</strong></span> <span class='ocrx_word' id='word_1_455' title='bbox 540 1681 662 1716; x_wconf 89' lang='lat' dir='ltr'><strong>ipsorum</strong></span> <span class='ocrx_word' id='word_1_456' title='bbox 679 1682 818 1716; x_wconf 84' lang='lat' dir='ltr'><strong>peculiare</strong></span> <span class='ocrx_word' id='word_1_457' title='bbox 829 1690 904 1709; x_wconf 85' lang='lat' dir='ltr'><strong>com-</strong></span> 
     </span>
    </p>
   </div>
   <div class='ocr_carea' id='block_1_63' title="bbox 111 1725 903 1761">
    <p class='ocr_par' dir='ltr' id='par_1_63' title="bbox 111 1725 903 1761">
     <span class='ocr_line' id='line_1_63' title="bbox 111 1725 903 1761; baseline 0.003 -9"><span class='ocrx_word' id='word_1_458' title='bbox 111 1731 207 1760; x_wconf 84' lang='lat' dir='ltr'><strong>petere</strong></span> <span class='ocrx_word' id='word_1_459' title='bbox 223 1725 343 1758; x_wconf 79' lang='lat' dir='ltr'><strong>aiebant,</strong></span> <span class='ocrx_word' id='word_1_460' title='bbox 362 1731 390 1753; x_wconf 93' lang='lat' dir='ltr'><strong>ut</strong></span> <span class='ocrx_word' id='word_1_461' title='bbox 410 1732 473 1754; x_wconf 87' lang='lat' dir='ltr'><strong>natu</strong></span> <span class='ocrx_word' id='word_1_462' title='bbox 490 1727 620 1761; x_wconf 82' lang='lat' dir='ltr'><strong>maximo,</strong></span> <span class='ocrx_word' id='word_1_463' title='bbox 640 1728 673 1754; x_wconf 90' lang='lat' dir='ltr'><strong>ad</strong></span> <span class='ocrx_word' id='word_1_464' title='bbox 703 1729 903 1756; x_wconf 80' lang='lat' dir='ltr'><strong>succedendum</strong></span> 
     </span>
    </p>
   </div>
   <div class='ocr_carea' id='block_1_64' title="bbox 112 1772 904 1809">
    <p class='ocr_par' dir='ltr' id='par_1_64' title="bbox 112 1772 904 1809">
     <span class='ocr_line' id='line_1_64' title="bbox 112 1772 904 1809; baseline 0.003 -9"><span class='ocrx_word' id='word_1_465' title='bbox 112 1773 139 1800; x_wconf 92' lang='lat' dir='ltr'><strong>in</strong></span> <span class='ocrx_word' id='word_1_466' title='bbox 160 1772 252 1800; x_wconf 80' lang='lat' dir='ltr'><strong>locum</strong></span> <span class='ocrx_word' id='word_1_467' title='bbox 272 1773 391 1800; x_wconf 77' lang='lat' dir='ltr'><strong>defuncti</strong></span> <span class='ocrx_word' id='word_1_468' title='bbox 408 1775 512 1809; x_wconf 83' lang='lat' dir='ltr'><strong>absque</strong></span> <span class='ocrx_word' id='word_1_469' title='bbox 530 1775 606 1808; x_wconf 84' lang='lat' dir='ltr'><strong>prole</strong></span> <span class='ocrx_word' id='word_1_470' title='bbox 634 1775 705 1801; x_wconf 88' lang='lat' dir='ltr'><strong>virili</strong></span> <span class='ocrx_word' id='word_1_471' title='bbox 738 1775 832 1802; x_wconf 78' lang='lat' dir='ltr'><strong>fratris</strong></span> <span class='ocrx_word' id='word_1_472' title='bbox 864 1776 904 1802; x_wconf 88' lang='lat' dir='ltr'><strong>sui</strong></span> 
     </span>
    </p>
   </div>
   <div class='ocr_carea' id='block_1_65' title="bbox 110 1817 906 1856">
    <p class='ocr_par' dir='ltr' id='par_1_65' title="bbox 110 1817 906 1856">
     <span class='ocr_line' id='line_1_65' title="bbox 110 1817 906 1856; baseline 0.005 -13"><span class='ocrx_word' id='word_1_473' title='bbox 110 1817 297 1852; x_wconf 77' lang='lat' dir='ltr'><strong>pritnogeuiti.</strong></span> <span class='ocrx_word' id='word_1_474' title='bbox 317 1819 343 1845; x_wconf 90' lang='lat' dir='ltr'><strong>ld</strong></span> <span class='ocrx_word' id='word_1_475' title='bbox 359 1818 459 1846; x_wconf 83' lang='lat' dir='ltr'><strong>lactttm</strong></span> <span class='ocrx_word' id='word_1_476' title='bbox 473 1823 514 1847; x_wconf 83' lang='lat' dir='ltr'><strong>est</strong></span> <span class='ocrx_word' id='word_1_477' title='bbox 531 1825 634 1854; x_wconf 77' lang='lat' dir='ltr'><strong>pustea.</strong></span> <span class='ocrx_word' id='word_1_478' title='bbox 657 1825 684 1847; x_wconf 68' lang='lat' dir='ltr'><strong>et</strong></span> <span class='ocrx_word' id='word_1_479' title='bbox 699 1820 807 1852; x_wconf 88' lang='lat' dir='ltr'><strong>despota</strong></span> <span class='ocrx_word' id='word_1_480' title='bbox 825 1820 906 1856; x_wconf 71' lang='lat'><strong>593</strong></span> 
     </span>
    </p>
   </div>
   <div class='ocr_carea' id='block_1_66' title="bbox 109 1863 904 1899">
    <p class='ocr_par' dir='ltr' id='par_1_66' title="bbox 109 1863 904 1899">
     <span class='ocr_line' id='line_1_66' title="bbox 109 1863 904 1899; baseline 0.003 -9"><span class='ocrx_word' id='word_1_481' title='bbox 109 1863 233 1890; x_wconf 69' lang='lat' dir='ltr'><strong>Joannes</strong></span> <span class='ocrx_word' id='word_1_482' title='bbox 250 1864 309 1890; x_wconf 79' lang='lat' dir='ltr'><strong>illur</strong></span> <span class='ocrx_word' id='word_1_483' title='bbox 324 1865 460 1898; x_wconf 80' lang='lat' dir='ltr'><strong>profectus</strong></span> <span class='ocrx_word' id='word_1_484' title='bbox 478 1873 590 1899; x_wconf 74' lang='lat' dir='ltr'><strong>prorsus</strong></span> <span class='ocrx_word' id='word_1_485' title='bbox 603 1873 633 1893; x_wconf 84' lang='lat' dir='ltr'><strong>se</strong></span> <span class='ocrx_word' id='word_1_486' title='bbox 642 1866 674 1893; x_wconf 90' lang='lat' dir='ltr'><strong>ad</strong></span> <span class='ocrx_word' id='word_1_487' title='bbox 688 1874 777 1893; x_wconf 83' lang='lat' dir='ltr'><strong>mores</strong></span> <span class='ocrx_word' id='word_1_488' title='bbox 785 1871 811 1893; x_wconf 88' lang='lat' dir='ltr'><strong>et</strong></span> <span class='ocrx_word' id='word_1_489' title='bbox 826 1874 904 1892; x_wconf 86' lang='lat' dir='ltr'><strong>usum</strong></span> 
     </span>
    </p>
   </div>
   <div class='ocr_carea' id='block_1_67' title="bbox 110 1910 907 1942">
    <p class='ocr_par' dir='ltr' id='par_1_67' title="bbox 110 1910 907 1942">
     <span class='ocr_line' id='line_1_67' title="bbox 110 1910 907 1942; baseline 0.003 -5"><span class='ocrx_word' id='word_1_490' title='bbox 110 1910 241 1937; x_wconf 80' lang='lat' dir='ltr'><strong>Italorqu</strong></span> <span class='ocrx_word' id='word_1_491' title='bbox 277 1911 435 1942; x_wconf 76' lang='lat' dir='ltr'><strong>transtulit.</strong></span> <span class='ocrx_word' id='word_1_492' title='bbox 456 1919 489 1939; x_wconf 89' lang='lat' dir='ltr'><strong>eo</strong></span> <span class='ocrx_word' id='word_1_493' title='bbox 522 1912 610 1939; x_wconf 75' lang='grc' dir='ltr'>ίιίιειιι</span> <span class='ocrx_word' id='word_1_494' title='bbox 647 1913 907 1940; x_wconf 87' lang='lat' dir='ltr'><strong>accommodationis</strong></span> 
     </span>
    </p>
   </div>
   <div class='ocr_carea' id='block_1_68' title="bbox 113 1957 907 1994">
    <p class='ocr_par' dir='ltr' id='par_1_68' title="bbox 113 1957 907 1994">
     <span class='ocr_line' id='line_1_68' title="bbox 113 1957 907 1994; baseline 0.003 -10"><span class='ocrx_word' id='word_1_495' title='bbox 113 1957 204 1989; x_wconf 82' lang='lat' dir='ltr'><strong>istius,</strong></span> <span class='ocrx_word' id='word_1_496' title='bbox 220 1962 249 1984; x_wconf 84' lang='grc' dir='ltr'><strong>ιιι</strong></span> <span class='ocrx_word' id='word_1_497' title='bbox 263 1965 295 1985; x_wconf 84' lang='lat' dir='ltr'><strong>ca</strong></span> <span class='ocrx_word' id='word_1_498' title='bbox 321 1958 424 1985; x_wconf 85' lang='lat' dir='ltr'><strong>deliniti</strong></span> <span class='ocrx_word' id='word_1_499' title='bbox 439 1958 609 1992; x_wconf 71' lang='lat' dir='ltr'><strong>Langobardi</strong></span> <span class='ocrx_word' id='word_1_500' title='bbox 624 1966 686 1986; x_wconf 81' lang='lat' dir='ltr'><strong>sese</strong></span> <span class='ocrx_word' id='word_1_501' title='bbox 712 1959 763 1986; x_wconf 90' lang='lat' dir='ltr'><strong>sub</strong></span> <span class='ocrx_word' id='word_1_502' title='bbox 779 1958 907 1994; x_wconf 87' lang='lat' dir='ltr'><strong>principis</strong></span> 
     </span>
    </p>
   </div>
   <div class='ocr_carea' id='block_1_69' title="bbox 112 2004 906 2040">
    <p class='ocr_par' dir='ltr' id='par_1_69' title="bbox 112 2004 906 2040">
     <span class='ocr_line' id='line_1_69' title="bbox 112 2004 906 2040; baseline 0.005 -11"><span class='ocrx_word' id='word_1_503' title='bbox 112 2011 227 2039; x_wconf 76' lang='lat' dir='ltr'><strong>peregre</strong></span> <span class='ocrx_word' id='word_1_504' title='bbox 255 2004 369 2038; x_wconf 64' lang='lat' dir='ltr'><strong>appubi,</strong></span> <span class='ocrx_word' id='word_1_505' title='bbox 402 2004 475 2031; x_wconf 82' lang='lat' dir='ltr'><strong>velut</strong></span> <span class='ocrx_word' id='word_1_506' title='bbox 505 2005 527 2031; x_wconf 92' lang='lat' dir='ltr'><strong>si</strong></span> <span class='ocrx_word' id='word_1_507' title='bbox 555 2009 629 2032; x_wconf 82' lang='lat' dir='ltr'><strong>esset</strong></span> <span class='ocrx_word' id='word_1_508' title='bbox 646 2004 782 2037; x_wconf 72' lang='lat' dir='ltr'><strong>indigenaI</strong></span> <span class='ocrx_word' id='word_1_509' title='bbox 820 2005 906 2040; x_wconf 78' lang='lat' dir='ltr'><strong>impe-</strong></span> 
     </span>
    </p>
   </div>
   <div class='ocr_carea' id='block_1_70' title="bbox 113 2050 904 2085">
    <p class='ocr_par' dir='ltr' id='par_1_70' title="bbox 113 2050 904 2085">
     <span class='ocr_line' id='line_1_70' title="bbox 113 2050 904 2085; baseline 0 -7"><span class='ocrx_word' id='word_1_510' title='bbox 113 2051 184 2078; x_wconf 90' lang='lat' dir='ltr'><strong>rium</strong></span> <span class='ocrx_word' id='word_1_511' title='bbox 211 2051 283 2077; x_wconf 80' lang='lat' dir='ltr'><strong>ultro</strong></span> <span class='ocrx_word' id='word_1_512' title='bbox 311 2050 473 2078; x_wconf 61' lang='lat' dir='ltr'><strong>inclinarent</strong></span> <span class='ocrx_word' id='word_1_513' title='bbox 495 2051 625 2078; x_wconf 84' lang='lat' dir='ltr'><strong>studiosis</strong></span> <span class='ocrx_word' id='word_1_514' title='bbox 638 2051 788 2085; x_wconf 75' lang='lat' dir='ltr'><strong>obsequiis.</strong></span> <span class='ocrx_word' id='word_1_515' title='bbox 806 2050 904 2078; x_wconf 87' lang='lat' dir='ltr'><strong>Verum</strong></span> 
     </span>
    </p>
   </div>
   <div class='ocr_carea' id='block_1_71' title="bbox 115 2096 907 2131">
    <p class='ocr_par' dir='ltr' id='par_1_71' title="bbox 115 2096 907 2131">
     <span class='ocr_line' id='line_1_71' title="bbox 115 2096 907 2131; baseline 0 -7"><span class='ocrx_word' id='word_1_516' title='bbox 115 2096 175 2124; x_wconf 77' lang='lat' dir='ltr'><strong>lnec</strong></span> <span class='ocrx_word' id='word_1_517' title='bbox 206 2102 310 2131; x_wconf 86' lang='lat' dir='ltr'><strong>postea.</strong></span> <span class='ocrx_word' id='word_1_518' title='bbox 329 2097 407 2124; x_wconf 78' lang='lat' dir='ltr'><strong>Nunc</strong></span> <span class='ocrx_word' id='word_1_519' title='bbox 425 2102 514 2124; x_wconf 81' lang='lat' dir='ltr'><strong>autent</strong></span> <span class='ocrx_word' id='word_1_520' title='bbox 543 2097 672 2131; x_wconf 82' lang='lat' dir='ltr'><strong>appulsis,</strong></span> <span class='ocrx_word' id='word_1_521' title='bbox 691 2097 729 2124; x_wconf 92' lang='lat' dir='ltr'><strong>uti</strong></span> <span class='ocrx_word' id='word_1_522' title='bbox 744 2097 810 2129; x_wconf 86' lang='lat' dir='ltr'><strong>dixi,</strong></span> <span class='ocrx_word' id='word_1_523' title='bbox 835 2098 907 2125; x_wconf 89' lang='lat' dir='ltr'><strong>Con-</strong></span> 
     </span>
    </p>
   </div>
   <div class='ocr_carea' id='block_1_72' title="bbox 115 2143 908 2178">
    <p class='ocr_par' dir='ltr' id='par_1_72' title="bbox 115 2143 908 2178">
     <span class='ocr_line' id='line_1_72' title="bbox 115 2143 908 2178; baseline 0.001 -7"><span class='ocrx_word' id='word_1_524' title='bbox 115 2143 307 2178; x_wconf 81' lang='lat' dir='ltr'><strong>tantinopolim</strong></span> <span class='ocrx_word' id='word_1_525' title='bbox 335 2143 525 2171; x_wconf 80' lang='lat' dir='ltr'><strong>Genuensibus</strong></span> <span class='ocrx_word' id='word_1_526' title='bbox 556 2151 618 2171; x_wconf 90' lang='lat' dir='ltr'><strong>cum</strong></span> <span class='ocrx_word' id='word_1_527' title='bbox 643 2144 732 2171; x_wconf 77' lang='lat' dir='ltr'><strong>classe</strong></span> <span class='ocrx_word' id='word_1_528' title='bbox 757 2145 908 2172; x_wconf 83' lang='lat' dir='ltr'><strong>navarchis</strong></span> 
     </span>
    </p>
   </div>
   <div class='ocr_carea' id='block_1_73' title="bbox 114 2188 907 2223">
    <p class='ocr_par' dir='ltr' id='par_1_73' title="bbox 114 2188 907 2223">
     <span class='ocr_line' id='line_1_73' title="bbox 114 2188 907 2223; baseline 0.003 -8"><span class='ocrx_word' id='word_1_529' title='bbox 114 2189 182 2215; x_wconf 89' lang='lat' dir='ltr'><strong>nihil</strong></span> <span class='ocrx_word' id='word_1_530' title='bbox 199 2188 248 2214; x_wconf 84' lang='lat' dir='ltr'><strong>luit</strong></span> <span class='ocrx_word' id='word_1_531' title='bbox 265 2189 408 2221; x_wconf 88' lang='lat' dir='ltr'><strong>antiquius</strong></span> <span class='ocrx_word' id='word_1_532' title='bbox 424 2196 519 2223; x_wconf 77' lang='lat' dir='ltr'><strong>qttatn,</strong></span> <span class='ocrx_word' id='word_1_533' title='bbox 538 2194 619 2223; x_wconf 92' lang='lat' dir='ltr'><strong>prout</strong></span> <span class='ocrx_word' id='word_1_534' title='bbox 632 2189 659 2216; x_wconf 91' lang='lat' dir='ltr'><strong>in</strong></span> <span class='ocrx_word' id='word_1_535' title='bbox 678 2189 816 2216; x_wconf 82' lang='lat' dir='ltr'><strong>mandatis</strong></span> <span class='ocrx_word' id='word_1_536' title='bbox 828 2197 907 2217; x_wconf 79' lang='lat' dir='ltr'><strong>acce-</strong></span> 
     </span>
    </p>
   </div>
   <div class='ocr_carea' id='block_1_74' title="bbox 115 2236 908 2271">
    <p class='ocr_par' dir='ltr' id='par_1_74' title="bbox 115 2236 908 2271">
     <span class='ocr_line' id='line_1_74' title="bbox 115 2236 908 2271; baseline 0.004 -9"><span class='ocrx_word' id='word_1_537' title='bbox 115 2240 225 2271; x_wconf 85' lang='lat' dir='ltr'><strong>perant,</strong></span> <span class='ocrx_word' id='word_1_538' title='bbox 248 2236 393 2269; x_wconf 79' lang='lat' dir='ltr'><strong>exquirere</strong></span> <span class='ocrx_word' id='word_1_539' title='bbox 419 2236 482 2270; x_wconf 91' lang='lat' dir='ltr'><strong>quid</strong></span> <span class='ocrx_word' id='word_1_540' title='bbox 503 2236 582 2264; x_wconf 83' lang='lat' dir='ltr'><strong>vellet</strong></span> <span class='ocrx_word' id='word_1_541' title='bbox 612 2237 770 2271; x_wconf 85' lang='lat' dir='ltr'><strong>imperator,</strong></span> <span class='ocrx_word' id='word_1_542' title='bbox 796 2238 908 2265; x_wconf 78' lang='lat' dir='ltr'><strong>exhibe-</strong></span> 
     </span>
    </p>
   </div>
   <div class='ocr_carea' id='block_1_75' title="bbox 115 2283 907 2320">
    <p class='ocr_par' dir='ltr' id='par_1_75' title="bbox 115 2283 907 2320">
     <span class='ocr_line' id='line_1_75' title="bbox 115 2283 907 2320; baseline 0.005 -11"><span class='ocrx_word' id='word_1_543' title='bbox 115 2290 199 2316; x_wconf 84' lang='lat' dir='ltr'><strong>reque</strong></span> <span class='ocrx_word' id='word_1_544' title='bbox 212 2290 242 2309; x_wconf 84' lang='lat' dir='ltr'><strong>se</strong></span> <span class='ocrx_word' id='word_1_545' title='bbox 259 2283 306 2316; x_wconf 82' lang='lat' dir='ltr'><strong>ipsi</strong></span> <span class='ocrx_word' id='word_1_546' title='bbox 325 2288 433 2312; x_wconf 82' lang='lat' dir='ltr'><strong>paratos</strong></span> <span class='ocrx_word' id='word_1_547' title='bbox 449 2283 480 2310; x_wconf 83' lang='lat' dir='ltr'><strong>ad</strong></span> <span class='ocrx_word' id='word_1_548' title='bbox 495 2288 618 2318; x_wconf 86' lang='lat' dir='ltr'><strong>prompte</strong></span> <span class='ocrx_word' id='word_1_549' title='bbox 633 2285 765 2318; x_wconf 82' lang='lat' dir='ltr'><strong>agendum</strong></span> <span class='ocrx_word' id='word_1_550' title='bbox 780 2285 851 2320; x_wconf 89' lang='lat' dir='ltr'><strong>quod</strong></span> <span class='ocrx_word' id='word_1_551' title='bbox 864 2285 907 2319; x_wconf 89' lang='lat' dir='ltr'><strong>ju-</strong></span> 
     </span>
    </p>
   </div>
   <div class='ocr_carea' id='block_1_76' title="bbox 115 2329 906 2364">
    <p class='ocr_par' dir='ltr' id='par_1_76' title="bbox 115 2329 906 2364">
     <span class='ocr_line' id='line_1_76' title="bbox 115 2329 906 2364; baseline 0.003 -8"><span class='ocrx_word' id='word_1_552' title='bbox 115 2329 204 2356; x_wconf 84' lang='lat' dir='ltr'><strong>beret.</strong></span> <span class='ocrx_word' id='word_1_553' title='bbox 226 2329 273 2356; x_wconf 82' lang='lat' dir='ltr'><strong>llle</strong></span> <span class='ocrx_word' id='word_1_554' title='bbox 288 2337 341 2356; x_wconf 86' lang='lat' dir='ltr'><strong>non</strong></span> <span class='ocrx_word' id='word_1_555' title='bbox 368 2329 546 2356; x_wconf 82' lang='lat' dir='ltr'><strong>dissimulavit</strong></span> <span class='ocrx_word' id='word_1_556' title='bbox 559 2330 599 2357; x_wconf 83' lang='lat' dir='ltr'><strong>sic</strong></span> <span class='ocrx_word' id='word_1_557' title='bbox 624 2338 653 2358; x_wconf 77' lang='lat' dir='ltr'><strong>se</strong></span> <span class='ocrx_word' id='word_1_558' title='bbox 671 2331 834 2364; x_wconf 86' lang='lat' dir='ltr'><strong>animatum,</strong></span> <span class='ocrx_word' id='word_1_559' title='bbox 879 2337 906 2359; x_wconf 90' lang='lat' dir='ltr'><strong>ut</strong></span> 
     </span>
    </p>
   </div>
   <div class='ocr_carea' id='block_1_77' title="bbox 115 2375 908 2412">
    <p class='ocr_par' dir='ltr' id='par_1_77' title="bbox 115 2375 908 2412">
     <span class='ocr_line' id='line_1_77' title="bbox 115 2375 908 2412; baseline 0.003 -9"><span class='ocrx_word' id='word_1_560' title='bbox 115 2375 215 2403; x_wconf 82' lang='lat' dir='ltr'><strong>bellum</strong></span> <span class='ocrx_word' id='word_1_561' title='bbox 231 2375 310 2402; x_wconf 82' lang='lat' dir='ltr'><strong>linire</strong></span> <span class='ocrx_word' id='word_1_562' title='bbox 336 2375 531 2410; x_wconf 87' lang='lat' dir='ltr'><strong>compositione</strong></span> <span class='ocrx_word' id='word_1_563' title='bbox 554 2381 648 2410; x_wconf 84' lang='lat' dir='ltr'><strong>pacata</strong></span> <span class='ocrx_word' id='word_1_564' title='bbox 664 2385 744 2412; x_wconf 89' lang='lat' dir='ltr'><strong>quam</strong></span> <span class='ocrx_word' id='word_1_565' title='bbox 773 2377 866 2411; x_wconf 71' lang='lat' dir='ltr'><strong>prarlio</strong></span> <span class='ocrx_word' id='word_1_566' title='bbox 880 2383 908 2405; x_wconf 89' lang='lat' dir='ltr'><strong>et</strong></span> 
     </span>
    </p>
   </div>
   <div class='ocr_carea' id='block_1_78' title="bbox 115 2421 906 2457">
    <p class='ocr_par' dir='ltr' id='par_1_78' title="bbox 115 2421 906 2457">
     <span class='ocr_line' id='line_1_78' title="bbox 115 2421 906 2457; baseline 0.001 -8"><span class='ocrx_word' id='word_1_567' title='bbox 115 2428 230 2449; x_wconf 84' lang='lat' dir='ltr'><strong>cruenta</strong></span> <span class='ocrx_word' id='word_1_568' title='bbox 252 2421 364 2449; x_wconf 73' lang='lat' dir='ltr'><strong>victoria</strong></span> <span class='ocrx_word' id='word_1_569' title='bbox 388 2422 459 2448; x_wconf 86' lang='lat' dir='ltr'><strong>haud</strong></span> <span class='ocrx_word' id='word_1_570' title='bbox 486 2421 565 2456; x_wconf 84' lang='lat' dir='ltr'><strong>paulo</strong></span> <span class='ocrx_word' id='word_1_571' title='bbox 591 2423 762 2457; x_wconf 84' lang='lat' dir='ltr'><strong>cxpetibilius</strong></span> <span class='ocrx_word' id='word_1_572' title='bbox 783 2425 906 2456; x_wconf 80' lang='lat' dir='ltr'><strong>duceret,</strong></span> 
     </span>
    </p>
   </div>
   <div class='ocr_carea' id='block_1_79' title="bbox 114 2469 909 2506">
    <p class='ocr_par' dir='ltr' id='par_1_79' title="bbox 114 2469 909 2506">
     <span class='ocr_line' id='line_1_79' title="bbox 114 2469 909 2506; baseline 0.003 -10"><span class='ocrx_word' id='word_1_573' title='bbox 114 2469 222 2496; x_wconf 86' lang='lat' dir='ltr'><strong>etiamsi</strong></span> <span class='ocrx_word' id='word_1_574' title='bbox 240 2469 384 2495; x_wconf 81' lang='lat' dir='ltr'><strong>conventio</strong></span> <span class='ocrx_word' id='word_1_575' title='bbox 397 2469 447 2496; x_wconf 88' lang='lat' dir='ltr'><strong>ista</strong></span> <span class='ocrx_word' id='word_1_576' title='bbox 465 2470 570 2503; x_wconf 76' lang='lat' dir='ltr'><strong>magnis</strong></span> <span class='ocrx_word' id='word_1_577' title='bbox 584 2475 656 2497; x_wconf 79' lang='lat' dir='ltr'><strong>esset</strong></span> <span class='ocrx_word' id='word_1_578' title='bbox 673 2471 793 2505; x_wconf 78' lang='lat' dir='ltr'><strong>pecunire</strong></span> <span class='ocrx_word' id='word_1_579' title='bbox 815 2471 909 2506; x_wconf 76' lang='lat' dir='ltr'><strong>profu-</strong></span> 
     </span>
    </p>
   </div>
   <div class='ocr_carea' id='block_1_80' title="bbox 116 2515 907 2545">
    <p class='ocr_par' dir='ltr' id='par_1_80' title="bbox 116 2515 907 2545">
     <span class='ocr_line' id='line_1_80' title="bbox 116 2515 907 2545; baseline 0.001 -2"><span class='ocrx_word' id='word_1_580' title='bbox 116 2515 243 2543; x_wconf 81' lang='lat' dir='ltr'><strong>sionibus</strong></span> <span class='ocrx_word' id='word_1_581' title='bbox 257 2515 382 2543; x_wconf 85' lang='lat' dir='ltr'><strong>emenda.</strong></span> <span class='ocrx_word' id='word_1_582' title='bbox 399 2515 541 2543; x_wconf 86' lang='lat' dir='ltr'><strong>Rationem</strong></span> <span class='ocrx_word' id='word_1_583' title='bbox 555 2523 570 2543; x_wconf 88' lang='lat' dir='ltr'><strong>a</strong></span> <span class='ocrx_word' id='word_1_584' title='bbox 590 2524 638 2544; x_wconf 88' lang='lat' dir='ltr'><strong>sua</strong></span> <span class='ocrx_word' id='word_1_585' title='bbox 656 2517 771 2543; x_wconf 89' lang='lat' dir='ltr'><strong>naturali</strong></span> <span class='ocrx_word' id='word_1_586' title='bbox 786 2517 907 2545; x_wconf 85' lang='lat' dir='ltr'><strong>clemen-</strong></span> 
     </span>
    </p>
   </div>
   <div class='ocr_carea' id='block_1_81' title="bbox 116 2562 910 2597">
    <p class='ocr_par' dir='ltr' id='par_1_81' title="bbox 116 2562 910 2597">
     <span class='ocr_line' id='line_1_81' title="bbox 116 2562 910 2597; baseline 0.003 -9"><span class='ocrx_word' id='word_1_587' title='bbox 116 2563 153 2589; x_wconf 86' lang='lat' dir='ltr'><strong>tia</strong></span> <span class='ocrx_word' id='word_1_588' title='bbox 183 2566 319 2595; x_wconf 82' lang='lat' dir='ltr'><strong>sumptam</strong></span> <span class='ocrx_word' id='word_1_589' title='bbox 355 2562 498 2595; x_wconf 82' lang='lat' dir='ltr'><strong>allegabat.</strong></span> <span class='ocrx_word' id='word_1_590' title='bbox 531 2562 602 2597; x_wconf 78' lang='grc' dir='ltr'>(μιοά</span> <span class='ocrx_word' id='word_1_591' title='bbox 635 2563 715 2589; x_wconf 90' lang='lat' dir='ltr'><strong>nimis</strong></span> <span class='ocrx_word' id='word_1_592' title='bbox 738 2563 851 2590; x_wconf 83' lang='lat' dir='ltr'><strong>charum</strong></span> <span class='ocrx_word' id='word_1_593' title='bbox 870 2563 910 2591; x_wconf 82' lang='lat' dir='ltr'><strong>vi-</strong></span> 
     </span>
    </p>
   </div>
   <div class='ocr_carea' id='block_1_82' title="bbox 116 2609 908 2645">
    <p class='ocr_par' dir='ltr' id='par_1_82' title="bbox 116 2609 908 2645">
     <span class='ocr_line' id='line_1_82' title="bbox 116 2609 908 2645; baseline 0 -8"><span class='ocrx_word' id='word_1_594' title='bbox 116 2610 230 2637; x_wconf 87' lang='lat' dir='ltr'><strong>derelur</strong></span> <span class='ocrx_word' id='word_1_595' title='bbox 243 2609 373 2643; x_wconf 84' lang='lat' dir='ltr'><strong>quidquid</strong></span> <span class='ocrx_word' id='word_1_596' title='bbox 398 2609 488 2643; x_wconf 83' lang='lat' dir='ltr'><strong>parari</strong></span> <span class='ocrx_word' id='word_1_597' title='bbox 511 2613 650 2644; x_wconf 87' lang='lat' dir='ltr'><strong>oporteret</strong></span> <span class='ocrx_word' id='word_1_598' title='bbox 678 2611 765 2645; x_wconf 87' lang='lat' dir='ltr'><strong>pretio</strong></span> <span class='ocrx_word' id='word_1_599' title='bbox 781 2610 842 2638; x_wconf 72' lang='lat' dir='ltr'><strong>vitae</strong></span> <span class='ocrx_word' id='word_1_600' title='bbox 858 2611 908 2638; x_wconf 90' lang='lat' dir='ltr'><strong>ho-</strong></span> 
     </span>
    </p>
   </div>
   <div class='ocr_carea' id='block_1_83' title="bbox 117 2656 910 2691">
    <p class='ocr_par' dir='ltr' id='par_1_83' title="bbox 117 2656 910 2691">
     <span class='ocr_line' id='line_1_83' title="bbox 117 2656 910 2691; baseline 0.001 -8"><span class='ocrx_word' id='word_1_601' title='bbox 117 2656 224 2684; x_wconf 87' lang='lat' dir='ltr'><strong>minum</strong></span> <span class='ocrx_word' id='word_1_602' title='bbox 247 2657 404 2688; x_wconf 89' lang='lat' dir='ltr'><strong>multorum,</strong></span> <span class='ocrx_word' id='word_1_603' title='bbox 435 2660 502 2691; x_wconf 90' lang='lat' dir='ltr'><strong>quot</strong></span> <span class='ocrx_word' id='word_1_604' title='bbox 525 2657 551 2683; x_wconf 91' lang='lat' dir='ltr'><strong>in</strong></span> <span class='ocrx_word' id='word_1_605' title='bbox 575 2657 634 2684; x_wconf 88' lang='lat' dir='ltr'><strong>acie</strong></span> <span class='ocrx_word' id='word_1_606' title='bbox 658 2658 750 2691; x_wconf 73' lang='lat' dir='ltr'><strong>prtelio</strong></span> <span class='ocrx_word' id='word_1_607' title='bbox 764 2657 910 2684; x_wconf 83' lang='lat' dir='ltr'><strong>commisso</strong></span> 
     </span>
    </p>
   </div>
   <div class='ocr_carea' id='block_1_84' title="bbox 117 2702 909 2738">
    <p class='ocr_par' dir='ltr' id='par_1_84' title="bbox 117 2702 909 2738">
     <span class='ocr_line' id='line_1_84' title="bbox 117 2702 909 2738; baseline -0.001 -7"><span class='ocrx_word' id='word_1_608' title='bbox 117 2704 218 2731; x_wconf 78' lang='lat' dir='ltr'><strong>cadere</strong></span> <span class='ocrx_word' id='word_1_609' title='bbox 234 2702 301 2730; x_wconf 78' lang='lat' dir='ltr'><strong>foret</strong></span> <span class='ocrx_word' id='word_1_610' title='bbox 326 2711 448 2735; x_wconf 60' lang='lat' dir='ltr'><strong>necesse.</strong></span> <span class='ocrx_word' id='word_1_611' title='bbox 476 2708 672 2738; x_wconf 84' lang='lat' dir='ltr'><strong>proptereaque</strong></span> <span class='ocrx_word' id='word_1_612' title='bbox 698 2708 849 2738; x_wconf 58' lang='lat' dir='ltr'><strong>praeoptare</strong></span> <span class='ocrx_word' id='word_1_613' title='bbox 868 2704 909 2730; x_wconf 88' lang='lat' dir='ltr'><strong>in-</strong></span> 
     </span>
    </p>
   </div>
   <div class='ocr_carea' id='block_1_85' title="bbox 116 2749 908 2784">
    <p class='ocr_par' dir='ltr' id='par_1_85' title="bbox 116 2749 908 2784">
     <span class='ocr_line' id='line_1_85' title="bbox 116 2749 908 2784; baseline -0.001 -8"><span class='ocrx_word' id='word_1_614' title='bbox 116 2756 272 2781; x_wconf 80' lang='lat' dir='ltr'><strong>cruentam.</strong></span> <span class='ocrx_word' id='word_1_615' title='bbox 294 2750 477 2784; x_wconf 83' lang='lat' dir='ltr'><strong>quamtumvis</strong></span> <span class='ocrx_word' id='word_1_616' title='bbox 492 2749 602 2777; x_wconf 89' lang='lat' dir='ltr'><strong>aliunde</strong></span> <span class='ocrx_word' id='word_1_617' title='bbox 615 2750 783 2781; x_wconf 85' lang='lat' dir='ltr'><strong>damnosam,</strong></span> <span class='ocrx_word' id='word_1_618' title='bbox 804 2757 908 2783; x_wconf 81' lang='lat' dir='ltr'><strong>pacem.</strong></span> 
     </span>
    </p>
   </div>
   <div class='ocr_carea' id='block_1_86' title="bbox 117 2795 911 2829">
    <p class='ocr_par' dir='ltr' id='par_1_86' title="bbox 117 2795 911 2829">
     <span class='ocr_line' id='line_1_86' title="bbox 117 2795 911 2829; baseline -0.004 -6"><span class='ocrx_word' id='word_1_619' title='bbox 117 2796 164 2825; x_wconf 89' lang='lat' dir='ltr'><strong>Sic</strong></span> <span class='ocrx_word' id='word_1_620' title='bbox 181 2805 195 2822; x_wconf 87' lang='lat' dir='ltr'><strong>a</strong></span> <span class='ocrx_word' id='word_1_621' title='bbox 215 2795 278 2823; x_wconf 86' lang='lat' dir='ltr'><strong>belli</strong></span> <span class='ocrx_word' id='word_1_622' title='bbox 298 2796 355 2823; x_wconf 87' lang='lat' dir='ltr'><strong>alea</strong></span> <span class='ocrx_word' id='word_1_623' title='bbox 371 2797 500 2823; x_wconf 87' lang='lat' dir='ltr'><strong>tentanda</strong></span> <span class='ocrx_word' id='word_1_624' title='bbox 517 2796 641 2825; x_wconf 58' lang='lat' dir='ltr'><strong>videntes</strong></span> <span class='ocrx_word' id='word_1_625' title='bbox 655 2803 782 2823; x_wconf 82' lang='lat' dir='ltr'><strong>aversum</strong></span> <span class='ocrx_word' id='word_1_626' title='bbox 798 2795 911 2829; x_wconf 84' lang='lat' dir='ltr'><strong>impera-</strong></span> 
     </span>
    </p>
   </div>
   <div class='ocr_carea' id='block_1_87' title="bbox 119 2840 911 2876">
    <p class='ocr_par' dir='ltr' id='par_1_87' title="bbox 119 2840 911 2876">
     <span class='ocr_line' id='line_1_87' title="bbox 119 2840 911 2876; baseline -0.008 -5"><span class='ocrx_word' id='word_1_627' title='bbox 119 2850 207 2872; x_wconf 71' lang='lat' dir='ltr'><strong>torem</strong></span> <span class='ocrx_word' id='word_1_628' title='bbox 227 2844 309 2870; x_wconf 85' lang='lat' dir='ltr'><strong>duces</strong></span> <span class='ocrx_word' id='word_1_629' title='bbox 322 2842 419 2870; x_wconf 81' lang='lat' dir='ltr'><strong>classis</strong></span> <span class='ocrx_word' id='word_1_630' title='bbox 433 2842 597 2875; x_wconf 81' lang='lat' dir='ltr'><strong>Genuensis,</strong></span> <span class='ocrx_word' id='word_1_631' title='bbox 623 2843 738 2876; x_wconf 86' lang='lat' dir='ltr'><strong>indeque</strong></span> <span class='ocrx_word' id='word_1_632' title='bbox 760 2840 911 2875; x_wconf 77' lang='lat' dir='ltr'><strong>intelligen-</strong></span> 
     </span>
    </p>
   </div>
   <div class='ocr_carea' id='block_1_88' title="bbox 119 2888 912 2925">
    <p class='ocr_par' dir='ltr' id='par_1_88' title="bbox 119 2888 912 2925">
     <span class='ocr_line' id='line_1_88' title="bbox 119 2888 912 2925; baseline -0.008 -6"><span class='ocrx_word' id='word_1_633' title='bbox 119 2895 128 2919; x_wconf 88' lang='lat' dir='ltr'><strong>t</strong></span> <span class='ocrx_word' id='word_1_634' title='bbox 147 2898 160 2919; x_wconf 71' lang='grc' dir='ltr'><strong>ε</strong></span> <span class='ocrx_word' id='word_1_635' title='bbox 177 2889 244 2917; x_wconf 84' lang='lat' dir='ltr'><strong>nihil</strong></span> <span class='ocrx_word' id='word_1_636' title='bbox 261 2897 320 2918; x_wconf 70' lang='lat' dir='ltr'><strong>cssc</strong></span> <span class='ocrx_word' id='word_1_637' title='bbox 339 2888 515 2925; x_wconf 84' lang='lat' dir='ltr'><strong>quamobrem</strong></span> <span class='ocrx_word' id='word_1_638' title='bbox 528 2888 582 2917; x_wconf 86' lang='lat' dir='ltr'><strong>illic</strong></span> <span class='ocrx_word' id='word_1_639' title='bbox 609 2893 788 2919; x_wconf 81' lang='lat' dir='ltr'><strong>morarentur,</strong></span> <span class='ocrx_word' id='word_1_640' title='bbox 801 2891 912 2914; x_wconf 81' lang='lat' dir='ltr'><strong>orarum</strong></span> 
     </span>
    </p>
   </div>
   <div class='ocr_carea' id='block_1_89' title="bbox 956 1581 1747 1620">
    <p class='ocr_par' dir='ltr' id='par_1_89' title="bbox 956 1581 1747 1620">
     <span class='ocr_line' id='line_1_89' title="bbox 956 1581 1747 1620; baseline -0.013 -5"><span class='ocrx_word' id='word_1_641' title='bbox 956 1589 1066 1616; x_wconf 89' lang='lat' dir='ltr'><strong>mtntios</strong></span> <span class='ocrx_word' id='word_1_642' title='bbox 1096 1585 1275 1614; x_wconf 86' lang='lat' dir='ltr'><strong>tractantibus</strong></span> <span class='ocrx_word' id='word_1_643' title='bbox 1302 1583 1480 1620; x_wconf 84' lang='lat' dir='ltr'><strong>(exscendere</strong></span> <span class='ocrx_word' id='word_1_644' title='bbox 1500 1581 1599 1616; x_wconf 81' lang='lat' dir='ltr'><strong>quippe</strong></span> <span class='ocrx_word' id='word_1_645' title='bbox 1611 1587 1643 1607; x_wconf 87' lang='lat' dir='ltr'><strong>ac</strong></span> <span class='ocrx_word' id='word_1_646' title='bbox 1662 1586 1747 1606; x_wconf 69' lang='lat' dir='ltr'><strong>naves</strong></span> 
     </span>
    </p>
   </div>
   <div class='ocr_carea' id='block_1_90' title="bbox 957 1625 1748 1671">
    <p class='ocr_par' dir='ltr' id='par_1_90' title="bbox 957 1625 1748 1671">
     <span class='ocr_line' id='line_1_90' title="bbox 957 1625 1748 1671; baseline -0.016 -7"><span class='ocrx_word' id='word_1_647' title='bbox 957 1637 1024 1671; x_wconf 89' lang='lat' dir='ltr'><strong>ipsis</strong></span> <span class='ocrx_word' id='word_1_648' title='bbox 1048 1634 1168 1662; x_wconf 88' lang='lat' dir='ltr'><strong>creditas</strong></span> <span class='ocrx_word' id='word_1_649' title='bbox 1183 1633 1312 1660; x_wconf 85' lang='lat' dir='ltr'><strong>deserere</strong></span> <span class='ocrx_word' id='word_1_650' title='bbox 1336 1630 1428 1657; x_wconf 76' lang='lat' dir='ltr'><strong>ofﬁcio</strong></span> <span class='ocrx_word' id='word_1_651' title='bbox 1442 1634 1469 1657; x_wconf 89' lang='lat' dir='ltr'>et</span> <span class='ocrx_word' id='word_1_652' title='bbox 1483 1628 1604 1663; x_wconf 89' lang='lat' dir='ltr'><strong>periculo</strong></span> <span class='ocrx_word' id='word_1_653' title='bbox 1621 1625 1748 1660; x_wconf 87' lang='lat' dir='ltr'><strong>prohibe-</strong></span> 
     </span>
    </p>
   </div>
   <div class='ocr_carea' id='block_1_91' title="bbox 957 1672 1749 1714">
    <p class='ocr_par' dir='ltr' id='par_1_91' title="bbox 957 1672 1749 1714">
     <span class='ocr_line' id='line_1_91' title="bbox 957 1672 1749 1714; baseline -0.014 -6"><span class='ocrx_word' id='word_1_654' title='bbox 957 1680 1066 1714; x_wconf 86' lang='lat' dir='ltr'><strong>bantur)</strong></span> <span class='ocrx_word' id='word_1_655' title='bbox 1082 1678 1267 1713; x_wconf 85' lang='lat' dir='ltr'><strong>respoudisset</strong></span> <span class='ocrx_word' id='word_1_656' title='bbox 1290 1675 1463 1703; x_wconf 75' lang='lat' dir='ltr'><strong>Andronicus</strong></span> <span class='ocrx_word' id='word_1_657' title='bbox 1487 1674 1547 1708; x_wconf 82' lang='lat' dir='ltr'><strong>plus</strong></span> <span class='ocrx_word' id='word_1_658' title='bbox 1560 1677 1653 1707; x_wconf 84' lang='lat' dir='ltr'><strong>petere</strong></span> <span class='ocrx_word' id='word_1_659' title='bbox 1674 1672 1749 1706; x_wconf 83' lang='lat' dir='ltr'><strong>ipsos</strong></span> 
     </span>
    </p>
   </div>
   <div class='ocr_carea' id='block_1_92' title="bbox 956 1716 1749 1762">
    <p class='ocr_par' dir='ltr' id='par_1_92' title="bbox 956 1716 1749 1762">
     <span class='ocr_line' id='line_1_92' title="bbox 956 1716 1749 1762; baseline -0.014 -8"><span class='ocrx_word' id='word_1_660' title='bbox 956 1735 1039 1762; x_wconf 86' lang='lat' dir='ltr'><strong>quam</strong></span> <span class='ocrx_word' id='word_1_661' title='bbox 1063 1726 1164 1754; x_wconf 87' lang='lat' dir='ltr'><strong>debere</strong></span> <span class='ocrx_word' id='word_1_662' title='bbox 1180 1731 1209 1751; x_wconf 86' lang='lat' dir='ltr'><strong>se</strong></span> <span class='ocrx_word' id='word_1_663' title='bbox 1225 1727 1346 1758; x_wconf 85' lang='lat' dir='ltr'><strong>putaret,</strong></span> <span class='ocrx_word' id='word_1_664' title='bbox 1374 1721 1430 1749; x_wconf 88' lang='lat' dir='ltr'><strong>litis</strong></span> <span class='ocrx_word' id='word_1_665' title='bbox 1450 1721 1578 1754; x_wconf 86' lang='lat' dir='ltr'><strong>deinceps</strong></span> <span class='ocrx_word' id='word_1_666' title='bbox 1605 1716 1749 1752; x_wconf 67' lang='lat' dir='ltr'><strong>sequendae</strong></span> 
     </span>
    </p>
   </div>
   <div class='ocr_carea' id='block_1_93' title="bbox 957 1764 1750 1808">
    <p class='ocr_par' dir='ltr' id='par_1_93' title="bbox 957 1764 1750 1808">
     <span class='ocr_line' id='line_1_93' title="bbox 957 1764 1750 1808; baseline -0.015 -8"><span class='ocrx_word' id='word_1_667' title='bbox 957 1774 1043 1808; x_wconf 68' lang='lat' dir='ltr'><strong>longae</strong></span> <span class='ocrx_word' id='word_1_668' title='bbox 1059 1772 1129 1799; x_wconf 89' lang='lat' dir='ltr'><strong>haud</strong></span> <span class='ocrx_word' id='word_1_669' title='bbox 1141 1771 1192 1798; x_wconf 89' lang='lat' dir='ltr'><strong>sibi</strong></span> <span class='ocrx_word' id='word_1_670' title='bbox 1205 1777 1266 1797; x_wconf 87' lang='lat' dir='ltr'><strong>esse</strong></span> <span class='ocrx_word' id='word_1_671' title='bbox 1281 1770 1367 1795; x_wconf 91' lang='lat' dir='ltr'><strong>otium</strong></span> <span class='ocrx_word' id='word_1_672' title='bbox 1390 1767 1545 1797; x_wconf 83' lang='lat' dir='ltr'><strong>causantes,</strong></span> <span class='ocrx_word' id='word_1_673' title='bbox 1577 1764 1750 1799; x_wconf 81' lang='lat' dir='ltr'><strong>exposituros</strong></span> 
     </span>
    </p>
   </div>
   <div class='ocr_carea' id='block_1_94' title="bbox 957 1812 1749 1851">
    <p class='ocr_par' dir='ltr' id='par_1_94' title="bbox 957 1812 1749 1851">
     <span class='ocr_line' id='line_1_94' title="bbox 957 1812 1749 1851; baseline -0.014 -5"><span class='ocrx_word' id='word_1_674' title='bbox 957 1820 1025 1847; x_wconf 86' lang='lat' dir='ltr'><strong>sein</strong></span> <span class='ocrx_word' id='word_1_675' title='bbox 1042 1823 1144 1845; x_wconf 86' lang='lat' dir='ltr'><strong>terram</strong></span> <span class='ocrx_word' id='word_1_676' title='bbox 1169 1824 1239 1851; x_wconf 84' lang='lat' dir='ltr'><strong>quos</strong></span> <span class='ocrx_word' id='word_1_677' title='bbox 1252 1815 1330 1849; x_wconf 77' lang='lat' dir='ltr'><strong>huius</strong></span> <span class='ocrx_word' id='word_1_678' title='bbox 1346 1814 1455 1849; x_wconf 88' lang='lat' dir='ltr'><strong>proprie</strong></span> <span class='ocrx_word' id='word_1_679' title='bbox 1478 1820 1567 1840; x_wconf 71' lang='lat' dir='ltr'><strong>causa:</strong></span> <span class='ocrx_word' id='word_1_680' title='bbox 1598 1812 1749 1838; x_wconf 82' lang='lat' dir='ltr'><strong>instructos</strong></span> 
     </span>
    </p>
   </div>
   <div class='ocr_carea' id='block_1_95' title="bbox 959 1858 1760 1895">
    <p class='ocr_par' dir='ltr' id='par_1_95' title="bbox 959 1858 1760 1895">
     <span class='ocr_line' id='line_1_95' title="bbox 959 1858 1760 1895; baseline -0.015 -2"><span class='ocrx_word' id='word_1_681' title='bbox 959 1869 1123 1893; x_wconf 86' lang='lat' dir='ltr'><strong>tractatores</strong></span> <span class='ocrx_word' id='word_1_682' title='bbox 1151 1863 1285 1890; x_wconf 84' lang='lat' dir='ltr'><strong>ducerent</strong></span> <span class='ocrx_word' id='word_1_683' title='bbox 1312 1864 1495 1895; x_wconf 88' lang='lat' dir='ltr'><strong>reposuerunt</strong></span> <span class='ocrx_word' id='word_1_684' title='bbox 1529 1866 1583 1885; x_wconf 85' lang='lat' dir='ltr'><strong>:se</strong></span> <span class='ocrx_word' id='word_1_685' title='bbox 1599 1865 1663 1884; x_wconf 82' lang='lat' dir='ltr'><strong>vero</strong></span> <span class='ocrx_word' id='word_1_686' title='bbox 1677 1858 1760 1891; x_wconf 75' lang='lat' dir='ltr'><strong>ipsos.</strong></span> 
     </span>
    </p>
   </div>
   <div class='ocr_carea' id='block_1_96' title="bbox 957 1903 1760 1946">
    <p class='ocr_par' dir='ltr' id='par_1_96' title="bbox 957 1903 1760 1946">
     <span class='ocr_line' id='line_1_96' title="bbox 957 1903 1760 1946; baseline -0.01 -7"><span class='ocrx_word' id='word_1_687' title='bbox 957 1919 1011 1946; x_wconf 84' lang='lat' dir='ltr'><strong>quo</strong></span> <span class='ocrx_word' id='word_1_688' title='bbox 1024 1910 1130 1946; x_wconf 81' lang='lat' dir='ltr'><strong>negotia</strong></span> <span class='ocrx_word' id='word_1_689' title='bbox 1143 1910 1273 1936; x_wconf 82' lang='lat' dir='ltr'><strong>instantia</strong></span> <span class='ocrx_word' id='word_1_690' title='bbox 1286 1911 1425 1938; x_wconf 86' lang='lat' dir='ltr'><strong>vocarent,</strong></span> <span class='ocrx_word' id='word_1_691' title='bbox 1436 1906 1527 1933; x_wconf 85' lang='lat' dir='ltr'><strong>statim</strong></span> <span class='ocrx_word' id='word_1_692' title='bbox 1545 1905 1602 1931; x_wconf 81' lang='lat' dir='ltr'><strong>Vela</strong></span> <span class='ocrx_word' id='word_1_693' title='bbox 1618 1903 1760 1931; x_wconf 83' lang='lat' dir='ltr'><strong>t‘acturos..</strong></span> 
     </span>
    </p>
   </div>
   <div class='ocr_carea' id='block_1_97' title="bbox 957 1950 1759 1990">
    <p class='ocr_par' dir='ltr' id='par_1_97' title="bbox 957 1950 1759 1990">
     <span class='ocr_line' id='line_1_97' title="bbox 957 1950 1759 1990; baseline -0.014 -5"><span class='ocrx_word' id='word_1_694' title='bbox 957 1958 1086 1985; x_wconf 80' lang='lat' dir='ltr'><strong>Libenter</strong></span> <span class='ocrx_word' id='word_1_695' title='bbox 1104 1965 1133 1983; x_wconf 83' lang='lat' dir='ltr'><strong>se</strong></span> <span class='ocrx_word' id='word_1_696' title='bbox 1150 1963 1218 1990; x_wconf 89' lang='lat' dir='ltr'><strong>quos</strong></span> <span class='ocrx_word' id='word_1_697' title='bbox 1235 1958 1419 1981; x_wconf 84' lang='lat' dir='ltr'><strong>memorarem</strong></span> <span class='ocrx_word' id='word_1_698' title='bbox 1444 1952 1547 1987; x_wconf 80' lang='lat' dir='ltr'><strong>legatos</strong></span> <span class='ocrx_word' id='word_1_699' title='bbox 1570 1950 1759 1977; x_wconf 81' lang='lat' dir='ltr'><strong>admissurum</strong></span> 
     </span>
    </p>
   </div>
   <div class='ocr_carea' id='block_1_98' title="bbox 957 1998 1749 2038">
    <p class='ocr_par' dir='ltr' id='par_1_98' title="bbox 957 1998 1749 2038">
     <span class='ocr_line' id='line_1_98' title="bbox 957 1998 1749 2038; baseline -0.015 -6"><span class='ocrx_word' id='word_1_700' title='bbox 957 2004 1100 2038; x_wconf 89' lang='lat' dir='ltr'><strong>respondit</strong></span> <span class='ocrx_word' id='word_1_701' title='bbox 1115 2003 1281 2036; x_wconf 87' lang='lat' dir='ltr'><strong>imperator;</strong></span> <span class='ocrx_word' id='word_1_702' title='bbox 1298 2006 1330 2026; x_wconf 86' lang='lat' dir='ltr'><strong>ac</strong></span> <span class='ocrx_word' id='word_1_703' title='bbox 1345 2005 1415 2034; x_wconf 82' lang='lat' dir='ltr'><strong>quos</strong></span> <span class='ocrx_word' id='word_1_704' title='bbox 1429 1998 1548 2025; x_wconf 87' lang='lat' dir='ltr'><strong>retinere</strong></span> <span class='ocrx_word' id='word_1_705' title='bbox 1565 2004 1617 2023; x_wconf 93' lang='lat' dir='ltr'><strong>non</strong></span> <span class='ocrx_word' id='word_1_706' title='bbox 1634 2000 1749 2029; x_wconf 79' lang='lat' dir='ltr'><strong>poterat.</strong></span> 
     </span>
    </p>
   </div>
   <div class='ocr_carea' id='block_1_99' title="bbox 957 2044 1752 2086">
    <p class='ocr_par' dir='ltr' id='par_1_99' title="bbox 957 2044 1752 2086">
     <span class='ocr_line' id='line_1_99' title="bbox 957 2044 1752 2086; baseline -0.015 -8"><span class='ocrx_word' id='word_1_707' title='bbox 957 2051 1039 2086; x_wconf 77' lang='lat'><strong>600</strong></span> <span class='ocrx_word' id='word_1_708' title='bbox 1049 2050 1204 2077; x_wconf 76' lang='lat' dir='ltr'><strong>festinantes</strong></span> <span class='ocrx_word' id='word_1_709' title='bbox 1214 2047 1347 2074; x_wconf 84' lang='lat' dir='ltr'><strong>Euxinum</strong></span> <span class='ocrx_word' id='word_1_710' title='bbox 1361 2052 1455 2072; x_wconf 89' lang='lat' dir='ltr'><strong>versus</strong></span> <span class='ocrx_word' id='word_1_711' title='bbox 1469 2044 1504 2071; x_wconf 91' lang='lat' dir='ltr'><strong>ob</strong></span> <span class='ocrx_word' id='word_1_712' title='bbox 1513 2047 1641 2078; x_wconf 72' lang='lat' dir='ltr'><strong>urgentes</strong></span> <span class='ocrx_word' id='word_1_713' title='bbox 1652 2048 1752 2076; x_wconf 83' lang='lat' dir='ltr'><strong>oppor-</strong></span> 
     </span>
    </p>
   </div>
   <div class='ocr_carea' id='block_1_100' title="bbox 961 2091 1763 2125">
    <p class='ocr_par' dir='ltr' id='par_1_100' title="bbox 961 2091 1763 2125">
     <span class='ocr_line' id='line_1_100' title="bbox 961 2091 1763 2125; baseline -0.014 -1"><span class='ocrx_word' id='word_1_714' title='bbox 961 2097 1092 2125; x_wconf 87' lang='lat' dir='ltr'><strong>tunitates</strong></span> <span class='ocrx_word' id='word_1_715' title='bbox 1117 2094 1368 2124; x_wconf 74' lang='lat' dir='ltr'><strong>tliStraltendarum,</strong></span> <span class='ocrx_word' id='word_1_716' title='bbox 1389 2091 1488 2125; x_wconf 85' lang='lat' dir='ltr'><strong>quibus</strong></span> <span class='ocrx_word' id='word_1_717' title='bbox 1515 2094 1642 2117; x_wconf 82' lang='lat' dir='ltr'><strong>oneratas</strong></span> <span class='ocrx_word' id='word_1_718' title='bbox 1669 2095 1763 2114; x_wconf 85' lang='lat' dir='ltr'><strong>naves.</strong></span> 
     </span>
    </p>
   </div>
   <div class='ocr_carea' id='block_1_101' title="bbox 961 2136 1752 2175">
    <p class='ocr_par' dir='ltr' id='par_1_101' title="bbox 961 2136 1752 2175">
     <span class='ocr_line' id='line_1_101' title="bbox 961 2136 1752 2175; baseline -0.014 -3"><span class='ocrx_word' id='word_1_719' title='bbox 961 2144 1115 2175; x_wconf 86' lang='lat' dir='ltr'><strong>traherent,</strong></span> <span class='ocrx_word' id='word_1_720' title='bbox 1139 2140 1332 2171; x_wconf 82' lang='lat' dir='ltr'><strong>mercium,eo</strong></span> <span class='ocrx_word' id='word_1_721' title='bbox 1359 2146 1414 2174; x_wconf 88' lang='lat' dir='ltr'><strong>quo</strong></span> <span class='ocrx_word' id='word_1_722' title='bbox 1441 2136 1616 2164; x_wconf 74' lang='lat' dir='ltr'><strong>intendebant</strong></span> <span class='ocrx_word' id='word_1_723' title='bbox 1638 2139 1752 2162; x_wconf 61' lang='lat' dir='ltr'><strong>caeteros</strong></span> 
     </span>
    </p>
   </div>
   <div class='ocr_carea' id='block_1_102' title="bbox 960 2184 1753 2221">
    <p class='ocr_par' dir='ltr' id='par_1_102' title="bbox 960 2184 1753 2221">
     <span class='ocr_line' id='line_1_102' title="bbox 960 2184 1753 2221; baseline -0.016 -2"><span class='ocrx_word' id='word_1_724' title='bbox 960 2197 1055 2219; x_wconf 89' lang='lat' dir='ltr'><strong>omnes</strong></span> <span class='ocrx_word' id='word_1_725' title='bbox 1074 2188 1227 2217; x_wconf 82' lang='lat' dir='ltr'><strong>navarehos</strong></span> <span class='ocrx_word' id='word_1_726' title='bbox 1254 2194 1350 2221; x_wconf 86' lang='lat' dir='ltr'><strong>passus</strong></span> <span class='ocrx_word' id='word_1_727' title='bbox 1376 2191 1416 2212; x_wconf 87' lang='lat' dir='ltr'><strong>est</strong></span> <span class='ocrx_word' id='word_1_728' title='bbox 1434 2184 1549 2214; x_wconf 79' lang='lat' dir='ltr'><strong>solvere,</strong></span> <span class='ocrx_word' id='word_1_729' title='bbox 1566 2187 1681 2216; x_wconf 83' lang='lat' dir='ltr'><strong>quatuor</strong></span> <span class='ocrx_word' id='word_1_730' title='bbox 1705 2188 1753 2207; x_wconf 73' lang='lat' dir='ltr'><strong>ex-</strong></span> 
     </span>
    </p>
   </div>
   <div class='ocr_carea' id='block_1_103' title="bbox 962 2228 1752 2272">
    <p class='ocr_par' dir='ltr' id='par_1_103' title="bbox 962 2228 1752 2272">
     <span class='ocr_line' id='line_1_103' title="bbox 962 2228 1752 2272; baseline -0.016 -6"><span class='ocrx_word' id='word_1_731' title='bbox 962 2238 1060 2272; x_wconf 78' lang='lat' dir='ltr'><strong>ceptis,</strong></span> <span class='ocrx_word' id='word_1_732' title='bbox 1077 2244 1145 2272; x_wconf 85' lang='lat' dir='ltr'><strong>quos</strong></span> <span class='ocrx_word' id='word_1_733' title='bbox 1163 2243 1223 2263; x_wconf 89' lang='lat' dir='ltr'><strong>eum</strong></span> <span class='ocrx_word' id='word_1_734' title='bbox 1244 2234 1364 2263; x_wconf 78' lang='lat' dir='ltr'><strong>totidem,</strong></span> <span class='ocrx_word' id='word_1_735' title='bbox 1393 2239 1459 2266; x_wconf 88' lang='lat' dir='ltr'><strong>qttas</strong></span> <span class='ocrx_word' id='word_1_736' title='bbox 1486 2230 1645 2259; x_wconf 83' lang='lat' dir='ltr'><strong>ductabant.</strong></span> <span class='ocrx_word' id='word_1_737' title='bbox 1672 2228 1752 2254; x_wconf 69' lang='lat' dir='ltr'><strong>trire-</strong></span> 
     </span>
    </p>
   </div>
   <div class='ocr_carea' id='block_1_104' title="bbox 961 2274 1752 2314">
    <p class='ocr_par' dir='ltr' id='par_1_104' title="bbox 961 2274 1752 2314">
     <span class='ocr_line' id='line_1_104' title="bbox 961 2274 1752 2314; baseline -0.015 -3"><span class='ocrx_word' id='word_1_738' title='bbox 961 2284 1062 2314; x_wconf 87' lang='lat' dir='ltr'><strong>miiuts,</strong></span> <span class='ocrx_word' id='word_1_739' title='bbox 1091 2288 1192 2309; x_wconf 87' lang='lat' dir='ltr'><strong>navare</strong></span> <span class='ocrx_word' id='word_1_740' title='bbox 1214 2279 1267 2307; x_wconf 87' lang='lat' dir='ltr'><strong>sibi</strong></span> <span class='ocrx_word' id='word_1_741' title='bbox 1295 2285 1404 2312; x_wconf 72' lang='lat' dir='ltr'><strong>operam</strong></span> <span class='ocrx_word' id='word_1_742' title='bbox 1429 2276 1512 2303; x_wconf 80' lang='lat' dir='ltr'><strong>Voluit</strong></span> <span class='ocrx_word' id='word_1_743' title='bbox 1533 2279 1606 2302; x_wconf 84' lang='lat' dir='ltr'><strong>certa</strong></span> <span class='ocrx_word' id='word_1_744' title='bbox 1625 2274 1752 2301; x_wconf 77' lang='lat' dir='ltr'><strong>mercede</strong></span> 
     </span>
    </p>
   </div>
   <div class='ocr_carea' id='block_1_105' title="bbox 959 2319 1755 2359">
    <p class='ocr_par' dir='ltr' id='par_1_105' title="bbox 959 2319 1755 2359">
     <span class='ocr_line' id='line_1_105' title="bbox 959 2319 1755 2359; baseline -0.016 -2"><span class='ocrx_word' id='word_1_745' title='bbox 959 2328 1105 2358; x_wconf 86' lang='lat' dir='ltr'><strong>constituta</strong></span> <span class='ocrx_word' id='word_1_746' title='bbox 1119 2325 1304 2355; x_wconf 87' lang='lat' dir='ltr'><strong>custodiendis</strong></span> <span class='ocrx_word' id='word_1_747' title='bbox 1322 2324 1408 2359; x_wconf 80' lang='lat' dir='ltr'><strong>Abydi</strong></span> <span class='ocrx_word' id='word_1_748' title='bbox 1432 2322 1554 2350; x_wconf 77' lang='lat' dir='ltr'><strong>faucibus</strong></span> <span class='ocrx_word' id='word_1_749' title='bbox 1564 2326 1590 2348; x_wconf 86' lang='lat' dir='ltr'><strong>et</strong></span> <span class='ocrx_word' id='word_1_750' title='bbox 1605 2319 1755 2354; x_wconf 84' lang='lat' dir='ltr'><strong>impedien-</strong></span> 
     </span>
    </p>
   </div>
   <div class='ocr_carea' id='block_1_106' title="bbox 961 2365 1753 2410">
    <p class='ocr_par' dir='ltr' id='par_1_106' title="bbox 961 2365 1753 2410">
     <span class='ocr_line' id='line_1_106' title="bbox 961 2365 1753 2410; baseline -0.018 -6"><span class='ocrx_word' id='word_1_751' title='bbox 961 2376 997 2404; x_wconf 80' lang='lat' dir='ltr'><strong>do</strong></span> <span class='ocrx_word' id='word_1_752' title='bbox 1011 2383 1058 2410; x_wconf 91' lang='lat' dir='ltr'><strong>per</strong></span> <span class='ocrx_word' id='word_1_753' title='bbox 1070 2373 1168 2401; x_wconf 81' lang='lat' dir='ltr'><strong>fretum</strong></span> <span class='ocrx_word' id='word_1_754' title='bbox 1185 2372 1301 2406; x_wconf 88' lang='lat' dir='ltr'><strong>trajectu</strong></span> <span class='ocrx_word' id='word_1_755' title='bbox 1319 2369 1465 2397; x_wconf 83' lang='lat' dir='ltr'><strong>Persarum</strong></span> <span class='ocrx_word' id='word_1_756' title='bbox 1489 2373 1601 2401; x_wconf 80' lang='lat' dir='ltr'><strong>tutaque</strong></span> <span class='ocrx_word' id='word_1_757' title='bbox 1613 2373 1627 2392; x_wconf 85' lang='lat' dir='ltr'><strong>a</strong></span> <span class='ocrx_word' id='word_1_758' title='bbox 1646 2365 1753 2400; x_wconf 84' lang='lat' dir='ltr'><strong>piratis.</strong></span> 
     </span>
    </p>
   </div>
   <div class='ocr_carea' id='block_1_107' title="bbox 959 2412 1754 2457">
    <p class='ocr_par' dir='ltr' id='par_1_107' title="bbox 959 2412 1754 2457">
     <span class='ocr_line' id='line_1_107' title="bbox 959 2412 1754 2457; baseline -0.018 -7"><span class='ocrx_word' id='word_1_759' title='bbox 959 2422 982 2450; x_wconf 83' lang='lat' dir='ltr'><strong>si</strong></span> <span class='ocrx_word' id='word_1_760' title='bbox 1003 2421 1047 2457; x_wconf 87' lang='lat' dir='ltr'><strong>qtti</strong></span> <span class='ocrx_word' id='word_1_761' title='bbox 1062 2429 1093 2448; x_wconf 89' lang='lat' dir='ltr'><strong>ea</strong></span> <span class='ocrx_word' id='word_1_762' title='bbox 1116 2419 1202 2447; x_wconf 81' lang='lat' dir='ltr'><strong>maria</strong></span> <span class='ocrx_word' id='word_1_763' title='bbox 1217 2418 1348 2445; x_wconf 76' lang='lat' dir='ltr'><strong>infestare</strong></span> <span class='ocrx_word' id='word_1_764' title='bbox 1380 2418 1530 2444; x_wconf 84' lang='lat' dir='ltr'><strong>tentarent,</strong></span> <span class='ocrx_word' id='word_1_765' title='bbox 1556 2421 1602 2440; x_wconf 86' lang='lat' dir='ltr'><strong>ora</strong></span> <span class='ocrx_word' id='word_1_766' title='bbox 1623 2412 1666 2439; x_wconf 89' lang='lat' dir='ltr'><strong>illa</strong></span> <span class='ocrx_word' id='word_1_767' title='bbox 1685 2418 1754 2445; x_wconf 61' lang='lat' dir='ltr'><strong>prm-</strong></span> 
     </span>
    </p>
   </div>
   <div class='ocr_carea' id='block_1_108' title="bbox 960 2458 1757 2497">
    <p class='ocr_par' dir='ltr' id='par_1_108' title="bbox 960 2458 1757 2497">
     <span class='ocr_line' id='line_1_108' title="bbox 960 2458 1757 2497; baseline -0.015 -1"><span class='ocrx_word' id='word_1_768' title='bbox 960 2469 1068 2497; x_wconf 84' lang='lat' dir='ltr'><strong>standa.</strong></span> <span class='ocrx_word' id='word_1_769' title='bbox 1085 2467 1219 2495; x_wconf 69' lang='lat' dir='ltr'><strong>Caeterum</strong></span> <span class='ocrx_word' id='word_1_770' title='bbox 1241 2465 1284 2492; x_wconf 88' lang='lat' dir='ltr'><strong>his</strong></span> <span class='ocrx_word' id='word_1_771' title='bbox 1295 2461 1467 2491; x_wconf 86' lang='lat' dir='ltr'><strong>denuntiavit</strong></span> <span class='ocrx_word' id='word_1_772' title='bbox 1489 2460 1556 2487; x_wconf 86' lang='lat' dir='ltr'><strong>velle</strong></span> <span class='ocrx_word' id='word_1_773' title='bbox 1572 2467 1601 2487; x_wconf 82' lang='lat' dir='ltr'><strong>se</strong></span> <span class='ocrx_word' id='word_1_774' title='bbox 1618 2458 1757 2487; x_wconf 82' lang='lat' dir='ltr'><strong>abstinere</strong></span> 
     </span>
    </p>
   </div>
   <div class='ocr_carea' id='block_1_109' title="bbox 961 2505 1757 2550">
    <p class='ocr_par' dir='ltr' id='par_1_109' title="bbox 961 2505 1757 2550">
     <span class='ocr_line' id='line_1_109' title="bbox 961 2505 1757 2550; baseline -0.016 -8"><span class='ocrx_word' id='word_1_775' title='bbox 961 2515 1033 2550; x_wconf 85' lang='lat' dir='ltr'><strong>ipsos</strong></span> <span class='ocrx_word' id='word_1_776' title='bbox 1045 2521 1059 2540; x_wconf 90' lang='lat' dir='ltr'><strong>a</strong></span> <span class='ocrx_word' id='word_1_777' title='bbox 1073 2513 1096 2540; x_wconf 84' lang='lat' dir='ltr'><strong>ri</strong></span> <span class='ocrx_word' id='word_1_778' title='bbox 1115 2511 1239 2539; x_wconf 83' lang='lat' dir='ltr'><strong>hostibus</strong></span> <span class='ocrx_word' id='word_1_779' title='bbox 1255 2509 1394 2537; x_wconf 80' lang='lat' dir='ltr'><strong>inferenda</strong></span> <span class='ocrx_word' id='word_1_780' title='bbox 1422 2514 1509 2542; x_wconf 78' lang='lat' dir='ltr'><strong>usque</strong></span> <span class='ocrx_word' id='word_1_781' title='bbox 1522 2507 1554 2532; x_wconf 88' lang='lat' dir='ltr'><strong>ad</strong></span> <span class='ocrx_word' id='word_1_782' title='bbox 1572 2505 1641 2532; x_wconf 89' lang='lat' dir='ltr'><strong>diem</strong></span> <span class='ocrx_word' id='word_1_783' title='bbox 1660 2512 1673 2530; x_wconf 91' lang='lat' dir='ltr'><strong>a</strong></span> <span class='ocrx_word' id='word_1_784' title='bbox 1687 2511 1757 2539; x_wconf 66' lang='lat' dir='ltr'><strong>prte-</strong></span> 
     </span>
    </p>
   </div>
   <div class='ocr_carea' id='block_1_110' title="bbox 961 2549 1758 2588">
    <p class='ocr_par' dir='ltr' id='par_1_110' title="bbox 961 2549 1758 2588">
     <span class='ocr_line' id='line_1_110' title="bbox 961 2549 1758 2588; baseline -0.016 -1"><span class='ocrx_word' id='word_1_785' title='bbox 961 2560 1029 2587; x_wconf 87' lang='lat' dir='ltr'><strong>scnti</strong></span> <span class='ocrx_word' id='word_1_786' title='bbox 1049 2559 1208 2588; x_wconf 80' lang='lat' dir='ltr'><strong>ricesimun,</strong></span> <span class='ocrx_word' id='word_1_787' title='bbox 1225 2564 1258 2583; x_wconf 87' lang='lat' dir='ltr'><strong>ne</strong></span> <span class='ocrx_word' id='word_1_788' title='bbox 1277 2559 1422 2582; x_wconf 86' lang='lat' dir='ltr'><strong>tractatum</strong></span> <span class='ocrx_word' id='word_1_789' title='bbox 1447 2551 1592 2587; x_wconf 84' lang='lat' dir='ltr'><strong>quemdam</strong></span> <span class='ocrx_word' id='word_1_790' title='bbox 1607 2551 1661 2585; x_wconf 82' lang='lat' dir='ltr'><strong>jam</strong></span> <span class='ocrx_word' id='word_1_791' title='bbox 1678 2549 1758 2576; x_wconf 79' lang='lat' dir='ltr'><strong>inSli-</strong></span> 
     </span>
    </p>
   </div>
   <div class='ocr_carea' id='block_1_111' title="bbox 963 2596 1758 2640">
    <p class='ocr_par' dir='ltr' id='par_1_111' title="bbox 963 2596 1758 2640">
     <span class='ocr_line' id='line_1_111' title="bbox 963 2596 1758 2640; baseline -0.015 -6"><span class='ocrx_word' id='word_1_792' title='bbox 963 2606 1133 2640; x_wconf 80' lang='lat' dir='ltr'><strong>lntum_.pacis</strong></span> <span class='ocrx_word' id='word_1_793' title='bbox 1148 2601 1337 2637; x_wconf 81' lang='lat' dir='ltr'><strong>intempestiva</strong></span> <span class='ocrx_word' id='word_1_794' title='bbox 1351 2600 1420 2627; x_wconf 85' lang='lat' dir='ltr'><strong>l&#39;brle</strong></span> <span class='ocrx_word' id='word_1_795' title='bbox 1434 2599 1517 2634; x_wconf 75' lang='lat' dir='ltr'><strong>prazlii</strong></span> <span class='ocrx_word' id='word_1_796' title='bbox 1536 2596 1691 2624; x_wconf 73' lang='lat' dir='ltr'><strong>commissio</strong></span> <span class='ocrx_word' id='word_1_797' title='bbox 1704 2596 1758 2622; x_wconf 82' lang='lat' dir='ltr'><strong>dis-</strong></span> 
     </span>
    </p>
   </div>
   <div class='ocr_carea' id='block_1_112' title="bbox 958 2642 1754 2688">
    <p class='ocr_par' dir='ltr' id='par_1_112' title="bbox 958 2642 1754 2688">
     <span class='ocr_line' id='line_1_112' title="bbox 958 2642 1754 2688; baseline -0.014 -9"><span class='ocrx_word' id='word_1_798' title='bbox 958 2652 1066 2688; x_wconf 83' lang='lat' dir='ltr'><strong>jiccret.</strong></span> <span class='ocrx_word' id='word_1_799' title='bbox 1097 2650 1161 2677; x_wconf 85' lang='lat' dir='ltr'><strong>Post</strong></span> <span class='ocrx_word' id='word_1_800' title='bbox 1188 2656 1249 2675; x_wconf 90' lang='lat' dir='ltr'><strong>eum</strong></span> <span class='ocrx_word' id='word_1_801' title='bbox 1283 2646 1430 2674; x_wconf 86' lang='lat' dir='ltr'><strong>terminum</strong></span> <span class='ocrx_word' id='word_1_802' title='bbox 1455 2664 1463 2677; x_wconf 91' lang='grc'><strong>,</strong></span> <span class='ocrx_word' id='word_1_803' title='bbox 1480 2645 1502 2672; x_wconf 89' lang='lat' dir='ltr'><strong>si</strong></span> <span class='ocrx_word' id='word_1_804' title='bbox 1530 2642 1675 2670; x_wconf 90' lang='lat' dir='ltr'><strong>conventio</strong></span> <span class='ocrx_word' id='word_1_805' title='bbox 1701 2648 1754 2668; x_wconf 90' lang='lat' dir='ltr'><strong>non</strong></span> 
     </span>
    </p>
   </div>
   <div class='ocr_carea' id='block_1_113' title="bbox 962 2689 1756 2729">
    <p class='ocr_par' dir='ltr' id='par_1_113' title="bbox 962 2689 1756 2729">
     <span class='ocr_line' id='line_1_113' title="bbox 962 2689 1756 2729; baseline -0.016 -3"><span class='ocrx_word' id='word_1_806' title='bbox 962 2699 1141 2729; x_wconf 58' lang='lat' dir='ltr'><strong>cculesccret.</strong></span> <span class='ocrx_word' id='word_1_807' title='bbox 1154 2701 1210 2722; x_wconf 90' lang='lat' dir='ltr'><strong>tum</strong></span> <span class='ocrx_word' id='word_1_808' title='bbox 1227 2702 1293 2722; x_wconf 86' lang='lat' dir='ltr'><strong>sane</strong></span> <span class='ocrx_word' id='word_1_809' title='bbox 1309 2700 1385 2720; x_wconf 85' lang='lat' dir='ltr'><strong>arma</strong></span> <span class='ocrx_word' id='word_1_810' title='bbox 1399 2691 1558 2726; x_wconf 80' lang='lat' dir='ltr'><strong>expedirent</strong></span> <span class='ocrx_word' id='word_1_811' title='bbox 1573 2689 1756 2721; x_wconf 75' lang='lat' dir='ltr'><strong>virtutemque</strong></span> 
     </span>
    </p>
   </div>
   <div class='ocr_carea' id='block_1_114' title="bbox 964 2735 1755 2776">
    <p class='ocr_par' dir='ltr' id='par_1_114' title="bbox 964 2735 1755 2776">
     <span class='ocr_line' id='line_1_114' title="bbox 964 2735 1755 2776; baseline -0.019 -3"><span class='ocrx_word' id='word_1_812' title='bbox 964 2747 1161 2773; x_wconf 80' lang='lat' dir='ltr'><strong>monstrarent.</strong></span> <span class='ocrx_word' id='word_1_813' title='bbox 1180 2742 1226 2769; x_wconf 88' lang='lat' dir='ltr'><strong>Sic</strong></span> <span class='ocrx_word' id='word_1_814' title='bbox 1242 2741 1378 2776; x_wconf 70' lang='lat' dir='ltr'><strong>pleraeque</strong></span> <span class='ocrx_word' id='word_1_815' title='bbox 1392 2737 1566 2773; x_wconf 80' lang='lat' dir='ltr'><strong>appulsarum</strong></span> <span class='ocrx_word' id='word_1_816' title='bbox 1592 2735 1686 2762; x_wconf 85' lang='lat' dir='ltr'><strong>Genua</strong></span> <span class='ocrx_word' id='word_1_817' title='bbox 1703 2741 1755 2760; x_wconf 82' lang='lat' dir='ltr'><strong>na-</strong></span> 
     </span>
    </p>
   </div>
   <div class='ocr_carea' id='block_1_115' title="bbox 964 2780 1757 2825">
    <p class='ocr_par' dir='ltr' id='par_1_115' title="bbox 964 2780 1757 2825">
     <span class='ocr_line' id='line_1_115' title="bbox 964 2780 1757 2825; baseline -0.018 -7"><span class='ocrx_word' id='word_1_818' title='bbox 964 2793 1049 2822; x_wconf 79' lang='lat' dir='ltr'><strong>vium,</strong></span> <span class='ocrx_word' id='word_1_819' title='bbox 1077 2794 1192 2825; x_wconf 85' lang='lat' dir='ltr'><strong>quatuor</strong></span> <span class='ocrx_word' id='word_1_820' title='bbox 1224 2786 1337 2818; x_wconf 85' lang='lat' dir='ltr'><strong>relictis,</strong></span> <span class='ocrx_word' id='word_1_821' title='bbox 1366 2783 1484 2811; x_wconf 89' lang='lat' dir='ltr'><strong>ulterius</strong></span> <span class='ocrx_word' id='word_1_822' title='bbox 1510 2780 1663 2815; x_wconf 77' lang='lat' dir='ltr'><strong>navigando</strong></span> <span class='ocrx_word' id='word_1_823' title='bbox 1693 2782 1757 2805; x_wconf 90' lang='lat' dir='ltr'><strong>sunt</strong></span> 
     </span>
    </p>
   </div>
   <div class='ocr_carea' id='block_1_116' title="bbox 964 2825 1756 2873">
    <p class='ocr_par' dir='ltr' id='par_1_116' title="bbox 964 2825 1756 2873">
     <span class='ocr_line' id='line_1_116' title="bbox 964 2825 1756 2873; baseline -0.015 -8"><span class='ocrx_word' id='word_1_824' title='bbox 964 2843 1109 2873; x_wconf 68' lang='lat' dir='ltr'><strong>prmecta&#39;.</strong></span> <span class='ocrx_word' id='word_1_825' title='bbox 1136 2835 1287 2870; x_wconf 85' lang='lat' dir='ltr'><strong>Imperator</strong></span> <span class='ocrx_word' id='word_1_826' title='bbox 1314 2836 1405 2859; x_wconf 82' lang='lat' dir='ltr'><strong>autem</strong></span> <span class='ocrx_word' id='word_1_827' title='bbox 1439 2829 1558 2857; x_wconf 75' lang='lat' dir='ltr'><strong>delectos</strong></span> <span class='ocrx_word' id='word_1_828' title='bbox 1588 2827 1691 2861; x_wconf 79' lang='lat' dir='ltr'><strong>legatos</strong></span> <span class='ocrx_word' id='word_1_829' title='bbox 1721 2825 1756 2853; x_wconf 80' lang='lat' dir='ltr'><strong>ad</strong></span> 
     </span>
    </p>
   </div>
   <div class='ocr_carea' id='block_1_117' title="bbox 965 2872 1756 2920">
    <p class='ocr_par' dir='ltr' id='par_1_117' title="bbox 965 2872 1756 2920">
     <span class='ocr_line' id='line_1_117' title="bbox 965 2872 1756 2920; baseline -0.016 -8"><span class='ocrx_word' id='word_1_830' title='bbox 965 2872 1150 2920; x_wconf 60' lang='lat' dir='ltr'><strong>it-uogaharos</strong></span> <span class='ocrx_word' id='word_1_831' title='bbox 1164 2881 1247 2914; x_wconf 75' lang='lat' dir='ltr'><strong>misit,</strong></span> <span class='ocrx_word' id='word_1_832' title='bbox 1265 2886 1326 2907; x_wconf 87' lang='lat' dir='ltr'><strong>cum</strong></span> <span class='ocrx_word' id='word_1_833' title='bbox 1340 2875 1473 2905; x_wconf 86' lang='lat' dir='ltr'><strong>mandatis</strong></span> <span class='ocrx_word' id='word_1_834' title='bbox 1491 2873 1620 2903; x_wconf 76' lang='lat' dir='ltr'><strong>ollcrcutli</strong></span> <span class='ocrx_word' id='word_1_835' title='bbox 1636 2872 1675 2900; x_wconf 87' lang='lat' dir='ltr'><strong>cis</strong></span> <span class='ocrx_word' id='word_1_836' title='bbox 1688 2879 1702 2899; x_wconf 68' lang='grc' dir='ltr'><strong>ο</strong></span> <span class='ocrx_word' id='word_1_837' title='bbox 1715 2879 1756 2903; x_wconf 73' lang='lat' dir='ltr'><strong>se.</strong></span> 
     </span>
    </p>
   </div>
  </div>
