1957 3066
199 132 251 164 €63

810 138 967 168 GEORGII
987 139 1226 172 PACHYMERt‘E

1764 143 1822 175 CGL

198 193 328 227 γέστερον
352 192 539 229 ἐπολιόρκουν.
561 195 618 222 Καὶ
630 195 664 222 τὰ
685 196 733 231 μὲν
751 196 847 232 πρῶτα
872 197 921 232 τὴν
935 197 982 224 τοῦ
997 199 1019 228 Α
1036 199 1155 227 Καλλίου
1181 200 1346 236 βαδίζουσιν.
1377 201 1567 237 Διδυμοτείχον
1595 201 1642 228 καὶ
1666 202 1726 228 λίίν
1752 202 1825 228 ἆ.πέ-

199 237 311 272 Βαρέως
337 238 408 265 οὕτω
435 239 526 275 πύλην
555 241 738 277 καλουμένην,
770 242 825 276 πῦρ
853 243 980 274 ἐνιέντες,

199 283 385 319 πυρπολοῦσι-ι
407 285 446 316 εἰς
461 286 553 318 τέλος’
570 287 608 318 ὡς
629 287 651 313 δ’
667 287 772 314 ἔνδοθεν
790 289 836 315 καὶ
857 288 925 323 αὕτη
945 289 982 324 τῷ

199 332 232 358 ὲκ
248 333 356 367 πετρῶν
370 334 526 368 τειχίσματι
541 334 771 369 περιεφράγνυτο,
787 335 984 371 ἀμηχανήσαν-

198 386 245 409 τες
271 378 409 410 manu;
429 379 529 406 ἱστᾶσι.
548 380 602 405 Καὶ
627 379 777 415 μηχάνημά
794 390 818 406 τι
844 381 983 416 πολιορκι-

200 425 260 456 xlv,
285 425 500 460 προωθουμένην
517 426 666 458 εὐκινήτως
686 426 727 461 [Ρ.
749 426 813 461 422]
835 427 984 462 ῠπότροχον

199 470 333 505 κλίμακα.
353 471 465 506 βύρσαις
482 471 550 505 βοῶν
567 472 600 498 δι’
613 473 673 499 ὅλου
688 473 909 508 κεκαλυμμένην,
926 473 984 505 ἐξε-

199 517 381 550 τοιμάσαντες
398 517 467 552 πρὸς
479 519 535 548 τοῖς
551 518 668 552 τείχεσιν
682 519 773 549 ἴστων,
791 519 911 550 καὶτοὺς
926 520 985 546 ὲπιι

199 563 370 598 σησομένους
395 563 554 598 ἐξώτρυνον.
573 562 627 590 Ἦν
644 565 664 591 δ’
681 565 709 590 ὲν
726 566 817 596 αὐτοῖς
833 566 880 593 καὶ
900 568 913 592 ὁ
929 566 984 593 Φα-

171 610 174 612 ’
201 609 282 641 ρέντα.
309 609 416 643 Τζιμῆς
433 610 555 644 σημαῖαν
581 611 641 641 ταῖς
658 612 736 647 χερσὶ
765 611 855 646 φέρων
881 612 929 638 καὶ
956 612 985 646 ἐξ

199 656 288 691 ἄκρας
319 656 438 691 κορύζης
470 656 522 691 et]:
554 657 604 691 μὲν
635 657 760 689 Σικελίας
787 657 984 692 φημιζὸμενος,

200 701 311 733 εὔελπις
326 701 364 729 ὢν
378 702 422 728 καὶ
436 703 483 728 ἐπὶ
495 703 528 737 τῇ
540 702 639 729 ἁλώσει
655 703 715 729 ὅσον
728 703 804 731 οὔπω
817 703 865 730 τοῦ
879 704 984 735 ἄστεος.

206 747 253 773 Ἐκ
269 747 361 782 χειρὺς
372 747 462 773 τοίνυν
478 747 653 782 καταστάσης
675 749 723 783 τῆς
739 748 828 784 μάχης
841 749 888 776 καὶ
903 750 987 785 ἀναῤ-

201 789 360 824 ριχωμένων
385 790 436 824 ἤδη
452 791 506 817 τῶν
531 790 718 826 θερμοτέρων,
735 793 760 818 οἱ
774 793 849 824 ἐντὸς
870 794 986 820 ἀντιπα-

200 834 369 869 λαμώμενοι,
386 835 463 861 κίονα
482 838 592 873 μακρὰν
613 836 882 872 ὑπαναόιὸασάμενοι
895 846 924 864 τε
942 838 987 864 καὶ

1035 255 1129 281 σχοντο
1141 255 1148 262 ·
1171 248 1218 274 καὶ
1234 248 1288 284 γὰρ
1308 249 1321 275 ὸ
1338 247 1464 283 βασιλεὺς
1482 247 1589 284 Μιχαὴλ
1613 248 1718 275 ἐκεῖθεν
1737 248 1826 282 ἐξώρ-

1036 300 1106 327 μησε
1122 292 1170 320 καὶ
1187 293 1253 329 περὶ
1267 294 1318 330 τὴν
1337 294 1449 330 Μόρραν
1465 294 1595 329 διέτριϐε.

1034 348 1068 377 κ’.
1085 351 1247 386 ιιάταγωγὴ
1266 351 1316 379 καὶ
1330 352 1417 392 αὗρις
1433 351 1493 392 τίῆν
1505 353 1538 385 ἐς
1554 351 1668 385 Λάζους
1683 352 1828 387 ἀναχθειι

1339 395 1405 414 σων
1420 395 1512 421 νηων.

1072 433 1142 468 Πρὶν
1158 433 1180 460 δ’
1196 434 1295 465 αὐτοὺς
1319 434 1377 460 ἐκεῖ
1389 434 1584 469 παραγγεῖλαι.
1608 435 1668 461 ἐπεὶ
1685 434 1732 461 καὶ
1747 435 1776 462 αἱ
1794 435 1828 462 ἐκ

1035 479 1168 511 Γεννούας
1187 479 1250 513 νῆες
1267 481 1298 506 ἐκ
1310 479 1513 513 Τραπεζοῦντος
1527 481 1574 507 καὶ
1591 481 1647 507 τῶν
1661 481 1717 508 ἀνω
1732 481 1828 507 τόπων

1036 523 1192 558 κατάρασαι
1215 524 1366 558 προσέσχον
1378 526 1410 558 τῇ
1432 525 1637 552 Κωνσταντίνον
1653 526 1699 552 καὶ
1713 526 1763 561 ἥδη
1782 526 1828 551 ἐπ’

1037 570 1112 595 οἴκου
1129 569 1240 604 ἔμελλον
1254 570 1385 596 ἀποπλεῖν
1401 570 1472 605 (οὐδὲ
1487 571 1542 604 γὰρ
1560 571 1648 598 ἐδόκει
1663 571 1702 606 τῷ
1720 571 1831 606 βασιλεῖ

1038 616 1242 650 παρακατέχειν
1267 616 1337 650 σφᾶς
1358 615 1430 642 κατὰ
1452 616 1629 651 συμμαχίαν·
1653 617 1746 648 αὐτοῖς
1777 616 1830 651 μὲν

1038 662 1092 697 γὰρ
1105 662 1154 688 οὐκ
1167 660 1200 697 ἦν
1211 661 1282 688 κατὰ
1296 662 1347 696 γῆν
1360 661 1497 696 πολεμεῖν,
1518 662 1546 688 Ἀ
1553 662 1704 697 μογὰεαροι
1715 662 1742 688 δὲ
1759 670 1830 688 κατα

1038 708 1113 735 έΘεον
1144 708 1194 744 τὴν
1226 709 1390 743 μεσόγειον).
1410 711 1478 740 τέως
1500 708 1522 734 δ’
1536 708 1604 743 ὅπερ
1619 706 1653 743 ἦν
1674 709 1766 736 αὐτοῖς
1779 709 1832 734 δυ-

1038 753 1118 780 νατὸν
1131 754 1178 780 καὶ
1189 753 1227 789 τῷ
1240 754 1346 789 βασιλεί
1357 754 1493 789 χρήσιμον
1507 755 1698 789 κατεφαίνετο,
1713 754 1833 787 βασιλέα.

1038 807 1068 824 τε
1088 798 1181 833 ἠξίουν
1207 798 1276 832 ὅπερ
1293 798 1325 824 ἂν
1352 798 1473 833 βούλοιτο
1496 798 1686 833 προστάττειν.
1705 797 1747 834 [Ρ.
1763 798 1830 833 425]

1047 842 1076 869 '(l
1090 843 1117 869 δὲ
1134 844 1166 869 ἐκ
1183 843 1300 878 παρόδου
1317 843 1463 878 προσσχεῖν
1479 845 1511 878 τῇ
1526 843 1644 869 Καλλίου
1659 842 1833 877 προσέταττε

201 880 423 915 προσαράξαντες
445 881 476 907 ὲκ
496 882 543 908 τοῦ
561 881 700 917 αῐψνηδὺν,
718 883 747 909 τὸ
767 884 816 918 μὲν
839 884 987 920 μηχάνημα
1001 873 1025 902 Β
1041 886 1088 912 καὶ
1112 888 1211 922 πεῖραν
1225 873 1369 922 ’προτάξαι
1382 907 1389 918 ,
1407 873 1540 914 ἀἀκεῖνοι
1567 873 1725 922 ὑφίσταντο,
1753 887 1834 922 παρὰ

201 926 374 958 κατασπῶσι,
392 927 496 959 πάντας
511 927 539 954 δὲ
555 929 619 960 τοὺς
636 929 695 955 ἐκεῖ
713 931 988 966 μεταχειριζομένους

201 973 290 1009 φθορᾷ
303 973 524 1008 προσεπέλασαν.
539 975 595 1002 Καὶ
607 974 679 1002 οὕτω
694 976 744 1010 μὲν
759 977 924 1010 ἀπογνόντες
938 978 989 1013 τῆς

201 1020 418 1052 ἀπαναστάσεως
444 1020 586 1055 ἅπτονται,
603 1023 652 1049 οὐκ
669 1023 775 1058 ὀλίγους
799 1024 899 1060 ἄνδρας
915 1025 990 1060 ἀρεῖ-

201 1068 268 1097 κοὺς
289 1066 483 1098 ἀποϐαλόντες.
501 1067 636 1094 Κάκεῖθεν
651 1069 801 1104 Παμφύλου
826 1070 988 1105 πειρῶνται,

203 1113 285 1139 κάκεῖ
311 1114 346 1140 τὰ
371 1114 452 1149 ὅμοια
481 1113 631 1151 δράσαντες
658 1116 707 1145 καὶ
729 1115 862 1148 παθόντες
880 1117 926 1144 ἐπὶ
941 1116 990 1152 τὴν

204 1208 337 1236 praeterea
372 1204 520 1232 traderent.
551 1203 586 1231 Ea
616 1204 637 1232 si
656 1204 761 1237 tierent,
792 1205 991 1241 pollicebantur

205 1249 305 1276 nemini
333 1249 565 1278 Orestiadensinm
598 1251 746 1286 quidquam
775 1260 802 1279 se
830 1253 862 1279 de
888 1259 991 1280 cmtero

206 1295 339 1323 molestiae
370 1296 506 1324 illaturos.
526 1295 577 1324 Ubi
609 1303 699 1325 autem
728 1300 825 1326 surdos
852 1299 884 1326 ad
903 1300 991 1326 omnia

206 1342 335 1370 obsessos
353 1349 523 1378 repererunt,
550 1345 583 1372 ad
603 1345 831 1372 vehementiorem
848 1353 877 1373 se
905 1354 991 1380 oppu-

205 1389 362 1422 gnationem
379 1390 564 1424 accingenles,
585 1396 647 1417 ante
665 1391 754 1419 omnia
770 1396 887 1425 portant,
906 1392 949 1419 cui
978 1400 992 1419 a

208 1435 279 1470 Bary
310 1443 357 1463 seu
386 1435 466 1464 Gravi
495 1444 592 1464 nomen
610 1441 679 1468 erat.
704 1437 764 1472 igne
779 1438 878 1471 injecto
893 1446 994 1465 consu-

208 1487 285 1509 munt
305 1487 399 1515 totam,
425 1483 499 1510 adittt
517 1491 563 1518 per
578 1483 602 1509 id
623 1484 721 1510 ostium
735 1484 790 1518 jam
814 1489 909 1518 patens
925 1485 992 1520 ipsis

209 1529 295 1556 libero
325 1529 428 1561 futuro,
456 1529 508 1555 nisi
529 1529 602 1557 cives
617 1535 855 1564 prmoccnpassent
885 1539 992 1558 tnurnm

209 1575 417 1610 intuselapide
447 1579 580 1603 structum
609 1575 674 1609 ipsis
696 1583 842 1610 opponere.
873 1576 930 1604 Hoc
958 1577 995 1604 illi

207 1622 267 1649 viso
299 1622 477 1656 desperantes
506 1621 567 1648 illac
601 1621 767 1656 ingressum.
800 1622 833 1649 ad
855 1622 997 1650 machinas

210 1666 360 1692 moliendas
390 1666 511 1692 animum
544 1666 694 1699 appellunt.
722 1666 913 1694 Constrttctam
931 1675 998 1702 ergo

211 1711 307 1737 turrim
322 1710 395 1741 intus
410 1711 481 1737 scala
498 1712 630 1744 perviam,
645 1711 773 1743 subjectis
790 1711 856 1740 rotis
872 1712 997 1739 mobilem

210 1763 238 1784 et
265 1757 370 1786 taurino
396 1756 516 1785 exterius
536 1757 610 1783 corio
638 1758 819 1792 undecunque
839 1763 998 1792 protectatn,

213 1803 298 1832 muris
315 1803 477 1835 admovent;
496 1810 755 1838 conscensurosque
785 1804 810 1831 in
828 1804 899 1831 illam
929 1805 1000 1832 mili-

214 1853 265 1880 tes,
284 1855 315 1874 ac
327 1855 374 1882 per
390 1855 448 1874 eam
465 1855 569 1874 stnnma
588 1849 732 1882 pinnarum
750 1849 827 1876 urbis
852 1856 1000 1884 occupatu-

213 1903 259 1923 ros
274 1894 305 1921 ad
323 1902 377 1922 rem
392 1898 503 1923 strenue
516 1895 672 1927 gerendam,
692 1895 868 1922 adhortantes
884 1899 911 1922 et
932 1903 999 1930 prte-

213 1941 265 1968 mia
281 1941 433 1976 pollicendo
449 1940 582 1967 animant.
600 1939 744 1969 Eminebat
773 1942 843 1968 inter
871 1942 920 1968 hos
937 1942 1000 1969 hor-

215 1993 316 2015 tatores
338 1987 481 2018 Pltarenda
513 1987 622 2015 'l‘zimes
637 1988 762 2016 vexillum
783 1993 892 2023 gestans
919 1989 1002 2015 mani-

213 2037 275 2069 bus,
292 2045 371 2072 quem
391 2036 527 2071 arrOganti
544 2036 661 2063 ludibrio
677 2036 885 2063 circumstantes
901 2035 1000 2063 Siciliae

217 2091 305 2119 regem
335 2083 528 2118 prtedicabant.
559 2081 644 2116 Hujus
670 2090 701 2108 ea
717 2084 881 2110 cernebatur
914 2082 1001 2109 confl-

216 2130 305 2157 tlentia
321 2129 490 2157 contumacis
507 2130 575 2160 oris.
591 2133 620 2154 ut
636 2128 714 2155 facile
745 2129 861 2155 sentires
877 2129 953 2162 quasi
969 2128 1001 2155 de

213 2176 268 2209 jam
285 2181 360 2212 capta
388 2176 474 2210 ipsum
506 2175 558 2202 sibi
590 2175 702 2203 civitate
725 2174 899 2208 applantlere.
920 2173 999 2201 Manu

1039 940 1122 958 τινων
1145 932 1340 968 εὐαριθμήτων
1356 933 1558 968 φυλασσομένη,
1585 934 1632 959 καί
1642 932 1673 959 ¹τι
1694 934 1833 967 γενναῖον,

1041 978 1066 1005 εἰ
1080 977 1232 1013 δυνηθεῖεν,
1251 979 1488 1013 διαπραξαμένους
1502 979 1598 1006 ἔπειτα
1620 980 1765 1006 ἀποπλεῖν.
1786 977 1834 1010 Ὠς

1042 1022 1110 1056 γοῦν
1128 1023 1290 1058 προσέσχον,
1307 1024 1398 1059 μάχην
1421 1024 1606 1058 συστήσαντες
1624 1024 1654 1050 τὸ
1670 1024 1719 1058 μὲν
1744 1025 1834 1060 ἐμπό-

1042 1076 1100 1104 ριον
1121 1070 1271 1104 πυρπολεῖν
1285 1069 1466 1105 ἐπιχειροῦσι,
1490 1069 1546 1104 πῦρ
1561 1070 1583 1096 δ’
1600 1069 1766 1101 ἑναύσαντες
1784 1070 1833 1097 καί

1042 1122 1103 1141 τινα
1117 1113 1170 1141 τῶν
1185 1114 1257 1149 νηῶν
1275 1115 1439 1150 ἑφορμῶσαν
1450 1113 1489 1150 τῷ
1505 1115 1595 1150 λιμένι
1613 1115 1835 1150 καταφλέξαντες

1044 1203 1160 1231 admissa
1176 1212 1182 1230 :
1201 1203 1274 1230 illinc
1291 1203 1362 1229 enim
1378 1204 1501 1237 erupisse
1517 1211 1578 1231 cum
1595 1212 1676 1232 manu
1693 1204 1783 1232 valida
1799 1205 1834 1232 ad

1044 1258 1103 1283 eos,
1121 1251 1142 1277 si
1169 1258 1201 1276 eo
1217 1250 1287 1276 viam
1317 1255 1492 1282 attentarent,
1511 1252 1669 1286 priusquam
1687 1252 1835 1279 admovere

1044 1304 1073 1324 se
1093 1303 1211 1330 possent.
1229 1297 1373 1324 omittendos
1387 1297 1547 1324 Michaelem
1573 1299 1724 1333 Augustum
1754 1305 1834 1326 acce-

1044 1349 1151 1378 perant.
1171 1344 1221 1370 hac
1247 1344 1305 1378 ipsa
1343 1344 1550 1379 exspectatione
1571 1345 1674 1372 cireutn
1695 1342 1833 1373 Morrhatn

1045 1390 1242 1417 considentem.

1045 1447 1090 1474 ‘20.
1111 1447 1246 1475 Secundus
1263 1448 1390 1482 appulsu;
1413 1448 1440 1475 in
1461 1448 1550 1475 urbem
1572 1448 1696 1475 reducam
1715 1456 1730 1476 e
1750 1447 1834 1476 Latii:

1282 1483 1459 1510 Geuuenrium
1479 1483 1596 1511 navium.

1009 1544 1030 1574 ο
1082 1528 1242 1563 Priusquam
1263 1535 1352 1556 antem
1370 1529 1534 1564 Amogabari
1563 1529 1714 1564 Callipolim
1741 1537 1836 1557 rever-

1049 1575 1157 1606 tissvnt,
1175 1576 1303 1610 appulere
1327 1575 1592 1609 Constantinopolim
1609 1577 1723 1603 reduces
1739 1583 1753 1602 e
1765 1576 1834 1603 Tra—

1048 1625 1164 1655 pezunte
1191 1628 1223 1647 ac
1241 1620 1308 1648 locis
1339 1620 1525 1656 superioribus
1542 1620 1727 1648 Gennensium
1750 1628 1835 1649 naves

1048 1675 1114 1699 quas
1130 1674 1162 1693 eo
1178 1667 1314 1702 profectas
1330 1667 1458 1694 diximus.
1485 1666 1531 1694 Hm
1548 1674 1607 1694 cum
1619 1667 1673 1702 jam
1693 1671 1785 1694 essent
1808 1667 1834 1693 in

1050 1713 1192 1747 procinctu
1208 1713 1329 1740 solvendi
1347 1713 1456 1740 domum
1471 1721 1576 1747 versus,
1598 1714 1728 1748 quoniam
1745 1715 1833 1747 impe-

1050 1765 1124 1786 rator
1151 1759 1342 1790 terrestribus,
1362 1766 1413 1785 non
1434 1759 1578 1786 maritimis
1597 1767 1681 1793 egens
1712 1759 1834 1791 auxiliis,

1049 1805 1144 1838 utique
1191 1805 1324 1832 adversus
1357 1805 1541 1839 Amogabaros
1565 1805 1763 1831 mediterranea
1792 1813 1837 1831 va-

1053 1853 1157 1876 stantes
1174 1849 1343 1881 (Genuenses
1369 1854 1458 1875 autem
1489 1849 1654 1876 exscendere
1682 1857 1715 1876 ac
1735 1849 1834 1876 bellum

1052 1900 1124 1922 terra
1156 1902 1251 1928 gerere
1286 1903 1316 1922 se
1346 1895 1480 1928 negabant
1508 1895 1611 1930 posse),
1641 1903 1687 1922 eas
1716 1895 1838 1922 detinuere

1052 1941 1085 1968 ad
1117 1941 1167 1967 sibi
1200 1941 1369 1968 militandum
1399 1949 1452 1968 non
1482 1942 1559 1968 duxit
1590 1949 1679 1976 operte
1709 1941 1837 1975 pre-tium,

1052 1988 1134 2014 (luces
1166 1995 1259 2015 carum
1293 1988 1443 2021 Angustum
1483 1988 1509 2014 in
1550 1988 1673 2021 digressu
1710 1988 1838 2014 salutati-

1053 2038 1102 2064 tes,
1128 2033 1153 2060 ei
1181 2041 1210 2060 se
1241 2033 1359 2061 ofliciose
1383 2038 1522 2067 promptos
1551 2034 1704 2060 obtulerunt
1725 2034 1758 2059 ad
1790 2041 1838 2060 na-

1051 2081 1178 2111 vandam,
1209 2080 1230 2106 si
1260 2087 1342 2113 quant
1375 2079 1493 2113 inberet,
1537 2080 1681 2106 militarem
1716 2087 1837 2114 operam.

1052 2125 1098 2152 Ille
1124 2126 1243 2152 ostendit
1277 2131 1383 2158 gratum
1409 2126 1460 2154 sibi
1481 2126 1612 2158 facturos,
1641 2127 1663 2153 si
1681 2126 1838 2161 priusquam

1053 2172 1110 2199 v-la
1141 2171 1261 2199 facerent
1293 2172 1318 2199 iu
1352 2172 1465 2203 Italiam,
1495 2173 1585 2199 obiter
1611 2173 1786 2200 admoverent
1812 2180 1840 2200 se

216 2223 299 2257 igitur
325 2223 356 2248 ad
387 2221 456 2248 muri
486 2220 614 2247 viciniam
651 2220 775 2247 machina
807 2224 940 2254 promota.
970 2227 1001 2246 ac
1018 2215 1040 2242 Ῑ)
1056 2219 1190 2253 Gallipoli,
1208 2223 1235 2246 et
1255 2227 1314 2253 qum
1327 2219 1380 2246 illic
1397 2219 1551 2247 seoﬂ‘erret
1567 2220 1603 2246 rei
1628 2220 1695 2246 bene
1718 2219 1841 2251 gerentia?

217 2267 410 2295 fervidioribus
443 2266 599 2300 quibusque
627 2264 684 2299 jam
704 2272 784 2300 super
801 2273 860 2292 eam
887 2272 1003 2292 ascensu

217 2319 327 2342 strenuo
360 2318 515 2347 superatam
561 2312 708 2344 stantibus,
747 2311 904 2339 defensores
935 2311 1004 2339 muri

217 2362 324 2396 longam
342 2364 368 2386 et
380 2366 548 2395 praegravem
573 2357 606 2384 ad
622 2359 671 2385 hoc
690 2358 715 2384 in
741 2358 767 2384 id
785 2357 921 2392 fastigium
944 2363 1006 2385 ante

218 2406 353 2433 sublatam
369 2406 497 2430 deorsntn
518 2403 673 2430 columnam
703 2403 887 2436 devolventes,
907 2404 1004 2430 turrim

220 2451 311 2479 subito
342 2457 406 2477 casu
422 2448 549 2478 aﬂlictam
568 2448 708 2484 dejiciunt,
732 2447 812 2483 605
838 2453 1006 2482 cunctosque

220 2498 247 2525 itt
280 2503 310 2523 ea
331 2499 454 2532 repertos
476 2494 614 2527 obtcrnnt,
630 2494 699 2521 alios
726 2501 834 2528 quoque
851 2494 1005 2526 universus,

221 2543 266 2578 qui
300 2542 402 2569 circum
418 2548 515 2576 magno
542 2541 662 2575 undique
693 2547 806 2567 ntttucro
837 2539 1007 2572 satagebant.

223 2590 281 2624 pari
297 2590 375 2618 ruina
405 2588 585 2615 involventes.
615 2587 668 2614 lsto
692 2586 853 2622 Att'ugabal‘i
882 2593 1007 2614 ςυρψ-εδει

223 2637 338 2672 denique
355 2634 564 2670 persnasiltand
581 2641 691 2661 suarum
710 2640 772 2660 esse
798 2632 895 2658 virium
924 2638 1009 2666 expu-

222 2683 379 2719 gnationem
396 2681 470 2708 urbis
486 2681 557 2713 talis,
572 2681 659 2708 soluta
674 2680 735 2708 inde
748 2678 888 2721 obsidione
899 2679 1008 2709 abeunt,

224 2738 277 2758 non
290 2730 381 2765 paucis
396 2728 587 2763 virislfortibus
596 2725 788 2754 amissiantle
803 2725 914 2760 profecti
931 2724 1010 2751 Panis

225 2775 334 2813 phylnm
350 2780 466 2802 tentant.
484 2774 537 2800 Sed
553 2773 596 2800 hic
622 2779 731 2806 quoque
747 2775 807 2805 post
833 2775 894 2798 acta
911 2770 1010 2798 similia

226 2823 301 2857 paria
321 2822 404 2857 passi,
429 2819 582 2854 (iallipolint
608 2819 660 2846 iter
687 2818 842 2849 intendunt,
872 2825 906 2844 ne
925 2817 1010 2851 prima

225 2869 336 2906 quidem
354 2867 435 2895 vit-iui
449 2866 627 2903 liidytnoticbi
646 2867 819 2904 oppugnandi
849 2865 1011 2902 ιιιιεῐιελιῐοιιε

1056 2265 1178 2295 occasio,
1209 2269 1368 2300 captarent:
1394 2265 1444 2291 sibi
1462 2265 1533 2291 enim
1553 2265 1672 2291 nuntiari
1689 2272 1791 2299 paucos
1805 2263 1839 2290 ibi

1056 2311 1242 2347 praesidiarios
1253 2311 1377 2343 relictos,
1393 2317 1419 2338 et
1432 2311 1547 2337 fortasse
1559 2318 1611 2337 non
1629 2318 1727 2345 magno
1743 2315 1839 2337 conatu

1057 2358 1116 2393 capi
1131 2367 1220 2386 arcem
1240 2359 1311 2385 illam
1325 2366 1416 2393 posse.
1435 2358 1462 2385 Si
1479 2358 1542 2392 quid
1560 2358 1612 2384 tale
1628 2357 1793 2391 reperiretur
1816 2363 1842 2384 et

1059 2407 1124 2440 ipsis
1140 2405 1213 2433 brevi
1232 2410 1353 2438 tempore
1371 2403 1475 2430 l'acinus
1485 2404 1565 2430 edere
1580 2403 1688 2437 aliquod
1710 2411 1843 2430 memora-

1060 2452 1114 2480 bile
1139 2451 1318 2484 contingeret,
1342 2454 1395 2475 tum
1413 2456 1479 2476 sane
1497 2455 1595 2482 magna
1609 2448 1678 2480 apud
1698 2455 1728 2475 se
1745 2448 1843 2482 gratia,

1061 2498 1117 2533 pari
1132 2497 1182 2524 sibi
1211 2496 1277 2529 ipsis
1294 2495 1390 2529 gloria,
1406 2495 1510 2528 exigute
1527 2501 1608 2521 morte
1627 2493 1705 2521 facile
1733 2501 1845 2528 reparata

1062 2544 1108 2571 bili
1124 2543 1206 2578 606
1216 2546 1291 2575 parta
1306 2541 1457 2575 dispendio.
1473 2541 1589 2574 patriam
1604 2540 1679 2567 lucro
1694 2544 1721 2567 et
1743 2539 1845 2567 honore

1064 2591 1200 2619 auctiores
1219 2591 1383 2622 repeterent.
1396 2587 1506 2614 Assensi
1530 2587 1601 2613 haud
1616 2586 1753 2613 illibenter
1765 2587 1846 2613 Calli-

1062 2636 1143 2670 polim
1159 2634 1251 2661 infesti
1276 2634 1400 2664 tendttnt,
1431 2633 1574 2666 primoque
1599 2633 1700 2666 impetu
1713 2637 1847 2659 conantur

1062 2682 1214 2716 emporium
1240 2680 1296 2707 arei
1325 2679 1477 2714 proximum
1508 2678 1664 2705 incendere.
1681 2678 1718 2704 Ac
1740 2677 1846 2704 ﬂa'nma

1063 2729 1103 2758 illi
1125 2728 1234 2762 quidem
1248 2734 1280 2753 eo
1298 2725 1396 2762 injecta
1414 2726 1495 2752 etiam
1522 2733 1616 2751 navem
1631 2733 1644 2750 ε
1660 2724 1751 2751 tnnltis
1767 2732 1845 2750 unam

1065 2774 1091 2800 itt
1122 2778 1200 2808 portu
1217 2772 1353 2799 stantibus
1380 2779 1412 2798 ex
1444 2774 1520 2805 parte
1545 2770 1765 2797 cnmbnssernnt.
1795 2769 1846 2796 Sed

1065 2820 1190 2847 ardorem
1211 2817 1358 2844 instantius
1373 2816 1484 2850 urgendi
1508 2816 1679 2848 refrigeravit
1704 2815 1792 2842 caedes
1815 2817 1847 2844 ab

1066 2865 1143 2891 hoste
1162 2863 1307 2890 resistente
1322 2862 1428 2889 inlo‘rlnt
1449 2862 1517 2888 ."autn
1534 2861 1676 2895 cujusdam
1690 2861 1760 2886 inter
1775 2868 1847 2895 ιιι-υς
