1957 3066
73 147 122 179 6S1

546 148 595 180 DE
611 146 836 179 ANDRONICO
848 140 1084 176 PAL/EOLOGO
1107 147 1182 178 LIB.
1200 146 1256 177 VII

1657 146 1710 178 685i

75 206 148 239 γειλε
164 205 194 231 δὲ
213 205 261 232 καὶ
276 206 360 240 αὐτὴν
381 206 541 242 καθημένην
562 207 625 242 τῇδε
645 206 820 233 καθιστάνειν
835 203 865 229 τὺ
879 203 904 232 Δ
922 203 985 229 Ἐπὶ
1014 204 1082 232 πολὺ
1110 205 1165 240 γὰρ
1191 205 1328 232 διετέλουν
1343 205 1381 241 τῷ
1398 206 1521 243 φρουρίῳ
1550 206 1710 242 ποιούμενοι

77 251 146 286 πρὸς
162 251 211 277 τὸν
235 252 423 287 Χαρμπαντᾶν
452 253 535 287 κῆδος
561 253 610 279 καὶ
629 252 664 279 τὰ
677 251 732 278 τῶν
757 250 870 286 Περσῶν

74 297 262 331 δουλαγωγεῐν
276 297 314 328 ὡς
324 295 379 324 οἶόν
400 305 429 324 τε
445 298 609 334 πράγματα.

76 354 135 388 κς’.
154 353 222 386 Πῶς
238 354 267 380 oi
289 354 393 388 ἐχθροί
416 359 484 381 τινα
511 355 572 381 τῶν
595 355 655 383 ἀνὰ
683 355 738 382 τὸν
768 353 871 381 Γάνον

269 389 421 422 φρουρίων
435 390 681 424 παρεστήσαντο.

113 434 152 460 Οὐ
169 434 223 468 μὴν
234 433 262 460 δὲ
276 434 324 461 καὶ
339 434 363 459 0i
379 435 430 461 ἀνὰ
446 435 497 469 τὴν
514 435 591 462 δύσιν
604 435 721 470 Τοῦρκοι
736 435 767 461 τὸ
779 435 872 470 παρά-

79 489 135 507 παν
146 480 278 514 ἠμέλουν,
289 475 359 507 me;
367 480 412 506 τὸν
423 481 470 507 τοῦ
485 481 571 508 Γάνου
582 481 777 516 κυριεύσαντες
789 482 872 507 τόπον

81 527 129 552 καὶ
144 526 176 552 τὸ
197 526 244 552 τοῦ
270 526 348 560 ἁγίου
376 526 470 552 Ἠλίου
495 527 707 561 περικαοίζουσι
727 527 869 562 φρούριον,

78 573 203 603 καὶτοὺς
221 572 283 598 κατ’
297 572 397 604 αὐτοὺς
422 571 561 606 οὐλαμοὺς
583 572 644 608 δίχα
663 573 794 606 τεμόντες
813 573 873 599 ἐκεῖ

79 619 145 650 τοὺς
162 618 238 649 ἐντὸς
258 618 388 651 ἐκάκουν,
408 618 461 650 ἓως
477 615 506 645 οὗ
524 620 706 650 συντακέντες
723 619 824 644 ἐκεῖνοι

82 665 252 700 πλυημὲρῳ
263 664 417 700 λειψυδρίᾳ,
433 664 471 694 ὡς
485 665 532 691 καὶ
544 665 577 691 τὰ
595 664 742 698 φὺλλατῶν
757 664 874 698 δένδρων

81 711 186 744 λείχειν
200 711 249 737 καὶ
263 711 372 742 θύοντες
387 709 444 742 ζῶα
461 712 622 746 ἁπορῤοφᾷν
635 711 682 737 τοῦ
703 711 817 746 αἵματος
827 711 875 738 eat

81 756 227 787 πλείσταις
242 756 373 791 ἡμέραις,
388 757 506 788 πολλοὺς
517 757 546 783 δὲ
560 758 606 783 καὶ
616 757 774 788 ἀποθανεῖν,
788 756 874 791 ἔγνωά

82 811 134 828 σαν
156 803 273 833 ἑαυτοὺς
302 801 458 836 προδιδόναι
483 802 530 828 καὶ
561 802 702 838 φρούριον.
729 802 801 837 Πλὴν
825 803 875 829 οὒκ

81 847 218 882 ἐθάρρουν
237 847 294 877 τοῖς
310 846 430 880 Πέρσαις
446 845 490 872 διὰ
503 845 553 881 τὴν
568 846 747 881 ἀλλοτρίωσιν
760 844 809 872 τοῦ
830 854 875 872 σε·

81 892 238 927 ὁρίσματος,
250 892 297 918 καὶ
312 891 471 926 πέμψαντες
481 891 665 926 Ῥομοφόρτον
678 891 872 918 ἐπεκαλοῦντο.

83 938 141 964 Καὶ
155 937 186 967 ὃς
200 936 305 972 παρῆν,
328 938 375 963 καὶ
388 936 435 972 βίᾳ
465 936 528 971 μὶν,
548 936 626 971 μόλις
640 936 662 962 δ’
678 937 752 972 ὅμως
767 937 791 963 οἱ
809 937 874 972 περὶ

83 983 168 1010 αὑτὸν
181 982 213 1010 τδ
231 981 366 1018 Περσικὸν
387 982 574 1016 ἐξελάσαντες,
591 983 625 1009 τὰ
640 982 726 1009 πολλὰ
741 982 876 1009 δικαιολο-

84 1029 222 1065 γούμενον
235 1029 304 1064 πρδς
317 1029 427 1060 αὐτοὺς,
445 1028 508 1055 καθ’
522 1028 667 1063 ὁμολογίας
683 1027 877 1063 προσχωροῦν-

84 1082 135 1107 τας
150 1075 222 1110 μετὰ
237 1075 292 1101 τῶν
305 1074 385 1101 θείων
408 1073 584 1108 Εὐαγγελίων
603 1074 736 1109 δέχονται,
754 1073 802 1100 καὶ
813 1073 876 1099 ὅσον

84 1122 117 1148 τὸ
131 1121 180 1155 ἀφ’
192 1120 284 1147 αὐτῶν
295 1119 486 1155 φιλάνθρωπον
500 1119 549 1154 τὴν
562 1117 701 1153 διαγωγὴν
712 1117 875 1152 παρέχουσι.

85 1165 175 1193 Τοῦτο
199 1164 308 1192 ποιοῦσι
338 1165 386 1191 καὶ
404 1164 434 1191 ἐν
457 1163 498 1198 τῷ
525 1163 625 1199 πύργῳ
639 1163 685 1189 τοῦ
706 1161 876 1189 Ῥαιδεστοῦ.

88 1265 148 1285 ram
163 1257 342 1285 exarmauda
355 1257 501 1284 Persarum
520 1258 546 1283 in
561 1255 701 1283 Romanos
723 1255 782 1288 inc,
797 1254 877 1289 ipsis-

86 1311 141 1339 que
167 1303 221 1331 viri
248 1304 413 1331 auctoritate
445 1302 607 1331 revocandis
637 1302 672 1328 ab
700 1301 816 1329 imnerio
830 1307 878 1328 νεα

86 1351 190 1378 xaudo.

87 1405 135 1433 26.
155 1404 189 1432 Ut
224 1404 324 1440 hostes,
341 1405 471 1440 quasdam
504 1411 536 1432 ex
571 1404 674 1431 arcibus
709 1404 743 1431 ad
765 1407 879 1430 montem

303 1439 406 1466 Ganum
424 1441 484 1467 sitis
505 1440 665 1474 subegerint.

125 1486 176 1519 Qui
189 1493 255 1513 vero
271 1486 298 1512 in
310 1486 337 1513 in
353 1485 471 1513 Occidua
492 1487 651 1513 continente
669 1484 768 1512 bellum
790 1485 816 1511 in
831 1492 879 1512 nos

923 249 1088 284 προσὸολὰς,
1114 249 1173 276 ἀλλ’
1193 249 1244 276 οὐκ
1259 250 1367 285 ἡνυτον.
1382 250 1465 282 Τέλος
1485 251 1532 277 καὶ
1558 251 1710 286 μηχάνημα

923 293 1125 328 ἐπιστήσαντες
1140 294 1304 330 πετροόὀλον
1320 296 1416 327 νυκτὸς
1427 296 1461 323 τὰ
1477 296 1562 322 πολλὰ
1575 296 1711 330 κατηκόν·

922 338 998 370 τιζον
1009 339 1060 370 τὰς
1074 339 1167 375 βολὰς,
1197 340 1235 372 ὡς
1252 341 1434 377 ἐπιῤῥιφῆναι
1462 343 1564 377 πέτρας
1578 342 1640 377 περί
1657 349 1708 368 που

922 384 973 415 τὰς
985 385 1082 411 ἑκατὸν
1107 385 1156 412 καὶ
1179 386 1420 419 πολυταλάντουςυ
1441 391 1710 423 πεντηκονταμναῖαι

923 430 978 464 γὰρ
989 429 1023 456 τὰ
1040 429 1127 457 πολλὰ
1146 430 1263 458 ἔπιπτον
1275 452 1282 464 ,
1301 432 1326 458 εί
1339 433 1386 458 καὶ
1400 433 1443 459 διὰ
1458 433 1488 459 τὸ
1506 433 1643 467 ὀλίγιστον
1662 433 1711 460 τοῦ

923 476 1056 511 φρουρίου
1074 477 1100 503 αί
1128 477 1256 504 πλεῖσται
1278 479 1413 513 ὴστόχουν
1426 479 1472 505 καὶ
1489 479 1542 511 ἕξω
1557 480 1714 514 ὲπέρρητον

923 522 957 549 τὰ
984 522 1159 558 πεμπόμενα.
1177 523 1216 550 Οὐ
1245 524 1298 559 μὴν
1311 524 1339 550 δὲ
1355 524 1402 550 καὶ
1428 521 1581 560 ἀζημίωτοι
1604 526 1711 560 ἔμενον,

923 568 992 595 ἀλλὰ
1019 569 1152 601 πολλάκις
1173 569 1245 605 ὑπὲρ
1265 571 1442 606 τριακοσίους
1456 572 1481 597 οι
1495 571 1570 602 ἐντὸς
1584 571 1625 606 [Ρ.
1648 569 1712 607 434]

923 614 1000 645 δντες
1013 614 1156 650 εὐθαρσῶς
1169 615 1357 648 ἐξελαύνοντες
1371 616 1464 650 σφίσιν
1486 614 1654 652 ὲπέρῥαττον
1667 619 1714 644 καλ

924 659 958 685 τὰ.
975 659 1060 686 πολλὰ
1073 660 1216 695 ἐζημίουν,
1232 660 1285 692 ἓως
1299 658 1329 688 οὗ
1346 661 1556 696 κατισχυθὶντες
1579 664 1626 688 καὶ
1640 659 1714 688 οὗτοι

925 707 1096 741 προσχωρεῐν
1113 705 1175 733 καθ’
1185 707 1331 742 ὁμολογίαν
1343 707 1474 734 ἱκέτευον.
1491 706 1560 734 Ἀλλ’
1576 706 1626 734 οὑκ
1637 708 1714 735 ἐπει-

926 750 971 778 Θον
981 759 989 766 ·
1004 752 1149 786 ὲπώμοτος
1172 754 1226 789 γὰρ
1242 751 1277 788 ἦν
1299 753 1494 789 Ῥομοφόρτος.
1522 754 1585 781 ἐπεὶ
1597 754 1715 785 πολλοὺς

926 797 1048 824 ἀπέσαλε
1061 797 1116 825 τῶν
1133 798 1218 830 ἰδίων,
1233 796 1250 834 ἦ
1270 799 1322 834 μὴν
1333 800 1380 825 καὶ
1395 799 1522 831 Θέλοντας
1542 799 1716 835 προσχωρετν

927 840 966 876 μὴ
984 841 1121 876 δέχεσθαι,
1147 843 1195 869 καὶ
1210 842 1312 878 μᾶλλον
1336 843 1384 870 τοῦ
1400 844 1506 879 πύργου
1525 844 1716 880 σαθρωοέντος

925 887 986 918 ταῖς
1002 889 1128 923 συνεχέσι
1141 888 1195 915 τῶν
1206 888 1287 915 λίθων
1300 889 1392 924 βολαῖς
1407 891 1489 917 αὑτοῦ
1505 892 1714 926 μηχανήματος.

924 931 964 958 Τὸ
979 931 1033 968 γὰρ
1059 933 1108 959 τοῦ
1125 933 1203 968 ἁγίου
1226 934 1318 961 Ἠλίου
1351 935 1482 971 φρούριον
1510 938 1718 972 χειρωσάμενος

926 978 1128 1014 φιλανθρώπως
1163 981 1372 1016 προσηνέγκατο
1400 983 1457 1014 τοῖς
1484 983 1640 1017 οἰκήτορσι,
1669 985 1717 1010 καὶ

926 1026 1066 1059 φρουροὺς
1081 1025 1211 1060 ὲμσαλὼν
1227 1027 1344 1059 ἐκείνοις
1354 1027 1422 1062 πρὸς
1436 1027 1589 1055 Ῥαιδεστδν
1599 1028 1717 1062 γίνεται,

926 1069 1026 1101 ἐξελεῖν
1047 1070 1240 1105 διανοούμενος
1264 1073 1313 1098 καὶ
1344 1072 1452 1099 avom-ri.
1480 1073 1617 1108 φονεύειν.
1644 1073 1717 1100 Old}

928 1116 1148 1152 προσελιπάρουν
1162 1116 1338 1152 θερμότερον,
1350 1119 1397 1145 καὶ
1410 1119 1523 1151 ἑαυτοὺς
1537 1119 1718 1155 παρεδίδοσαν

927 1162 989 1189 καθ’
1005 1162 1152 1197 ὁμολογίας
1162 1162 1208 1189 τοῦ
1230 1162 1362 1198 σωθῆναι,
1383 1165 1415 1191 ὲκ
1429 1165 1522 1201 χειρδς
1534 1166 1584 1201 ήδη
1601 1167 1651 1201 τῆς
1665 1166 1718 1201 μά-

929 1256 989 1280 ctus
1017 1252 1071 1280 sint
1105 1259 1233 1281 saxorum
1263 1254 1424 1289 prodigiosae.
1453 1252 1536 1291 622
1562 1257 1717 1292 gravitatis,

928 1299 1029 1334 quippe
1055 1307 1114 1334 qua,
1137 1300 1334 1335 quinquaginta
1361 1301 1496 1328 minarum
1524 1302 1632 1337 singula
1663 1304 1719 1331 fere

929 1345 1034 1378 pondus
1061 1350 1212 1379 aequarent.
1234 1346 1289 1374 Sed
1319 1347 1403 1374 turris
1421 1349 1555 1383 exiguitas
1579 1349 1718 1377 interdum

929 1398 977 1425 per
999 1392 1128 1418 tenebras
1158 1391 1272 1420 fallebat
1289 1393 1494 1422 coilineantium
1519 1395 1627 1429 aciem;
1648 1397 1720 1423 unde

931 1436 964 1463 ab
983 1442 1099 1471 utroque
1119 1435 1204 1464 latere
1221 1438 1306 1464 multa
1321 1438 1425 1465 intacto
1440 1439 1523 1465 castri
1541 1447 1654 1474 corpore
1671 1447 1718 1467 ca-

931 1483 1040 1511 debant.
1057 1483 1112 1512 Nec
1125 1484 1260 1512 indemnis
1274 1480 1387 1519 ,Latinis
1416 1487 1523 1514 obsidio
1540 1492 1598 1515 erat
1619 1496 1626 1514 :
1656 1494 1718 1515 nam

89 1533 223 1566 gerebant
237 1532 329 1564 Turci,
349 1531 420 1559 haud
434 1539 531 1566 segnes
545 1531 725 1564 feriahantur,
743 1532 790 1559 sed
805 1531 875 1559 Gani
890 1532 913 1564 α
932 1530 1090 1563 ρνωςίόῐοτίί
1114 1531 1198 1558 turris
1220 1532 1349 1559 trecentis
1365 1532 1456 1566 plures
1472 1535 1602 1560 audacter
1629 1534 1719 1561 inter.

89 1578 153 1614 iugo
171 1584 298 1612 superato
319 1585 407 1606 arcem
423 1578 466 1605 cui
486 1586 500 1604 ιι
521 1582 615 1606 sancto
640 1577 699 1605 Elia
717 1585 815 1605 nomen
839 1582 881 1606 est

89 1624 270 1656 obsidebant,
297 1623 445 1658 divisisque
477 1623 601 1651 bifariam
633 1624 720 1658 copiis
750 1624 880 1652 obsessos

91 1671 222 1704 utrinque
241 1671 310 1697 adeo
326 1671 492 1704 premebant,
507 1674 536 1697 ut
555 1669 592 1697 illi
610 1671 717 1698 tandem
738 1669 821 1706 longa
832 1671 879 1698 siti

90 1717 179 1744 enecti
200 1716 274 1751 (nam
296 1723 372 1751 aquae
392 1716 503 1751 penuria
524 1717 691 1749 cogebantur
708 1717 800 1745 ardori
823 1716 881 1744 {au—

90 1763 164 1790 cium
179 1762 295 1789 levando
309 1763 437 1790 arborum
451 1762 514 1790 folia
531 1762 645 1797 lingere,
660 1767 688 1790 et
705 1763 804 1791 occisis
820 1764 880 1791 ani-

91 1808 211 1836 malibus
223 1807 335 1842 ligurire
345 1808 502 1842 sanguinem
517 1816 525 1840 ς
545 1815 593 1836 nec
612 1808 665 1836 alio
684 1816 731 1843 per
747 1809 806 1836 dies
821 1809 880 1844 piu-

91 1855 177 1881 rimos
194 1858 258 1888 potu
282 1853 448 1887 victitarant,
465 1854 538 1881 unde
564 1858 591 1881 et
616 1853 715 1881 multos
730 1854 797 1881 mori
814 1861 880 1882 con-

92 1900 164 1935 tigit)
178 1900 349 1927 decreverint
372 1907 402 1927 se
429 1899 502 1934 ipsos
526 1903 554 1927 et
576 1907 666 1927 arcem
687 1900 795 1928 dedere.
827 1899 880 1928 Sed

91 1946 185 1975 Persis
203 1946 239 1974 ob
250 1946 439 1974 diversitatem
456 1945 598 1981 religionis
612 1953 641 1974 se
656 1947 770 1974 credere
785 1947 879 1980 veriti,

91 1993 232 2021 destinato
262 1993 297 2021 ad
330 1992 520 2021 Romolortum
544 1993 729 2021 Christianum
753 1992 879 2021 Latinum

90 2040 211 2075 quodam
222 2046 239 2067 e
253 2039 322 2072 suis,
337 2039 528 2071 ostenderunt,
541 2041 565 2067 si
581 2047 645 2067 suas
656 2039 802 2066 admot'ere
818 2047 881 2073 pro-

92 2086 154 2121 pius
164 2086 258 2121 copias
273 2085 366 2119 vellet,
388 2092 419 2114 se
441 2093 546 2120 suaque
562 2085 648 2121 ipsius
671 2085 798 2120 potestati
821 2092 882 2120 per-

92 2133 236 2160 missuros.
253 2132 376 2160 Accessit
391 2131 581 2164 Romol‘ortus,
601 2136 628 2159 et
641 2132 721 2166 hujus
732 2131 880 2164 exercitus.

91 2186 250 2214 quanquam
263 2179 335 2206 haud
347 2178 437 2211 facile,
455 2178 565 2206 tandem
583 2183 673 2205 tamen
696 2175 835 2206 Persicum
855 2177 880 2204 vi

91 2225 209 2259 expulit,
237 2223 320 2251 multa
336 2224 551 2259 expostulantem
574 2229 603 2251 et
622 2223 782 2252 frementem
808 2225 880 2259 quod

92 2275 190 2306 parata
206 2270 257 2297 sibi
274 2270 363 2305 praeda
391 2277 439 2304 per
455 2269 545 2296 sooios
557 2274 669 2296 vocatos
697 2274 880 2304 extorquere-

94 2322 139 2343 tur
155 2323 171 2343 e
186 2315 326 2343 manibus.
339 2315 407 2342 Tum
424 2315 583 2342 Romol‘orto
596 2315 666 2350 pacti
686 2320 777 2342 certas
790 2314 884 2342 condis

93 2362 196 2394 tiones,
213 2360 344 2395 utrinque
371 2368 453 2388 manu
469 2361 556 2388 sacris
578 2361 732 2396 Evangeliis
755 2361 882 2396 imposita

90 2408 210 2441 juratas,
225 2406 329 2434 obsessi
344 2405 510 2434 deditionem
527 2406 660 2434 fecerunt.
674 2405 730 2434 Nec
744 2405 811 2434 ﬁdes
825 2411 881 2434 tum

95 2453 123 2479 in
137 2451 244 2479 Latinis
260 2452 416 2479 desiderata
434 2457 488 2490 est,
508 2452 625 2480 humane
649 2452 796 2487 siquidem,
810 2452 883 2487 quod

94 2498 290 2532 promiserant,
306 2501 468 2530 tractarunt,
495 2503 523 2525 et
552 2505 606 2532 quo
625 2497 769 2525 transferri
795 2505 882 2532 popo-

96 2548 225 2576 scerant,
240 2547 300 2571 tuto
326 2544 521 2578 perduxerunt.
545 2542 602 2571 lioc
627 2543 735 2571 illectus
757 2550 882 2571 successu

98 2588 278 2618 ﬂomol‘ortus
302 2589 399 2617 turrim
415 2590 496 2616 etiam
523 2588 661 2616 Rbazdesti
679 2589 814 2623 subjicere
831 2589 883 2617 sibi

99 2635 195 2663 voluit.
215 2634 248 2662 Et
267 2636 330 2663 huic
348 2643 412 2671 ergo
428 2636 571 2663 munitioiil
586 2635 793 2670 copiisadmotis
804 2635 884 2670 longo

97 2682 198 2709 institit
215 2687 347 2716 tempore,
377 2681 480 2710 crebris
506 2689 663 2716 oppugnans
681 2681 840 2714 assultibus,
857 2686 885 2708 at

97 2735 206 2763 semper
225 2728 322 2755 irritis.
342 2726 462 2755 Tandem
487 2727 558 2755 elata
580 2733 676 2754 contra
704 2734 784 2761 super
801 2726 884 2754 altum

97 2781 224 2809 aggerem
250 2773 346 2801 balista
364 2778 457 2808 petras
478 2773 504 2800 in
522 2781 614 2800 muros
640 2780 688 2808 per
701 2780 760 2799 eam
782 2772 885 2807 jacuia-

97 2821 197 2847 bantur
211 2820 258 2847 diu
281 2823 430 2854 noctuque,
446 2820 492 2848 sed
515 2824 596 2846 nocte
612 2819 792 2853 frequentius,
817 2818 884 2845 adeo

97 2873 124 2894 ut
140 2867 230 2894 noctis
247 2866 325 2893 unius
337 2866 425 2901 spatio
444 2871 551 2894 centum
570 2867 679 2895 circiter
694 2866 828 2893 numerati
842 2865 884 2900 ja-

260 2912 395 2944 ΡΑτιιοι..
419 2915 474 2945 Gn.
493 2915 579 2944 CXLI
585 2915 619 2946 γ.

931 1576 995 1602 dum
1013 1576 1039 1603 in
1054 1583 1101 1604 eos
1114 1578 1294 1611 erumpebant
1309 1578 1434 1612 maleque
1448 1578 1612 1611 multabant,
1628 1576 1718 1614 quoad

932 1623 1050 1659 denique
1065 1624 1196 1651 debilitati
1217 1619 1352 1660 diliisique
1369 1625 1471 1653 viribus
1486 1630 1513 1653 et
1527 1626 1552 1653 hi
1568 1630 1631 1653 sunt
1645 1633 1721 1654 com-

930 1669 1000 1704 pulsi
1022 1670 1186 1698 descendere
1201 1671 1233 1697 ad
1253 1671 1353 1706 pacta‘,
1368 1678 1502 1706 orareque
1529 1672 1719 1700 iiomolortum

931 1720 960 1743 ut
975 1716 1058 1744 certis
1072 1717 1272 1745 conditionibus
1294 1718 1369 1746 abire
1391 1726 1421 1746 se
1436 1719 1539 1747 sineret
1555 1719 1717 1748 incolumes.

930 1762 959 1790 id
977 1763 1022 1789 ille
1035 1761 1164 1790 ferociter
1188 1763 1301 1791 renuit:
1325 1764 1471 1799 indignans
1500 1765 1572 1792 enim
1603 1767 1675 1802 quod
1686 1775 1718 1794 ea

931 1808 1074 1836 obsidione
1102 1809 1201 1836 multos
1219 1816 1331 1837 suorum
1363 1810 1512 1844 amisisset,
1525 1811 1670 1847 juraverat
1689 1819 1720 1840 se

930 1854 1071 1886 obsessos,
1094 1855 1270 1889 quantumvis
1287 1855 1390 1884 vellent
1414 1863 1554 1892 rogarent,
1579 1862 1718 1894 nunquam

932 1900 965 1927 ad
983 1900 1208 1936 compositionem
1231 1901 1428 1930 admissurum.
1459 1902 1487 1929 in
1510 1911 1563 1938 qua
1579 1911 1642 1931 eum
1660 1913 1719 1932 ma-

931 1945 1004 1973 xime
1023 1946 1159 1973 sententia
1180 1946 1316 1980 llrmabat,
1336 1949 1408 1982 quod
1434 1948 1520 1976 latera
1552 1949 1660 1977 videbat
1672 1951 1720 1978 ob-

931 1998 1016 2019 sessae
1031 1991 1116 2019 turris
1133 1991 1225 2020 multis
1236 1993 1292 2028 jam
1312 1993 1379 2021 locis
1395 1993 1499 2021 hiantia
1518 1995 1553 2022 ob
1569 1995 1719 2030 labesquas

932 2042 1017 2072 petrae
1049 2037 1134 2065 muris
1164 2045 1212 2072 per
1234 2038 1359 2065 balistam
1388 2038 1513 2073 impacta;
1547 2039 1719 2074 intulerant;

933 2083 1007 2110 unde
1023 2083 1098 2110 brevi
1120 2089 1150 2111 se
1163 2083 1189 2110 vi
1215 2083 1364 2118 potiturum
1385 2089 1476 2111 castro
1490 2087 1629 2119 sperabat.
1644 2087 1720 2120 Quo-

933 2129 1007 2157 niam
1030 2135 1121 2157 autem
1148 2130 1272 2164 pactione
1300 2130 1468 2158 constrictus
1495 2137 1608 2159 coactus
1632 2130 1722 2160 fuerat

935 2183 996 2203 cum
1012 2176 1188 2212 praesidiariis
1209 2176 1281 2204 arcis
1308 2176 1401 2204 Sancti
1428 2173 1511 2204 Heilm
1527 2177 1613 2213 nuper
1636 2185 1722 2213 captat

936 2224 1092 2251 humaniter
1113 2225 1211 2258 prater
1241 2225 1349 2259 genium
1378 2231 1407 2251 se
1426 2231 1534 2258 gerere,
1561 2231 1723 2259 prosecutus

935 2270 1016 2298 etiam
1033 2270 1161 2306 praesidio
1171 2270 1313 2301 abeuntes,
1329 2277 1384 2305 quo
1396 2277 1493 2298 secure
1506 2269 1538 2297 ad
1553 2270 1721 2299 destinatum

935 2315 1137 2342 deducerentur
1149 2335 1157 2347 ,
1176 2315 1203 2342 in
1221 2312 1415 2349 liliacdesti'nis,
1434 2323 1502 2351 quos
1531 2321 1720 2352 oppugnatum

934 2359 998 2387 inde
1013 2359 1105 2387 statim
1122 2363 1244 2393 venerat,
1259 2360 1425 2388 constituere
1443 2359 1549 2388 Volebat
1566 2362 1720 2396 exemplum

935 2406 1040 2434 illustre
1053 2406 1095 2433 sui
1115 2407 1247 2434 adversus
1263 2407 1400 2434 Romanos
1415 2407 1484 2439 odii,
1497 2407 1606 2435 cunctis
1622 2406 1656 2435 iis
1671 2408 1722 2435 ini‘

935 2451 1148 2480 misericorditer
1162 2450 1303 2480 necandis.
1319 2452 1459 2479 Adversus
1474 2452 1526 2480 hoc
1539 2451 1645 2480 obsessi
1664 2454 1720 2488 juin

936 2499 1038 2526 redacti
1059 2498 1092 2525 ad
1108 2503 1229 2525 extrema
1248 2497 1349 2526 intimis
1361 2498 1487 2533 precibus
1509 2499 1668 2532 certabant,
1683 2499 1722 2526 νὶι

937 2549 989 2571 tam
1015 2543 1111 2571 saltem
1137 2551 1169 2572 ac
1189 2544 1319 2571 miserum
1345 2543 1470 2579 spiritum
1493 2543 1629 2580 indulgeri
1657 2545 1719 2576 sibi,

935 2593 1030 2625 portas
1053 2589 1159 2622 statim,
1189 2589 1212 2617 si
1237 2590 1287 2617 hoc
1316 2589 1533 2624 promitteretur,
1572 2591 1721 2624 aperturis,

936 2634 1094 2668 Suppliciter
1107 2640 1225 2662 orantes.
1239 2633 1288 2662 Diu
1307 2635 1399 2662 surdis
1426 2636 1458 2662 ad
1479 2635 1534 2663 haec
1552 2635 1612 2662 irati
1639 2636 1722 2662 ricto-

936 2681 974 2707 ris
994 2681 1116 2713 auribus,
1136 2680 1360 2716 periclitabantur
1373 2680 1539 2709 thazdestini
1553 2682 1667 2716 repulsae
1681 2682 1722 2715 ip-

937 2727 976 2754 sis
999 2726 1101 2754 exitiali
1126 2727 1279 2762 subiacere,
1312 2727 1363 2755 nisi
1391 2727 1499 2762 quidam
1524 2735 1604 2762 quem
1627 2732 1720 2754 secum

937 2773 1074 2801 habebant
1088 2773 1242 2808 episcopus,
1256 2777 1282 2800 et
1299 2780 1360 2800 cum
1388 2773 1440 2800 hoc
1465 2772 1510 2800 alii
1527 2780 1575 2807 pro
1593 2771 1635 2800 eis
1649 2767 1721 2808 apud

938 2818 1086 2846 Barbarum
1101 2819 1293 2854 deprecatores
1309 2819 1534 2846 intervenissent.
1552 2817 1584 2845 iii
1605 2825 1656 2852 pro
1673 2825 1721 2845 ec-

938 2864 1232 2893 clesiasticaeleuitatis
1263 2864 1350 2892 ofﬁcio
1385 2865 1531 2892 monebant
1560 2865 1631 2891 haud
1667 2863 1723 2891 Deo

1522 2912 1561 2943 22
