1957 3066
260 121 313 154 683

851 127 1012 157 GEORGII
1031 128 1269 160 PACIlYMEIl/E

1830 131 1892 164 68L

261 187 311 214 χης
328 177 410 213 οὔσης
425 179 471 206 καὶ
483 179 530 206 τοῦ
543 179 665 206 κινδύνου
677 180 880 218 ἐπηρτημένου.
898 182 955 208 Κᾶν
968 182 1042 208 ὲκιν-
1058 186 1081 213 Α
1094 183 1145 214 κζ’.
1156 186 1301 217 Πρεσΰεια
1312 185 1501 222 Γεννουντῶιζ·
1510 185 1573 222 γᾶμα
1582 185 1631 213 καὶ
1640 185 1794 220 ,βασιλέως
1807 195 1891 222 προς

260 224 382 256 δύνευον,
399 225 432 259 ἢν
451 225 486 260 μή
502 234 544 255 τις
558 225 611 251 τῶν
631 225 788 252 ἐπισκόπων
800 225 951 261 συμπαρὼν
964 226 1040 260 σφίσι

261 271 308 296 καὶ
328 271 376 296 σὺν
393 270 466 304 αὖτῷ
486 270 560 297 ἄλλοι
573 271 618 298 τὺν
635 271 773 306 βάρϐαρον
787 271 939 298 ἱκετεύουσι
955 272 992 306 μὴ
1008 271 1042 298 ἂν

260 317 341 342 τόσον
369 316 539 349 ἐργάσασθαι
567 317 655 350 φόνον.
674 316 752 351 ’Λμα
773 317 801 343 δὲ
812 326 843 352 γε
862 318 907 343 καὶ
919 318 1041 352 συμϐου-

260 361 395 393 λεύουσιν,
415 362 451 393 ὡς
478 362 597 395 ἐλέγετο,
627 362 689 393 τοὺς
704 362 750 389 τοῦ
775 362 912 398 βαρόάρου
938 362 1042 396 θυμοὺς

260 408 464 439 κολακεύοντες,
484 407 521 439 ὡς
548 407 680 439 εὺθίκτως
707 408 755 434 καὶ
779 407 854 434 ἄλλοι
870 407 994 442 προδοῖεν
1009 407 1042 433 ἂν

259 455 324 485 ἴσως
339 455 399 485 ταῖς
413 453 615 488 φιλανθρώποις
639 454 672 480 ὲκ
693 455 785 488 φήμης
816 453 1041 487 μετεωρισθέντες

258 498 360 525 ἐλπίσι.
370 498 461 525 Ταῦτα
474 498 598 532 λέγοντες
613 500 646 533 τῇ
660 498 793 532 δεινότητι
803 497 856 523 τῶν
866 497 951 530 λόγων
964 496 1042 531 μόλις

257 546 303 572 τὸν
319 545 456 580 βάρϐαρον
471 545 696 579 κατεργάζονται.
725 544 779 570 Καὶ
797 543 831 571 τὰ
849 543 898 578 μὲν
914 544 1042 577 χρήματα

257 592 425 626 ἀφαιρεῖται,
453 590 545 624 γυμνὰ
560 590 589 616 δὲ
606 590 659 616 τῶν
684 590 797 616 ἐνόντων
813 589 846 615 τὰ
864 588 977 623 σώματα
994 597 1042 615 κα-

257 638 395 669 ταλείπει,
421 636 487 663 ὥστ’
505 637 529 662 ει
553 637 602 671 μὲν
628 636 718 671 μένειν
738 636 851 668 θέλοιεν,
878 635 1041 670 κηδεμονίας

257 682 330 712 τινὸς
349 681 499 713 ἀξιοῦσθαι,
519 682 542 706 εί
555 681 578 706 δ’
594 679 652 712 οὖν,
668 681 725 706 ἀλλ’
737 681 774 711 ὡς
792 681 897 714 ἔχουσιν
914 680 942 711 ἐξ
955 676 1042 713 αὐτῆς

258 727 489 754 ἀπαλλάττεσθαι.
506 727 614 761 Προῆγε
629 727 656 752 δὲ
671 726 720 757 τὰς
737 726 876 760 δυνάμεις,
896 725 949 752 ἀπὸ
961 726 1042 760 ῥυτῆ-

259 783 305 809 ρος
330 773 459 805 ὲλαύνων,
492 773 539 798 καὶ
555 773 602 797 ἐπὶ
630 772 664 797 τὰ
678 771 760 797 λοιπᾶ
776 772 905 806 φρούρια.
922 771 1001 805 Φήμη
1017 770 1040 796 δ’

257 820 332 847 ἵκετο
359 819 559 854 συμπεριάγειν
588 819 635 845 καὶ
660 819 705 844 τὸν
723 818 871 845 ἐπίσκοπον
888 817 1000 852 (Πανίου
1017 818 1039 844 δ’

257 860 335 894 οὗτος
349 861 383 898 ἦν
392 863 401 898 )
411 864 458 889 καὶ
478 863 512 889 τὰ
524 863 611 889 πολλὰ
627 865 674 889 καὶ
685 862 766 888 αὑτὸν
778 863 958 897 ἐφιστάμενον
976 871 1039 888 συν-

257 910 348 944 εργεῖν
363 910 418 940 τοῖς
434 908 552 943 ἐχθροῖς,
569 907 611 942 ἐφ’
629 904 650 941 ᾧ
663 907 811 942 προδιδοῖεν
823 909 850 934 αι
865 907 967 938 πόλεις.
986 907 1040 934 Καὶ
1061 931 1068 941 ,

256 955 300 981 διὰ
311 954 395 981 ταῦτα
410 955 448 985 ὼς
459 954 530 984 εἰκὸς
545 955 593 980 καὶ
604 954 680 988 παρὰ
691 954 738 987 τῆς
760 953 923 986 Ἐκκλησίας
938 954 1040 984 ἐκεῖνος

257 999 399 1034 noema—.0,
417 998 465 1024 καὶ
480 1000 495 1033 ἡ
509 998 570 1033 δίκη
588 998 758 1032 πατριάρχου
787 997 949 1032 γράμμασιν
977 997 1039 1032 ὲδη-

256 1046 334 1073 λοῦτο
361 1045 398 1080 τῷ
429 1044 662 1071 καταδικασθέντι.
698 1044 816 1074 Ἐκεῖνος
841 1043 869 1069 δὲ
897 1043 965 1077 πρὸς
990 1044 1039 1078 τὴν

256 1093 351 1127 φήμην
380 1092 481 1118 καὶτὰ
508 1091 557 1125 τῆς
583 1090 709 1125 ποινίμου
739 1090 816 1124 δίκης
835 1090 1038 1125 ὑπεραλγήσας,

256 1138 352 1172 καιροῦ
366 1137 535 1172 δραξάμενος
551 1136 658 1170 φεύγει,
671 1136 718 1162 καὶ
730 1135 778 1170 τὴν
795 1136 927 1171 ταχίστην
942 1135 979 1171 τῷ
992 1136 1040 1171 βα-

257 1184 325 1210 σιλεῖ
341 1183 532 1218 παραγίνεται.

256 1318 397 1353 probatum
421 1317 452 1345 iri
477 1317 691 1345 Christianorum
720 1325 768 1352 per
793 1317 964 1346 Christianos
984 1327 1038 1347 cae-

255 1365 316 1392 dem
329 1364 386 1392 fieri
404 1369 518 1391 tantam.
532 1364 722 1398 Adjungehant
733 1365 866 1392 interesse
879 1372 927 1392 sua
941 1366 1036 1400 ipsius,

256 1410 473 1437 mansuetudinis
496 1409 566 1444 apud
590 1417 680 1437 arcem
703 1409 786 1437 Heliae
805 1415 910 1444 partam
937 1411 1036 1438 famam

253 1457 297 1484 hic
312 1463 418 1492 quoque
437 1455 518 1483 tueri.
535 1454 586 1483 Ubi
609 1455 679 1482 enim
705 1463 759 1482 non
778 1455 896 1490 unojatn
929 1457 1036 1491 experi-

252 1507 344 1530 mento
361 1507 528 1536 compertum
545 1500 626 1536 623
642 1501 822 1528 incrchuisset
837 1501 924 1529 lenem
934 1505 961 1529 et
972 1509 1038 1529 exo-
1050 1523 1072 1551 ο

252 1549 363 1576 rahilem
381 1547 567 1575 Romofortum
588 1547 730 1578 esse,ali:e
745 1551 846 1574 tractus
857 1547 936 1574 istius
956 1555 1034 1575 arces

252 1596 330 1622 facile
355 1594 554 1621 adducerentur
569 1593 601 1620 ad
625 1593 649 1620 ei
670 1601 700 1620 se
720 1593 870 1620 dedendas.
898 1592 936 1620 Ne
952 1594 1035 1628 igitur

250 1648 404 1673 successus,
431 1639 523 1674 gloriae
546 1639 597 1666 sibi
615 1646 719 1673 magnae
743 1646 774 1666 ac
789 1639 901 1673 (λυπειυὶ
917 1639 1032 1672 futuros,

251 1687 441 1721 intempestivo
455 1685 580 1719 gratuitae
606 1684 788 1712 immanitatis
811 1685 957 1719 opprobrio
972 1693 1035 1712 cor-

250 1737 399 1767 rumperet,
425 1736 553 1766 tanquam
572 1731 597 1757 ei
618 1730 747 1758 benevole
765 1731 955 1764 consulentes,
970 1731 1033 1758 dum

250 1778 347 1805 blande
363 1778 550 1809 obsecrarcnt,
565 1777 608 1804 vix
627 1777 735 1804 tandem
764 1776 919 1812 eloquentia
935 1782 960 1804 et
973 1786 1034 1813 gra-

250 1826 285 1850 tia
310 1827 484 1851 exarmaruut
511 1823 639 1850 ferociam
666 1823 737 1854 viri,
765 1824 953 1857 persuadendo
983 1825 1033 1859 ipsi

250 1876 280 1897 ιιι
293 1869 414 1904 spoliatis
439 1869 512 1896 omni
531 1870 645 1903 pecunia
664 1873 691 1896 et
709 1869 869 1904 supellectili
901 1871 1034 1897 dedititiis

249 1916 309 1942 viva
321 1916 406 1942 soltnu
424 1920 451 1942 et
466 1915 550 1942 libera
576 1922 690 1949 corpora
712 1915 887 1950 relinqueret.
901 1914 1033 1950 Impetra-

249 1966 305 1987 tum
335 1960 443 1994 insuper
473 1964 498 1987 et
523 1959 598 1992 illud,
626 1963 655 1985 ut
680 1959 701 1985 si
721 1959 766 1992 qui
795 1958 1032 1986 liliazdestiuorum

248 2014 359 2034 manere
383 2008 408 2034 in
427 2007 487 2033 loco
501 2006 552 2033 sub
569 2006 681 2033 victoris
708 2010 842 2041 potestate
865 2006 935 2034 ultro
950 2007 1033 2040 elige—

248 2057 318 2083 rent,
341 2052 396 2079 illic
412 2057 440 2078 ut
453 2051 554 2079 subditi
580 2059 645 2079 cura
667 2052 845 2087 dignarentur
867 2052 968 2086 aliqua,
990 2052 1032 2079 sin

247 2100 319 2127 aliud
350 2098 471 2131 mallent,
497 2099 588 2126 statim
609 2106 773 2134 quocunque
801 2099 898 2126 liberet
915 2099 1033 2134 migrare

247 2145 409 2172 sinerentur.
441 2144 505 2172 lude
536 2144 712 2172 Romofortus
738 2152 838 2179 pronas
851 2145 894 2178 ,ad
916 2143 1032 2172 fortunat

1056 849 1077 876 Β

1370 221 1598 255 Ἂμογαϐἀρους.

1129 273 1171 310 [Ρ.
1193 273 1255 310 455]
1268 275 1401 307 Βασιλεὺς
1414 276 1442 302 δὲ
1459 277 1519 308 ταῖς
1532 276 1586 303 ἀπὺ
1596 278 1651 304 τῶν
1663 278 1776 311 ξενικῶν
1789 278 1889 305 ἐλπίσι

1093 321 1230 354 μετέωρος
1249 321 1288 347 ὢν
1314 322 1365 356 τὴν
1380 321 1480 356 ψυχὴν,
1499 323 1574 356 ὅμως
1590 324 1638 350 καὶ
1657 324 1704 358 ἀφ’
1721 326 1820 351 ἐαυτοὺ
1848 325 1888 351 ’τὰ

1093 364 1178 392 πολλὰ
1188 366 1315 400 ἐτεχνᾶτο
1327 367 1509 399 ὑποσπόνδους
1520 369 1552 394 ὲκ
1566 370 1729 404 τιμημάτων
1743 370 1888 404 προσάγε-

1093 411 1155 438 σθαι
1183 413 1245 444 τοὺς
1271 412 1434 449 ἀλάστορας.
1463 413 1619 441 Γεννουῖται
1644 416 1693 450 μὲν
1708 415 1753 442 οὖν
1767 417 1791 442 οί
1808 418 1888 443 κατὰ
1918 442 1923 444 ,

1093 457 1170 484 πόλιν
1188 459 1251 493 ἄρτι
1269 458 1385 494 πρώτως
1398 461 1473 495 παρὰ
1488 461 1535 487 τοῦ
1553 462 1627 495 σφῶν
1639 462 1780 497 συνεδρίου
1790 463 1886 489 ἀϐὃᾶν

1093 502 1233 538 δεξάμενοι
1259 504 1352 540 (δηλοῖ
1367 505 1425 541 δὲὴ
1444 506 1522 541 φωνὴ
1539 506 1584 533 τὸν
1604 505 1767 542 ἡγούμενον,
1783 507 1842 540 ἔχει
1861 509 1887 534 δ’

1092 545 1170 580 οὗτος
1178 550 1226 584 τὴν
1236 551 1282 577 τοῦ
1297 551 1382 584 δήμου
1395 553 1573 587 προστασίαν,
1588 553 1627 584 ὡς
1641 553 1717 588 παρὰ
1733 553 1887 588 Ῥωμαῖοις

1092 595 1106 621 ὁ
1126 594 1250 630 πραίτωρ
1262 596 1308 622 τοῦ
1329 597 1415 632 δήμου
1437 598 1540 632 πάλαι)
1565 598 1767 633 Ἀμογαόἀροις
1782 599 1887 634 ἡθελον

1091 639 1311 667 διαλλάττεσθαυ
1326 642 1386 668 οὐδὲ
1403 643 1457 677 γὰρ
1480 641 1554 678 εἶχον
1570 643 1656 674 ἄλλως
1672 643 1721 678 τὴν
1738 645 1812 670 κάτω
1823 644 1887 670 δια-

1092 685 1259 717 πλωϊξεσθαι
1270 688 1342 713 κατὰ
1355 688 1404 719 τὰς
1417 688 1506 714 αὐτῶν
1520 690 1712 723 πραγματείας
1727 689 1883 717 θάλασσαν.

1092 732 1184 770 Ἱξαύτῃ
1196 741 1238 772 τοι.
1249 733 1296 759 καὶ
1312 733 1346 759 τὰ
1362 734 1410 768 τῆς
1428 734 1577 772 πρεσὸείας
1591 735 1606 761 ὁ
1620 734 1709 766 ἁϐὁᾶς
1723 735 1883 770 ἀνεδέχετο.

1093 779 1147 806 Καὶ
1162 779 1266 814 βασιλεῖ
1277 780 1406 813 γνωσθὲν,
1420 782 1481 806 ἐπεὶ
1493 782 1608 814 στρατὸν
1624 781 1706 817 βάρος
1718 782 1816 817 ἔχοντα
1828 783 1884 809 οὐκ

1092 823 1149 860 εἶχε
1164 826 1294 860 πέμπειν,
1304 825 1445 852 ἀλλάντινα
1458 826 1512 852 τῶν
1523 826 1640 861 ψιλικῶν
1652 827 1804 862 ταγμάτων
1813 829 1884 863 περὶ

1090 871 1137 897 τὸν
1156 871 1242 905 μέγαν
1258 871 1452 906 ὲταιρειάρχην
1468 870 1538 906 ἦσαν
1556 872 1601 898 τὸν
1618 872 1734 905 Δούκαν,
1746 873 1793 904 οὓς
1809 871 1884 908 ἦγεν

1091 917 1129 943 ὢν
1145 917 1193 943 ἐπὶ
1205 916 1251 943 τοῦ
1265 917 1382 951 στρατοῦ
1397 917 1541 953 πρότερον,
1556 919 1590 953 ἦν
1602 919 1642 954 πή
1658 927 1725 945 ποτε
1739 920 1881 954 κρυφηόὸν

1091 963 1137 988 κλὶ
1160 962 1190 994 ἐξ
1204 963 1328 997 ⁴ἐνέδρας
1346 963 1543 998 προσϐάλλοιεν
1569 963 1618 998 (οὗ
1633 963 1688 998 γὰρ
1702 962 1736 999 ἦν
1751 964 1882 998 φανερῶς

1090 1008 1328 1042 ἀντιτάττεσθαι),
1345 1008 1390 1035 διὰ
1404 1009 1491 1035 ταῦτα
1505 1009 1555 1036 οὐκ
1568 1007 1603 1044 ἧν
1619 1009 1803 1044 ἀποδέχεσθαι
1814 1011 1883 1036 Γενε

1090 1053 1197 1085 νουῖτας
1214 1053 1282 1088 πρὸς
1298 1053 1413 1089 ἐχθροὺς
1421 1054 1476 1080 τῶν
1496 1054 1642 1089 Ῥωμαίων
1653 1056 1768 1091 εἰρήνην
1784 1057 1881 1083 συντί-

1090 1097 1184 1124 θεσθαι
1211 1098 1348 1130 θέλοντας.
1376 1099 1473 1126 Ἔνθεν
1501 1100 1549 1127 καὶ
1568 1101 1677 1136 πρῶτον
1700 1102 1750 1136 μὲν
1764 1103 1880 1137 πέμψας

1090 1143 1264 1171 ἀναστέλλειν
1272 1145 1402 1180 ἐπειρᾶτο
1413 1147 1443 1172 τὸ
1458 1145 1592 1181 βούλημα,
1605 1147 1642 1179 ὡς
1657 1148 1680 1175 δ’
1689 1148 1739 1175 οὐκ
1755 1148 1878 1183 ἔπειθεν,

1089 1185 1160 1216 εἶναι
1193 1189 1242 1224 μὲν
1258 1190 1304 1217 καὶ
1319 1191 1401 1218 πάλιν
1425 1191 1500 1219 οὐδὲν
1518 1189 1601 1228 ἦττον
1625 1194 1695 1228 σφᾶς
1710 1194 1806 1229 φίλους
1828 1197 1881 1223 καὶ

1089 1325 1136 1352 tati
1149 1330 1283 1358 metuens,
1302 1326 1445 1354 occasione
1459 1332 1567 1362 arrepta
1581 1328 1651 1364 fugit
1667 1337 1683 1357 e
1695 1330 1796 1358 castris
1819 1330 1879 1358 Ro-

1088 1371 1209 1403 moiorti.
1238 1377 1264 1399 et
1291 1372 1452 1400 festinanter
1476 1373 1668 1409 imperatorem
1689 1377 1766 1404 adiit.

1086 1427 1131 1455 27.
1161 1427 1270 1464 Legatio
1298 1428 1476 1467 Genuensium
1493 1431 1576 1467 simul
1601 1437 1625 1458 et
1655 1433 1823 1467 imperatoris
1840 1436 1880 1462 ad

1386 1465 1576 1500 Amogabaros.

1122 1507 1180 1535 Hoc
1197 1513 1267 1535 statu
1295 1517 1385 1536 rerqu
1401 1511 1560 1544 imperator,
1584 1512 1636 1539 etsi
1664 1514 1876 1548 exspectatione

1089 1555 1248 1588 peregrinum,
1273 1562 1351 1590 quam
1368 1563 1512 1584 accersere
1528 1558 1680 1593 satagebat,
1697 1559 1801 1587 militia:
1812 1568 1878 1588 sus-

1088 1606 1200 1632 pensum
1222 1599 1341 1627 habebat
1359 1602 1493 1635 animum,
1529 1607 1621 1631 tamen
1648 1611 1682 1631 ex
1701 1612 1730 1632 se
1753 1613 1876 1641 quoque,

1087 1644 1109 1671 si
1122 1652 1173 1678 qua
1186 1650 1278 1679 posset
1292 1647 1474 1678 comminisci,
1488 1648 1618 1676 malorum
1639 1650 1756 1677 remedia
1773 1652 1875 1685 exqui-

1088 1697 1161 1724 rens,
1183 1699 1235 1717 non
1258 1691 1421 1720 abhorrebat
1437 1701 1451 1719 a
1469 1697 1597 1722 tentanda
1618 1695 1652 1722 de
1663 1703 1734 1723 novo
1751 1699 1877 1724 reconci-

1087 1735 1197 1763 liatione
1211 1736 1343 1764 ferocium
1358 1739 1462 1766 illorum
1481 1744 1510 1766 et
1539 1741 1699 1768 immanium
1722 1743 1875 1777 Amogaba-

1088 1789 1191 1815 rorum,
1204 1787 1295 1810 certus
1313 1792 1365 1811 non
1385 1792 1499 1817 parcere
1514 1785 1643 1820 impensis
1657 1787 1740 1814 etiam
1757 1788 1873 1823 magnis,

1087 1827 1109 1854 si
1125 1828 1316 1862 largitionibus
1335 1831 1456 1864 pecuniae
1469 1832 1501 1857 ad
1517 1833 1592 1865 pacis
1609 1833 1647 1860 illi
1662 1834 1778 1860 consilia
1793 1834 1873 1862 inﬂe-

1087 1873 1122 1901 cti
1140 1882 1169 1902 se
1183 1875 1315 1903 sinerent.
1337 1876 1418 1904 Tales
1438 1883 1529 1906 mente
1554 1880 1734 1915 cogitationes
1749 1882 1873 1917 Augusto

1087 1927 1223 1952 versante,
1241 1921 1311 1949 forte
1324 1923 1422 1950 accidit
1437 1925 1531 1951 venire
1546 1928 1609 1952 tunc
1637 1927 1754 1960 primum
1771 1928 1805 1954 ad
1820 1927 1874 1955 Ge-

1086 1971 1202 1992 nuenses
1226 1966 1309 2002 624
1331 1967 1566 2004 Constantinopoli
1590 1970 1720 2005 degentes
1746 1972 1870 2000 destina-

1087 2014 1142 2036 tmn
1172 2010 1205 2037 iis
1234 2013 1358 2046 regendis
1387 2015 1422 2040 ab
1446 2014 1567 2046 ipsorum
1595 2018 1751 2051 metropolis
1776 2024 1872 2046 senatu

1086 2056 1271 2089 magistratum
1287 2065 1452 2092 supremum,
1467 2068 1546 2093 quem
1560 2061 1652 2100 dicunt
1670 2062 1787 2095 Abbam,
1807 2072 1872 2092 voce

1086 2103 1244 2138 pragfsctum
1261 2109 1307 2130 aut
1337 2107 1511 2139 praepositum
1537 2114 1662 2136 sonante.
1679 2108 1728 2136 Hic
1743 2111 1872 2144 praditus

1086 2150 1248 2177 auctoritate
1275 2150 1302 2177 in
1328 2152 1453 2185 populum
1479 2158 1521 2179 est
1535 2153 1594 2188 ejus
1606 2154 1689 2182 simili
1706 2163 1789 2189 quam
1805 2157 1870 2184 olim
1907 2184 1911 2190 ,

246 2190 354 2217 obvium
386 2190 505 2217 favorem
539 2191 659 2217 habenas
683 2191 789 2222 laxans,
821 2189 1031 2217 circumferebat

1088 2195 1154 2230 apud
1173 2196 1306 2223 Itoutanos
1329 2201 1428 2231 praetor
1460 2199 1549 2233 populi
1572 2200 1697 2227 habebat.
1714 2201 1799 2234 llujus
1817 2210 1865 2230 oc-

246 2236 395 2263 exercitum
409 2244 458 2271 per
474 2243 551 2263 arces
568 2236 688 2270 reliquas
705 2236 798 2263 [inium
813 2236 919 2263 illorum
933 2256 940 2268 ,
957 2237 1030 2264 subi-

245 2282 380 2316 gendisiis
397 2283 554 2314 imminens,
572 2282 599 2309 in
612 2290 665 2318 quo
682 2283 810 2310 tentando
826 2291 878 2310 non
899 2282 1029 2310 inefﬁcaci

245 2329 284 2354 uti
301 2336 382 2360 opera
404 2327 541 2355 ferebatur
558 2328 679 2362 episcopi
700 2328 852 2361 cujusdam,
871 2336 951 2363 quem
976 2329 1030 2356 cir-

244 2372 433 2399 euntducebat.
455 2371 599 2399 Paniensis
614 2372 659 2399 hic
673 2378 742 2404 erat,
755 2374 788 2401 de
803 2381 855 2407 quo
881 2374 952 2401 fatua
966 2382 1028 2408 per-

244 2418 295 2443 lata
314 2417 340 2443 in
361 2417 453 2444 urbem
470 2423 512 2445 est
528 2418 669 2451 cooperari
685 2426 753 2446 .eum
774 2419 894 2447 victoriis
918 2420 1029 2447 Latino-

242 2471 315 2495 rum,
335 2463 474 2490 suadeudo
497 2462 626 2491 Romanis
647 2464 706 2500 ejus
730 2470 833 2492 tractus
853 2473 886 2493 ne
911 2473 972 2493 sese
1001 2471 1028 2493 et

242 2517 311 2544 quas
340 2509 508 2536 custodirent
526 2517 604 2537 arces
635 2516 682 2538 aut
711 2511 791 2538 urbes
820 2511 977 2539 dubitarent
995 2513 1027 2539 iis

242 2555 360 2581 tradere.
376 2554 403 2580 In
417 2561 471 2589 quo
491 2554 597 2589 culpam
624 2556 769 2583 admittere
782 2557 880 2583 merito
898 2556 970 2583 visus
986 2561 1028 2583 est

240 2599 425 2627 ecclesiastica
445 2599 680 2628 animadversione
708 2602 828 2636 dignam.
852 2601 924 2629 Reus
944 2603 1027 2637 igitur

239 2645 339 2672 citatur
351 2645 449 2674 litteris
463 2646 497 2673 ad
521 2654 584 2673 eum
597 2647 686 2674 missis
703 2647 866 2681 patriarchae
878 2667 885 2679 ,
901 2656 961 2675 ('unt
979 2649 1027 2676 dc-

239 2692 419 2725 nuntiatione,
431 2685 489 2720 nisi
510 2694 693 2721 vadimonium
717 2695 828 2722 sisteret
841 2701 867 2722 et
880 2696 1025 2723 satis-face.

236 2742 288 2771 ret,
308 2745 394 2772 ptena:
415 2737 563 2772 canonicae,
581 2739 680 2766 debita:
703 2739 822 2766 hostiqu
852 2740 1023 2774 fautoribus,

235 2784 414 2813 tneurrendte.
436 2783 493 2811 Hoc
516 2783 560 2811 ille
579 2785 721 2819 perculsus
735 2786 849 2819 nuntio,
875 2787 969 2814 dolens
991 2786 1025 2814 ob

235 2830 372 2858 infamiam
387 2833 553 2857 contractam
577 2835 604 2858 et
621 2831 745 2866 supplicii
759 2831 920 2867 gravitatem
938 2832 1011 2860 iuten

1083 2242 1194 2268 casione
1207 2242 1348 2275 adventus,
1368 2245 1555 2272 consultantes
1572 2245 1605 2272 de
1620 2247 1700 2273 rebus
1714 2248 1771 2274 suis
1786 2248 1868 2275 Gala-

1082 2287 1129 2314 tini
1149 2287 1307 2314 Gcnueuses
1333 2295 1387 2314 uno
1413 2297 1524 2316 assensu
1541 2297 1729 2318 convenerunt
1743 2299 1870 2319 necessa-

1081 2333 1123 2360 rio
1142 2333 1192 2360 sibi
1209 2334 1361 2360 faciendam
1379 2342 1441 2361 cum
1454 2335 1636 2369 Amogabaris
1650 2344 1745 2371 pacetn
1765 2347 1772 2364 :
1791 2338 1870 2365 aliter

1081 2379 1154 2406 enim
1170 2387 1252 2414 quam
1272 2380 1305 2406 iis
1330 2388 1377 2415 per
1389 2388 1420 2407 ea
1438 2381 1496 2408 loca
1523 2382 1734 2415 praevalentibus
1750 2383 1777 2410 in
1795 2392 1871 2410 cotu-

1080 2425 1242 2458 positionem
1260 2432 1352 2453 secum
1377 2427 1512 2458 adductis,
1528 2427 1629 2455 liberas
1646 2428 1712 2463 ipsis
1729 2436 1761 2456 ac
1788 2436 1870 2456 secu-

1079 2478 1124 2497 ras
1139 2478 1191 2498 non
1209 2471 1268 2498 fore
1279 2471 1468 2506 navigationes
1487 2473 1625 2501 Euxinum
1644 2482 1741 2502 versus
1757 2476 1790 2501 ad
1803 2483 1865 2503 ent-

1079 2516 1154 2550 poria
1171 2515 1276 2543 illarum
1290 2518 1426 2551 partium,
1445 2526 1459 2545 e
1480 2526 1594 2553 quorum
1611 2521 1784 2548 commerciis
1805 2529 1868 2556 spes

1078 2569 1110 2589 ac
1125 2563 1247 2589 rationes
1265 2569 1437 2595 mercatum,
1461 2565 1503 2591 cui
1519 2566 1691 2600 potissimum
1720 2568 1866 2600 vacabant,

1080 2616 1176 2643 magna
1190 2616 1222 2635 ex
1238 2614 1314 2642 parte
1332 2611 1492 2644 penderent.
1510 2611 1548 2638 Eo
1566 2620 1699 2640 consensu
1714 2618 1742 2640 et
1760 2614 1797 2640 rei
1818 2621 1864 2640 vt.h

1079 2653 1280 2682 risimilitudine
1296 2655 1379 2689 ipsius
1388 2655 1479 2683 Abbas
1491 2660 1579 2684 motus
1592 2657 1752 2693 legationem
1772 2659 1796 2685 ei
1807 2658 1867 2694 paci

1078 2701 1222 2726 tractanda:
1239 2708 1286 2734 per
1298 2708 1327 2727 se
1341 2702 1493 2728 obeundam
1508 2704 1542 2729 ad
1556 2703 1745 2738 Amogabaros
1773 2711 1866 2732 susce-

1077 2745 1126 2778 pit.
1157 2745 1306 2773 lndicatum
1329 2747 1354 2774 id
1381 2748 1525 2775 consilium
1551 2750 1709 2784 imperatori
1731 2755 1774 2777 cst
1807 2755 1864 2778 tum

1077 2791 1207 2822 maxime,
1224 2796 1252 2818 ut
1272 2793 1374 2819 dictum
1403 2800 1455 2826 est,
1476 2795 1581 2822 intento
1595 2796 1785 2831 excogitandis
1807 2805 1865 2825 mo-

1077 2836 1117 2863 dis
1135 2838 1279 2866 resistendi
1292 2838 1484 2874 Antogabaris.
1502 2841 1659 2870 Exercitum
1673 2843 1745 2870 cnim
1760 2843 1863 2875 iustum
