1957 3066
112 115 167 147 685

576 115 624 146 DE
644 114 868 148 ANDRONICO
886 115 1122 157 PALEQLOGO
1145 117 1215 146 LIB.
1247 116 1310 146 VH.

1684 114 1738 147 6&6

111 174 221 209 βασιλεί
236 174 283 200 καὶ
306 173 463 208 Ῥωμαίοις,
477 172 520 208 ἐφ’
538 173 578 206 οἷς
591 177 638 205 καὶ
653 176 749 210 ὃρκου;
769 174 900 201 ἀπαιτού-
913 176 937 203 Λ
950 171 1007 205 οὖν,
1033 174 1116 206 ἄλλας
1142 175 1233 210 χώρας
1258 174 1366 201 σπεύδει
1395 174 1510 200 λαϐόντα
1531 176 1668 209 κατέχειν,
1691 165 1742 200 καὶ

110 229 189 255 μενοι
219 221 282 252 τοὺς
305 221 558 256 παλαμναιοτάτους
585 222 716 253 ἐδίδοσαν,
739 219 757 256 ἦ
780 221 832 257 μὴν
851 221 898 247 καὶ

109 264 192 296 αὖθις
209 266 280 301 ὑπὲρ
302 267 446 301 Ῥωμαίων
460 287 467 294 .
485 285 492 294 .
508 286 517 294 .
533 287 540 294 .
558 287 566 294 .
579 288 586 294 .
601 268 649 294 καὶ
666 267 764 302 ὅρκους
782 287 790 294 .
807 285 815 293 .
835 285 843 293 .
863 285 870 293 .
890 287 896 293 .

110 313 211 347 ἑτέραν
225 312 324 347 βουλὴν
343 314 357 339 ὁ
368 321 476 347 κρατων
488 313 678 348 προσανετίθει
694 312 733 348 τῷ
753 313 900 348 ἡγουμένῳ

110 360 158 384 καὶ
171 359 223 393 τὴν
238 359 304 393 παρ’
318 358 402 385 αὐτοῦ
416 359 567 393 πρεσϐείαν
585 359 654 394 πρὸς
681 358 899 393 Ἀμογαϐάρους,

110 404 154 437 ἐν’
173 401 197 436 ᾧ
213 404 333 430 ἐθέλοιεν
357 405 510 439 χρημάτων
539 405 668 440 μεγάλων
683 404 731 431 καὶ
747 405 833 439 τιμῆς
851 404 901 439 τῆς

111 450 308 485 προσηκούσης
333 451 382 476 καὶ
407 450 610 486 κυϐερνήσεως,
642 451 678 481 ὡς
693 450 740 477 καὶ
769 450 902 484 ἁναδοχῆς

110 495 257 527 ἀξιοῦσθαι
270 496 334 526 τοὺς
353 495 457 529 βασιλεῖ
480 494 616 521 δουλεύειν
645 495 782 526 θέλοντας,
795 493 902 520 διαλύε-

111 543 187 568 σοαι.
209 542 264 568 Καὶ
277 541 363 567 ταῦτα
379 542 562 577 προσαναθεὶς
589 541 628 577 τῷ
654 541 726 575 ἀὸῦᾷ
741 542 882 573 ἐκπέμπει
894 548 901 556 ·

110 590 159 614 καὶ
173 589 207 623 τῇ
223 587 324 621 μεταξὺ
343 588 520 623 διημερεύσει
533 588 663 623 ἀνακωχὴ
679 586 724 623 ἦν,
739 589 764 614 ει
779 588 826 614 καὶ
840 587 904 615 ἄλλο

110 643 136 660 τι
151 633 345 668 ἐσκευαγώγει
371 633 439 669 πρὸς
456 634 543 666 πόλιν,
559 634 606 660 καὶ
621 634 755 668 ὁσημέραι
775 633 840 664 λαὸς
856 632 903 659 καὶ

111 681 172 711 ζῶα
187 681 261 711 ἐντὸς
274 680 322 706 τοῦ
331 680 427 711 ἄστεος
436 679 612 715 ἐπληθύνετο,
622 680 661 709 ὡς
673 680 722 706 καὶ
737 679 772 705 τὰ
789 678 905 713 περιττά

110 725 167 750 τῶν
182 724 262 757 ζώων
275 727 366 761 σφαγῇ
385 726 431 752 καὶ
448 726 575 760 μακέλλῳ
591 725 720 752 δίδοσθαι.
738 724 813 759 -“Λλλ’
826 725 840 750 ὁ
856 724 905 759 μὲν

112 771 203 802 ἁϐὃᾶς
220 772 344 804 ἐπιστὰς,
373 772 420 798 καὶ
450 772 492 804 ἐφ’
517 771 634 806 ἡμέραις
650 771 694 806 [Ρ.
717 770 781 806 456]
799 770 833 796 τὰ
855 769 905 804 τῆς

112 817 266 850 πρεσϐείας
294 818 501 852 μεταχειρίζων,
532 817 609 843 οὐδὲν
634 817 718 852 ἤνυσε
735 817 827 847 πλέον,
842 815 905 842 οὗτε

950 219 1029 246 ἄλλον
1041 219 1234 246 ἐπιϐάλλεσθαι
1249 219 1278 245 ὃν
1292 219 1324 246 ἂν
1337 219 1445 246 δύναιτο
1455 220 1556 254 τρόπον
1567 218 1738 251 ἀντιπάλων,

951 266 998 292 καὶ
1014 267 1042 297 ὲς
1063 265 1139 297 τέλος
1166 265 1349 300 διαμάχεσθαι
1366 265 1522 292 διετείνετο.
1547 265 1640 292 Ταῦτα
1656 267 1703 292 καὶ
1724 266 1738 292 6

952 313 1022 340 κατὰ
1031 312 1060 338 τὸ
1072 312 1197 338 Μάδυτον
1207 311 1328 345 Φαρὲντα
1341 310 1447 345 Τζιμῆς
1458 312 1575 346 πέμπων
1590 313 1736 346 ἀπέλεγεν·

952 359 976 384 εί
993 357 1047 392 γὰρ
1061 356 1240 392 ἡμερώτερον
1254 355 1329 387 οὗτος
1345 359 1420 391 παρὰ
1430 357 1476 383 τὸν
1489 357 1674 392 Ῥομοφόρτον
1683 360 1739 388 τοῖς

959 403 1106 437 Ῥωμαίων
1123 403 1295 436 πράγμασιν.
1322 403 1439 433 Ἐκεῖνος
1465 402 1523 437 ἅμα
1543 403 1675 438 Ίόύρκοις
1693 406 1742 430 καὶ

953 450 1011 480 τοῖς
1027 448 1114 480 ίδίοις,
1131 447 1170 474 ἔτι
1184 447 1215 482 δὴ
1234 448 1280 473 καὶ
1296 449 1353 478 τοῖς
1372 447 1521 482 Ῥωμαιοις
1546 449 1739 483 ἁποστατήσα-

956 504 999 521 σιν
1011 494 1041 526 ἐξ
1052 494 1196 529 ἀνατολῆς,
1211 493 1284 529 (fl-5+;
1300 495 1347 520 καὶ
1360 495 1445 529 κουρᾷ
1460 494 1560 529 τριχῶν
1576 495 1623 521 καὶ
1634 496 1740 529 γενείου

961 539 1160 575 Ἀμογαὸάροις
1189 539 1379 571 ὲξοικειοῦντο,
1396 539 1472 566 οὔπω
1497 540 1586 571 καλῶς
1602 540 1651 571 τὰς
1670 542 1742 567 ἁπο-

956 586 1061 620 κρισεις
1081 585 1128 611 τοῦ
1156 585 1228 611 ἀεῖῦᾶ
1247 585 1348 617 δόντος,
1376 585 1505 617 διατάξας
1531 587 1580 621 τὴν
1598 587 1742 620 στρατείαν

955 633 1046 667 κρότῳ
1060 633 1148 667 χερῶν
1165 632 1246 667 μέχρι
1261 633 1310 659 καὶ
1324 633 1372 667 τῆς
1390 633 1492 664 πόλεως
1509 633 1621 668 ἤλαυνε.
1640 635 1694 660 Καὶ
1708 632 1742 669 ἦν

957 678 1081 704 ἐντεῦθεν
1099 679 1207 712 βλέπειν
1224 678 1467 712 σκευαγωγοῦντας
1488 680 1550 710 τοὺς
1567 679 1619 712 ἕξω
1631 681 1677 706 καὶ
1692 681 1743 706 aft-

956 722 1020 753 τοὺς
1037 723 1069 758 δὴ
1086 723 1149 754 τοὺς
1173 724 1202 750 ὲν
1220 724 1325 759 Περαίᾳ
1352 726 1574 760 κατῳκημένους,
1593 726 1630 757 ὡς
1658 727 1742 753 νύκτα

957 770 1004 796 καὶ
1019 770 1126 804 ἡμέραν
1141 770 1194 796 ἀνὰ
1208 770 1258 801 τὰς
1267 770 1318 804 τῆς
1337 771 1441 802 πόλεως
1453 771 1541 803 πύλας
1564 772 1743 806 συνθλιϐομέ-

958 823 1019 842 νους
1033 815 1172 849 δυσχερῶς
1183 815 1334 842 διεκπαίειν
1352 817 1451 849 αὐτοὺς
1466 819 1513 845 καὶ
1534 818 1593 850 ζῶα
1614 821 1742 852 παντοῖα,

113 849 259 897 ἄπρακτος
274 849 450 896 ὑποστρέιρει.
480 863 567 888 πολλά
581 871 610 888 τε
624 849 672 888 καὶ
687 861 830 888 ἀτάσθαλα
857 860 904 887 καί
923 849 944 877 Β
958 860 1006 885 καὶ
1033 860 1149 891 πολλοὺς
1176 861 1228 887 ἀνὰ
1254 862 1303 893 τὰς
1321 863 1371 896 τῆς
1389 863 1493 894 πόλεως
1519 864 1627 891 κεῖσθαι
1654 849 1744 899 ῥύμας

112 917 146 943 γε
163 909 202 943 μὴ
217 906 262 935 οἷά
275 910 298 934 τ’
310 908 343 935 ἂν
354 909 480 942 γενέσθαι
494 908 675 939 ἀπαιτοῦντος
689 907 913 941 τοῦ-Ῥομοφόρτ
958 905 1111 939 ἀφεμένους
1128 905 1183 932 τῶν
1209 905 1309 940 ἔργων.
1332 906 1398 933 Τότε
1415 908 1428 933 ὁ
1455 907 1505 938 μὲν
1534 908 1743 943 πατριαρχεύων

113 964 173 982 του.
199 955 341 981 Ἐϐούλετο
367 955 421 989 γὰρ
447 955 496 981 καὶ
527 954 627 985 τόπους
648 954 695 980 καὶ
713 954 828 988 σώματα
858 954 905 980 καὶ

113 1001 236 1037 φρούρια
250 1000 421 1034 ἁπεμπολεῖν
436 1000 505 1035 προς
520 999 634 1034 βασιλέα
657 1000 783 1033 μεγάλων
794 1000 904 1033 χρημά-

112 1056 181 1078 των,
194 1046 241 1073 καί
251 1055 283 1080 γε
301 1044 532 1080 προσαπῄτεικαὶ
547 1045 597 1076 τὰς
626 1044 817 1080 μισθοφορίας.
839 1044 869 1070 El
882 1044 904 1070 δ’

113 1144 195 1171 quem
223 1136 257 1164 iis
276 1139 423 1170 opponeret
439 1155 446 1165 .
463 1142 513 1162 nrc
536 1135 651 1162 habebat
666 1135 698 1162 ad
723 1142 831 1162 tnanttm
852 1143 904 1162 nec

113 1183 187 1210 unde
203 1187 311 1216 cogeret
328 1180 501 1216 suppetebat.
520 1180 635 1207 Tantum
655 1181 766 1215 quidattt
779 1181 847 1207 levis
861 1188 904 1206 ar-

115 1234 230 1254 malum:
242 1227 353 1254 ordines
368 1230 546 1259 supererant;
561 1233 629 1260 quos
641 1233 754 1260 magnus
765 1226 904 1252 hetaertar~

114 1274 167 1300 (-ha
187 1274 275 1300 Ducas
289 1273 424 1300 exercitus
436 1272 519 1299 totius
531 1291 538 1303 ,
552 1276 697 1306 antequam
713 1265 908 1306 dissiparetur.~

115 1320 184 1351 dux,
208 1318 327 1353 reliquas
341 1319 429 1345 adhuc
446 1318 576 1350 habebat,
594 1319 626 1344 ad
641 1326 717 1345 usum
739 1317 902 1345 furtivarum

114 1364 250 1390 duntaxat
268 1364 539 1391 excursiuncularnm
555 1373 561 1391 :
580 1364 651 1390 haud
666 1364 739 1390 enim
752 1364 840 1397 palam
857 1371 902 1390 os-

116 1416 225 1438 tentare
240 1418 271 1437 ει
289 1410 403 1437 adverso
431 1409 548 1436 frontem
577 1415 629 1436 tam
645 1409 736 1436 multis
760 1414 815 1436 tam
839 1417 904 1444 pau-

116 1464 165 1483 ros
192 1456 254 1482 belli
274 1457 344 1483 ratio
368 1460 415 1482 aut
439 1455 593 1482 communis
620 1455 765 1488 prudentia
786 1455 902 1482 sinebat.

115 1502 180 1530 "me
208 1506 305 1529 cuncta
338 1509 430 1529 secum
461 1501 610 1535 imperator
630 1506 760 1534 reputans
787 1501 902 1535 primum

115 1545 456 1582 expcriundum‘putavit,
469 1547 568 1580 ecquid
586 1554 717 1574 revocare
744 1547 904 1574 chuensvs

115 1601 130 1620 a
148 1594 265 1621 consilio
281 1594 354 1628 pacis
372 1594 579 1629 Amogaharicte
611 1600 714 1629 posset.
743 1594 821 1621 Misit
839 1602 905 1629 ergo

115 1640 162 1674 qui
174 1646 236 1666 eam
249 1640 454 1671 dissuaderent;
468 1641 567 1674 quibus
582 1648 642 1667 cutn
659 1647 731 1668 esset
746 1648 904 1674 responsum

115 1694 130 1712 τι
147 1685 340 1713 Genuensibus
363 1686 527 1713 necessariis
540 1693 570 1712 se
597 1686 687 1713 causis
704 1686 737 1712 ad
761 1693 820 1712 eam
845 1691 905 1713 tenn

115 1732 229 1758 tandam
245 1731 454 1758 conventionem
471 1731 552 1764 trahi,
566 1739 615 1758 nec
630 1731 717 1758 fraudi
733 1739 792 1758 eam
808 1732 907 1758 Roma-

116 1778 159 1804 nis
171 1781 219 1804 aut
232 1777 387 1812 imperatori
402 1776 471 1810 fore,
486 1777 584 1810 quibus
602 1777 683 1804 amici
697 1782 724 1803 et
742 1778 787 1803 fidi
800 1785 860 1804 esse
877 1783 907 1804 ut

116 1829 194 1850 antea
207 1830 261 1850 non
276 1815 439 1850 desiStercnl
451 1842 459 1855 ,
477 1827 620 1857 postquam
636 1823 788 1850 indemnem
803 1823 830 1850 in
847 1823 905 1849 loca

116 1870 185 1904 ipsis
214 1875 375 1904 opportuna
412 1871 554 1896 transitum
581 1869 616 1896 ab
647 1869 770 1896 hostibus
806 1869 906 1896 Roma-

116 1924 214 1943 norum
237 1916 414 1951 pepigissent,
432 1921 513 1950 prout
537 1922 650 1942 suorum
665 1915 787 1943 rationes
804 1915 906 1942 merci-

117 1963 276 1990 moniorum
303 1961 473 1997 flagitabant.
490 1962 554 1990 Post
575 1970 635 1997 quae
654 1962 742 1997 rogati
758 1966 789 1989 ut
805 1962 903 1989 saltent

112 2009 295 2044 jurisjnrandi
319 2009 373 2036 ftde
403 2009 564 2044 interposita
587 2014 717 2037 caverent
735 2015 765 2036 se
788 2016 841 2035 non
858 2009 905 2034 ad-

113 2056 224 2090 juturos
255 2055 386 2083 adversus
419 2063 476 2083 rem
513 2055 662 2082 Romanam
698 2055 904 2089 Amogabaros,

115 2108 164 2129 aut
182 2102 330 2137 quidquam
347 2103 398 2129 hoc
422 2107 479 2129 toto
502 2102 528 2128 in
560 2102 668 2136 negotio
684 2108 793 2128 acturos
805 2100 905 2127 abhor-

116 2155 181 2175 rens
206 2148 241 2173 ab
265 2147 396 2180 obsequio
425 2146 612 2180 imperatoria
641 2153 671 2173 se
694 2146 785 2173 debito
812 2149 840 2173 et
871 2146 906 2173 ad

958 951 1093 986 ὁσημέραι
1112 951 1161 982 τὰς
1176 951 1312 983 λιτανείας
1327 952 1403 983 ἐντὸς
1423 953 1472 986 τῆς
1487 953 1592 984 πόλεως
1612 954 1743 989 ἐπεδαψι-

958 996 1061 1028 λεύετο,
1076 997 1204 1032 βασιλεὺς
1221 998 1244 1024 δ’
1261 999 1448 1033 ὲπαμηχανῶν
1462 1001 1519 1031 τοῖς
1534 1000 1742 1035 φημιζομένοις,

958 1043 998 1069 ὅτι
1017 1043 1063 1069 καὶ
1078 1043 1128 1070 οὐκ
1155 1043 1244 1077 ὀλίγος
1268 1044 1427 1079 ἐπέπρακτο
1455 1046 1545 1080 φόνος,
1562 1044 1602 1077 οἷς
1618 1047 1743 1082 ὑστερεῖν

959 1135 1053 1168 utique
1068 1135 1197 1161 continuo
1214 1139 1241 1162 et
1262 1135 1347 1170 magis
1368 1144 1476 1171 semper
1492 1137 1631 1172 magisque
1653 1137 1744 1165 increc

958 1180 1084 1207 bescente
1096 1186 1212 1208 tumultu
1233 1185 1454 1210 concursandum
1471 1183 1574 1217 trepide
1590 1184 1616 1211 itt
1637 1184 1744 1217 urbem,

957 1226 1147 1260 Amogabarici
1170 1227 1231 1253 belli
1250 1233 1365 1260 terrore,
1385 1230 1562 1262 rttstieortttn,
1584 1237 1679 1265 greges
1698 1237 1744 1257 ar—

959 1277 1104 1307 mentaque
1120 1281 1174 1307 prae
1190 1281 1219 1300 se
1231 1274 1369 1307 agentium
1381 1281 1440 1301 sua.
1455 1271 1532 1303 Unde
1544 1276 1708 1305 animalibus
1718 1281 1746 1304 et

958 1318 1034 1352 plebe
1048 1319 1119 1353 inopi
1131 1319 1299 1353 cunctaejam
1309 1320 1384 1346 urbis
1394 1320 1444 1346 viae
1454 1320 1560 1347 referta:
1575 1322 1744 1350 visebantur.

958 1364 1174 1398 Minuendusque
1190 1367 1345 1392 necessario
1357 1371 1427 1392 esset
1438 1367 1543 1399 pecoris
1553 1372 1632 1394 extra
1645 1376 1745 1402 pascua

958 1412 1155 1438 macrescentis
1169 1417 1309 1443 numerus,
1329 1411 1430 1447 ingenti
1451 1413 1599 1440 bestiarum
1620 1415 1677 1441 esui
1695 1415 1746 1441 lut-

959 1464 1039 1483 mano
1055 1460 1177 1490 aptatum
1195 1456 1366 1484 multitudine
1384 1458 1409 1484 iu
1421 1458 1540 1486 macellis
1553 1459 1675 1493 quotidie
1689 1469 1746 1486 ma-

959 1503 1066 1528 etanda.
1085 1502 1120 1528 At
1139 1502 1230 1528 Abbas
1251 1502 1343 1528 multis
1361 1503 1455 1530 diebus
1472 1504 1542 1537 apud
1562 1503 1746 1536 Amogabaros

958 1548 1101 1574 commissa
1117 1547 1258 1574 tractando
1274 1552 1406 1580 moratus,
1426 1549 1497 1582 quod
1515 1555 1557 1574 res
1575 1548 1684 1583 quidem
1705 1554 1746 1575 at~

958 1592 1251 1620 tineretGenuensium
1270 1599 1392 1624 suorum,
1406 1600 1458 1619 non
1480 1593 1539 1620 sine
1553 1600 1642 1626 opera:
1661 1593 1747 1627 pretio

958 1638 1048 1670 rediit,
1070 1639 1102 1665 de
1117 1645 1185 1672 pace
1205 1644 1294 1664 autem
1310 1645 1372 1665 cum
1394 1637 1525 1666 Romanis
1546 1639 1612 1666 nihil
1636 1647 1746 1673 prorsus

958 1685 1123 1719 impetravit,
1142 1684 1224 1710 multa
1243 1684 1365 1718 improba
1378 1688 1405 1710 et
1417 1683 1569 1710 facultatem
1583 1685 1747 1718 modmnque

956 1739 1064 1759 onmem
1095 1731 1251 1758 excedentia
1279 1730 1418 1765 flagitante
1441 1729 1608 1757 Romoforto.
1634 1730 1747 1758 Petebat

957 1778 1028 1805 enim
1043 1784 1071 1805 ut
1081 1786 1114 1805 ex
1126 1785 1154 1805 se
1168 1784 1198 1804 ar
1214 1777 1282 1808 suis.
1298 1776 1456 1811 priusquam
1467 1784 1482 1803 e
1496 1776 1564 1803 locis
1580 1776 1747 1810 emigrarent

954 1833 1018 1860 qua:
1038 1829 1171 1854 tenerent.
1186 1828 1329 1850 numerata
1347 1823 1458 1858 pecunia
1477 1824 1625 1857 imperator
1636 1824 1746 1857 oppida.

958 1871 1051 1902 urbes.
1060 1878 1138 1898 arces
1147 1870 1277 1905 singulas,
1289 1874 1476 1904 praetereaque
1490 1873 1619 1903 quotquot
1633 1868 1748 1896 Romani

958 1917 1064 1951 generis
1080 1916 1202 1951 captivos
1215 1916 1244 1943 in
1260 1915 1392 1943 custodiis
1413 1919 1565 1954 servarent,
1590 1915 1745 1942 redimeret.

957 1964 1075 1992 Jubebat
1095 1964 1161 1991 item
1180 1962 1257 1990 reddi
1268 1962 1301 1988 ad
1318 1969 1443 1989 exactum
1460 1961 1592 1988 militibus
1614 1961 1747 1996 stipendia

958 2016 1055 2039 cuneta
1069 2015 1143 2037 retro
1157 2009 1257 2036 debita.
1272 2007 1303 2034 Ni
1316 2008 1374 2035 hate
1390 2006 1498 2040 tierent,
1515 2007 1693 2033 denuntiabat
1706 2013 1746 2038 se,

959 2062 1056 2092 praeter
1066 2063 1133 2090 quas
1143 2055 1197 2090 jam
1215 2057 1395 2088 occupassent
1408 2053 1488 2080 urbes
1499 2057 1525 2080 et
1539 2060 1629 2086 arces,
1644 2053 1748 2086 reliqua

959 2103 1061 2138 pariter
1076 2101 1134 2128 loca
1150 2099 1322 2132 subacturos,
1339 2105 1428 2132 neque
1445 2099 1528 2125 ullutn
1544 2098 1703 2125 hostilitatis
1720 2099 1747 2124 in

959 2150 1097 2177 Romanos
1111 2145 1268 2174 exercendae
1278 2140 1430 2172 omissuros
1442 2151 1538 2179 genus,
1552 2149 1635 2178 atque
1646 2144 1672 2170 in
1688 2143 1748 2171 istis

115 2200 270 2222 extremum
293 2194 331 2219 uti
346 2192 479 2220 hactenus
500 2192 663 2225 exhibendo,
680 2192 717 2218 illi
745 2192 816 2218 haud
836 2199 905 2218 cun-
921 2199 944 2226 ι)
960 2193 1099 2231 proposito
1116 2197 1143 2219 et
1160 2197 1259 2219 conatu
1275 2190 1393 2217 bellandi
1416 2197 1448 2216 ac
1463 2189 1602 2224 pragliamli
1620 2196 1749 2223 perseve-

115 2245 225 2267 ctanter
241 2238 322 2274 625
342 2238 394 2265 sibi
410 2239 521 2272 suisque
535 2237 669 2272 capitibus
690 2238 827 2264 horrenda
840 2241 906 2264 sunt

117 2286 271 2319 imprecati,
287 2285 309 2312 si
326 2291 406 2312 secus
430 2285 561 2311 facerent.
580 2285 648 2311 Tum
663 2285 770 2311 demum
789 2283 906 2318 impera-

116 2339 159 2359 tur
183 2333 353 2366 procinctum
377 2331 431 2366 jam
462 2331 496 2358 ad
525 2331 577 2357 iter
602 2338 697 2358 versus
721 2330 907 2365 Amogabaros

115 2379 289 2406 Genuensem
306 2377 410 2404 Ahbam
427 2385 505 2404 sttum
524 2384 632 2411 quoque
649 2377 682 2404 ad
697 2376 806 2403 eosdem
832 2377 905 2411 lcga-

115 2429 174 2450 tum
192 2422 309 2450 instituit
326 2441 335 2454 ,
353 2423 420 2449 dans
433 2421 461 2448 in
477 2422 612 2448 mandatis
629 2426 656 2448 ut
671 2429 764 2448 eorum
782 2421 907 2455 primori-

116 2468 167 2495 bus
189 2475 203 2494 a
230 2475 260 2494 se
282 2467 394 2494 offerret
417 2468 545 2501 pecunias
569 2466 708 2501 plurimas,
734 2467 850 2493 honores
880 2471 908 2493 et

116 2513 292 2549 przeferturas
303 2513 433 2544 illustres.
445 2513 588 2540 allinitates
601 2513 665 2547 quin
681 2512 772 2544 etiam,
788 2518 815 2539 et
830 2512 907 2546 quid-

116 2561 182 2596 quid
198 2569 212 2587 a
229 2567 260 2587 se
271 2564 367 2594 optare
384 2560 533 2586 maximum
550 2565 672 2593 possent,
693 2559 716 2586 si
736 2566 847 2585 suorum
859 2567 906 2586 eos

116 2607 162 2640 qui
178 2606 280 2632 vellent
293 2606 452 2640 imperatori
470 2605 597 2637 militare,
611 2609 639 2632 ut
651 2606 736 2640 prius,
751 2606 907 2632 coltstitutte

117 2653 247 2686 pactione
271 2651 406 2678 mctcedis
433 2652 459 2679 id
481 2651 567 2678 libere
593 2652 715 2678 sinerent
738 2651 838 2678 facere.
859 2651 906 2678 llis

115 2699 201 2725 Abba:
219 2699 418 2725 commendatis
436 2706 497 2726 eum
524 2698 645 2726 dimittit.
669 2698 836 2732 lnterimque
855 2698 905 2725 sibi

115 2745 234 2777 quadam
247 2743 452 2777 exspectatione
461 2750 604 2770 successus
613 2750 645 2770 ex
655 2750 687 2770 eo
699 2748 814 2770 tractatu
826 2751 905 2778 pros-

115 2790 174 2825 peri
188 2789 332 2817 blandiens
344 2791 369 2816 in
385 2790 545 2824 quibusdam
561 2790 638 2824 quasi
650 2797 776 2816 curarum
791 2789 906 2818 induciis

115 2835 255 2870 paulisper
265 2835 411 2871 acquievit,
427 2843 480 2864 non
498 2839 588 2864 tanton
599 2836 716 2872 placide,
732 2835 905 2872 obstrepente

959 2247 1068 2269 raturos
1088 2239 1121 2266 ad
1144 2243 1297 2265 extremum
1321 2236 1548 2264 irrevorabiliter.
1573 2235 1678 2262 Similia
1703 2243 1748 2262 re-

958 2286 1065 2322 spondit
1077 2285 1194 2319 Madyto,
1206 2284 1250 2310 ubi
1262 2288 1331 2315 erat,
1346 2282 1416 2309 alius
1426 2283 1478 2310 dux
1495 2281 1650 2309 Latinorum
1665 2281 1750 2317 626

958 2333 1103 2360 Pharenda
1111 2330 1229 2362 Tzimes,
1243 2336 1377 2356 ettcusans
1389 2335 1437 2363 per
1449 2328 1560 2354 missum
1574 2327 1699 2361 privatim
1715 2330 1748 2354 ad

959 2382 1150 2415 imperatorem
1167 2384 1206 2409 se,
1226 2376 1248 2403 si
1270 2375 1362 2402 mitius
1374 2383 1455 2410 quain
1476 2374 1649 2401 Romofortus
1668 2380 1749 2407 agerc

958 2433 1019 2453 cum
1043 2423 1172 2451 Romanis
1190 2421 1282 2454 vellet,
1300 2425 1482 2455 praeterquam
1499 2421 1525 2447 in
1539 2427 1600 2447 sese
1614 2420 1749 2454 potentio-

959 2479 1015 2499 rem
1032 2469 1195 2502 concitaret,
1209 2469 1291 2496 etiam
1306 2468 1373 2495 nihil
1389 2468 1415 2495 in
1430 2475 1535 2495 summa
1551 2466 1749 2502 profecturum,

958 2517 1086 2552 quoniam
1109 2523 1169 2550 quae
1193 2514 1352 2542 Romoforto
1371 2513 1486 2548 propriae
1504 2514 1634 2548 parebant
1652 2511 1748 2546 copia-,

959 2564 1058 2598 triplici
1070 2571 1169 2598 genere
1177 2566 1344 2592 constantes,
1355 2561 1506 2587 Turcorum
1516 2559 1748 2593 Amogabarorum

957 2617 985 2638 et
1003 2610 1202 2644 transfugarum
1222 2608 1249 2634 in
1274 2607 1334 2642 ejus
1350 2612 1439 2634 castra
1458 2614 1490 2633 ex
1514 2605 1644 2633 Orientali
1662 2604 1750 2631 conti-

960 2660 1040 2683 nente
1052 2657 1247 2686 Romanorum,
1260 2654 1304 2688 qtti
1317 2659 1427 2680 t0ttsura
1440 2652 1601 2687 capillorum
1614 2656 1641 2678 et
1654 2656 1750 2677 rasura

958 2702 1050 2729 barba;
1071 2708 1131 2728 sese
1148 2699 1326 2734 Amogabaris
1347 2699 1449 2726 similes
1469 2697 1600 2729 fecerant,
1623 2701 1651 2722 ut
1670 2702 1701 2722 ex
1717 2703 1750 2723 ea

958 2756 1020 2775 esse
1036 2751 1115 2782 gente
1133 2746 1303 2777 viderentur,
1323 2746 1391 2776 istm,
1415 2745 1535 2778 inquam,
1558 2743 1632 2769 adeo
1655 2750 1749 2769 nume-

959 2802 1027 2821 rosae
1040 2802 1070 2821 ac
1083 2793 1169 2821 fortes
1185 2792 1280 2827 copim,
1298 2792 1416 2823 abunde,
1436 2798 1466 2818 se
1483 2788 1682 2825 quantumlibet
1694 2795 1746 2814 ces-

958 2845 1046 2872 sante,
1059 2838 1216 2868 suffectura:
1230 2837 1319 2866 forent
1336 2838 1369 2865 ad
1383 2836 1483 2865 bellum
1498 2840 1575 2863 atrox
1589 2834 1617 2861 in
1629 2833 1750 2869 impera-
