  <div class='ocr_page' id='page_1' title='image "/cluster/home/n/w/nwhite01/storage/ocr_20150623/144/njp.32101010942892/365.png"; bbox 0 0 1957 3066; ppageno 0'>
   <div class='ocr_carea' id='block_1_1' title="bbox 220 101 271 135">
    <p class='ocr_par' dir='ltr' id='par_1_1' title="bbox 220 101 271 135">
     <span class='ocr_line' id='line_1_1' title="bbox 220 101 271 135; baseline 0 -2"><span class='ocrx_word' id='word_1_1' title='bbox 220 101 271 135; x_wconf 75' lang='grc'><strong>687</strong></span> 
     </span>
    </p>
   </div>
   <div class='ocr_carea' id='block_1_2' title="bbox 811 101 1236 150">
    <p class='ocr_par' dir='ltr' id='par_1_2' title="bbox 811 101 1236 150">
     <span class='ocr_line' id='line_1_2' title="bbox 811 101 1236 150; baseline 0 -18"><span class='ocrx_word' id='word_1_2' title='bbox 811 101 975 132; x_wconf 82' lang='lat' dir='ltr'><strong>GEORGII</strong></span> <span class='ocrx_word' id='word_1_3' title='bbox 994 101 1236 150; x_wconf 58' lang='lat' dir='ltr'><strong>PACHYMERE</strong></span> 
     </span>
    </p>
   </div>
   <div class='ocr_carea' id='block_1_3' title="bbox 1793 99 1859 146">
    <p class='ocr_par' dir='ltr' id='par_1_3' title="bbox 1793 99 1859 146">
     <span class='ocr_line' id='line_1_3' title="bbox 1793 99 1859 146; baseline 0 -14"><span class='ocrx_word' id='word_1_4' title='bbox 1793 99 1859 146; x_wconf 53' lang='grc' dir='ltr'><strong>σεε</strong></span> 
     </span>
    </p>
   </div>
   <div class='ocr_carea' id='block_1_4' title="bbox 219 156 1850 195">
    <p class='ocr_par' dir='ltr' id='par_1_4' title="bbox 219 156 1850 195">
     <span class='ocr_line' id='line_1_4' title="bbox 219 156 1850 195; baseline 0.001 -10"><span class='ocrx_word' id='word_1_5' title='bbox 219 158 363 185; x_wconf 74' lang='grc' dir='ltr'>συνέϐαινε</span> <span class='ocrx_word' id='word_1_6' title='bbox 388 156 443 184; x_wconf 88' lang='grc' dir='ltr'><strong>τῶν</strong></span> <span class='ocrx_word' id='word_1_7' title='bbox 461 156 508 184; x_wconf 63' lang='grc' dir='ltr'><strong>ἐπὶ</strong></span> <span class='ocrx_word' id='word_1_8' title='bbox 527 156 576 192; x_wconf 82' lang='grc' dir='ltr'><strong>τῆς</strong></span> <span class='ocrx_word' id='word_1_9' title='bbox 601 157 706 189; x_wconf 83' lang='grc' dir='ltr'>πόλεως</span> <span class='ocrx_word' id='word_1_10' title='bbox 732 157 868 186; x_wconf 69' lang='grc' dir='ltr'>ἅπτεσθαι</span> <span class='ocrx_word' id='word_1_11' title='bbox 886 158 933 193; x_wconf 82' lang='lat' dir='ltr'><strong>(al</strong></span> <span class='ocrx_word' id='word_1_12' title='bbox 951 158 1005 193; x_wconf 88' lang='grc' dir='ltr'><strong>γὰρ</strong></span> <span class='ocrx_word' id='word_1_13' title='bbox 1022 162 1044 190; x_wconf 70' lang='grc' dir='ltr'>Α</span> <span class='ocrx_word' id='word_1_14' title='bbox 1058 159 1309 194; x_wconf 69' lang='grc' dir='ltr'><strong>ἀναγκαζομένους,</strong></span> <span class='ocrx_word' id='word_1_15' title='bbox 1328 159 1372 195; x_wconf 77' lang='grc' dir='ltr'><strong>[Ρ.</strong></span> <span class='ocrx_word' id='word_1_16' title='bbox 1388 157 1452 194; x_wconf 72' lang='grc'><strong>457]</strong></span> <span class='ocrx_word' id='word_1_17' title='bbox 1474 159 1535 185; x_wconf 74' lang='grc' dir='ltr'>ἐπεί</span> <span class='ocrx_word' id='word_1_18' title='bbox 1549 167 1611 184; x_wconf 78' lang='grc' dir='ltr'>ποτε</span> <span class='ocrx_word' id='word_1_19' title='bbox 1625 159 1670 185; x_wconf 66' lang='grc' dir='ltr'>καὶ</span> <span class='ocrx_word' id='word_1_20' title='bbox 1683 160 1755 188; x_wconf 64' lang='grc' dir='ltr'>ἐντὸς</span> <span class='ocrx_word' id='word_1_21' title='bbox 1775 162 1850 187; x_wconf 76' lang='grc' dir='ltr'><strong>ἐχεῖ-</strong></span> 
     </span>
    </p>
   </div>
   <div class='ocr_carea' id='block_1_5' title="bbox 218 203 1006 239">
    <p class='ocr_par' dir='ltr' id='par_1_5' title="bbox 218 203 1006 239">
     <span class='ocr_line' id='line_1_5' title="bbox 218 203 1006 239; baseline 0 -9"><span class='ocrx_word' id='word_1_22' title='bbox 218 203 350 238; x_wconf 76' lang='grc' dir='ltr'>δυνὰμεις</span> <span class='ocrx_word' id='word_1_23' title='bbox 362 203 566 230; x_wconf 76' lang='grc' dir='ltr'>ἑπιλελοίπασιν</span> <span class='ocrx_word' id='word_1_24' title='bbox 576 203 596 238; x_wconf 84' lang='grc'><strong>),</strong></span> <span class='ocrx_word' id='word_1_25' title='bbox 609 203 626 239; x_wconf 88' lang='grc' dir='ltr'>ἢ</span> <span class='ocrx_word' id='word_1_26' title='bbox 640 204 700 239; x_wconf 83' lang='grc' dir='ltr'><strong>Θεῷ</strong></span> <span class='ocrx_word' id='word_1_27' title='bbox 718 206 768 239; x_wconf 81' lang='grc' dir='ltr'>τὴν</span> <span class='ocrx_word' id='word_1_28' title='bbox 784 204 862 239; x_wconf 88' lang='grc' dir='ltr'>δίκην</span> <span class='ocrx_word' id='word_1_29' title='bbox 879 204 1006 231; x_wconf 72' lang='grc' dir='ltr'><strong>ἀνατιθέ-</strong></span> 
     </span>
    </p>
   </div>
   <div class='ocr_carea' id='block_1_6' title="bbox 219 249 1006 285">
    <p class='ocr_par' dir='ltr' id='par_1_6' title="bbox 219 249 1006 285">
     <span class='ocr_line' id='line_1_6' title="bbox 219 249 1006 285; baseline -0.001 -8"><span class='ocrx_word' id='word_1_30' title='bbox 219 258 264 277; x_wconf 86' lang='grc' dir='ltr'><strong>ναι</strong></span> <span class='ocrx_word' id='word_1_31' title='bbox 282 249 330 276; x_wconf 73' lang='lat' dir='ltr'><strong>ml.</strong></span> <span class='ocrx_word' id='word_1_32' title='bbox 351 249 417 284; x_wconf 83' lang='grc' dir='ltr'>παρ’</span> <span class='ocrx_word' id='word_1_33' title='bbox 444 249 549 276; x_wconf 74' lang='grc' dir='ltr'>ἐκείνου</span> <span class='ocrx_word' id='word_1_34' title='bbox 569 249 661 283; x_wconf 77' lang='grc' dir='ltr'><strong>ζητεῖν</strong></span> <span class='ocrx_word' id='word_1_35' title='bbox 689 249 739 285; x_wconf 77' lang='grc' dir='ltr'>τὴν</span> <span class='ocrx_word' id='word_1_36' title='bbox 755 259 804 276; x_wconf 86' lang='grc' dir='ltr'>του</span> <span class='ocrx_word' id='word_1_37' title='bbox 819 250 1006 285; x_wconf 81' lang='grc' dir='ltr'>ἐκκεχυμένον</span> 
     </span>
    </p>
   </div>
   <div class='ocr_carea' id='block_1_7' title="bbox 219 295 1006 331">
    <p class='ocr_par' dir='ltr' id='par_1_7' title="bbox 219 295 1006 331">
     <span class='ocr_line' id='line_1_7' title="bbox 219 295 1006 331; baseline 0 -9"><span class='ocrx_word' id='word_1_38' title='bbox 219 296 321 327; x_wconf 81' lang='grc' dir='ltr'>ἀδίκως</span> <span class='ocrx_word' id='word_1_39' title='bbox 335 295 475 330; x_wconf 79' lang='grc' dir='ltr'><strong>ἐκδίκησιν</strong></span> <span class='ocrx_word' id='word_1_40' title='bbox 487 295 604 330; x_wconf 82' lang='grc' dir='ltr'><strong>αἵματος</strong></span> <span class='ocrx_word' id='word_1_41' title='bbox 616 296 691 331; x_wconf 82' lang='grc' dir='ltr'>ὅμως</span> <span class='ocrx_word' id='word_1_42' title='bbox 710 296 739 322; x_wconf 78' lang='grc' dir='ltr'>δὲ</span> <span class='ocrx_word' id='word_1_43' title='bbox 752 296 799 322; x_wconf 73' lang='grc' dir='ltr'>καὶ</span> <span class='ocrx_word' id='word_1_44' title='bbox 813 297 848 323; x_wconf 81' lang='grc' dir='ltr'>τὰ</span> <span class='ocrx_word' id='word_1_45' title='bbox 857 296 960 322; x_wconf 78' lang='grc' dir='ltr'>δυνατά</span> <span class='ocrx_word' id='word_1_46' title='bbox 981 296 1006 322; x_wconf 77' lang='grc' dir='ltr'><strong>οἱ</strong></span> 
     </span>
    </p>
   </div>
   <div class='ocr_carea' id='block_1_8' title="bbox 221 338 1008 377">
    <p class='ocr_par' dir='ltr' id='par_1_8' title="bbox 221 338 1008 377">
     <span class='ocr_line' id='line_1_8' title="bbox 221 338 1008 377; baseline 0 -9"><span class='ocrx_word' id='word_1_47' title='bbox 221 342 290 377; x_wconf 81' lang='grc' dir='ltr'>πρὸς</span> <span class='ocrx_word' id='word_1_48' title='bbox 308 341 338 367; x_wconf 85' lang='grc' dir='ltr'>τὸ</span> <span class='ocrx_word' id='word_1_49' title='bbox 350 338 494 376; x_wconf 79' lang='grc' dir='ltr'>παρεστὼς</span> <span class='ocrx_word' id='word_1_50' title='bbox 506 341 556 367; x_wconf 82' lang='grc' dir='ltr'><strong>οὐκ</strong></span> <span class='ocrx_word' id='word_1_51' title='bbox 569 341 667 375; x_wconf 79' lang='grc' dir='ltr'>ἡμέλει</span> <span class='ocrx_word' id='word_1_52' title='bbox 683 342 781 368; x_wconf 82' lang='grc' dir='ltr'>ποιεῖν.</span> <span class='ocrx_word' id='word_1_53' title='bbox 794 342 839 376; x_wconf 88' lang='grc' dir='ltr'><strong>Τῷ</strong></span> <span class='ocrx_word' id='word_1_54' title='bbox 849 342 902 377; x_wconf 83' lang='grc' dir='ltr'><strong>γὰρ</strong></span> <span class='ocrx_word' id='word_1_55' title='bbox 918 341 1008 376; x_wconf 79' lang='grc' dir='ltr'><strong>Δούκᾳ</strong></span> 
     </span>
    </p>
   </div>
   <div class='ocr_carea' id='block_1_9' title="bbox 220 386 1008 423">
    <p class='ocr_par' dir='ltr' id='par_1_9' title="bbox 220 386 1008 423">
     <span class='ocr_line' id='line_1_9' title="bbox 220 386 1008 423; baseline -0.001 -9"><span class='ocrx_word' id='word_1_56' title='bbox 220 388 268 414; x_wconf 72' lang='grc' dir='ltr'><strong>καὶ</strong></span> <span class='ocrx_word' id='word_1_57' title='bbox 283 387 395 422; x_wconf 84' lang='grc' dir='ltr'>μεγάλῳ</span> <span class='ocrx_word' id='word_1_58' title='bbox 422 387 600 423; x_wconf 80' lang='grc' dir='ltr'>ὲταιρειάρχῃ</span> <span class='ocrx_word' id='word_1_59' title='bbox 626 387 655 419; x_wconf 75' lang='grc' dir='ltr'><strong>ἐξ</strong></span> <span class='ocrx_word' id='word_1_60' title='bbox 671 386 830 421; x_wconf 80' lang='grc' dir='ltr'>ἀξιώματος</span> <span class='ocrx_word' id='word_1_61' title='bbox 847 387 1008 422; x_wconf 84' lang='grc' dir='ltr'>συχνότερον</span> 
     </span>
    </p>
   </div>
   <div class='ocr_carea' id='block_1_10' title="bbox 222 432 1008 468">
    <p class='ocr_par' dir='ltr' id='par_1_10' title="bbox 222 432 1008 468">
     <span class='ocr_line' id='line_1_10' title="bbox 222 432 1008 468; baseline -0.001 -8"><span class='ocrx_word' id='word_1_62' title='bbox 222 434 341 468; x_wconf 81' lang='grc' dir='ltr'><strong>πέμπων</strong></span> <span class='ocrx_word' id='word_1_63' title='bbox 355 433 512 465; x_wconf 72' lang='grc' dir='ltr'><strong>ἐπέσκηπτε</strong></span> <span class='ocrx_word' id='word_1_64' title='bbox 527 432 589 459; x_wconf 84' lang='grc' dir='ltr'>κατ’</span> <span class='ocrx_word' id='word_1_65' title='bbox 605 432 678 467; x_wconf 75' lang='grc' dir='ltr'><strong>ἴχνος</strong></span> <span class='ocrx_word' id='word_1_66' title='bbox 695 433 788 468; x_wconf 76' lang='grc' dir='ltr'>ἡρέμα</span> <span class='ocrx_word' id='word_1_67' title='bbox 800 434 857 464; x_wconf 88' lang='grc' dir='ltr'>τοῖς</span> <span class='ocrx_word' id='word_1_68' title='bbox 871 433 1008 467; x_wconf 80' lang='grc' dir='ltr'>ἀλάστορ-</span> 
     </span>
    </p>
   </div>
   <div class='ocr_carea' id='block_1_11' title="bbox 223 478 1007 515">
    <p class='ocr_par' dir='ltr' id='par_1_11' title="bbox 223 478 1007 515">
     <span class='ocr_line' id='line_1_11' title="bbox 223 478 1007 515; baseline -0.001 -9"><span class='ocrx_word' id='word_1_69' title='bbox 223 489 266 507; x_wconf 88' lang='grc' dir='ltr'><strong>σιν</strong></span> <span class='ocrx_word' id='word_1_70' title='bbox 288 480 416 512; x_wconf 72' lang='grc' dir='ltr'><strong>ἔπεσθαι,</strong></span> <span class='ocrx_word' id='word_1_71' title='bbox 435 480 496 506; x_wconf 79' lang='grc' dir='ltr'>ἐπεὶ</span> <span class='ocrx_word' id='word_1_72' title='bbox 525 480 555 505; x_wconf 84' lang='grc' dir='ltr'><strong>οὺ</strong></span> <span class='ocrx_word' id='word_1_73' title='bbox 585 479 686 506; x_wconf 84' lang='grc' dir='ltr'>δυνατὰ</span> <span class='ocrx_word' id='word_1_74' title='bbox 702 478 737 515; x_wconf 80' lang='grc' dir='ltr'><strong>ἦν</strong></span> <span class='ocrx_word' id='word_1_75' title='bbox 761 480 834 506; x_wconf 83' lang='grc' dir='ltr'>κατὰ</span> <span class='ocrx_word' id='word_1_76' title='bbox 859 479 1007 514; x_wconf 82' lang='grc' dir='ltr'>πρόσωπον</span> 
     </span>
    </p>
   </div>
   <div class='ocr_carea' id='block_1_12' title="bbox 221 522 1008 560">
    <p class='ocr_par' dir='ltr' id='par_1_12' title="bbox 221 522 1008 560">
     <span class='ocr_line' id='line_1_12' title="bbox 221 522 1008 560; baseline -0.003 -7"><span class='ocrx_word' id='word_1_77' title='bbox 221 527 304 553; x_wconf 78' lang='grc' dir='ltr'>παντὶ</span> <span class='ocrx_word' id='word_1_78' title='bbox 319 525 358 560; x_wconf 85' lang='grc' dir='ltr'>τῷ</span> <span class='ocrx_word' id='word_1_79' title='bbox 376 526 530 560; x_wconf 79' lang='grc' dir='ltr'><strong>συστήματι</strong></span> <span class='ocrx_word' id='word_1_80' title='bbox 544 524 763 551; x_wconf 78' lang='grc' dir='ltr'><strong>ἀντιτάττεσθαι.</strong></span> <span class='ocrx_word' id='word_1_81' title='bbox 779 525 863 552; x_wconf 83' lang='grc' dir='ltr'><strong>Ὅθεν</strong></span> <span class='ocrx_word' id='word_1_82' title='bbox 877 525 923 552; x_wconf 75' lang='grc' dir='ltr'>καὶ</span> <span class='ocrx_word' id='word_1_83' title='bbox 931 522 1008 557; x_wconf 74' lang='grc' dir='ltr'>οὗτος</span> 
     </span>
    </p>
   </div>
   <div class='ocr_carea' id='block_1_13' title="bbox 223 570 1008 607">
    <p class='ocr_par' dir='ltr' id='par_1_13' title="bbox 223 570 1008 607">
     <span class='ocr_line' id='line_1_13' title="bbox 223 570 1008 607; baseline -0.001 -9"><span class='ocrx_word' id='word_1_84' title='bbox 223 571 274 606; x_wconf 72' lang='grc' dir='ltr'>μὶν</span> <span class='ocrx_word' id='word_1_85' title='bbox 299 571 445 607; x_wconf 76' lang='grc' dir='ltr'>ἐμπίπτων</span> <span class='ocrx_word' id='word_1_86' title='bbox 475 571 607 602; x_wconf 76' lang='grc' dir='ltr'><strong>πολλάκις</strong></span> <span class='ocrx_word' id='word_1_87' title='bbox 626 571 656 603; x_wconf 82' lang='grc' dir='ltr'><strong>ὲξ</strong></span> <span class='ocrx_word' id='word_1_88' title='bbox 680 570 800 604; x_wconf 77' lang='grc' dir='ltr'><strong>ἀφανοῦς</strong></span> <span class='ocrx_word' id='word_1_89' title='bbox 815 571 845 597; x_wconf 72' lang='grc' dir='ltr'>τὸ</span> <span class='ocrx_word' id='word_1_90' title='bbox 871 571 1008 607; x_wconf 68' lang='grc' dir='ltr'><strong>οὐρα-(οὖν</strong></span> 
     </span>
    </p>
   </div>
   <div class='ocr_carea' id='block_1_14' title="bbox 221 616 1008 652">
    <p class='ocr_par' dir='ltr' id='par_1_14' title="bbox 221 616 1008 652">
     <span class='ocr_line' id='line_1_14' title="bbox 221 616 1008 652; baseline 0 -9"><span class='ocrx_word' id='word_1_91' title='bbox 221 617 350 652; x_wconf 68' lang='grc' dir='ltr'><strong>ἐζημίου,</strong></span> <span class='ocrx_word' id='word_1_92' title='bbox 366 618 398 643; x_wconf 81' lang='grc' dir='ltr'>ὲκ</span> <span class='ocrx_word' id='word_1_93' title='bbox 413 617 442 643; x_wconf 60' lang='grc' dir='ltr'>δὲ</span> <span class='ocrx_word' id='word_1_94' title='bbox 457 616 628 652; x_wconf 81' lang='grc' dir='ltr'>Τζουρουλοῦ</span> <span class='ocrx_word' id='word_1_95' title='bbox 643 617 668 643; x_wconf 90' lang='grc' dir='ltr'><strong>οί</strong></span> <span class='ocrx_word' id='word_1_96' title='bbox 679 617 754 648; x_wconf 77' lang='grc' dir='ltr'>ἐντὸς</span> <span class='ocrx_word' id='word_1_97' title='bbox 765 617 1008 652; x_wconf 78' lang='grc' dir='ltr'><strong>ἀναθαρσήσαντες</strong></span> 
     </span>
    </p>
   </div>
   <div class='ocr_carea' id='block_1_15' title="bbox 220 662 1009 700">
    <p class='ocr_par' dir='ltr' id='par_1_15' title="bbox 220 662 1009 700">
     <span class='ocr_line' id='line_1_15' title="bbox 220 662 1009 700; baseline -0.003 -10"><span class='ocrx_word' id='word_1_98' title='bbox 220 663 422 698; x_wconf 72' lang='grc' dir='ltr'><strong>ἀνδρικώτερον</strong></span> <span class='ocrx_word' id='word_1_99' title='bbox 441 664 642 700; x_wconf 78' lang='grc' dir='ltr'>προσϐάλλουσι</span> <span class='ocrx_word' id='word_1_100' title='bbox 676 662 824 697; x_wconf 82' lang='grc' dir='ltr'>Ῥαιδεστῷ</span> <span class='ocrx_word' id='word_1_101' title='bbox 850 664 897 690; x_wconf 76' lang='grc' dir='ltr'><strong>καὶ</strong></span> <span class='ocrx_word' id='word_1_102' title='bbox 915 663 1009 694; x_wconf 85' lang='grc' dir='ltr'>κακῶς</span> 
     </span>
    </p>
   </div>
   <div class='ocr_carea' id='block_1_16' title="bbox 220 708 1009 745">
    <p class='ocr_par' dir='ltr' id='par_1_16' title="bbox 220 708 1009 745">
     <span class='ocr_line' id='line_1_16' title="bbox 220 708 1009 745; baseline -0.001 -9"><span class='ocrx_word' id='word_1_103' title='bbox 220 710 285 740; x_wconf 80' lang='grc' dir='ltr'>τοὺς</span> <span class='ocrx_word' id='word_1_104' title='bbox 300 711 358 736; x_wconf 77' lang='grc' dir='ltr'>ἐκεῖ</span> <span class='ocrx_word' id='word_1_105' title='bbox 376 710 473 745; x_wconf 81' lang='grc' dir='ltr'>δρῶσι,</span> <span class='ocrx_word' id='word_1_106' title='bbox 490 710 557 745; x_wconf 78' lang='grc' dir='ltr'>πρὸς</span> <span class='ocrx_word' id='word_1_107' title='bbox 571 709 610 744; x_wconf 86' lang='grc' dir='ltr'>τῷ</span> <span class='ocrx_word' id='word_1_108' title='bbox 624 710 670 736; x_wconf 79' lang='grc' dir='ltr'><strong>καὶ</strong></span> <span class='ocrx_word' id='word_1_109' title='bbox 684 709 761 736; x_wconf 81' lang='grc' dir='ltr'>λείαν</span> <span class='ocrx_word' id='word_1_110' title='bbox 773 709 870 744; x_wconf 76' lang='grc' dir='ltr'>ἱκανὴν</span> <span class='ocrx_word' id='word_1_111' title='bbox 890 708 1009 743; x_wconf 74' lang='grc' dir='ltr'>περιϐα-</span> 
     </span>
    </p>
   </div>
   <div class='ocr_carea' id='block_1_17' title="bbox 219 755 1010 790">
    <p class='ocr_par' dir='ltr' id='par_1_17' title="bbox 219 755 1010 790">
     <span class='ocr_line' id='line_1_17' title="bbox 219 755 1010 790; baseline 0 -9"><span class='ocrx_word' id='word_1_112' title='bbox 219 756 325 783; x_wconf 73' lang='grc' dir='ltr'>λέσθαι.</span> <span class='ocrx_word' id='word_1_113' title='bbox 358 757 390 782; x_wconf 84' lang='grc' dir='ltr'><em>Ὃ</em></span> <span class='ocrx_word' id='word_1_114' title='bbox 409 756 441 790; x_wconf 83' lang='grc' dir='ltr'>δὴ</span> <span class='ocrx_word' id='word_1_115' title='bbox 461 757 508 783; x_wconf 84' lang='grc' dir='ltr'>καὶ</span> <span class='ocrx_word' id='word_1_116' title='bbox 533 756 646 790; x_wconf 65' lang='grc' dir='ltr'><strong>γεγονὸς</strong></span> <span class='ocrx_word' id='word_1_117' title='bbox 673 755 764 790; x_wconf 82' lang='grc' dir='ltr'>δῆλον,</span> <span class='ocrx_word' id='word_1_118' title='bbox 789 756 828 787; x_wconf 81' lang='grc' dir='ltr'>ὡς</span> <span class='ocrx_word' id='word_1_119' title='bbox 840 755 936 789; x_wconf 74' lang='grc' dir='ltr'>ἔδειξε,</span> <span class='ocrx_word' id='word_1_120' title='bbox 953 757 1010 787; x_wconf 74' lang='grc' dir='ltr'>τοῖς</span> 
     </span>
    </p>
   </div>
   <div class='ocr_carea' id='block_1_18' title="bbox 218 801 1008 838">
    <p class='ocr_par' dir='ltr' id='par_1_18' title="bbox 218 801 1008 838">
     <span class='ocr_line' id='line_1_18' title="bbox 218 801 1008 838; baseline 0.001 -11"><span class='ocrx_word' id='word_1_121' title='bbox 218 801 336 838; x_wconf 72' lang='grc' dir='ltr'><strong>ἐχθροῖς,</strong></span> <span class='ocrx_word' id='word_1_122' title='bbox 351 802 386 836; x_wconf 36' lang='lat' dir='ltr'><strong>aut</strong></span> <span class='ocrx_word' id='word_1_123' title='bbox 417 802 446 829; x_wconf 76' lang='grc' dir='ltr'>δὲ</span> <span class='ocrx_word' id='word_1_124' title='bbox 460 802 527 837; x_wconf 78' lang='grc' dir='ltr'>πρὸς</span> <span class='ocrx_word' id='word_1_125' title='bbox 550 803 581 828; x_wconf 76' lang='grc' dir='ltr'>τὸ</span> <span class='ocrx_word' id='word_1_126' title='bbox 596 802 679 836; x_wconf 80' lang='grc' dir='ltr'>τυχὸν</span> <span class='ocrx_word' id='word_1_127' title='bbox 695 801 823 832; x_wconf 78' lang='grc' dir='ltr'>λαϐόντες</span> <span class='ocrx_word' id='word_1_128' title='bbox 839 801 1008 828; x_wconf 81' lang='grc' dir='ltr'>ὀπισθόπουν</span> 
     </span>
    </p>
   </div>
   <div class='ocr_carea' id='block_1_19' title="bbox 218 832 1045 884">
    <p class='ocr_par' dir='ltr' id='par_1_19' title="bbox 218 832 1045 884">
     <span class='ocr_line' id='line_1_19' title="bbox 218 832 1045 884; baseline -0.001 -10"><span class='ocrx_word' id='word_1_129' title='bbox 218 832 399 883; x_wconf 39' lang='grc' dir='ltr'>πεζήν-πορείαν</span> <span class='ocrx_word' id='word_1_130' title='bbox 413 832 572 884; x_wconf 67' lang='grc' dir='ltr'>πεποίηντο.</span> <span class='ocrx_word' id='word_1_131' title='bbox 588 832 700 884; x_wconf 38' lang='grc' dir='ltr'><strong>ΟὺΙμὴν</strong></span> <span class='ocrx_word' id='word_1_132' title='bbox 715 848 738 874; x_wconf 87' lang='grc' dir='ltr'>δ’</span> <span class='ocrx_word' id='word_1_133' title='bbox 753 847 822 875; x_wconf 83' lang='grc' dir='ltr'>ἀλλὰ</span> <span class='ocrx_word' id='word_1_134' title='bbox 840 847 895 874; x_wconf 81' lang='grc' dir='ltr'>οὐδ’</span> <span class='ocrx_word' id='word_1_135' title='bbox 907 848 931 874; x_wconf 82' lang='grc' dir='ltr'>οἱ</span> <span class='ocrx_word' id='word_1_136' title='bbox 943 847 1007 874; x_wconf 80' lang='grc' dir='ltr'><strong>καθ’</strong></span> <span class='ocrx_word' id='word_1_137' title='bbox 1022 832 1045 863; x_wconf 73' lang='grc' dir='ltr'><strong>Β</strong></span> 
     </span>
    </p>
   </div>
   <div class='ocr_carea' id='block_1_20' title="bbox 220 893 1008 930">
    <p class='ocr_par' dir='ltr' id='par_1_20' title="bbox 220 893 1008 930">
     <span class='ocr_line' id='line_1_20' title="bbox 220 893 1008 930; baseline 0 -10"><span class='ocrx_word' id='word_1_138' title='bbox 220 893 258 920; x_wconf 76' lang='grc' dir='ltr'>ἕω</span> <span class='ocrx_word' id='word_1_139' title='bbox 275 895 326 930; x_wconf 84' lang='grc' dir='ltr'><strong>τῆς</strong></span> <span class='ocrx_word' id='word_1_140' title='bbox 339 895 456 930; x_wconf 81' lang='grc' dir='ltr'>περαίας</span> <span class='ocrx_word' id='word_1_141' title='bbox 470 895 586 928; x_wconf 77' lang='grc' dir='ltr'>Τοῦρκοι</span> <span class='ocrx_word' id='word_1_142' title='bbox 596 894 688 925; x_wconf 79' lang='grc' dir='ltr'>καλῶς</span> <span class='ocrx_word' id='word_1_143' title='bbox 707 893 923 929; x_wconf 81' lang='grc' dir='ltr'>ἀπηλλάττοντο,</span> <span class='ocrx_word' id='word_1_144' title='bbox 939 893 1008 920; x_wconf 77' lang='grc' dir='ltr'>ἀλλὰ</span> 
     </span>
    </p>
   </div>
   <div class='ocr_carea' id='block_1_21' title="bbox 221 938 1010 976">
    <p class='ocr_par' dir='ltr' id='par_1_21' title="bbox 221 938 1010 976">
     <span class='ocr_line' id='line_1_21' title="bbox 221 938 1010 976; baseline -0.001 -9"><span class='ocrx_word' id='word_1_145' title='bbox 221 941 353 971; x_wconf 78' lang='grc' dir='ltr'>πολλάκις</span> <span class='ocrx_word' id='word_1_146' title='bbox 368 941 555 976; x_wconf 81' lang='grc' dir='ltr'>προσέϐαλλον</span> <span class='ocrx_word' id='word_1_147' title='bbox 581 941 629 968; x_wconf 73' lang='grc' dir='ltr'>καὶ</span> <span class='ocrx_word' id='word_1_148' title='bbox 652 939 766 970; x_wconf 80' lang='grc' dir='ltr'>πολλοὺς</span> <span class='ocrx_word' id='word_1_149' title='bbox 779 939 874 971; x_wconf 86' lang='grc' dir='ltr'>κακῶς</span> <span class='ocrx_word' id='word_1_150' title='bbox 899 938 1010 966; x_wconf 73' lang='grc' dir='ltr'>ἐποίουν</span> 
     </span>
    </p>
   </div>
   <div class='ocr_carea' id='block_1_22' title="bbox 220 984 1010 1023">
    <p class='ocr_par' dir='ltr' id='par_1_22' title="bbox 220 984 1010 1023">
     <span class='ocr_line' id='line_1_22' title="bbox 220 984 1010 1023; baseline -0.003 -9"><span class='ocrx_word' id='word_1_151' title='bbox 220 987 261 1020; x_wconf 83' lang='grc' dir='ltr'>ιις</span> <span class='ocrx_word' id='word_1_152' title='bbox 273 988 409 1023; x_wconf 64' lang='grc' dir='ltr'>τρυγητὶν</span> <span class='ocrx_word' id='word_1_153' title='bbox 431 987 565 1021; x_wconf 78' lang='grc' dir='ltr'>ἐξιόντας,</span> <span class='ocrx_word' id='word_1_154' title='bbox 588 987 659 1014; x_wconf 83' lang='grc' dir='ltr'>ὥστε</span> <span class='ocrx_word' id='word_1_155' title='bbox 675 987 724 1014; x_wconf 78' lang='grc' dir='ltr'><strong>καὶ</strong></span> <span class='ocrx_word' id='word_1_156' title='bbox 748 987 813 1018; x_wconf 77' lang='grc' dir='ltr'>τοὺς</span> <span class='ocrx_word' id='word_1_157' title='bbox 832 987 862 1013; x_wconf 83' lang='grc' dir='ltr'><strong>ὲν</strong></span> <span class='ocrx_word' id='word_1_158' title='bbox 874 986 914 1021; x_wconf 85' lang='grc' dir='ltr'><strong>τῷ</strong></span> <span class='ocrx_word' id='word_1_159' title='bbox 933 984 1010 1021; x_wconf 79' lang='grc' dir='ltr'>Ἱερῷ</span> 
     </span>
    </p>
   </div>
   <div class='ocr_carea' id='block_1_23' title="bbox 222 1074 1011 1109">
    <p class='ocr_par' dir='ltr' id='par_1_23' title="bbox 222 1074 1011 1109">
     <span class='ocr_line' id='line_1_23' title="bbox 222 1074 1011 1109; baseline 0 -8"><span class='ocrx_word' id='word_1_160' title='bbox 222 1079 310 1102; x_wconf 85' lang='lat' dir='ltr'><strong>torem</strong></span> <span class='ocrx_word' id='word_1_161' title='bbox 329 1075 556 1102; x_wconf 86' lang='lat' dir='ltr'><strong>continuandum.</strong></span> <span class='ocrx_word' id='word_1_162' title='bbox 582 1074 699 1102; x_wconf 76' lang='lat' dir='ltr'><strong>Vixdum</strong></span> <span class='ocrx_word' id='word_1_163' title='bbox 717 1082 748 1102; x_wconf 84' lang='lat' dir='ltr'><strong>ca</strong></span> <span class='ocrx_word' id='word_1_164' title='bbox 771 1074 859 1102; x_wconf 88' lang='lat' dir='ltr'><strong>tristia</strong></span> <span class='ocrx_word' id='word_1_165' title='bbox 881 1081 1011 1109; x_wconf 85' lang='lat' dir='ltr'><strong>responsa</strong></span> 
     </span>
    </p>
   </div>
   <div class='ocr_carea' id='block_1_24' title="bbox 219 1121 1011 1155">
    <p class='ocr_par' dir='ltr' id='par_1_24' title="bbox 219 1121 1011 1155">
     <span class='ocr_line' id='line_1_24' title="bbox 219 1121 1011 1155; baseline -0.003 -6"><span class='ocrx_word' id='word_1_166' title='bbox 219 1122 307 1149; x_wconf 84' lang='lat' dir='ltr'><strong>redux</strong></span> <span class='ocrx_word' id='word_1_167' title='bbox 327 1121 418 1148; x_wconf 78' lang='lat' dir='ltr'><strong>Abbas</strong></span> <span class='ocrx_word' id='word_1_168' title='bbox 432 1121 554 1155; x_wconf 78' lang='lat' dir='ltr'><strong>Augusw</strong></span> <span class='ocrx_word' id='word_1_169' title='bbox 573 1122 737 1153; x_wconf 70' lang='lat' dir='ltr'><strong>reddiderat,</strong></span> <span class='ocrx_word' id='word_1_170' title='bbox 754 1128 815 1148; x_wconf 89' lang='lat' dir='ltr'><strong>cum</strong></span> <span class='ocrx_word' id='word_1_171' title='bbox 829 1121 911 1148; x_wconf 88' lang='lat' dir='ltr'><strong>dttces</strong></span> <span class='ocrx_word' id='word_1_172' title='bbox 930 1123 1011 1148; x_wconf 78' lang='lat' dir='ltr'><strong>Amo-</strong></span> 
     </span>
    </p>
   </div>
   <div class='ocr_carea' id='block_1_25' title="bbox 221 1166 1012 1201">
    <p class='ocr_par' dir='ltr' id='par_1_25' title="bbox 221 1166 1012 1201">
     <span class='ocr_line' id='line_1_25' title="bbox 221 1166 1012 1201; baseline 0.001 -8"><span class='ocrx_word' id='word_1_173' title='bbox 221 1168 386 1201; x_wconf 80' lang='lat' dir='ltr'><strong>gabarorum</strong></span> <span class='ocrx_word' id='word_1_174' title='bbox 401 1167 528 1194; x_wconf 87' lang='lat' dir='ltr'><strong>ordinato</strong></span> <span class='ocrx_word' id='word_1_175' title='bbox 549 1167 672 1194; x_wconf 81' lang='lat' dir='ltr'><strong>exercitu</strong></span> <span class='ocrx_word' id='word_1_176' title='bbox 690 1168 744 1194; x_wconf 87' lang='lat' dir='ltr'><strong>iter</strong></span> <span class='ocrx_word' id='word_1_177' title='bbox 760 1171 832 1194; x_wconf 88' lang='lat' dir='ltr'><strong>recta</strong></span> <span class='ocrx_word' id='word_1_178' title='bbox 853 1166 1012 1194; x_wconf 85' lang='lat' dir='ltr'><strong>Constanti-</strong></span> 
     </span>
    </p>
   </div>
   <div class='ocr_carea' id='block_1_26' title="bbox 221 1212 1011 1248">
    <p class='ocr_par' dir='ltr' id='par_1_26' title="bbox 221 1212 1011 1248">
     <span class='ocr_line' id='line_1_26' title="bbox 221 1212 1011 1248; baseline 0.003 -10"><span class='ocrx_word' id='word_1_179' title='bbox 221 1212 341 1247; x_wconf 90' lang='lat' dir='ltr'><strong>nopolim</strong></span> <span class='ocrx_word' id='word_1_180' title='bbox 372 1213 603 1247; x_wconf 86' lang='lat' dir='ltr'><strong>pronuntiarunt,</strong></span> <span class='ocrx_word' id='word_1_181' title='bbox 629 1218 878 1248; x_wconf 83' lang='lat' dir='ltr'><strong>processeruntque</strong></span> <span class='ocrx_word' id='word_1_182' title='bbox 907 1213 1011 1244; x_wconf 87' lang='lat' dir='ltr'><strong>statim.</strong></span> 
     </span>
    </p>
   </div>
   <div class='ocr_carea' id='block_1_27' title="bbox 221 1257 1013 1290">
    <p class='ocr_par' dir='ltr' id='par_1_27' title="bbox 221 1257 1013 1290">
     <span class='ocr_line' id='line_1_27' title="bbox 221 1257 1013 1290; baseline 0.003 -8"><span class='ocrx_word' id='word_1_183' title='bbox 221 1257 381 1284; x_wconf 85' lang='lat' dir='ltr'><strong>instructam</strong></span> <span class='ocrx_word' id='word_1_184' title='bbox 407 1263 596 1290; x_wconf 77' lang='lat' dir='ltr'><strong>protnovetttes</strong></span> <span class='ocrx_word' id='word_1_185' title='bbox 613 1258 699 1284; x_wconf 89' lang='lat' dir='ltr'><strong>aciem</strong></span> <span class='ocrx_word' id='word_1_186' title='bbox 719 1257 801 1285; x_wconf 89' lang='lat' dir='ltr'><strong>solito</strong></span> <span class='ocrx_word' id='word_1_187' title='bbox 829 1257 957 1285; x_wconf 88' lang='lat' dir='ltr'><strong>lituortun</strong></span> <span class='ocrx_word' id='word_1_188' title='bbox 985 1263 1013 1285; x_wconf 89' lang='lat' dir='ltr'><strong>et</strong></span> 
     </span>
    </p>
   </div>
   <div class='ocr_carea' id='block_1_28' title="bbox 220 1301 1012 1336">
    <p class='ocr_par' dir='ltr' id='par_1_28' title="bbox 220 1301 1012 1336">
     <span class='ocr_line' id='line_1_28' title="bbox 220 1301 1012 1336; baseline 0.001 -8"><span class='ocrx_word' id='word_1_189' title='bbox 220 1309 353 1328; x_wconf 82' lang='lat' dir='ltr'><strong>cornuum</strong></span> <span class='ocrx_word' id='word_1_190' title='bbox 372 1306 463 1329; x_wconf 76' lang='lat' dir='ltr'><strong>cantu.</strong></span> <span class='ocrx_word' id='word_1_191' title='bbox 487 1301 570 1328; x_wconf 86' lang='lat' dir='ltr'><strong>Fatua</strong></span> <span class='ocrx_word' id='word_1_192' title='bbox 592 1301 650 1336; x_wconf 86' lang='lat' dir='ltr'><strong>ejus</strong></span> <span class='ocrx_word' id='word_1_193' title='bbox 673 1302 853 1336; x_wconf 72' lang='lat' dir='ltr'><strong>expeditionis</strong></span> <span class='ocrx_word' id='word_1_194' title='bbox 874 1307 1012 1330; x_wconf 89' lang='lat' dir='ltr'><strong>momento</strong></span> 
     </span>
    </p>
   </div>
   <div class='ocr_carea' id='block_1_29' title="bbox 222 1347 1012 1382">
    <p class='ocr_par' dir='ltr' id='par_1_29' title="bbox 222 1347 1012 1382">
     <span class='ocr_line' id='line_1_29' title="bbox 222 1347 1012 1382; baseline 0.001 -8"><span class='ocrx_word' id='word_1_195' title='bbox 222 1354 330 1380; x_wconf 71' lang='lat' dir='ltr'><strong>Sptll‘sj,</strong></span> <span class='ocrx_word' id='word_1_196' title='bbox 353 1347 444 1374; x_wconf 72' lang='lat' dir='ltr'><strong>videre</strong></span> <span class='ocrx_word' id='word_1_197' title='bbox 453 1348 552 1382; x_wconf 72' lang='lat' dir='ltr'><strong>passim</strong></span> <span class='ocrx_word' id='word_1_198' title='bbox 567 1352 626 1375; x_wconf 85' lang='lat' dir='ltr'><strong>erat</strong></span> <span class='ocrx_word' id='word_1_199' title='bbox 640 1352 775 1382; x_wconf 85' lang='lat' dir='ltr'><strong>quotquot</strong></span> <span class='ocrx_word' id='word_1_200' title='bbox 785 1347 921 1382; x_wconf 89' lang='lat' dir='ltr'><strong>degebant</strong></span> <span class='ocrx_word' id='word_1_201' title='bbox 934 1353 1012 1375; x_wconf 80' lang='lat' dir='ltr'><strong>extra</strong></span> 
     </span>
    </p>
   </div>
   <div class='ocr_carea' id='block_1_30' title="bbox 221 1392 1012 1428">
    <p class='ocr_par' dir='ltr' id='par_1_30' title="bbox 221 1392 1012 1428">
     <span class='ocr_line' id='line_1_30' title="bbox 221 1392 1012 1428; baseline 0.003 -10"><span class='ocrx_word' id='word_1_202' title='bbox 221 1392 316 1418; x_wconf 85' lang='lat' dir='ltr'><strong>urbem</strong></span> <span class='ocrx_word' id='word_1_203' title='bbox 342 1393 515 1419; x_wconf 68' lang='lat' dir='ltr'><strong>l‘cs:inatione</strong></span> <span class='ocrx_word' id='word_1_204' title='bbox 538 1393 655 1420; x_wconf 77' lang='lat' dir='ltr'><strong>maxima</strong></span> <span class='ocrx_word' id='word_1_205' title='bbox 680 1400 744 1420; x_wconf 85' lang='lat' dir='ltr'><strong>vasa</strong></span> <span class='ocrx_word' id='word_1_206' title='bbox 769 1393 909 1428; x_wconf 76' lang='lat' dir='ltr'><strong>colligere,</strong></span> <span class='ocrx_word' id='word_1_207' title='bbox 935 1401 1012 1420; x_wconf 88' lang='lat' dir='ltr'><strong>cum-</strong></span> 
     </span>
    </p>
   </div>
   <div class='ocr_carea' id='block_1_31' title="bbox 222 1439 1011 1474">
    <p class='ocr_par' dir='ltr' id='par_1_31' title="bbox 222 1439 1011 1474">
     <span class='ocr_line' id='line_1_31' title="bbox 222 1439 1011 1474; baseline 0.003 -10"><span class='ocrx_word' id='word_1_208' title='bbox 222 1447 274 1473; x_wconf 88' lang='lat' dir='ltr'><strong>que</strong></span> <span class='ocrx_word' id='word_1_209' title='bbox 285 1439 342 1465; x_wconf 87' lang='lat' dir='ltr'><strong>suis</strong></span> <span class='ocrx_word' id='word_1_210' title='bbox 354 1446 475 1473; x_wconf 83' lang='lat' dir='ltr'><strong>quosque</strong></span> <span class='ocrx_word' id='word_1_211' title='bbox 494 1440 611 1466; x_wconf 78' lang='lat' dir='ltr'><strong>sarcinis</strong></span> <span class='ocrx_word' id='word_1_212' title='bbox 625 1439 733 1466; x_wconf 88' lang='lat' dir='ltr'><strong>trudere</strong></span> <span class='ocrx_word' id='word_1_213' title='bbox 745 1447 774 1466; x_wconf 83' lang='lat' dir='ltr'><strong>se</strong></span> <span class='ocrx_word' id='word_1_214' title='bbox 788 1440 813 1466; x_wconf 93' lang='lat' dir='ltr'><strong>in</strong></span> <span class='ocrx_word' id='word_1_215' title='bbox 830 1444 923 1474; x_wconf 80' lang='lat' dir='ltr'><strong>portas</strong></span> <span class='ocrx_word' id='word_1_216' title='bbox 935 1439 1011 1467; x_wconf 89' lang='lat' dir='ltr'><strong>urbis</strong></span> 
     </span>
    </p>
   </div>
   <div class='ocr_carea' id='block_1_32' title="bbox 222 1485 1009 1521">
    <p class='ocr_par' dir='ltr' id='par_1_32' title="bbox 222 1485 1009 1521">
     <span class='ocr_line' id='line_1_32' title="bbox 222 1485 1009 1521; baseline 0.001 -10"><span class='ocrx_word' id='word_1_217' title='bbox 222 1493 294 1521; x_wconf 78' lang='lat' dir='ltr'><strong>a-gre</strong></span> <span class='ocrx_word' id='word_1_218' title='bbox 318 1485 424 1512; x_wconf 76' lang='lat' dir='ltr'><strong>turbem</strong></span> <span class='ocrx_word' id='word_1_219' title='bbox 451 1489 685 1512; x_wconf 83' lang='lat' dir='ltr'><strong>consternatorum</strong></span> <span class='ocrx_word' id='word_1_220' title='bbox 704 1486 730 1512; x_wconf 95' lang='lat' dir='ltr'><strong>in</strong></span> <span class='ocrx_word' id='word_1_221' title='bbox 758 1485 847 1519; x_wconf 79' lang='lat' dir='ltr'><strong>fugam</strong></span> <span class='ocrx_word' id='word_1_222' title='bbox 865 1485 1009 1519; x_wconf 75' lang='lat' dir='ltr'><strong>capientis.</strong></span> 
     </span>
    </p>
   </div>
   <div class='ocr_carea' id='block_1_33' title="bbox 224 1530 1009 1565">
    <p class='ocr_par' dir='ltr' id='par_1_33' title="bbox 224 1530 1009 1565">
     <span class='ocr_line' id='line_1_33' title="bbox 224 1530 1009 1565; baseline -0.001 -7"><span class='ocrx_word' id='word_1_223' title='bbox 224 1531 299 1559; x_wconf 88' lang='lat' dir='ltr'><strong>Unde</strong></span> <span class='ocrx_word' id='word_1_224' title='bbox 312 1536 339 1558; x_wconf 79' lang='lat' dir='ltr'><strong>et</strong></span> <span class='ocrx_word' id='word_1_225' title='bbox 357 1531 468 1565; x_wconf 82' lang='lat' dir='ltr'><strong>trajectu</strong></span> <span class='ocrx_word' id='word_1_226' title='bbox 492 1531 568 1558; x_wconf 92' lang='lat' dir='ltr'><strong>multi</strong></span> <span class='ocrx_word' id='word_1_227' title='bbox 585 1530 665 1564; x_wconf 80' lang='lat' dir='ltr'><strong>freto,</strong></span> <span class='ocrx_word' id='word_1_228' title='bbox 691 1531 792 1565; x_wconf 77' lang='lat' dir='ltr'><strong>aliique</strong></span> <span class='ocrx_word' id='word_1_229' title='bbox 809 1538 895 1565; x_wconf 84' lang='lat' dir='ltr'><strong>neque</strong></span> <span class='ocrx_word' id='word_1_230' title='bbox 920 1531 946 1557; x_wconf 90' lang='lat' dir='ltr'><strong>in</strong></span> <span class='ocrx_word' id='word_1_231' title='bbox 960 1531 1009 1558; x_wconf 86' lang='lat' dir='ltr'><strong>ad-</strong></span> 
     </span>
    </p>
   </div>
   <div class='ocr_carea' id='block_1_34' title="bbox 223 1576 1012 1609">
    <p class='ocr_par' dir='ltr' id='par_1_34' title="bbox 223 1576 1012 1609">
     <span class='ocr_line' id='line_1_34' title="bbox 223 1576 1012 1609; baseline -0.001 -5"><span class='ocrx_word' id='word_1_232' title='bbox 223 1584 303 1604; x_wconf 76' lang='lat' dir='ltr'><strong>versa</strong></span> <span class='ocrx_word' id='word_1_233' title='bbox 325 1584 355 1604; x_wconf 89' lang='lat' dir='ltr'><strong>se</strong></span> <span class='ocrx_word' id='word_1_234' title='bbox 378 1582 450 1605; x_wconf 89' lang='lat' dir='ltr'><strong>tutos</strong></span> <span class='ocrx_word' id='word_1_235' title='bbox 473 1576 630 1609; x_wconf 80' lang='lat' dir='ltr'><strong>continente</strong></span> <span class='ocrx_word' id='word_1_236' title='bbox 654 1577 717 1609; x_wconf 87' lang='lat' dir='ltr'><strong>rati,</strong></span> <span class='ocrx_word' id='word_1_237' title='bbox 741 1577 844 1603; x_wconf 92' lang='lat' dir='ltr'><strong>aditum</strong></span> <span class='ocrx_word' id='word_1_238' title='bbox 871 1577 1012 1604; x_wconf 87' lang='lat' dir='ltr'><strong>tentabant</strong></span> 
     </span>
    </p>
   </div>
   <div class='ocr_carea' id='block_1_35' title="bbox 223 1623 1012 1658">
    <p class='ocr_par' dir='ltr' id='par_1_35' title="bbox 223 1623 1012 1658">
     <span class='ocr_line' id='line_1_35' title="bbox 223 1623 1012 1658; baseline -0.001 -8"><span class='ocrx_word' id='word_1_239' title='bbox 223 1624 294 1650; x_wconf 85' lang='lat' dir='ltr'><strong>intra</strong></span> <span class='ocrx_word' id='word_1_240' title='bbox 323 1631 414 1655; x_wconf 80' lang='lat' dir='ltr'><strong>muros</strong></span> <span class='ocrx_word' id='word_1_241' title='bbox 433 1623 542 1655; x_wconf 70' lang='lat' dir='ltr'><strong>Peraeae,</strong></span> <span class='ocrx_word' id='word_1_242' title='bbox 560 1631 609 1650; x_wconf 86' lang='lat' dir='ltr'><strong>sua</strong></span> <span class='ocrx_word' id='word_1_243' title='bbox 632 1631 741 1658; x_wconf 85' lang='lat' dir='ltr'><strong>quoque</strong></span> <span class='ocrx_word' id='word_1_244' title='bbox 764 1630 818 1658; x_wconf 77' lang='lat' dir='ltr'><strong>prae</strong></span> <span class='ocrx_word' id='word_1_245' title='bbox 847 1631 876 1649; x_wconf 87' lang='lat' dir='ltr'><strong>se</strong></span> <span class='ocrx_word' id='word_1_246' title='bbox 900 1628 1012 1657; x_wconf 80' lang='lat' dir='ltr'><strong>agentes</strong></span> 
     </span>
    </p>
   </div>
   <div class='ocr_carea' id='block_1_36' title="bbox 222 1669 1012 1703">
    <p class='ocr_par' dir='ltr' id='par_1_36' title="bbox 222 1669 1012 1703">
     <span class='ocr_line' id='line_1_36' title="bbox 222 1669 1012 1703; baseline 0.001 -8"><span class='ocrx_word' id='word_1_247' title='bbox 222 1669 361 1700; x_wconf 82' lang='lat' dir='ltr'><strong>animalia,</strong></span> <span class='ocrx_word' id='word_1_248' title='bbox 379 1676 411 1696; x_wconf 89' lang='lat' dir='ltr'><strong>ac</strong></span> <span class='ocrx_word' id='word_1_249' title='bbox 432 1670 516 1696; x_wconf 81' lang='lat' dir='ltr'><strong>dense</strong></span> <span class='ocrx_word' id='word_1_250' title='bbox 533 1669 612 1695; x_wconf 87' lang='lat' dir='ltr'><strong>simul</strong></span> <span class='ocrx_word' id='word_1_251' title='bbox 632 1677 694 1696; x_wconf 91' lang='lat' dir='ltr'><strong>cum</strong></span> <span class='ocrx_word' id='word_1_252' title='bbox 713 1669 746 1696; x_wconf 90' lang='lat' dir='ltr'><strong>iis</strong></span> <span class='ocrx_word' id='word_1_253' title='bbox 768 1669 910 1696; x_wconf 73' lang='lat' dir='ltr'><strong>confertim</strong></span> <span class='ocrx_word' id='word_1_254' title='bbox 931 1677 1012 1703; x_wconf 86' lang='lat' dir='ltr'><strong>pene-</strong></span> 
     </span>
    </p>
   </div>
   <div class='ocr_carea' id='block_1_37' title="bbox 222 1711 1011 1746">
    <p class='ocr_par' dir='ltr' id='par_1_37' title="bbox 222 1711 1011 1746">
     <span class='ocr_line' id='line_1_37' title="bbox 222 1711 1011 1746; baseline 0.003 -8"><span class='ocrx_word' id='word_1_255' title='bbox 222 1714 340 1739; x_wconf 87' lang='lat' dir='ltr'><strong>trabant.</strong></span> <span class='ocrx_word' id='word_1_256' title='bbox 367 1711 519 1746; x_wconf 77' lang='lat' dir='ltr'><strong>Strata-que</strong></span> <span class='ocrx_word' id='word_1_257' title='bbox 535 1713 717 1739; x_wconf 73' lang='lat' dir='ltr'><strong>cernebantur</strong></span> <span class='ocrx_word' id='word_1_258' title='bbox 735 1712 784 1738; x_wconf 66' lang='lat' dir='ltr'><strong>viae</strong></span> <span class='ocrx_word' id='word_1_259' title='bbox 812 1712 911 1746; x_wconf 84' lang='lat' dir='ltr'><strong>passim</strong></span> <span class='ocrx_word' id='word_1_260' title='bbox 936 1711 1011 1740; x_wconf 80' lang='lat' dir='ltr'><strong>urbis</strong></span> 
     </span>
    </p>
   </div>
   <div class='ocr_carea' id='block_1_38' title="bbox 224 1757 1010 1792">
    <p class='ocr_par' dir='ltr' id='par_1_38' title="bbox 224 1757 1010 1792">
     <span class='ocr_line' id='line_1_38' title="bbox 224 1757 1010 1792; baseline 0 -8"><span class='ocrx_word' id='word_1_261' title='bbox 224 1766 255 1785; x_wconf 80' lang='lat' dir='ltr'><strong>ac</strong></span> <span class='ocrx_word' id='word_1_262' title='bbox 270 1758 365 1792; x_wconf 73' lang='lat' dir='ltr'><strong>plateae</strong></span> <span class='ocrx_word' id='word_1_263' title='bbox 382 1759 470 1785; x_wconf 86' lang='lat' dir='ltr'><strong>otiosa</strong></span> <span class='ocrx_word' id='word_1_264' title='bbox 482 1758 631 1792; x_wconf 85' lang='lat' dir='ltr'><strong>jacentium</strong></span> <span class='ocrx_word' id='word_1_265' title='bbox 649 1757 823 1785; x_wconf 76' lang='lat' dir='ltr'><strong>multitudine</strong></span> <span class='ocrx_word' id='word_1_266' title='bbox 836 1758 1010 1790; x_wconf 84' lang='lat' dir='ltr'><strong>rusticorum,</strong></span> 
     </span>
    </p>
   </div>
   <div class='ocr_carea' id='block_1_39' title="bbox 223 1803 1009 1838">
    <p class='ocr_par' dir='ltr' id='par_1_39' title="bbox 223 1803 1009 1838">
     <span class='ocr_line' id='line_1_39' title="bbox 223 1803 1009 1838; baseline -0.003 -6"><span class='ocrx_word' id='word_1_267' title='bbox 223 1805 388 1832; x_wconf 80' lang='lat' dir='ltr'><strong>intermissis</strong></span> <span class='ocrx_word' id='word_1_268' title='bbox 415 1805 475 1838; x_wconf 75' lang='lat' dir='ltr'><strong>agri</strong></span> <span class='ocrx_word' id='word_1_269' title='bbox 508 1804 637 1838; x_wconf 74' lang='lat' dir='ltr'><strong>operibus</strong></span> <span class='ocrx_word' id='word_1_270' title='bbox 663 1804 734 1831; x_wconf 88' lang='lat' dir='ltr'><strong>tnale</strong></span> <span class='ocrx_word' id='word_1_271' title='bbox 764 1803 819 1831; x_wconf 92' lang='lat' dir='ltr'><strong>illic</strong></span> <span class='ocrx_word' id='word_1_272' title='bbox 843 1803 1009 1831; x_wconf 72' lang='lat' dir='ltr'><strong>feriantium.</strong></span> 
     </span>
    </p>
   </div>
   <div class='ocr_carea' id='block_1_40' title="bbox 222 1850 1010 1886">
    <p class='ocr_par' dir='ltr' id='par_1_40' title="bbox 222 1850 1010 1886">
     <span class='ocr_line' id='line_1_40' title="bbox 222 1850 1010 1886; baseline -0.003 -8"><span class='ocrx_word' id='word_1_273' title='bbox 222 1851 271 1878; x_wconf 84' lang='lat' dir='ltr'><strong>llis</strong></span> <span class='ocrx_word' id='word_1_274' title='bbox 287 1850 368 1878; x_wconf 85' lang='lat' dir='ltr'><strong>malis</strong></span> <span class='ocrx_word' id='word_1_275' title='bbox 394 1850 546 1884; x_wconf 78' lang='lat' dir='ltr'><strong>patriarcha</strong></span> <span class='ocrx_word' id='word_1_276' title='bbox 569 1857 623 1882; x_wconf 79' lang='lat' dir='ltr'><strong>non</strong></span> <span class='ocrx_word' id='word_1_277' title='bbox 648 1850 722 1877; x_wconf 89' lang='lat' dir='ltr'><strong>aliud</strong></span> <span class='ocrx_word' id='word_1_278' title='bbox 747 1857 828 1886; x_wconf 83' lang='lat' dir='ltr'><strong>quam</strong></span> <span class='ocrx_word' id='word_1_279' title='bbox 852 1855 1010 1877; x_wconf 88' lang='lat' dir='ltr'><strong>consuetum</strong></span> 
     </span>
    </p>
   </div>
   <div class='ocr_carea' id='block_1_41' title="bbox 222 1895 1011 1931">
    <p class='ocr_par' dir='ltr' id='par_1_41' title="bbox 222 1895 1011 1931">
     <span class='ocr_line' id='line_1_41' title="bbox 222 1895 1011 1931; baseline -0.003 -7"><span class='ocrx_word' id='word_1_280' title='bbox 222 1897 273 1931; x_wconf 87' lang='lat' dir='ltr'><strong>ipsi</strong></span> <span class='ocrx_word' id='word_1_281' title='bbox 303 1897 451 1930; x_wconf 84' lang='lat' dir='ltr'><strong>remedium</strong></span> <span class='ocrx_word' id='word_1_282' title='bbox 481 1895 629 1928; x_wconf 76' lang='lat' dir='ltr'><strong>adhibebat</strong></span> <span class='ocrx_word' id='word_1_283' title='bbox 651 1903 763 1924; x_wconf 87' lang='lat' dir='ltr'><strong>suarum</strong></span> <span class='ocrx_word' id='word_1_284' title='bbox 786 1896 953 1929; x_wconf 82' lang='lat' dir='ltr'><strong>litaniarum,</strong></span> <span class='ocrx_word' id='word_1_285' title='bbox 977 1896 1011 1923; x_wconf 83' lang='lat' dir='ltr'><strong>iis</strong></span> 
     </span>
    </p>
   </div>
   <div class='ocr_carea' id='block_1_42' title="bbox 221 1941 1009 1977">
    <p class='ocr_par' dir='ltr' id='par_1_42' title="bbox 221 1941 1009 1977">
     <span class='ocr_line' id='line_1_42' title="bbox 221 1941 1009 1977; baseline 0.001 -9"><span class='ocrx_word' id='word_1_286' title='bbox 221 1949 285 1970; x_wconf 92' lang='lat' dir='ltr'><strong>tunc</strong></span> <span class='ocrx_word' id='word_1_287' title='bbox 299 1941 445 1970; x_wconf 86' lang='lat' dir='ltr'><strong>instantius</strong></span> <span class='ocrx_word' id='word_1_288' title='bbox 461 1942 583 1977; x_wconf 86' lang='lat' dir='ltr'><strong>quotidie</strong></span> <span class='ocrx_word' id='word_1_289' title='bbox 600 1942 671 1969; x_wconf 88' lang='lat' dir='ltr'><strong>intra</strong></span> <span class='ocrx_word' id='word_1_290' title='bbox 685 1942 778 1969; x_wconf 85' lang='lat' dir='ltr'><strong>urbem</strong></span> <span class='ocrx_word' id='word_1_291' title='bbox 793 1941 1009 1976; x_wconf 81' lang='lat' dir='ltr'><strong>frequentandis.</strong></span> 
     </span>
    </p>
   </div>
   <div class='ocr_carea' id='block_1_43' title="bbox 220 1988 1009 2024">
    <p class='ocr_par' dir='ltr' id='par_1_43' title="bbox 220 1988 1009 2024">
     <span class='ocr_line' id='line_1_43' title="bbox 220 1988 1009 2024; baseline -0.003 -8"><span class='ocrx_word' id='word_1_292' title='bbox 220 1988 371 2024; x_wconf 87' lang='lat' dir='ltr'><strong>Imperator</strong></span> <span class='ocrx_word' id='word_1_293' title='bbox 393 1994 483 2019; x_wconf 75' lang='lat' dir='ltr'><strong>autem</strong></span> <span class='ocrx_word' id='word_1_294' title='bbox 509 1989 680 2018; x_wconf 80' lang='lat' dir='ltr'><strong>exanimatus</strong></span> <span class='ocrx_word' id='word_1_295' title='bbox 706 1988 774 2016; x_wconf 82' lang='lat' dir='ltr'><strong>diris</strong></span> <span class='ocrx_word' id='word_1_296' title='bbox 803 1988 905 2016; x_wconf 88' lang='lat' dir='ltr'><strong>nuntiis</strong></span> <span class='ocrx_word' id='word_1_297' title='bbox 931 1989 1009 2024; x_wconf 85' lang='lat' dir='ltr'><strong>(nam</strong></span> 
     </span>
    </p>
   </div>
   <div class='ocr_carea' id='block_1_44' title="bbox 220 2033 1010 2069">
    <p class='ocr_par' dir='ltr' id='par_1_44' title="bbox 220 2033 1010 2069">
     <span class='ocr_line' id='line_1_44' title="bbox 220 2033 1010 2069; baseline -0.003 -7"><span class='ocrx_word' id='word_1_298' title='bbox 220 2034 311 2062; x_wconf 71' lang='lat' dir='ltr'><strong>caedes</strong></span> <span class='ocrx_word' id='word_1_299' title='bbox 327 2034 416 2061; x_wconf 89' lang='lat' dir='ltr'><strong>obiter</strong></span> <span class='ocrx_word' id='word_1_300' title='bbox 432 2033 495 2062; x_wconf 77' lang='lat' dir='ltr'><strong>fera:</strong></span> <span class='ocrx_word' id='word_1_301' title='bbox 511 2034 669 2068; x_wconf 64' lang='lat' dir='ltr'><strong>crebraeque</strong></span> <span class='ocrx_word' id='word_1_302' title='bbox 688 2033 722 2061; x_wconf 90' lang='lat' dir='ltr'><strong>ab</strong></span> <span class='ocrx_word' id='word_1_303' title='bbox 736 2034 915 2069; x_wconf 82' lang='lat' dir='ltr'><strong>Amogabaris</strong></span> <span class='ocrx_word' id='word_1_304' title='bbox 932 2033 1010 2063; x_wconf 67' lang='lat' dir='ltr'><strong>fault!</strong></span> 
     </span>
    </p>
   </div>
   <div class='ocr_carea' id='block_1_45' title="bbox 222 2079 1009 2113">
    <p class='ocr_par' dir='ltr' id='par_1_45' title="bbox 222 2079 1009 2113">
     <span class='ocr_line' id='line_1_45' title="bbox 222 2079 1009 2113; baseline 0 -6"><span class='ocrx_word' id='word_1_305' title='bbox 222 2081 453 2113; x_wconf 84' lang='lat' dir='ltr'><strong>memorabantur,</strong></span> <span class='ocrx_word' id='word_1_306' title='bbox 480 2087 533 2106; x_wconf 89' lang='lat' dir='ltr'><strong>una</strong></span> <span class='ocrx_word' id='word_1_307' title='bbox 555 2080 598 2107; x_wconf 85' lang='lat' dir='ltr'><strong>his</strong></span> <span class='ocrx_word' id='word_1_308' title='bbox 624 2079 859 2107; x_wconf 85' lang='lat' dir='ltr'><strong>consolatiuncula</strong></span> <span class='ocrx_word' id='word_1_309' title='bbox 883 2081 1009 2112; x_wconf 87' lang='lat' dir='ltr'><strong>admista,</strong></span> 
     </span>
    </p>
   </div>
   <div class='ocr_carea' id='block_1_46' title="bbox 222 2125 1010 2161">
    <p class='ocr_par' dir='ltr' id='par_1_46' title="bbox 222 2125 1010 2161">
     <span class='ocr_line' id='line_1_46' title="bbox 222 2125 1010 2161; baseline 0.001 -9"><span class='ocrx_word' id='word_1_310' title='bbox 222 2126 293 2160; x_wconf 84' lang='lat' dir='ltr'><strong>quod</strong></span> <span class='ocrx_word' id='word_1_311' title='bbox 310 2125 343 2152; x_wconf 91' lang='lat' dir='ltr'><strong>iis</strong></span> <span class='ocrx_word' id='word_1_312' title='bbox 364 2132 398 2153; x_wconf 90' lang='lat' dir='ltr'><strong>ne</strong></span> <span class='ocrx_word' id='word_1_313' title='bbox 412 2125 584 2159; x_wconf 85' lang='lat' dir='ltr'><strong>pervenirent</strong></span> <span class='ocrx_word' id='word_1_314' title='bbox 601 2125 876 2160; x_wconf 86' lang='lat' dir='ltr'><strong>Constantinopolim,</strong></span> <span class='ocrx_word' id='word_1_315' title='bbox 893 2133 946 2161; x_wconf 92' lang='lat' dir='ltr'><strong>quo</strong></span> <span class='ocrx_word' id='word_1_316' title='bbox 959 2126 1010 2153; x_wconf 87' lang='lat' dir='ltr'><strong>iter</strong></span> 
     </span>
    </p>
   </div>
   <div class='ocr_carea' id='block_1_47' title="bbox 1060 204 1847 240">
    <p class='ocr_par' dir='ltr' id='par_1_47' title="bbox 1060 204 1847 240">
     <span class='ocr_line' id='line_1_47' title="bbox 1060 204 1847 240; baseline 0.003 -10"><span class='ocrx_word' id='word_1_317' title='bbox 1060 213 1100 231; x_wconf 84' lang='grc' dir='ltr'>νοι</span> <span class='ocrx_word' id='word_1_318' title='bbox 1123 205 1251 234; x_wconf 78' lang='grc' dir='ltr'>λαθόντες</span> <span class='ocrx_word' id='word_1_319' title='bbox 1282 206 1423 239; x_wconf 76' lang='grc' dir='ltr'><strong>ἐγένοντο,</strong></span> <span class='ocrx_word' id='word_1_320' title='bbox 1449 205 1474 230; x_wconf 80' lang='grc' dir='ltr'>εἰ</span> <span class='ocrx_word' id='word_1_321' title='bbox 1503 204 1550 230; x_wconf 69' lang='grc' dir='ltr'>καὶ</span> <span class='ocrx_word' id='word_1_322' title='bbox 1573 204 1652 236; x_wconf 77' lang='grc' dir='ltr'>αὖθις</span> <span class='ocrx_word' id='word_1_323' title='bbox 1677 204 1847 240; x_wconf 74' lang='grc' dir='ltr'>φοϐηθέντες</span> 
     </span>
    </p>
   </div>
   <div class='ocr_carea' id='block_1_48' title="bbox 1060 250 1849 287">
    <p class='ocr_par' dir='ltr' id='par_1_48' title="bbox 1060 250 1849 287">
     <span class='ocr_line' id='line_1_48' title="bbox 1060 250 1849 287; baseline 0.003 -10"><span class='ocrx_word' id='word_1_324' title='bbox 1060 251 1188 286; x_wconf 76' lang='grc' dir='ltr'><strong>ἐξῄεσαν,</strong></span> <span class='ocrx_word' id='word_1_325' title='bbox 1211 251 1260 286; x_wconf 84' lang='grc' dir='ltr'>οὐχ</span> <span class='ocrx_word' id='word_1_326' title='bbox 1285 251 1372 278; x_wconf 75' lang='grc' dir='ltr'>ἱκανοὶ</span> <span class='ocrx_word' id='word_1_327' title='bbox 1388 251 1419 277; x_wconf 77' lang='grc' dir='ltr'><strong>τὸ</strong></span> <span class='ocrx_word' id='word_1_328' title='bbox 1444 250 1545 286; x_wconf 83' lang='grc' dir='ltr'>πλῆθος</span> <span class='ocrx_word' id='word_1_329' title='bbox 1571 250 1648 282; x_wconf 81' lang='grc' dir='ltr'>ὄντες</span> <span class='ocrx_word' id='word_1_330' title='bbox 1673 251 1801 287; x_wconf 83' lang='grc' dir='ltr'><strong>κατέχειν</strong></span> <span class='ocrx_word' id='word_1_331' title='bbox 1815 253 1849 279; x_wconf 77' lang='grc' dir='ltr'><strong>τὸ</strong></span> 
     </span>
    </p>
   </div>
   <div class='ocr_carea' id='block_1_49' title="bbox 1061 296 1852 332">
    <p class='ocr_par' dir='ltr' id='par_1_49' title="bbox 1061 296 1852 332">
     <span class='ocr_line' id='line_1_49' title="bbox 1061 296 1852 332; baseline 0 -8"><span class='ocrx_word' id='word_1_332' title='bbox 1061 297 1203 332; x_wconf 82' lang='grc' dir='ltr'>φρούριον.</span> <span class='ocrx_word' id='word_1_333' title='bbox 1219 297 1385 324; x_wconf 76' lang='grc' dir='ltr'>καταδολαῖε</span> <span class='ocrx_word' id='word_1_334' title='bbox 1398 297 1576 331; x_wconf 81' lang='grc' dir='ltr'><strong>τεταγμένων</strong></span> <span class='ocrx_word' id='word_1_335' title='bbox 1597 296 1684 324; x_wconf 84' lang='grc' dir='ltr'>τελῶν</span> <span class='ocrx_word' id='word_1_336' title='bbox 1695 298 1745 329; x_wconf 84' lang='grc' dir='ltr'><strong>τὰς</strong></span> <span class='ocrx_word' id='word_1_337' title='bbox 1765 305 1852 325; x_wconf 80' lang='grc' dir='ltr'>σπον-</span> 
     </span>
    </p>
   </div>
   <div class='ocr_carea' id='block_1_50' title="bbox 1059 342 1852 377">
    <p class='ocr_par' dir='ltr' id='par_1_50' title="bbox 1059 342 1852 377">
     <span class='ocr_line' id='line_1_50' title="bbox 1059 342 1852 377; baseline -0.001 -7"><span class='ocrx_word' id='word_1_338' title='bbox 1059 344 1107 376; x_wconf 83' lang='grc' dir='ltr'><strong>δὰς</strong></span> <span class='ocrx_word' id='word_1_339' title='bbox 1122 343 1260 370; x_wconf 80' lang='grc' dir='ltr'>ὠνεῖσθαι.</span> <span class='ocrx_word' id='word_1_340' title='bbox 1277 343 1339 373; x_wconf 75' lang='grc' dir='ltr'>Τοῖς</span> <span class='ocrx_word' id='word_1_341' title='bbox 1359 342 1388 369; x_wconf 76' lang='grc' dir='ltr'>δὲ</span> <span class='ocrx_word' id='word_1_342' title='bbox 1403 344 1450 370; x_wconf 68' lang='grc' dir='ltr'>καὶ</span> <span class='ocrx_word' id='word_1_343' title='bbox 1462 343 1534 369; x_wconf 83' lang='grc' dir='ltr'>κατὰ</span> <span class='ocrx_word' id='word_1_344' title='bbox 1550 343 1599 377; x_wconf 81' lang='grc' dir='ltr'>τὴν</span> <span class='ocrx_word' id='word_1_345' title='bbox 1614 342 1729 377; x_wconf 82' lang='grc' dir='ltr'>Μηλέαν</span> <span class='ocrx_word' id='word_1_346' title='bbox 1745 351 1852 377; x_wconf 76' lang='grc' dir='ltr'>τραχυ-</span> 
     </span>
    </p>
   </div>
   <div class='ocr_carea' id='block_1_51' title="bbox 1061 387 1853 423">
    <p class='ocr_par' dir='ltr' id='par_1_51' title="bbox 1061 387 1853 423">
     <span class='ocr_line' id='line_1_51' title="bbox 1061 387 1853 423; baseline -0.004 -7"><span class='ocrx_word' id='word_1_347' title='bbox 1061 389 1183 423; x_wconf 75' lang='grc' dir='ltr'>νομένοις</span> <span class='ocrx_word' id='word_1_348' title='bbox 1205 388 1253 415; x_wconf 73' lang='grc' dir='ltr'>καὶ</span> <span class='ocrx_word' id='word_1_349' title='bbox 1269 388 1377 420; x_wconf 81' lang='grc' dir='ltr'>πολλοῖς</span> <span class='ocrx_word' id='word_1_350' title='bbox 1383 388 1417 422; x_wconf 46' lang='grc' dir='ltr'><strong>,ὲν</strong></span> <span class='ocrx_word' id='word_1_351' title='bbox 1430 387 1504 422; x_wconf 80' lang='grc' dir='ltr'>αὐτῷ</span> <span class='ocrx_word' id='word_1_352' title='bbox 1515 388 1633 414; x_wconf 77' lang='grc' dir='ltr'>συστᾶσι</span> <span class='ocrx_word' id='word_1_353' title='bbox 1646 388 1677 413; x_wconf 76' lang='grc' dir='ltr'>τὸ</span> <span class='ocrx_word' id='word_1_354' title='bbox 1686 387 1745 414; x_wconf 75' lang='grc' dir='ltr'>ἐκεῖ</span> <span class='ocrx_word' id='word_1_355' title='bbox 1764 387 1853 422; x_wconf 76' lang='grc' dir='ltr'>μάχι-</span> 
     </span>
    </p>
   </div>
   <div class='ocr_carea' id='block_1_52' title="bbox 1062 431 1852 469">
    <p class='ocr_par' dir='ltr' id='par_1_52' title="bbox 1062 431 1852 469">
     <span class='ocr_line' id='line_1_52' title="bbox 1062 431 1852 469; baseline -0.004 -8"><span class='ocrx_word' id='word_1_356' title='bbox 1062 443 1112 469; x_wconf 88' lang='grc' dir='ltr'><strong>μον</strong></span> <span class='ocrx_word' id='word_1_357' title='bbox 1129 434 1262 468; x_wconf 80' lang='grc' dir='ltr'><strong>ἐμπίπτει</strong></span> <span class='ocrx_word' id='word_1_358' title='bbox 1281 433 1328 460; x_wconf 78' lang='grc' dir='ltr'><strong>καὶ</strong></span> <span class='ocrx_word' id='word_1_359' title='bbox 1339 434 1386 460; x_wconf 76' lang='grc' dir='ltr'><strong>ἐπὶ</strong></span> <span class='ocrx_word' id='word_1_360' title='bbox 1396 432 1444 460; x_wconf 84' lang='grc' dir='ltr'>τοῦ</span> <span class='ocrx_word' id='word_1_361' title='bbox 1456 433 1668 468; x_wconf 84' lang='grc' dir='ltr'><strong>προτερήματος</strong></span> <span class='ocrx_word' id='word_1_362' title='bbox 1682 432 1800 466; x_wconf 77' lang='grc' dir='ltr'>γίνεται,</span> <span class='ocrx_word' id='word_1_363' title='bbox 1811 431 1852 463; x_wconf 80' lang='grc' dir='ltr'><strong>ὡς</strong></span> 
     </span>
    </p>
   </div>
   <div class='ocr_carea' id='block_1_53' title="bbox 1061 477 1853 515">
    <p class='ocr_par' dir='ltr' id='par_1_53' title="bbox 1061 477 1853 515">
     <span class='ocr_line' id='line_1_53' title="bbox 1061 477 1853 515; baseline -0.004 -9"><span class='ocrx_word' id='word_1_364' title='bbox 1061 480 1110 515; x_wconf 79' lang='grc' dir='ltr'>τῆς</span> <span class='ocrx_word' id='word_1_365' title='bbox 1125 479 1210 514; x_wconf 83' lang='grc' dir='ltr'>αὐτῆς</span> <span class='ocrx_word' id='word_1_366' title='bbox 1240 479 1333 514; x_wconf 81' lang='grc' dir='ltr'>σχεδὸν</span> <span class='ocrx_word' id='word_1_367' title='bbox 1348 478 1457 514; x_wconf 77' lang='grc' dir='ltr'>ἡμέρας</span> <span class='ocrx_word' id='word_1_368' title='bbox 1472 478 1568 512; x_wconf 82' lang='grc' dir='ltr'>φήμας</span> <span class='ocrx_word' id='word_1_369' title='bbox 1592 477 1699 511; x_wconf 76' lang='grc' dir='ltr'>ἀγαθὰς</span> <span class='ocrx_word' id='word_1_370' title='bbox 1716 477 1764 503; x_wconf 85' lang='grc' dir='ltr'>τὸν</span> <span class='ocrx_word' id='word_1_371' title='bbox 1776 485 1853 511; x_wconf 84' lang='grc' dir='ltr'>κρα-</span> 
     </span>
    </p>
   </div>
   <div class='ocr_carea' id='block_1_54' title="bbox 1060 523 1852 560">
    <p class='ocr_par' dir='ltr' id='par_1_54' title="bbox 1060 523 1852 560">
     <span class='ocr_line' id='line_1_54' title="bbox 1060 523 1852 560; baseline -0.004 -8"><span class='ocrx_word' id='word_1_372' title='bbox 1060 526 1160 552; x_wconf 81' lang='grc' dir='ltr'>τοῦντα</span> <span class='ocrx_word' id='word_1_373' title='bbox 1173 526 1220 552; x_wconf 79' lang='grc' dir='ltr'>καὶ</span> <span class='ocrx_word' id='word_1_374' title='bbox 1234 525 1431 560; x_wconf 78' lang='grc' dir='ltr'>ἀμφοτέρωθεν</span> <span class='ocrx_word' id='word_1_375' title='bbox 1454 524 1595 557; x_wconf 76' lang='grc' dir='ltr'>δέξασθαι.</span> <span class='ocrx_word' id='word_1_376' title='bbox 1611 524 1705 557; x_wconf 79' lang='grc' dir='ltr'>Ἔδοξε</span> <span class='ocrx_word' id='word_1_377' title='bbox 1719 523 1749 550; x_wconf 70' lang='grc' dir='ltr'>δὲ</span> <span class='ocrx_word' id='word_1_378' title='bbox 1760 523 1852 550; x_wconf 82' lang='grc' dir='ltr'><strong>ταῦτα.</strong></span> 
     </span>
    </p>
   </div>
   <div class='ocr_carea' id='block_1_55' title="bbox 1060 569 1852 607">
    <p class='ocr_par' dir='ltr' id='par_1_55' title="bbox 1060 569 1852 607">
     <span class='ocr_line' id='line_1_55' title="bbox 1060 569 1852 607; baseline -0.005 -8"><span class='ocrx_word' id='word_1_379' title='bbox 1060 572 1115 599; x_wconf 84' lang='grc' dir='ltr'>τῶν</span> <span class='ocrx_word' id='word_1_380' title='bbox 1134 572 1238 607; x_wconf 83' lang='grc' dir='ltr'><strong>συχνῶν</strong></span> <span class='ocrx_word' id='word_1_381' title='bbox 1252 572 1365 599; x_wconf 72' lang='grc' dir='ltr'>ἐκείνων</span> <span class='ocrx_word' id='word_1_382' title='bbox 1379 571 1522 598; x_wconf 84' lang='grc' dir='ltr'>λιτανειῶν</span> <span class='ocrx_word' id='word_1_383' title='bbox 1533 571 1581 597; x_wconf 78' lang='grc' dir='ltr'><strong>τοῦ</strong></span> <span class='ocrx_word' id='word_1_384' title='bbox 1596 569 1852 606; x_wconf 77' lang='grc' dir='ltr'>πατριαρχεύοντος</span> 
     </span>
    </p>
   </div>
   <div class='ocr_carea' id='block_1_56' title="bbox 1061 616 1852 653">
    <p class='ocr_par' dir='ltr' id='par_1_56' title="bbox 1061 616 1852 653">
     <span class='ocr_line' id='line_1_56' title="bbox 1061 616 1852 653; baseline -0.004 -8"><span class='ocrx_word' id='word_1_385' title='bbox 1061 619 1212 653; x_wconf 77' lang='grc' dir='ltr'>κὰρπωμα,</span> <span class='ocrx_word' id='word_1_386' title='bbox 1228 618 1276 644; x_wconf 75' lang='grc' dir='ltr'>καὶ</span> <span class='ocrx_word' id='word_1_387' title='bbox 1288 616 1322 653; x_wconf 84' lang='grc' dir='ltr'><strong>ἦν</strong></span> <span class='ocrx_word' id='word_1_388' title='bbox 1338 617 1465 644; x_wconf 78' lang='grc' dir='ltr'>ἐντεῦθεν</span> <span class='ocrx_word' id='word_1_389' title='bbox 1486 619 1548 649; x_wconf 74' lang='grc' dir='ltr'>τοῖς</span> <span class='ocrx_word' id='word_1_390' title='bbox 1561 616 1732 652; x_wconf 74' lang='grc' dir='ltr'>γεωργοῦσιν</span> <span class='ocrx_word' id='word_1_391' title='bbox 1744 616 1852 649; x_wconf 70' lang='grc' dir='ltr'>ἐξιέναι</span> 
     </span>
    </p>
   </div>
   <div class='ocr_carea' id='block_1_57' title="bbox 1060 661 1854 699">
    <p class='ocr_par' dir='ltr' id='par_1_57' title="bbox 1060 661 1854 699">
     <span class='ocr_line' id='line_1_57' title="bbox 1060 661 1854 699; baseline -0.004 -9"><span class='ocrx_word' id='word_1_392' title='bbox 1060 665 1132 691; x_wconf 85' lang='grc' dir='ltr'>κατὰ</span> <span class='ocrx_word' id='word_1_393' title='bbox 1146 665 1251 699; x_wconf 79' lang='grc' dir='ltr'>σπορὰν</span> <span class='ocrx_word' id='word_1_394' title='bbox 1263 663 1318 690; x_wconf 85' lang='grc' dir='ltr'>τῶν</span> <span class='ocrx_word' id='word_1_395' title='bbox 1335 663 1496 699; x_wconf 84' lang='grc' dir='ltr'>καρπίμων,</span> <span class='ocrx_word' id='word_1_396' title='bbox 1511 664 1535 689; x_wconf 90' lang='grc' dir='ltr'>ει</span> <span class='ocrx_word' id='word_1_397' title='bbox 1546 663 1595 689; x_wconf 75' lang='grc' dir='ltr'><strong>καὶ</strong></span> <span class='ocrx_word' id='word_1_398' title='bbox 1610 661 1689 694; x_wconf 77' lang='grc' dir='ltr'>αὖθις</span> <span class='ocrx_word' id='word_1_399' title='bbox 1704 662 1781 689; x_wconf 75' lang='grc' dir='ltr'>ἐνθεν</span> <span class='ocrx_word' id='word_1_400' title='bbox 1800 662 1854 696; x_wconf 81' lang='grc' dir='ltr'>μὲν</span> 
     </span>
    </p>
   </div>
   <div class='ocr_carea' id='block_1_58' title="bbox 1061 707 1853 744">
    <p class='ocr_par' dir='ltr' id='par_1_58' title="bbox 1061 707 1853 744">
     <span class='ocr_line' id='line_1_58' title="bbox 1061 707 1853 744; baseline -0.004 -8"><span class='ocrx_word' id='word_1_401' title='bbox 1061 709 1078 744; x_wconf 83' lang='grc' dir='ltr'><strong>ἠ</strong></span> <span class='ocrx_word' id='word_1_402' title='bbox 1093 710 1147 736; x_wconf 84' lang='grc' dir='ltr'><strong>τῶν</strong></span> <span class='ocrx_word' id='word_1_403' title='bbox 1160 709 1265 744; x_wconf 70' lang='grc' dir='ltr'>ἐχθρῶν</span> <span class='ocrx_word' id='word_1_404' title='bbox 1278 709 1431 744; x_wconf 81' lang='grc' dir='ltr'>προσδοκία</span> <span class='ocrx_word' id='word_1_405' title='bbox 1440 709 1488 736; x_wconf 75' lang='grc' dir='ltr'><strong>καὶ</strong></span> <span class='ocrx_word' id='word_1_406' title='bbox 1502 710 1516 735; x_wconf 84' lang='grc' dir='ltr'><strong>ό</strong></span> <span class='ocrx_word' id='word_1_407' title='bbox 1531 709 1638 736; x_wconf 75' lang='grc' dir='ltr'>ἐκεῖθεν</span> <span class='ocrx_word' id='word_1_408' title='bbox 1653 708 1746 742; x_wconf 73' lang='grc' dir='ltr'>φόῦος,</span> <span class='ocrx_word' id='word_1_409' title='bbox 1757 707 1853 734; x_wconf 71' lang='grc' dir='ltr'>ἐντεῦ-</span> 
     </span>
    </p>
   </div>
   <div class='ocr_carea' id='block_1_59' title="bbox 1061 753 1854 790">
    <p class='ocr_par' dir='ltr' id='par_1_59' title="bbox 1061 753 1854 790">
     <span class='ocr_line' id='line_1_59' title="bbox 1061 753 1854 790; baseline -0.004 -7"><span class='ocrx_word' id='word_1_410' title='bbox 1061 756 1106 783; x_wconf 78' lang='grc' dir='ltr'>θεν</span> <span class='ocrx_word' id='word_1_411' title='bbox 1121 756 1149 783; x_wconf 79' lang='grc' dir='ltr'>δὲ</span> <span class='ocrx_word' id='word_1_412' title='bbox 1160 757 1207 783; x_wconf 80' lang='grc' dir='ltr'><strong>καὶ</strong></span> <span class='ocrx_word' id='word_1_413' title='bbox 1225 757 1255 782; x_wconf 70' lang='grc' dir='ltr'>τὺ</span> <span class='ocrx_word' id='word_1_414' title='bbox 1271 755 1444 783; x_wconf 80' lang='grc' dir='ltr'>κεκωλῦσθαι</span> <span class='ocrx_word' id='word_1_415' title='bbox 1466 754 1592 790; x_wconf 86' lang='grc' dir='ltr'>σπείρειν</span> <span class='ocrx_word' id='word_1_416' title='bbox 1603 775 1611 788; x_wconf 85' lang='grc'>,</span> <span class='ocrx_word' id='word_1_417' title='bbox 1631 755 1702 782; x_wconf 79' lang='grc' dir='ltr'>οὕτω</span> <span class='ocrx_word' id='word_1_418' title='bbox 1716 755 1766 789; x_wconf 86' lang='grc' dir='ltr'><strong>τῆς</strong></span> <span class='ocrx_word' id='word_1_419' title='bbox 1784 753 1854 788; x_wconf 78' lang='grc' dir='ltr'>περὶ</span> 
     </span>
    </p>
   </div>
   <div class='ocr_carea' id='block_1_60' title="bbox 1061 799 1853 837">
    <p class='ocr_par' dir='ltr' id='par_1_60' title="bbox 1061 799 1853 837">
     <span class='ocr_line' id='line_1_60' title="bbox 1061 799 1853 837; baseline -0.004 -8"><span class='ocrx_word' id='word_1_420' title='bbox 1061 803 1108 829; x_wconf 72' lang='grc' dir='ltr'>τὸν</span> <span class='ocrx_word' id='word_1_421' title='bbox 1121 803 1233 837; x_wconf 82' lang='grc' dir='ltr'><strong>βασιλέα</strong></span> <span class='ocrx_word' id='word_1_422' title='bbox 1250 802 1439 837; x_wconf 82' lang='grc' dir='ltr'>δοκιμασάσης</span> <span class='ocrx_word' id='word_1_423' title='bbox 1456 801 1557 836; x_wconf 82' lang='grc' dir='ltr'>βουλῆς</span> <span class='ocrx_word' id='word_1_424' title='bbox 1566 801 1605 833; x_wconf 79' lang='grc' dir='ltr'><strong>ὡς</strong></span> <span class='ocrx_word' id='word_1_425' title='bbox 1620 801 1658 836; x_wconf 83' lang='grc' dir='ltr'>μὴ</span> <span class='ocrx_word' id='word_1_426' title='bbox 1668 802 1724 832; x_wconf 88' lang='grc' dir='ltr'>τοῖς</span> <span class='ocrx_word' id='word_1_427' title='bbox 1740 799 1853 836; x_wconf 71' lang='grc' dir='ltr'><strong>ἐχθροῖς</strong></span> 
     </span>
    </p>
   </div>
   <div class='ocr_carea' id='block_1_61' title="bbox 1059 845 1847 883">
    <p class='ocr_par' dir='ltr' id='par_1_61' title="bbox 1059 845 1847 883">
     <span class='ocr_line' id='line_1_61' title="bbox 1059 845 1847 883; baseline -0.006 -8"><span class='ocrx_word' id='word_1_428' title='bbox 1059 849 1088 880; x_wconf 82' lang='grc' dir='ltr'>ἐς</span> <span class='ocrx_word' id='word_1_429' title='bbox 1114 849 1202 875; x_wconf 71' lang='grc' dir='ltr'>νέωτα</span> <span class='ocrx_word' id='word_1_430' title='bbox 1231 848 1366 883; x_wconf 75' lang='grc' dir='ltr'>σπείρειν,</span> <span class='ocrx_word' id='word_1_431' title='bbox 1389 848 1570 882; x_wconf 77' lang='grc' dir='ltr'>ἁριστοτὲρας</span> <span class='ocrx_word' id='word_1_432' title='bbox 1597 847 1647 878; x_wconf 83' lang='grc' dir='ltr'>τὰς</span> <span class='ocrx_word' id='word_1_433' title='bbox 1663 845 1751 881; x_wconf 81' lang='grc' dir='ltr'>ὁρμὰς</span> <span class='ocrx_word' id='word_1_434' title='bbox 1766 845 1847 879; x_wconf 70' lang='grc' dir='ltr'>σφῶν</span> 
     </span>
    </p>
   </div>
   <div class='ocr_carea' id='block_1_62' title="bbox 1062 890 1853 928">
    <p class='ocr_par' dir='ltr' id='par_1_62' title="bbox 1062 890 1853 928">
     <span class='ocr_line' id='line_1_62' title="bbox 1062 890 1853 928; baseline -0.005 -8"><span class='ocrx_word' id='word_1_435' title='bbox 1062 894 1161 926; x_wconf 78' lang='grc' dir='ltr'>ἐποίει,</span> <span class='ocrx_word' id='word_1_436' title='bbox 1177 895 1224 921; x_wconf 78' lang='grc' dir='ltr'>καὶ</span> <span class='ocrx_word' id='word_1_437' title='bbox 1237 894 1288 920; x_wconf 79' lang='grc' dir='ltr'>οὐκ</span> <span class='ocrx_word' id='word_1_438' title='bbox 1305 893 1481 928; x_wconf 78' lang='grc' dir='ltr'><strong>ἀπεθάρρουν</strong></span> <span class='ocrx_word' id='word_1_439' title='bbox 1503 891 1660 927; x_wconf 79' lang='grc' dir='ltr'>τούμφανὲς</span> <span class='ocrx_word' id='word_1_440' title='bbox 1675 891 1725 926; x_wconf 85' lang='grc' dir='ltr'><strong>τὴν</strong></span> <span class='ocrx_word' id='word_1_441' title='bbox 1746 890 1853 924; x_wconf 70' lang='grc' dir='ltr'><strong>ὲξέλευ·</strong></span> 
     </span>
    </p>
   </div>
   <div class='ocr_carea' id='block_1_63' title="bbox 1061 936 1854 973">
    <p class='ocr_par' dir='ltr' id='par_1_63' title="bbox 1061 936 1854 973">
     <span class='ocr_line' id='line_1_63' title="bbox 1061 936 1854 973; baseline -0.005 -6"><span class='ocrx_word' id='word_1_442' title='bbox 1061 949 1114 967; x_wconf 84' lang='grc' dir='ltr'>σιν.</span> <span class='ocrx_word' id='word_1_443' title='bbox 1131 941 1182 967; x_wconf 79' lang='grc' dir='ltr'><strong>Διὰ</strong></span> <span class='ocrx_word' id='word_1_444' title='bbox 1201 939 1290 967; x_wconf 81' lang='grc' dir='ltr'>ταῦτα</span> <span class='ocrx_word' id='word_1_445' title='bbox 1305 940 1355 966; x_wconf 76' lang='grc' dir='ltr'>καὶ</span> <span class='ocrx_word' id='word_1_446' title='bbox 1379 939 1415 966; x_wconf 76' lang='grc' dir='ltr'>τὰ</span> <span class='ocrx_word' id='word_1_447' title='bbox 1431 938 1478 965; x_wconf 83' lang='grc' dir='ltr'><strong>τοῦ</strong></span> <span class='ocrx_word' id='word_1_448' title='bbox 1494 938 1594 973; x_wconf 78' lang='grc' dir='ltr'>ἀρότου</span> <span class='ocrx_word' id='word_1_449' title='bbox 1618 938 1790 973; x_wconf 77' lang='grc' dir='ltr'>ἠπράκτουν,</span> <span class='ocrx_word' id='word_1_450' title='bbox 1803 936 1854 964; x_wconf 77' lang='grc' dir='ltr'><strong>καὶ</strong></span> 
     </span>
    </p>
   </div>
   <div class='ocr_carea' id='block_1_64' title="bbox 1060 983 1853 1021">
    <p class='ocr_par' dir='ltr' id='par_1_64' title="bbox 1060 983 1853 1021">
     <span class='ocr_line' id='line_1_64' title="bbox 1060 983 1853 1021; baseline -0.003 -9"><span class='ocrx_word' id='word_1_451' title='bbox 1060 987 1138 1021; x_wconf 76' lang='grc' dir='ltr'>λιμὸς</span> <span class='ocrx_word' id='word_1_452' title='bbox 1155 987 1168 1012; x_wconf 79' lang='grc' dir='ltr'>ὁ</span> <span class='ocrx_word' id='word_1_453' title='bbox 1199 985 1350 1021; x_wconf 81' lang='grc' dir='ltr'>βαρύτατος</span> <span class='ocrx_word' id='word_1_454' title='bbox 1380 984 1521 1019; x_wconf 77' lang='grc' dir='ltr'>ὴπειλεϊτο</span> <span class='ocrx_word' id='word_1_455' title='bbox 1549 985 1606 1016; x_wconf 83' lang='grc' dir='ltr'>τοῖς</span> <span class='ocrx_word' id='word_1_456' title='bbox 1624 984 1782 1019; x_wconf 80' lang='grc' dir='ltr'>ἡμετέροις,</span> <span class='ocrx_word' id='word_1_457' title='bbox 1798 983 1853 1010; x_wconf 66' lang='grc' dir='ltr'>κᾶν</span> 
     </span>
    </p>
   </div>
   <div class='ocr_carea' id='block_1_65' title="bbox 1061 1069 1848 1107">
    <p class='ocr_par' dir='ltr' id='par_1_65' title="bbox 1061 1069 1848 1107">
     <span class='ocr_line' id='line_1_65' title="bbox 1061 1069 1848 1107; baseline -0.005 -7"><span class='ocrx_word' id='word_1_458' title='bbox 1061 1081 1126 1101; x_wconf 86' lang='lat' dir='ltr'><strong>rans</strong></span> <span class='ocrx_word' id='word_1_459' title='bbox 1162 1072 1312 1107; x_wconf 83' lang='lat' dir='ltr'><strong>impr0viso</strong></span> <span class='ocrx_word' id='word_1_460' title='bbox 1340 1071 1488 1099; x_wconf 87' lang='lat' dir='ltr'><strong>identidem</strong></span> <span class='ocrx_word' id='word_1_461' title='bbox 1516 1069 1645 1105; x_wconf 82' lang='lat' dir='ltr'><strong>carpebat</strong></span> <span class='ocrx_word' id='word_1_462' title='bbox 1677 1075 1848 1105; x_wconf 86' lang='lat' dir='ltr'><strong>postremum</strong></span> 
     </span>
    </p>
   </div>
   <div class='ocr_carea' id='block_1_66' title="bbox 1061 1116 1853 1155">
    <p class='ocr_par' dir='ltr' id='par_1_66' title="bbox 1061 1116 1853 1155">
     <span class='ocr_line' id='line_1_66' title="bbox 1061 1116 1853 1155; baseline -0.005 -9"><span class='ocrx_word' id='word_1_463' title='bbox 1061 1128 1159 1155; x_wconf 80' lang='lat' dir='ltr'><strong>agmen</strong></span> <span class='ocrx_word' id='word_1_464' title='bbox 1175 1127 1207 1147; x_wconf 81' lang='lat' dir='ltr'><strong>ex</strong></span> <span class='ocrx_word' id='word_1_465' title='bbox 1225 1123 1282 1146; x_wconf 92' lang='lat' dir='ltr'><strong>tuto</strong></span> <span class='ocrx_word' id='word_1_466' title='bbox 1302 1119 1427 1151; x_wconf 86' lang='lat' dir='ltr'><strong>irruens;</strong></span> <span class='ocrx_word' id='word_1_467' title='bbox 1445 1125 1500 1152; x_wconf 89' lang='lat' dir='ltr'><strong>qua</strong></span> <span class='ocrx_word' id='word_1_468' title='bbox 1512 1118 1617 1144; x_wconf 89' lang='lat' dir='ltr'><strong>ratione</strong></span> <span class='ocrx_word' id='word_1_469' title='bbox 1628 1124 1700 1152; x_wconf 68' lang='lat' dir='ltr'><strong>saepe</strong></span> <span class='ocrx_word' id='word_1_470' title='bbox 1712 1116 1748 1144; x_wconf 92' lang='lat' dir='ltr'><strong>illi</strong></span> <span class='ocrx_word' id='word_1_471' title='bbox 1760 1117 1853 1145; x_wconf 81' lang='lat' dir='ltr'><strong>conti-</strong></span> 
     </span>
    </p>
   </div>
   <div class='ocr_carea' id='block_1_67' title="bbox 1059 1160 1853 1200">
    <p class='ocr_par' dir='ltr' id='par_1_67' title="bbox 1059 1160 1853 1200">
     <span class='ocr_line' id='line_1_67' title="bbox 1059 1160 1853 1200; baseline -0.006 -8"><span class='ocrx_word' id='word_1_472' title='bbox 1059 1166 1099 1200; x_wconf 80' lang='lat' dir='ltr'><strong>git</strong></span> <span class='ocrx_word' id='word_1_473' title='bbox 1116 1172 1168 1192; x_wconf 89' lang='lat' dir='ltr'><strong>non</strong></span> <span class='ocrx_word' id='word_1_474' title='bbox 1183 1163 1288 1191; x_wconf 83' lang='lat' dir='ltr'><strong>modica</strong></span> <span class='ocrx_word' id='word_1_475' title='bbox 1301 1163 1402 1190; x_wconf 83' lang='lat' dir='ltr'><strong>inferre</strong></span> <span class='ocrx_word' id='word_1_476' title='bbox 1417 1162 1596 1198; x_wconf 80' lang='lat' dir='ltr'><strong>Amogabaris</strong></span> <span class='ocrx_word' id='word_1_477' title='bbox 1608 1162 1715 1189; x_wconf 90' lang='lat' dir='ltr'><strong>damna.</strong></span> <span class='ocrx_word' id='word_1_478' title='bbox 1730 1161 1788 1196; x_wconf 69' lang='lat' dir='ltr'><strong>Sub</strong></span> <span class='ocrx_word' id='word_1_479' title='bbox 1799 1160 1853 1188; x_wconf 85' lang='lat' dir='ltr'><strong>hoc</strong></span> 
     </span>
    </p>
   </div>
   <div class='ocr_carea' id='block_1_68' title="bbox 1063 1207 1852 1245">
    <p class='ocr_par' dir='ltr' id='par_1_68' title="bbox 1063 1207 1852 1245">
     <span class='ocr_line' id='line_1_68' title="bbox 1063 1207 1852 1245; baseline -0.005 -8"><span class='ocrx_word' id='word_1_480' title='bbox 1063 1215 1167 1244; x_wconf 84' lang='lat' dir='ltr'><strong>tempus</strong></span> <span class='ocrx_word' id='word_1_481' title='bbox 1180 1209 1226 1245; x_wconf 88' lang='lat' dir='ltr'><strong>qui</strong></span> <span class='ocrx_word' id='word_1_482' title='bbox 1245 1209 1315 1236; x_wconf 86' lang='lat' dir='ltr'><strong>intra</strong></span> <span class='ocrx_word' id='word_1_483' title='bbox 1331 1207 1478 1236; x_wconf 81' lang='lat' dir='ltr'><strong>Tzurulum</strong></span> <span class='ocrx_word' id='word_1_484' title='bbox 1491 1213 1581 1239; x_wconf 81' lang='lat' dir='ltr'><strong>erant.</strong></span> <span class='ocrx_word' id='word_1_485' title='bbox 1601 1215 1633 1235; x_wconf 80' lang='lat' dir='ltr'><strong>ex</strong></span> <span class='ocrx_word' id='word_1_486' title='bbox 1650 1214 1758 1234; x_wconf 79' lang='lat' dir='ltr'><strong>recessu</strong></span> <span class='ocrx_word' id='word_1_487' title='bbox 1772 1213 1852 1234; x_wconf 78' lang='lat' dir='ltr'><strong>exer-</strong></span> 
     </span>
    </p>
   </div>
   <div class='ocr_carea' id='block_1_69' title="bbox 1062 1253 1854 1291">
    <p class='ocr_par' dir='ltr' id='par_1_69' title="bbox 1062 1253 1854 1291">
     <span class='ocr_line' id='line_1_69' title="bbox 1062 1253 1854 1291; baseline -0.008 -7"><span class='ocrx_word' id='word_1_488' title='bbox 1062 1258 1133 1286; x_wconf 87' lang='lat' dir='ltr'><strong>citus</strong></span> <span class='ocrx_word' id='word_1_489' title='bbox 1149 1255 1337 1291; x_wconf 81' lang='lat' dir='ltr'><strong>Amogabarici</strong></span> <span class='ocrx_word' id='word_1_490' title='bbox 1352 1260 1458 1290; x_wconf 87' lang='lat' dir='ltr'><strong>sumpta</strong></span> <span class='ocrx_word' id='word_1_491' title='bbox 1473 1254 1584 1286; x_wconf 85' lang='lat' dir='ltr'><strong>ﬁducia,</strong></span> <span class='ocrx_word' id='word_1_492' title='bbox 1601 1253 1663 1281; x_wconf 83' lang='lat' dir='ltr'><strong>forti</strong></span> <span class='ocrx_word' id='word_1_493' title='bbox 1678 1256 1854 1287; x_wconf 80' lang='lat' dir='ltr'><strong>erumpentes</strong></span> 
     </span>
    </p>
   </div>
   <div class='ocr_carea' id='block_1_70' title="bbox 1063 1298 1853 1336">
    <p class='ocr_par' dir='ltr' id='par_1_70' title="bbox 1063 1298 1853 1336">
     <span class='ocr_line' id='line_1_70' title="bbox 1063 1298 1853 1336; baseline -0.005 -7"><span class='ocrx_word' id='word_1_494' title='bbox 1063 1311 1144 1330; x_wconf 78' lang='lat' dir='ltr'><strong>mtmu</strong></span> <span class='ocrx_word' id='word_1_495' title='bbox 1165 1302 1338 1330; x_wconf 74' lang='lat' dir='ltr'><strong>lthaedestum</strong></span> <span class='ocrx_word' id='word_1_496' title='bbox 1357 1309 1445 1336; x_wconf 89' lang='lat' dir='ltr'><strong>nuper</strong></span> <span class='ocrx_word' id='word_1_497' title='bbox 1462 1302 1496 1329; x_wconf 87' lang='lat' dir='ltr'><strong>ab</strong></span> <span class='ocrx_word' id='word_1_498' title='bbox 1514 1301 1591 1329; x_wconf 85' lang='lat' dir='ltr'><strong>hoste</strong></span> <span class='ocrx_word' id='word_1_499' title='bbox 1605 1305 1765 1334; x_wconf 85' lang='lat' dir='ltr'><strong>occupatqu</strong></span> <span class='ocrx_word' id='word_1_500' title='bbox 1783 1298 1853 1325; x_wconf 87' lang='lat' dir='ltr'><strong>ado-</strong></span> 
     </span>
    </p>
   </div>
   <div class='ocr_carea' id='block_1_71' title="bbox 1063 1344 1853 1382">
    <p class='ocr_par' dir='ltr' id='par_1_71' title="bbox 1063 1344 1853 1382">
     <span class='ocr_line' id='line_1_71' title="bbox 1063 1344 1853 1382; baseline -0.008 -6"><span class='ocrx_word' id='word_1_501' title='bbox 1063 1350 1181 1381; x_wconf 84' lang='lat' dir='ltr'><strong>riuntur,</strong></span> <span class='ocrx_word' id='word_1_502' title='bbox 1201 1353 1229 1375; x_wconf 90' lang='lat' dir='ltr'><strong>et</strong></span> <span class='ocrx_word' id='word_1_503' title='bbox 1245 1352 1338 1376; x_wconf 86' lang='lat' dir='ltr'><strong>castro</strong></span> <span class='ocrx_word' id='word_1_504' title='bbox 1357 1347 1436 1382; x_wconf 84' lang='lat' dir='ltr'><strong>potiti</strong></span> <span class='ocrx_word' id='word_1_505' title='bbox 1457 1351 1581 1382; x_wconf 87' lang='lat' dir='ltr'><strong>repertos</strong></span> <span class='ocrx_word' id='word_1_506' title='bbox 1594 1346 1650 1373; x_wconf 89' lang='lat' dir='ltr'><strong>illic</strong></span> <span class='ocrx_word' id='word_1_507' title='bbox 1665 1345 1735 1372; x_wconf 85' lang='lat' dir='ltr'><strong>male</strong></span> <span class='ocrx_word' id='word_1_508' title='bbox 1752 1344 1853 1372; x_wconf 81' lang='lat' dir='ltr'><strong>multa-</strong></span> 
     </span>
    </p>
   </div>
   <div class='ocr_carea' id='block_1_72' title="bbox 1064 1392 1852 1429">
    <p class='ocr_par' dir='ltr' id='par_1_72' title="bbox 1064 1392 1852 1429">
     <span class='ocr_line' id='line_1_72' title="bbox 1064 1392 1852 1429; baseline -0.008 -7"><span class='ocrx_word' id='word_1_509' title='bbox 1064 1402 1139 1427; x_wconf 88' lang='lat' dir='ltr'><strong>runt,</strong></span> <span class='ocrx_word' id='word_1_510' title='bbox 1156 1395 1227 1422; x_wconf 84' lang='lat' dir='ltr'><strong>haud</strong></span> <span class='ocrx_word' id='word_1_511' title='bbox 1243 1402 1333 1429; x_wconf 76' lang='lat' dir='ltr'><strong>parva:</strong></span> <span class='ocrx_word' id='word_1_512' title='bbox 1346 1398 1479 1428; x_wconf 64' lang='lat' dir='ltr'><strong>praeterea</strong></span> <span class='ocrx_word' id='word_1_513' title='bbox 1491 1398 1632 1428; x_wconf 83' lang='lat' dir='ltr'><strong>compotes</strong></span> <span class='ocrx_word' id='word_1_514' title='bbox 1648 1392 1756 1426; x_wconf 65' lang='lat' dir='ltr'><strong>praedae,</strong></span> <span class='ocrx_word' id='word_1_515' title='bbox 1769 1397 1852 1426; x_wconf 91' lang='lat' dir='ltr'><strong>quam</strong></span> 
     </span>
    </p>
   </div>
   <div class='ocr_carea' id='block_1_73' title="bbox 1063 1439 1853 1476">
    <p class='ocr_par' dir='ltr' id='par_1_73' title="bbox 1063 1439 1853 1476">
     <span class='ocr_line' id='line_1_73' title="bbox 1063 1439 1853 1476; baseline -0.006 -7"><span class='ocrx_word' id='word_1_516' title='bbox 1063 1442 1157 1469; x_wconf 84' lang='lat' dir='ltr'><strong>hostes</strong></span> <span class='ocrx_word' id='word_1_517' title='bbox 1179 1449 1212 1468; x_wconf 85' lang='lat' dir='ltr'><strong>ex</strong></span> <span class='ocrx_word' id='word_1_518' title='bbox 1227 1445 1306 1476; x_wconf 87' lang='lat' dir='ltr'><strong>rapto</strong></span> <span class='ocrx_word' id='word_1_519' title='bbox 1330 1445 1533 1475; x_wconf 77' lang='lat' dir='ltr'><strong>congesserant.</strong></span> <span class='ocrx_word' id='word_1_520' title='bbox 1552 1440 1580 1467; x_wconf 87' lang='lat' dir='ltr'><strong>Id</strong></span> <span class='ocrx_word' id='word_1_521' title='bbox 1596 1439 1748 1467; x_wconf 89' lang='lat' dir='ltr'><strong>nuntiatum</strong></span> <span class='ocrx_word' id='word_1_522' title='bbox 1773 1445 1853 1466; x_wconf 72' lang='lat' dir='ltr'><strong>exer-</strong></span> 
     </span>
    </p>
   </div>
   <div class='ocr_carea' id='block_1_74' title="bbox 1063 1483 1854 1521">
    <p class='ocr_par' dir='ltr' id='par_1_74' title="bbox 1063 1483 1854 1521">
     <span class='ocr_line' id='line_1_74' title="bbox 1063 1483 1854 1521; baseline -0.004 -7"><span class='ocrx_word' id='word_1_523' title='bbox 1063 1488 1127 1515; x_wconf 88' lang='lat' dir='ltr'><strong>citui</strong></span> <span class='ocrx_word' id='word_1_524' title='bbox 1149 1494 1244 1514; x_wconf 83' lang='lat' dir='ltr'><strong>Versus</strong></span> <span class='ocrx_word' id='word_1_525' title='bbox 1261 1486 1366 1521; x_wconf 86' lang='lat' dir='ltr'><strong>urbem,</strong></span> <span class='ocrx_word' id='word_1_526' title='bbox 1387 1491 1417 1514; x_wconf 92' lang='lat' dir='ltr'><strong>ut</strong></span> <span class='ocrx_word' id='word_1_527' title='bbox 1437 1487 1540 1514; x_wconf 88' lang='lat' dir='ltr'><strong>dictum</strong></span> <span class='ocrx_word' id='word_1_528' title='bbox 1556 1489 1609 1519; x_wconf 85' lang='lat' dir='ltr'><strong>est,</strong></span> <span class='ocrx_word' id='word_1_529' title='bbox 1625 1486 1699 1513; x_wconf 83' lang='lat' dir='ltr'><strong>eunti</strong></span> <span class='ocrx_word' id='word_1_530' title='bbox 1715 1484 1777 1512; x_wconf 88' lang='lat' dir='ltr'><strong>novi</strong></span> <span class='ocrx_word' id='word_1_531' title='bbox 1791 1483 1854 1518; x_wconf 84' lang='lat' dir='ltr'><strong>ejus</strong></span> 
     </span>
    </p>
   </div>
   <div class='ocr_carea' id='block_1_75' title="bbox 1063 1531 1851 1561">
    <p class='ocr_par' dir='ltr' id='par_1_75' title="bbox 1063 1531 1851 1561">
     <span class='ocr_line' id='line_1_75' title="bbox 1063 1531 1851 1561; baseline -0.006 0"><span class='ocrx_word' id='word_1_532' title='bbox 1063 1534 1178 1561; x_wconf 85' lang='lat' dir='ltr'><strong>ducibus</strong></span> <span class='ocrx_word' id='word_1_533' title='bbox 1193 1532 1302 1560; x_wconf 86' lang='lat' dir='ltr'><strong>consilii</strong></span> <span class='ocrx_word' id='word_1_534' title='bbox 1324 1532 1496 1561; x_wconf 87' lang='lat' dir='ltr'><strong>occasionem</strong></span> <span class='ocrx_word' id='word_1_535' title='bbox 1510 1533 1600 1560; x_wconf 85' lang='lat' dir='ltr'><strong>dedit:</strong></span> <span class='ocrx_word' id='word_1_536' title='bbox 1615 1536 1688 1560; x_wconf 86' lang='lat' dir='ltr'><strong>retro</strong></span> <span class='ocrx_word' id='word_1_537' title='bbox 1700 1531 1851 1559; x_wconf 87' lang='lat' dir='ltr'><strong>cedendum</strong></span> 
     </span>
    </p>
   </div>
   <div class='ocr_carea' id='block_1_76' title="bbox 1062 1575 1853 1614">
    <p class='ocr_par' dir='ltr' id='par_1_76' title="bbox 1062 1575 1853 1614">
     <span class='ocr_line' id='line_1_76' title="bbox 1062 1575 1853 1614; baseline -0.005 -8"><span class='ocrx_word' id='word_1_538' title='bbox 1062 1581 1134 1608; x_wconf 86' lang='lat' dir='ltr'><strong>enim</strong></span> <span class='ocrx_word' id='word_1_539' title='bbox 1158 1584 1332 1614; x_wconf 81' lang='lat' dir='ltr'><strong>putaverunt,</strong></span> <span class='ocrx_word' id='word_1_540' title='bbox 1353 1578 1591 1614; x_wconf 81' lang='lat' dir='ltr'><strong>diﬂ‘erendamque</strong></span> <span class='ocrx_word' id='word_1_541' title='bbox 1613 1578 1640 1605; x_wconf 85' lang='lat' dir='ltr'><strong>in</strong></span> <span class='ocrx_word' id='word_1_542' title='bbox 1656 1583 1761 1611; x_wconf 86' lang='lat' dir='ltr'><strong>tempus</strong></span> <span class='ocrx_word' id='word_1_543' title='bbox 1776 1575 1853 1605; x_wconf 82' lang='lat' dir='ltr'><strong>aliud</strong></span> 
     </span>
    </p>
   </div>
   <div class='ocr_carea' id='block_1_77' title="bbox 1062 1623 1851 1659">
    <p class='ocr_par' dir='ltr' id='par_1_77' title="bbox 1062 1623 1851 1659">
     <span class='ocr_line' id='line_1_77' title="bbox 1062 1623 1851 1659; baseline -0.005 -7"><span class='ocrx_word' id='word_1_544' title='bbox 1062 1626 1290 1659; x_wconf 79' lang='lat' dir='ltr'><strong>oppugnationem</strong></span> <span class='ocrx_word' id='word_1_545' title='bbox 1308 1625 1394 1652; x_wconf 84' lang='lat' dir='ltr'><strong>urbis.</strong></span> <span class='ocrx_word' id='word_1_546' title='bbox 1411 1625 1522 1653; x_wconf 86' lang='lat' dir='ltr'><strong>Interim</strong></span> <span class='ocrx_word' id='word_1_547' title='bbox 1541 1631 1592 1652; x_wconf 84' lang='lat' dir='ltr'><strong>nec</strong></span> <span class='ocrx_word' id='word_1_548' title='bbox 1603 1623 1650 1659; x_wconf 88' lang='lat' dir='ltr'><strong>qui</strong></span> <span class='ocrx_word' id='word_1_549' title='bbox 1666 1623 1851 1651; x_wconf 86' lang='lat' dir='ltr'><strong>continentem</strong></span> 
     </span>
    </p>
   </div>
   <div class='ocr_carea' id='block_1_78' title="bbox 1062 1666 1852 1698">
    <p class='ocr_par' dir='ltr' id='par_1_78' title="bbox 1062 1666 1852 1698">
     <span class='ocr_line' id='line_1_78' title="bbox 1062 1666 1852 1698; baseline -0.005 -1"><span class='ocrx_word' id='word_1_550' title='bbox 1062 1669 1230 1698; x_wconf 86' lang='lat' dir='ltr'><strong>Orientalcm</strong></span> <span class='ocrx_word' id='word_1_551' title='bbox 1246 1669 1346 1697; x_wconf 90' lang='lat' dir='ltr'><strong>dudutn</strong></span> <span class='ocrx_word' id='word_1_552' title='bbox 1361 1669 1527 1697; x_wconf 83' lang='lat' dir='ltr'><strong>infestabant</strong></span> <span class='ocrx_word' id='word_1_553' title='bbox 1548 1669 1629 1696; x_wconf 91' lang='lat' dir='ltr'><strong>Turci</strong></span> <span class='ocrx_word' id='word_1_554' title='bbox 1642 1668 1696 1695; x_wconf 89' lang='lat' dir='ltr'><strong>vim</strong></span> <span class='ocrx_word' id='word_1_555' title='bbox 1713 1666 1852 1695; x_wconf 88' lang='lat' dir='ltr'><strong>crudelem</strong></span> 
     </span>
    </p>
   </div>
   <div class='ocr_carea' id='block_1_79' title="bbox 1063 1713 1853 1748">
    <p class='ocr_par' dir='ltr' id='par_1_79' title="bbox 1063 1713 1853 1748">
     <span class='ocr_line' id='line_1_79' title="bbox 1063 1713 1853 1748; baseline -0.005 -5"><span class='ocrx_word' id='word_1_556' title='bbox 1063 1715 1246 1748; x_wconf 75' lang='lat' dir='ltr'><strong>remittebant,</strong></span> <span class='ocrx_word' id='word_1_557' title='bbox 1260 1716 1308 1743; x_wconf 91' lang='lat' dir='ltr'><strong>sed</strong></span> <span class='ocrx_word' id='word_1_558' title='bbox 1323 1715 1414 1742; x_wconf 85' lang='lat' dir='ltr'><strong>multis</strong></span> <span class='ocrx_word' id='word_1_559' title='bbox 1424 1723 1496 1743; x_wconf 91' lang='lat' dir='ltr'><strong>nunc</strong></span> <span class='ocrx_word' id='word_1_560' title='bbox 1508 1715 1690 1743; x_wconf 78' lang='lat' dir='ltr'><strong>cummaxime</strong></span> <span class='ocrx_word' id='word_1_561' title='bbox 1703 1713 1853 1743; x_wconf 82' lang='lat' dir='ltr'><strong>assultibus</strong></span> 
     </span>
    </p>
   </div>
   <div class='ocr_carea' id='block_1_80' title="bbox 1063 1760 1851 1796">
    <p class='ocr_par' dir='ltr' id='par_1_80' title="bbox 1063 1760 1851 1796">
     <span class='ocr_line' id='line_1_80' title="bbox 1063 1760 1851 1796; baseline -0.005 -7"><span class='ocrx_word' id='word_1_562' title='bbox 1063 1762 1202 1789; x_wconf 87' lang='lat' dir='ltr'><strong>tentabant</strong></span> <span class='ocrx_word' id='word_1_563' title='bbox 1216 1769 1304 1793; x_wconf 83' lang='lat' dir='ltr'><strong>arces.</strong></span> <span class='ocrx_word' id='word_1_564' title='bbox 1316 1761 1471 1796; x_wconf 87' lang='lat' dir='ltr'><strong>multosque</strong></span> <span class='ocrx_word' id='word_1_565' title='bbox 1485 1761 1624 1790; x_wconf 65' lang='lat' dir='ltr'><strong>caedebant</strong></span> <span class='ocrx_word' id='word_1_566' title='bbox 1637 1762 1671 1789; x_wconf 82' lang='lat' dir='ltr'><strong>ad</strong></span> <span class='ocrx_word' id='word_1_567' title='bbox 1687 1760 1851 1788; x_wconf 81' lang='lat' dir='ltr'><strong>vindemiam</strong></span> 
     </span>
    </p>
   </div>
   <div class='ocr_carea' id='block_1_81' title="bbox 1062 1805 1852 1842">
    <p class='ocr_par' dir='ltr' id='par_1_81' title="bbox 1062 1805 1852 1842">
     <span class='ocr_line' id='line_1_81' title="bbox 1062 1805 1852 1842; baseline -0.005 -6"><span class='ocrx_word' id='word_1_568' title='bbox 1062 1809 1215 1836; x_wconf 78' lang='lat' dir='ltr'><strong>necessario</strong></span> <span class='ocrx_word' id='word_1_569' title='bbox 1224 1816 1257 1835; x_wconf 79' lang='lat' dir='ltr'><strong>ex</strong></span> <span class='ocrx_word' id='word_1_570' title='bbox 1268 1808 1380 1836; x_wconf 88' lang='lat' dir='ltr'><strong>urbibus</strong></span> <span class='ocrx_word' id='word_1_571' title='bbox 1389 1809 1563 1842; x_wconf 83' lang='lat' dir='ltr'><strong>prodeuntes.</strong></span> <span class='ocrx_word' id='word_1_572' title='bbox 1574 1805 1668 1842; x_wconf 80' lang='lat' dir='ltr'><strong>itaque</strong></span> <span class='ocrx_word' id='word_1_573' title='bbox 1676 1807 1721 1841; x_wconf 87' lang='lat' dir='ltr'><strong>qui</strong></span> <span class='ocrx_word' id='word_1_574' title='bbox 1730 1811 1852 1834; x_wconf 84' lang='lat' dir='ltr'><strong>castrum</strong></span> 
     </span>
    </p>
   </div>
   <div class='ocr_carea' id='block_1_82' title="bbox 1062 1852 1851 1886">
    <p class='ocr_par' dir='ltr' id='par_1_82' title="bbox 1062 1852 1851 1886">
     <span class='ocr_line' id='line_1_82' title="bbox 1062 1852 1851 1886; baseline -0.004 -5"><span class='ocrx_word' id='word_1_575' title='bbox 1062 1854 1164 1885; x_wconf 86' lang='lat' dir='ltr'><strong>dictum</strong></span> <span class='ocrx_word' id='word_1_576' title='bbox 1179 1854 1290 1882; x_wconf 86' lang='lat' dir='ltr'><strong>llierum</strong></span> <span class='ocrx_word' id='word_1_577' title='bbox 1308 1854 1395 1881; x_wconf 88' lang='lat' dir='ltr'><strong>nostri</strong></span> <span class='ocrx_word' id='word_1_578' title='bbox 1414 1853 1554 1886; x_wconf 85' lang='lat' dir='ltr'><strong>tenebant,</strong></span> <span class='ocrx_word' id='word_1_579' title='bbox 1570 1852 1657 1883; x_wconf 78' lang='lat' dir='ltr'><strong>coacti</strong></span> <span class='ocrx_word' id='word_1_580' title='bbox 1672 1857 1736 1880; x_wconf 82' lang='lat' dir='ltr'><strong>sunt</strong></span> <span class='ocrx_word' id='word_1_581' title='bbox 1755 1859 1851 1886; x_wconf 81' lang='lat' dir='ltr'><strong>pacem</strong></span> 
     </span>
    </p>
   </div>
   <div class='ocr_carea' id='block_1_83' title="bbox 1060 1899 1851 1935">
    <p class='ocr_par' dir='ltr' id='par_1_83' title="bbox 1060 1899 1851 1935">
     <span class='ocr_line' id='line_1_83' title="bbox 1060 1899 1851 1935; baseline -0.004 -8"><span class='ocrx_word' id='word_1_582' title='bbox 1060 1900 1153 1929; x_wconf 81' lang='lat' dir='ltr'><strong>facere</strong></span> <span class='ocrx_word' id='word_1_583' title='bbox 1177 1908 1239 1928; x_wconf 86' lang='lat' dir='ltr'><strong>cum</strong></span> <span class='ocrx_word' id='word_1_584' title='bbox 1265 1900 1391 1928; x_wconf 82' lang='lat' dir='ltr'><strong>barbaris</strong></span> <span class='ocrx_word' id='word_1_585' title='bbox 1420 1901 1513 1929; x_wconf 87' lang='lat' dir='ltr'><strong>tributi</strong></span> <span class='ocrx_word' id='word_1_586' title='bbox 1540 1899 1673 1935; x_wconf 84' lang='lat' dir='ltr'><strong>peudendi</strong></span> <span class='ocrx_word' id='word_1_587' title='bbox 1706 1899 1851 1934; x_wconf 80' lang='lat' dir='ltr'><strong>pactione.</strong></span> 
     </span>
    </p>
   </div>
   <div class='ocr_carea' id='block_1_84' title="bbox 1061 1946 1853 1981">
    <p class='ocr_par' dir='ltr' id='par_1_84' title="bbox 1061 1946 1853 1981">
     <span class='ocr_line' id='line_1_84' title="bbox 1061 1946 1853 1981; baseline -0.001 -8"><span class='ocrx_word' id='word_1_588' title='bbox 1061 1947 1166 1981; x_wconf 82' lang='lat' dir='ltr'><strong>Quippe</strong></span> <span class='ocrx_word' id='word_1_589' title='bbox 1180 1946 1262 1973; x_wconf 88' lang='lat' dir='ltr'><strong>Turci</strong></span> <span class='ocrx_word' id='word_1_590' title='bbox 1275 1946 1345 1973; x_wconf 84' lang='lat' dir='ltr'><strong>clam</strong></span> <span class='ocrx_word' id='word_1_591' title='bbox 1360 1947 1445 1974; x_wconf 87' lang='lat' dir='ltr'><strong>semel</strong></span> <span class='ocrx_word' id='word_1_592' title='bbox 1460 1946 1488 1974; x_wconf 93' lang='lat' dir='ltr'><strong>in</strong></span> <span class='ocrx_word' id='word_1_593' title='bbox 1507 1953 1566 1977; x_wconf 78' lang='lat' dir='ltr'><strong>eam</strong></span> <span class='ocrx_word' id='word_1_594' title='bbox 1585 1952 1675 1974; x_wconf 81' lang='lat' dir='ltr'><strong>arceto</strong></span> <span class='ocrx_word' id='word_1_595' title='bbox 1690 1950 1853 1979; x_wconf 80' lang='lat' dir='ltr'><strong>penetrave-</strong></span> 
     </span>
    </p>
   </div>
   <div class='ocr_carea' id='block_1_85' title="bbox 1062 1992 1852 2025">
    <p class='ocr_par' dir='ltr' id='par_1_85' title="bbox 1062 1992 1852 2025">
     <span class='ocr_line' id='line_1_85' title="bbox 1062 1992 1852 2025; baseline 0 -7"><span class='ocrx_word' id='word_1_596' title='bbox 1062 1998 1135 2024; x_wconf 85' lang='lat' dir='ltr'><strong>rant,</strong></span> <span class='ocrx_word' id='word_1_597' title='bbox 1151 1999 1204 2019; x_wconf 92' lang='lat' dir='ltr'><strong>non</strong></span> <span class='ocrx_word' id='word_1_598' title='bbox 1225 1996 1315 2020; x_wconf 82' lang='lat' dir='ltr'><strong>tamen</strong></span> <span class='ocrx_word' id='word_1_599' title='bbox 1335 1992 1432 2021; x_wconf 82' lang='lat' dir='ltr'><strong>idoneo</strong></span> <span class='ocrx_word' id='word_1_600' title='bbox 1449 1999 1563 2021; x_wconf 85' lang='lat' dir='ltr'><strong>numero</strong></span> <span class='ocrx_word' id='word_1_601' title='bbox 1581 1992 1614 2019; x_wconf 87' lang='lat' dir='ltr'><strong>ad</strong></span> <span class='ocrx_word' id='word_1_602' title='bbox 1631 1999 1691 2020; x_wconf 89' lang='lat' dir='ltr'><strong>eam</strong></span> <span class='ocrx_word' id='word_1_603' title='bbox 1711 1998 1852 2025; x_wconf 73' lang='lat' dir='ltr'><strong>accupan-</strong></span> 
     </span>
    </p>
   </div>
   <div class='ocr_carea' id='block_1_86' title="bbox 1062 2036 1853 2072">
    <p class='ocr_par' dir='ltr' id='par_1_86' title="bbox 1062 2036 1853 2072">
     <span class='ocr_line' id='line_1_86' title="bbox 1062 2036 1853 2072; baseline 0.001 -8"><span class='ocrx_word' id='word_1_604' title='bbox 1062 2039 1141 2071; x_wconf 85' lang='lat' dir='ltr'><strong>dam;</strong></span> <span class='ocrx_word' id='word_1_605' title='bbox 1164 2037 1235 2065; x_wconf 92' lang='lat' dir='ltr'><strong>unde</strong></span> <span class='ocrx_word' id='word_1_606' title='bbox 1262 2038 1348 2065; x_wconf 87' lang='lat' dir='ltr'><strong>territi</strong></span> <span class='ocrx_word' id='word_1_607' title='bbox 1377 2037 1529 2069; x_wconf 87' lang='lat' dir='ltr'><strong>retulerunt</strong></span> <span class='ocrx_word' id='word_1_608' title='bbox 1553 2037 1659 2072; x_wconf 82' lang='lat' dir='ltr'><strong>pedem.</strong></span> <span class='ocrx_word' id='word_1_609' title='bbox 1679 2036 1776 2064; x_wconf 84' lang='lat' dir='ltr'><strong>Verum</strong></span> <span class='ocrx_word' id='word_1_610' title='bbox 1799 2037 1853 2065; x_wconf 86' lang='lat' dir='ltr'><strong>hoc</strong></span> 
     </span>
    </p>
   </div>
   <div class='ocr_carea' id='block_1_87' title="bbox 1060 2082 1853 2114">
    <p class='ocr_par' dir='ltr' id='par_1_87' title="bbox 1060 2082 1853 2114">
     <span class='ocr_line' id='line_1_87' title="bbox 1060 2082 1853 2114; baseline -0.003 -4"><span class='ocrx_word' id='word_1_611' title='bbox 1060 2088 1159 2114; x_wconf 85' lang='lat' dir='ltr'><strong>eventu</strong></span> <span class='ocrx_word' id='word_1_612' title='bbox 1179 2083 1324 2111; x_wconf 85' lang='lat' dir='ltr'><strong>llierenses</strong></span> <span class='ocrx_word' id='word_1_613' title='bbox 1340 2083 1470 2110; x_wconf 89' lang='lat' dir='ltr'><strong>admoniti</strong></span> <span class='ocrx_word' id='word_1_614' title='bbox 1484 2088 1511 2110; x_wconf 92' lang='lat' dir='ltr'><strong>et</strong></span> <span class='ocrx_word' id='word_1_615' title='bbox 1522 2083 1554 2111; x_wconf 84' lang='lat' dir='ltr'><strong>de</strong></span> <span class='ocrx_word' id='word_1_616' title='bbox 1574 2083 1713 2110; x_wconf 87' lang='lat' dir='ltr'><strong>voluntate</strong></span> <span class='ocrx_word' id='word_1_617' title='bbox 1730 2082 1853 2109; x_wconf 85' lang='lat' dir='ltr'><strong>hostium</strong></span> 
     </span>
    </p>
   </div>
   <div class='ocr_carea' id='block_1_88' title="bbox 1062 2126 1852 2163">
    <p class='ocr_par' dir='ltr' id='par_1_88' title="bbox 1062 2126 1852 2163">
     <span class='ocr_line' id='line_1_88' title="bbox 1062 2126 1852 2163; baseline -0.005 -7"><span class='ocrx_word' id='word_1_618' title='bbox 1062 2129 1136 2163; x_wconf 77' lang='lat' dir='ltr'><strong>ipsas</strong></span> <span class='ocrx_word' id='word_1_619' title='bbox 1160 2128 1304 2159; x_wconf 83' lang='lat' dir='ltr'><strong>invadendi</strong></span> <span class='ocrx_word' id='word_1_620' title='bbox 1328 2134 1355 2155; x_wconf 89' lang='lat' dir='ltr'><strong>et</strong></span> <span class='ocrx_word' id='word_1_621' title='bbox 1372 2128 1406 2156; x_wconf 92' lang='lat' dir='ltr'><strong>de</strong></span> <span class='ocrx_word' id='word_1_622' title='bbox 1423 2135 1471 2155; x_wconf 87' lang='lat' dir='ltr'><strong>sua</strong></span> <span class='ocrx_word' id='word_1_623' title='bbox 1496 2127 1590 2162; x_wconf 86' lang='lat' dir='ltr'><strong>impari</strong></span> <span class='ocrx_word' id='word_1_624' title='bbox 1606 2127 1647 2154; x_wconf 88' lang='lat' dir='ltr'><strong>eis</strong></span> <span class='ocrx_word' id='word_1_625' title='bbox 1669 2126 1852 2161; x_wconf 80' lang='lat' dir='ltr'><strong>repellendis,</strong></span> 
     </span>
    </p>
   </div>
   <div class='ocr_carea' id='block_1_89' title="bbox 223 2169 1009 2215">
    <p class='ocr_par' dir='ltr' id='par_1_89' title="bbox 223 2169 1009 2205">
     <span class='ocr_line' id='line_1_89' title="bbox 223 2169 1009 2205; baseline 0.001 -8"><span class='ocrx_word' id='word_1_626' title='bbox 223 2171 406 2203; x_wconf 82' lang='lat' dir='ltr'><strong>intenderant,</strong></span> <span class='ocrx_word' id='word_1_627' title='bbox 427 2169 528 2203; x_wconf 87' lang='lat' dir='ltr'><strong>aliquid</strong></span> <span class='ocrx_word' id='word_1_628' title='bbox 548 2170 692 2205; x_wconf 83' lang='lat' dir='ltr'><strong>obstitit):</strong></span> <span class='ocrx_word' id='word_1_629' title='bbox 711 2170 764 2204; x_wconf 88' lang='lat' dir='ltr'><strong>his,</strong></span> <span class='ocrx_word' id='word_1_630' title='bbox 787 2170 896 2204; x_wconf 90' lang='lat' dir='ltr'><strong>inquam</strong></span> <span class='ocrx_word' id='word_1_631' title='bbox 910 2171 1009 2198; x_wconf 85' lang='lat' dir='ltr'><strong>attoni-</strong></span> 
     </span>
    </p>
   </div>
   <div class='ocr_carea' id='block_1_90' title="bbox 1061 2169 1852 2215">
    <p class='ocr_par' dir='ltr' id='par_1_90' title="bbox 1063 2172 1852 2208">
     <span class='ocr_line' id='line_1_90' title="bbox 1063 2172 1852 2208; baseline -0.005 -6"><span class='ocrx_word' id='word_1_632' title='bbox 1063 2175 1106 2202; x_wconf 88' lang='lat' dir='ltr'><strong>ubi</strong></span> <span class='ocrx_word' id='word_1_633' title='bbox 1119 2174 1213 2208; x_wconf 83' lang='lat' dir='ltr'><strong>majori</strong></span> <span class='ocrx_word' id='word_1_634' title='bbox 1231 2173 1404 2200; x_wconf 87' lang='lat' dir='ltr'><strong>multitudine</strong></span> <span class='ocrx_word' id='word_1_635' title='bbox 1418 2172 1564 2205; x_wconf 83' lang='lat' dir='ltr'><strong>redissent,</strong></span> <span class='ocrx_word' id='word_1_636' title='bbox 1574 2172 1704 2206; x_wconf 87' lang='lat' dir='ltr'><strong>putentia,</strong></span> <span class='ocrx_word' id='word_1_637' title='bbox 1716 2172 1852 2207; x_wconf 89' lang='lat' dir='ltr'><strong>optimum</strong></span> 
     </span>
    </p>
   </div>
   <div class='ocr_carea' id='block_1_91' title="bbox 224 2215 1010 2251">
    <p class='ocr_par' dir='ltr' id='par_1_91' title="bbox 224 2215 1010 2251">
     <span class='ocr_line' id='line_1_91' title="bbox 224 2215 1010 2251; baseline 0.003 -9"><span class='ocrx_word' id='word_1_638' title='bbox 224 2223 266 2242; x_wconf 88' lang='lat' dir='ltr'><strong>tus</strong></span> <span class='ocrx_word' id='word_1_639' title='bbox 281 2216 428 2249; x_wconf 84' lang='lat' dir='ltr'><strong>imperator</strong></span> <span class='ocrx_word' id='word_1_640' title='bbox 444 2215 550 2242; x_wconf 89' lang='lat' dir='ltr'><strong>indiciis</strong></span> <span class='ocrx_word' id='word_1_641' title='bbox 573 2215 634 2243; x_wconf 89' lang='lat' dir='ltr'><strong>aliis</strong></span> <span class='ocrx_word' id='word_1_642' title='bbox 654 2223 735 2250; x_wconf 89' lang='lat' dir='ltr'><strong>super</strong></span> <span class='ocrx_word' id='word_1_643' title='bbox 749 2216 802 2243; x_wconf 86' lang='lat' dir='ltr'><strong>alia</strong></span> <span class='ocrx_word' id='word_1_644' title='bbox 820 2217 1010 2251; x_wconf 85' lang='lat' dir='ltr'><strong>ingruentibus</strong></span> 
     </span>
    </p>
   </div>
   <div class='ocr_carea' id='block_1_92' title="bbox 222 2262 1008 2297">
    <p class='ocr_par' dir='ltr' id='par_1_92' title="bbox 222 2262 1008 2297">
     <span class='ocr_line' id='line_1_92' title="bbox 222 2262 1008 2297; baseline 0.003 -9"><span class='ocrx_word' id='word_1_645' title='bbox 222 2262 352 2295; x_wconf 73' lang='lat' dir='ltr'><strong>cladium,</strong></span> <span class='ocrx_word' id='word_1_646' title='bbox 376 2262 521 2289; x_wconf 85' lang='lat' dir='ltr'><strong>destitutus</strong></span> <span class='ocrx_word' id='word_1_647' title='bbox 545 2262 643 2296; x_wconf 87' lang='lat' dir='ltr'><strong>copiis,</strong></span> <span class='ocrx_word' id='word_1_648' title='bbox 666 2269 750 2289; x_wconf 89' lang='lat' dir='ltr'><strong>unutn</strong></span> <span class='ocrx_word' id='word_1_649' title='bbox 768 2263 839 2297; x_wconf 88' lang='lat' dir='ltr'><strong>qttud</strong></span> <span class='ocrx_word' id='word_1_650' title='bbox 862 2267 921 2289; x_wconf 84' lang='lat' dir='ltr'><strong>erat</strong></span> <span class='ocrx_word' id='word_1_651' title='bbox 944 2263 1008 2290; x_wconf 85' lang='lat' dir='ltr'><strong>reli-</strong></span> 
     </span>
    </p>
   </div>
   <div class='ocr_carea' id='block_1_93' title="bbox 221 2305 1007 2342">
    <p class='ocr_par' dir='ltr' id='par_1_93' title="bbox 221 2305 1007 2342">
     <span class='ocr_line' id='line_1_93' title="bbox 221 2305 1007 2342; baseline 0.001 -10"><span class='ocrx_word' id='word_1_652' title='bbox 221 2315 303 2342; x_wconf 83' lang='lat' dir='ltr'><strong>quum</strong></span> <span class='ocrx_word' id='word_1_653' title='bbox 326 2308 446 2336; x_wconf 77' lang='lat' dir='ltr'><strong>tenebat,</strong></span> <span class='ocrx_word' id='word_1_654' title='bbox 463 2311 492 2333; x_wconf 91' lang='lat' dir='ltr'><strong>ut</strong></span> <span class='ocrx_word' id='word_1_655' title='bbox 509 2306 565 2333; x_wconf 85' lang='lat' dir='ltr'><strong>Deo</strong></span> <span class='ocrx_word' id='word_1_656' title='bbox 585 2305 714 2333; x_wconf 88' lang='lat' dir='ltr'><strong>ultionem</strong></span> <span class='ocrx_word' id='word_1_657' title='bbox 734 2313 827 2334; x_wconf 88' lang='lat' dir='ltr'><strong>earum</strong></span> <span class='ocrx_word' id='word_1_658' title='bbox 842 2306 1007 2341; x_wconf 74' lang='lat' dir='ltr'><strong>|iniuriarum</strong></span> 
     </span>
    </p>
   </div>
   <div class='ocr_carea' id='block_1_94' title="bbox 222 2352 1011 2387">
    <p class='ocr_par' dir='ltr' id='par_1_94' title="bbox 222 2352 1011 2387">
     <span class='ocr_line' id='line_1_94' title="bbox 222 2352 1011 2387; baseline 0 -8"><span class='ocrx_word' id='word_1_659' title='bbox 222 2358 386 2384; x_wconf 69' lang='lat' dir='ltr'><strong>reservaret,</strong></span> <span class='ocrx_word' id='word_1_660' title='bbox 410 2357 568 2386; x_wconf 82' lang='lat' dir='ltr'><strong>peteretque</strong></span> <span class='ocrx_word' id='word_1_661' title='bbox 597 2352 631 2378; x_wconf 87' lang='lat' dir='ltr'><strong>ab</strong></span> <span class='ocrx_word' id='word_1_662' title='bbox 655 2359 688 2378; x_wconf 90' lang='lat' dir='ltr'><strong>eo</strong></span> <span class='ocrx_word' id='word_1_663' title='bbox 712 2359 791 2386; x_wconf 85' lang='lat' dir='ltr'><strong>quant</strong></span> <span class='ocrx_word' id='word_1_664' title='bbox 815 2354 889 2379; x_wconf 87' lang='lat' dir='ltr'><strong>solus</strong></span> <span class='ocrx_word' id='word_1_665' title='bbox 919 2357 1011 2387; x_wconf 77' lang='lat' dir='ltr'><strong>pesset</strong></span> 
     </span>
    </p>
   </div>
   <div class='ocr_carea' id='block_1_95' title="bbox 222 2397 1009 2437">
    <p class='ocr_par' dir='ltr' id='par_1_95' title="bbox 222 2397 1009 2437">
     <span class='ocr_line' id='line_1_95' title="bbox 222 2397 1009 2437; baseline -0.001 -11"><span class='ocrx_word' id='word_1_666' title='bbox 222 2406 332 2427; x_wconf 86' lang='lat' dir='ltr'><strong>sumere</strong></span> <span class='ocrx_word' id='word_1_667' title='bbox 355 2399 501 2427; x_wconf 72' lang='lat' dir='ltr'><strong>vindictam</strong></span> <span class='ocrx_word' id='word_1_668' title='bbox 528 2397 607 2425; x_wconf 81' lang='lat' dir='ltr'><strong>elTusi</strong></span> <span class='ocrx_word' id='word_1_669' title='bbox 633 2397 725 2431; x_wconf 86' lang='lat' dir='ltr'><strong>inique</strong></span> <span class='ocrx_word' id='word_1_670' title='bbox 749 2397 830 2437; x_wconf 67' lang='lat'><strong>627</strong></span> <span class='ocrx_word' id='word_1_671' title='bbox 845 2398 1009 2433; x_wconf 85' lang='lat' dir='ltr'><strong>.sanguiuis.</strong></span> 
     </span>
    </p>
   </div>
   <div class='ocr_carea' id='block_1_96' title="bbox 220 2443 1009 2480">
    <p class='ocr_par' dir='ltr' id='par_1_96' title="bbox 220 2443 1009 2480">
     <span class='ocr_line' id='line_1_96' title="bbox 220 2443 1009 2480; baseline -0.001 -8"><span class='ocrx_word' id='word_1_672' title='bbox 220 2447 278 2472; x_wconf 78' lang='lat' dir='ltr'><strong>Non</strong></span> <span class='ocrx_word' id='word_1_673' title='bbox 290 2445 441 2480; x_wconf 73' lang='lat' dir='ltr'><strong>negligcbat</strong></span> <span class='ocrx_word' id='word_1_674' title='bbox 453 2449 544 2471; x_wconf 86' lang='lat' dir='ltr'><strong>tamen</strong></span> <span class='ocrx_word' id='word_1_675' title='bbox 557 2443 749 2470; x_wconf 87' lang='lat' dir='ltr'><strong>administrare</strong></span> <span class='ocrx_word' id='word_1_676' title='bbox 758 2452 791 2471; x_wconf 84' lang='lat' dir='ltr'><strong>ex</strong></span> <span class='ocrx_word' id='word_1_677' title='bbox 808 2452 856 2471; x_wconf 91' lang='lat' dir='ltr'><strong>usu</strong></span> <span class='ocrx_word' id='word_1_678' title='bbox 869 2444 1009 2479; x_wconf 62' lang='lat' dir='ltr'><strong>praesenti,</strong></span> 
     </span>
    </p>
   </div>
   <div class='ocr_carea' id='block_1_97' title="bbox 220 2489 1009 2526">
    <p class='ocr_par' dir='ltr' id='par_1_97' title="bbox 220 2489 1009 2526">
     <span class='ocr_line' id='line_1_97' title="bbox 220 2489 1009 2526; baseline -0.003 -7"><span class='ocrx_word' id='word_1_679' title='bbox 220 2493 293 2526; x_wconf 85' lang='lat' dir='ltr'><strong>quod</strong></span> <span class='ocrx_word' id='word_1_680' title='bbox 311 2497 426 2526; x_wconf 81' lang='lat' dir='ltr'><strong>poterat.</strong></span> <span class='ocrx_word' id='word_1_681' title='bbox 443 2490 544 2516; x_wconf 81' lang='lat' dir='ltr'><strong>Ducam</strong></span> <span class='ocrx_word' id='word_1_682' title='bbox 561 2491 645 2521; x_wconf 86' lang='lat' dir='ltr'><strong>enim,</strong></span> <span class='ocrx_word' id='word_1_683' title='bbox 659 2497 786 2525; x_wconf 80' lang='lat' dir='ltr'><strong>magnum</strong></span> <span class='ocrx_word' id='word_1_684' title='bbox 802 2489 1009 2517; x_wconf 67' lang='lat' dir='ltr'><strong>hetmriarcham</strong></span> 
     </span>
    </p>
   </div>
   <div class='ocr_carea' id='block_1_98' title="bbox 222 2535 1010 2575">
    <p class='ocr_par' dir='ltr' id='par_1_98' title="bbox 222 2535 1010 2575">
     <span class='ocr_line' id='line_1_98' title="bbox 222 2535 1010 2575; baseline -0.001 -11"><span class='ocrx_word' id='word_1_685' title='bbox 222 2538 300 2565; x_wconf 86' lang='lat' dir='ltr'><strong>titulo</strong></span> <span class='ocrx_word' id='word_1_686' title='bbox 311 2537 449 2575; x_wconf 62' lang='lat' dir='ltr'><strong>dignitatis</strong></span> <span class='ocrx_word' id='word_1_687' title='bbox 462 2537 618 2568; x_wconf 87' lang='lat' dir='ltr'><strong>vocitatum,</strong></span> <span class='ocrx_word' id='word_1_688' title='bbox 632 2536 736 2563; x_wconf 87' lang='lat' dir='ltr'><strong>crebris</strong></span> <span class='ocrx_word' id='word_1_689' title='bbox 748 2535 890 2563; x_wconf 86' lang='lat' dir='ltr'><strong>admonuit</strong></span> <span class='ocrx_word' id='word_1_690' title='bbox 905 2537 1010 2563; x_wconf 89' lang='lat' dir='ltr'><strong>nuntiis</strong></span> 
     </span>
    </p>
   </div>
   <div class='ocr_carea' id='block_1_99' title="bbox 221 2581 1010 2620">
    <p class='ocr_par' dir='ltr' id='par_1_99' title="bbox 221 2581 1010 2620">
     <span class='ocr_line' id='line_1_99' title="bbox 221 2581 1010 2620; baseline -0.004 -9"><span class='ocrx_word' id='word_1_691' title='bbox 221 2590 276 2612; x_wconf 82' lang='lat' dir='ltr'><strong>uta</strong></span> <span class='ocrx_word' id='word_1_692' title='bbox 290 2590 366 2620; x_wconf 75' lang='lat' dir='ltr'><strong>tergo</strong></span> <span class='ocrx_word' id='word_1_693' title='bbox 381 2591 411 2613; x_wconf 72' lang='lat' dir='ltr'><strong>cx</strong></span> <span class='ocrx_word' id='word_1_694' title='bbox 428 2581 535 2610; x_wconf 85' lang='lat' dir='ltr'><strong>occulto</strong></span> <span class='ocrx_word' id='word_1_695' title='bbox 553 2586 580 2608; x_wconf 88' lang='lat' dir='ltr'><strong>et</strong></span> <span class='ocrx_word' id='word_1_696' title='bbox 596 2587 719 2617; x_wconf 88' lang='lat' dir='ltr'><strong>protecte</strong></span> <span class='ocrx_word' id='word_1_697' title='bbox 735 2582 858 2617; x_wconf 82' lang='lat' dir='ltr'><strong>vestigiis</strong></span> <span class='ocrx_word' id='word_1_698' title='bbox 873 2582 1010 2610; x_wconf 81' lang='lat' dir='ltr'><strong>exercitus</strong></span> 
     </span>
    </p>
   </div>
   <div class='ocr_carea' id='block_1_100' title="bbox 220 2628 1011 2668">
    <p class='ocr_par' dir='ltr' id='par_1_100' title="bbox 220 2628 1011 2668">
     <span class='ocr_line' id='line_1_100' title="bbox 220 2628 1011 2668; baseline -0.003 -11"><span class='ocrx_word' id='word_1_699' title='bbox 220 2630 411 2668; x_wconf 67' lang='lat' dir='ltr'><strong>Amogabarici</strong></span> <span class='ocrx_word' id='word_1_700' title='bbox 433 2635 526 2655; x_wconf 78' lang='lat' dir='ltr'><strong>versus</strong></span> <span class='ocrx_word' id='word_1_701' title='bbox 540 2629 633 2656; x_wconf 88' lang='lat' dir='ltr'><strong>urbem</strong></span> <span class='ocrx_word' id='word_1_702' title='bbox 657 2628 794 2655; x_wconf 86' lang='lat' dir='ltr'><strong>tendentis</strong></span> <span class='ocrx_word' id='word_1_703' title='bbox 812 2628 946 2656; x_wconf 86' lang='lat' dir='ltr'><strong>insisteret</strong></span> <span class='ocrx_word' id='word_1_704' title='bbox 961 2636 969 2660; x_wconf 83' lang='lat'><strong>;</strong></span> <span class='ocrx_word' id='word_1_705' title='bbox 983 2634 1011 2656; x_wconf 92' lang='lat' dir='ltr'><strong>et</strong></span> 
     </span>
    </p>
   </div>
   <div class='ocr_carea' id='block_1_101' title="bbox 220 2675 1010 2712">
    <p class='ocr_par' dir='ltr' id='par_1_101' title="bbox 220 2675 1010 2712">
     <span class='ocr_line' id='line_1_101' title="bbox 220 2675 1010 2712; baseline -0.003 -9"><span class='ocrx_word' id='word_1_706' title='bbox 220 2677 348 2712; x_wconf 87' lang='lat' dir='ltr'><strong>quoniam</strong></span> <span class='ocrx_word' id='word_1_707' title='bbox 377 2676 410 2702; x_wconf 85' lang='lat' dir='ltr'><strong>ad</strong></span> <span class='ocrx_word' id='word_1_708' title='bbox 436 2675 459 2702; x_wconf 88' lang='lat' dir='ltr'><strong>ei</strong></span> <span class='ocrx_word' id='word_1_709' title='bbox 478 2682 508 2702; x_wconf 85' lang='lat' dir='ltr'><strong>se</strong></span> <span class='ocrx_word' id='word_1_710' title='bbox 533 2682 566 2702; x_wconf 76' lang='lat' dir='ltr'><strong>ex</strong></span> <span class='ocrx_word' id='word_1_711' title='bbox 587 2675 701 2702; x_wconf 85' lang='lat' dir='ltr'><strong>adverso</strong></span> <span class='ocrx_word' id='word_1_712' title='bbox 720 2675 911 2709; x_wconf 82' lang='lat' dir='ltr'><strong>opponendum</strong></span> <span class='ocrx_word' id='word_1_713' title='bbox 938 2675 1010 2702; x_wconf 85' lang='lat' dir='ltr'><strong>vires</strong></span> 
     </span>
    </p>
   </div>
   <div class='ocr_carea' id='block_1_102' title="bbox 220 2720 1008 2754">
    <p class='ocr_par' dir='ltr' id='par_1_102' title="bbox 220 2720 1008 2754">
     <span class='ocr_line' id='line_1_102' title="bbox 220 2720 1008 2754; baseline -0.006 -3"><span class='ocrx_word' id='word_1_714' title='bbox 220 2723 333 2751; x_wconf 84' lang='lat' dir='ltr'><strong>idoneas</strong></span> <span class='ocrx_word' id='word_1_715' title='bbox 350 2729 402 2749; x_wconf 79' lang='lat' dir='ltr'><strong>nan</strong></span> <span class='ocrx_word' id='word_1_716' title='bbox 422 2721 546 2754; x_wconf 88' lang='lat' dir='ltr'><strong>haberet,</strong></span> <span class='ocrx_word' id='word_1_717' title='bbox 562 2721 730 2749; x_wconf 88' lang='lat' dir='ltr'><strong>itnmiuendo</strong></span> <span class='ocrx_word' id='word_1_718' title='bbox 747 2728 761 2748; x_wconf 90' lang='lat' dir='ltr'><strong>a</strong></span> <span class='ocrx_word' id='word_1_719' title='bbox 777 2720 869 2752; x_wconf 87' lang='lat' dir='ltr'><strong>dorso,</strong></span> <span class='ocrx_word' id='word_1_720' title='bbox 889 2720 1008 2754; x_wconf 85' lang='lat' dir='ltr'><strong>quadam</strong></span> 
     </span>
    </p>
   </div>
   <div class='ocr_carea' id='block_1_103' title="bbox 221 2766 1011 2803">
    <p class='ocr_par' dir='ltr' id='par_1_103' title="bbox 221 2766 1011 2803">
     <span class='ocr_line' id='line_1_103' title="bbox 221 2766 1011 2803; baseline -0.005 -7"><span class='ocrx_word' id='word_1_721' title='bbox 221 2769 275 2796; x_wconf 91' lang='lat' dir='ltr'><strong>illis</strong></span> <span class='ocrx_word' id='word_1_722' title='bbox 299 2767 460 2803; x_wconf 89' lang='lat' dir='ltr'><strong>respiciendi</strong></span> <span class='ocrx_word' id='word_1_723' title='bbox 483 2774 559 2800; x_wconf 82' lang='lat' dir='ltr'><strong>cura,</strong></span> <span class='ocrx_word' id='word_1_724' title='bbox 585 2775 689 2795; x_wconf 88' lang='lat' dir='ltr'><strong>moram</strong></span> <span class='ocrx_word' id='word_1_725' title='bbox 713 2766 810 2794; x_wconf 85' lang='lat' dir='ltr'><strong>saltem</strong></span> <span class='ocrx_word' id='word_1_726' title='bbox 834 2766 953 2801; x_wconf 88' lang='lat' dir='ltr'><strong>aliquam</strong></span> <span class='ocrx_word' id='word_1_727' title='bbox 979 2774 1011 2793; x_wconf 87' lang='lat' dir='ltr'><strong>ac</strong></span> 
     </span>
    </p>
   </div>
   <div class='ocr_carea' id='block_1_104' title="bbox 221 2812 1009 2850">
    <p class='ocr_par' dir='ltr' id='par_1_104' title="bbox 221 2812 1009 2850">
     <span class='ocr_line' id='line_1_104' title="bbox 221 2812 1009 2850; baseline -0.001 -8"><span class='ocrx_word' id='word_1_728' title='bbox 221 2813 432 2843; x_wconf 82' lang='lat' dir='ltr'><strong>sollicitudinem</strong></span> <span class='ocrx_word' id='word_1_729' title='bbox 448 2812 580 2850; x_wconf 85' lang='lat' dir='ltr'><strong>injiceret.</strong></span> <span class='ocrx_word' id='word_1_730' title='bbox 593 2813 642 2843; x_wconf 82' lang='lat' dir='ltr'><strong>His</strong></span> <span class='ocrx_word' id='word_1_731' title='bbox 657 2813 704 2842; x_wconf 83' lang='lat' dir='ltr'><strong>ille</strong></span> <span class='ocrx_word' id='word_1_732' title='bbox 718 2812 853 2841; x_wconf 83' lang='lat' dir='ltr'><strong>mandatis</strong></span> <span class='ocrx_word' id='word_1_733' title='bbox 867 2812 1009 2848; x_wconf 84' lang='lat' dir='ltr'><strong>obtempe-</strong></span> 
     </span>
    </p>
   </div>
   <div class='ocr_carea' id='block_1_105' title="bbox 1062 2218 1854 2253">
    <p class='ocr_par' dir='ltr' id='par_1_105' title="bbox 1062 2218 1854 2253">
     <span class='ocr_line' id='line_1_105' title="bbox 1062 2218 1854 2253; baseline -0.003 -7"><span class='ocrx_word' id='word_1_734' title='bbox 1062 2220 1133 2247; x_wconf 78' lang='lat' dir='ltr'><strong>fuctu</strong></span> <span class='ocrx_word' id='word_1_735' title='bbox 1154 2223 1282 2253; x_wconf 86' lang='lat' dir='ltr'><strong>putarunt</strong></span> <span class='ocrx_word' id='word_1_736' title='bbox 1307 2219 1411 2246; x_wconf 83' lang='lat' dir='ltr'><strong>cladem</strong></span> <span class='ocrx_word' id='word_1_737' title='bbox 1435 2225 1536 2245; x_wconf 88' lang='lat' dir='ltr'><strong>certam</strong></span> <span class='ocrx_word' id='word_1_738' title='bbox 1561 2219 1743 2248; x_wconf 84' lang='lat' dir='ltr'><strong>conventione</strong></span> <span class='ocrx_word' id='word_1_739' title='bbox 1763 2218 1854 2252; x_wconf 84' lang='lat' dir='ltr'><strong>quali-</strong></span> 
     </span>
    </p>
   </div>
   <div class='ocr_carea' id='block_1_106' title="bbox 1061 2265 1853 2300">
    <p class='ocr_par' dir='ltr' id='par_1_106' title="bbox 1061 2265 1853 2300">
     <span class='ocr_line' id='line_1_106' title="bbox 1061 2265 1853 2300; baseline -0.001 -8"><span class='ocrx_word' id='word_1_740' title='bbox 1061 2272 1169 2300; x_wconf 85' lang='lat' dir='ltr'><strong>cunque</strong></span> <span class='ocrx_word' id='word_1_741' title='bbox 1195 2268 1367 2299; x_wconf 73' lang='lat' dir='ltr'><strong>przevertere,</strong></span> <span class='ocrx_word' id='word_1_742' title='bbox 1388 2265 1534 2292; x_wconf 82' lang='lat' dir='ltr'><strong>securitate</strong></span> <span class='ocrx_word' id='word_1_743' title='bbox 1548 2265 1655 2292; x_wconf 81' lang='lat' dir='ltr'><strong>vivendi</strong></span> <span class='ocrx_word' id='word_1_744' title='bbox 1676 2271 1853 2295; x_wconf 86' lang='lat' dir='ltr'><strong>nummorum</strong></span> 
     </span>
    </p>
   </div>
   <div class='ocr_carea' id='block_1_107' title="bbox 1062 2310 1852 2346">
    <p class='ocr_par' dir='ltr' id='par_1_107' title="bbox 1062 2310 1852 2346">
     <span class='ocr_line' id='line_1_107' title="bbox 1062 2310 1852 2346; baseline 0 -8"><span class='ocrx_word' id='word_1_745' title='bbox 1062 2311 1200 2345; x_wconf 90' lang='lat' dir='ltr'><strong>impendio</strong></span> <span class='ocrx_word' id='word_1_746' title='bbox 1227 2310 1396 2338; x_wconf 89' lang='lat' dir='ltr'><strong>redimenda.</strong></span> <span class='ocrx_word' id='word_1_747' title='bbox 1418 2310 1534 2339; x_wconf 81' lang='lat' dir='ltr'><strong>Meleam</strong></span> <span class='ocrx_word' id='word_1_748' title='bbox 1556 2318 1663 2346; x_wconf 87' lang='lat' dir='ltr'><strong>qttoque</strong></span> <span class='ocrx_word' id='word_1_749' title='bbox 1686 2318 1778 2338; x_wconf 82' lang='lat' dir='ltr'><strong>arcem</strong></span> <span class='ocrx_word' id='word_1_750' title='bbox 1804 2312 1852 2345; x_wconf 90' lang='lat' dir='ltr'><strong>qui</strong></span> 
     </span>
    </p>
   </div>
   <div class='ocr_carea' id='block_1_108' title="bbox 1062 2357 1854 2392">
    <p class='ocr_par' dir='ltr' id='par_1_108' title="bbox 1062 2357 1854 2392">
     <span class='ocr_line' id='line_1_108' title="bbox 1062 2357 1854 2392; baseline 0.001 -8"><span class='ocrx_word' id='word_1_751' title='bbox 1062 2358 1191 2384; x_wconf 78' lang='lat' dir='ltr'><strong>tenebant</strong></span> <span class='ocrx_word' id='word_1_752' title='bbox 1208 2357 1303 2388; x_wconf 86' lang='lat' dir='ltr'><strong>nostri.</strong></span> <span class='ocrx_word' id='word_1_753' title='bbox 1328 2357 1426 2383; x_wconf 89' lang='lat' dir='ltr'><strong>vicinia</strong></span> <span class='ocrx_word' id='word_1_754' title='bbox 1444 2357 1625 2386; x_wconf 81' lang='lat' dir='ltr'><strong>Barbarorum</strong></span> <span class='ocrx_word' id='word_1_755' title='bbox 1637 2365 1734 2392; x_wconf 87' lang='lat' dir='ltr'><strong>aspere</strong></span> <span class='ocrx_word' id='word_1_756' title='bbox 1747 2364 1854 2392; x_wconf 85' lang='lat' dir='ltr'><strong>preme-</strong></span> 
     </span>
    </p>
   </div>
   <div class='ocr_carea' id='block_1_109' title="bbox 1061 2403 1852 2437">
    <p class='ocr_par' dir='ltr' id='par_1_109' title="bbox 1061 2403 1852 2437">
     <span class='ocr_line' id='line_1_109' title="bbox 1061 2403 1852 2437; baseline 0 -6"><span class='ocrx_word' id='word_1_757' title='bbox 1061 2403 1168 2435; x_wconf 87' lang='lat' dir='ltr'><strong>bantur,</strong></span> <span class='ocrx_word' id='word_1_758' title='bbox 1183 2403 1305 2436; x_wconf 83' lang='lat' dir='ltr'><strong>plurimis</strong></span> <span class='ocrx_word' id='word_1_759' title='bbox 1315 2410 1411 2429; x_wconf 88' lang='lat' dir='ltr'><strong>eorum</strong></span> <span class='ocrx_word' id='word_1_760' title='bbox 1423 2403 1449 2429; x_wconf 91' lang='lat' dir='ltr'><strong>in</strong></span> <span class='ocrx_word' id='word_1_761' title='bbox 1465 2403 1588 2437; x_wconf 79' lang='lat' dir='ltr'><strong>proximo</strong></span> <span class='ocrx_word' id='word_1_762' title='bbox 1602 2404 1734 2434; x_wconf 85' lang='lat' dir='ltr'><strong>stationes</strong></span> <span class='ocrx_word' id='word_1_763' title='bbox 1747 2404 1852 2431; x_wconf 83' lang='lat' dir='ltr'><strong>haben-</strong></span> 
     </span>
    </p>
   </div>
   <div class='ocr_carea' id='block_1_110' title="bbox 1062 2448 1850 2483">
    <p class='ocr_par' dir='ltr' id='par_1_110' title="bbox 1062 2448 1850 2483">
     <span class='ocr_line' id='line_1_110' title="bbox 1062 2448 1850 2483; baseline 0.003 -8"><span class='ocrx_word' id='word_1_764' title='bbox 1062 2449 1150 2476; x_wconf 87' lang='lat' dir='ltr'><strong>tibus;</strong></span> <span class='ocrx_word' id='word_1_765' title='bbox 1176 2449 1223 2478; x_wconf 75' lang='lat' dir='ltr'><strong>sed</strong></span> <span class='ocrx_word' id='word_1_766' title='bbox 1246 2450 1316 2483; x_wconf 90' lang='lat' dir='ltr'><strong>quod</strong></span> <span class='ocrx_word' id='word_1_767' title='bbox 1339 2449 1394 2476; x_wconf 89' lang='lat' dir='ltr'><strong>illic</strong></span> <span class='ocrx_word' id='word_1_768' title='bbox 1409 2453 1468 2476; x_wconf 89' lang='lat' dir='ltr'><strong>erat</strong></span> <span class='ocrx_word' id='word_1_769' title='bbox 1482 2448 1565 2476; x_wconf 86' lang='lat' dir='ltr'><strong>robur</strong></span> <span class='ocrx_word' id='word_1_770' title='bbox 1581 2449 1686 2478; x_wconf 67' lang='lat' dir='ltr'><strong>militiae</strong></span> <span class='ocrx_word' id='word_1_771' title='bbox 1707 2449 1850 2482; x_wconf 66' lang='lat' dir='ltr'><strong>not-ranas,</strong></span> 
     </span>
    </p>
   </div>
   <div class='ocr_carea' id='block_1_111' title="bbox 1060 2493 1853 2529">
    <p class='ocr_par' dir='ltr' id='par_1_111' title="bbox 1060 2493 1853 2529">
     <span class='ocr_line' id='line_1_111' title="bbox 1060 2493 1853 2529; baseline 0.004 -9"><span class='ocrx_word' id='word_1_772' title='bbox 1060 2494 1144 2528; x_wconf 75' lang='lat'><strong>628</strong></span> <span class='ocrx_word' id='word_1_773' title='bbox 1162 2495 1188 2521; x_wconf 91' lang='lat' dir='ltr'><strong>iu</strong></span> <span class='ocrx_word' id='word_1_774' title='bbox 1203 2502 1250 2521; x_wconf 88' lang='lat' dir='ltr'><strong>eas</strong></span> <span class='ocrx_word' id='word_1_775' title='bbox 1266 2493 1539 2522; x_wconf 82' lang='lat' dir='ltr'><strong>Persicasrrrueutes</strong></span> <span class='ocrx_word' id='word_1_776' title='bbox 1552 2495 1647 2529; x_wconf 82' lang='lat' dir='ltr'><strong>copias</strong></span> <span class='ocrx_word' id='word_1_777' title='bbox 1665 2497 1698 2522; x_wconf 90' lang='lat' dir='ltr'><strong>de</strong></span> <span class='ocrx_word' id='word_1_778' title='bbox 1714 2496 1748 2523; x_wconf 88' lang='lat' dir='ltr'><strong>iis</strong></span> <span class='ocrx_word' id='word_1_779' title='bbox 1764 2496 1853 2524; x_wconf 57' lang='lat' dir='ltr'><strong>victo»</strong></span> 
     </span>
    </p>
   </div>
   <div class='ocr_carea' id='block_1_112' title="bbox 1061 2539 1851 2575">
    <p class='ocr_par' dir='ltr' id='par_1_112' title="bbox 1061 2539 1851 2575">
     <span class='ocr_line' id='line_1_112' title="bbox 1061 2539 1851 2575; baseline 0.004 -10"><span class='ocrx_word' id='word_1_780' title='bbox 1061 2540 1130 2566; x_wconf 79' lang='lat' dir='ltr'><strong>riam</strong></span> <span class='ocrx_word' id='word_1_781' title='bbox 1145 2540 1305 2571; x_wconf 83' lang='lat' dir='ltr'><strong>retulerunt.</strong></span> <span class='ocrx_word' id='word_1_782' title='bbox 1320 2539 1404 2574; x_wconf 83' lang='lat' dir='ltr'><strong>Cujus</strong></span> <span class='ocrx_word' id='word_1_783' title='bbox 1416 2540 1557 2575; x_wconf 83' lang='lat' dir='ltr'><strong>utriusque</strong></span> <span class='ocrx_word' id='word_1_784' title='bbox 1568 2548 1723 2574; x_wconf 81' lang='lat' dir='ltr'><strong>successus,</strong></span> <span class='ocrx_word' id='word_1_785' title='bbox 1734 2546 1762 2568; x_wconf 87' lang='lat' dir='ltr'><strong>et</strong></span> <span class='ocrx_word' id='word_1_786' title='bbox 1776 2541 1851 2569; x_wconf 87' lang='lat' dir='ltr'><strong>Hieri</strong></span> 
     </span>
    </p>
   </div>
   <div class='ocr_carea' id='block_1_113' title="bbox 1061 2586 1853 2621">
    <p class='ocr_par' dir='ltr' id='par_1_113' title="bbox 1061 2586 1853 2621">
     <span class='ocr_line' id='line_1_113' title="bbox 1061 2586 1853 2621; baseline 0.005 -10"><span class='ocrx_word' id='word_1_787' title='bbox 1061 2587 1187 2620; x_wconf 69' lang='lat' dir='ltr'><strong>pactione</strong></span> <span class='ocrx_word' id='word_1_788' title='bbox 1206 2587 1336 2621; x_wconf 84' lang='lat' dir='ltr'><strong>redempti</strong></span> <span class='ocrx_word' id='word_1_789' title='bbox 1353 2592 1380 2613; x_wconf 92' lang='lat' dir='ltr'><strong>et</strong></span> <span class='ocrx_word' id='word_1_790' title='bbox 1401 2586 1492 2614; x_wconf 77' lang='lat' dir='ltr'><strong>Melete</strong></span> <span class='ocrx_word' id='word_1_791' title='bbox 1510 2587 1535 2614; x_wconf 81' lang='lat' dir='ltr'><strong>vi</strong></span> <span class='ocrx_word' id='word_1_792' title='bbox 1550 2587 1680 2619; x_wconf 68' lang='lat' dir='ltr'><strong>liberatae.</strong></span> <span class='ocrx_word' id='word_1_793' title='bbox 1699 2587 1775 2615; x_wconf 72' lang='lat' dir='ltr'><strong>laetos</strong></span> <span class='ocrx_word' id='word_1_794' title='bbox 1793 2597 1853 2615; x_wconf 85' lang='lat' dir='ltr'><strong>atu-</strong></span> 
     </span>
    </p>
   </div>
   <div class='ocr_carea' id='block_1_114' title="bbox 1062 2631 1852 2666">
    <p class='ocr_par' dir='ltr' id='par_1_114' title="bbox 1062 2631 1852 2666">
     <span class='ocr_line' id='line_1_114' title="bbox 1062 2631 1852 2666; baseline 0.003 -8"><span class='ocrx_word' id='word_1_795' title='bbox 1062 2631 1112 2658; x_wconf 84' lang='lat' dir='ltr'><strong>bos</strong></span> <span class='ocrx_word' id='word_1_796' title='bbox 1128 2638 1181 2658; x_wconf 91' lang='lat' dir='ltr'><strong>uno</strong></span> <span class='ocrx_word' id='word_1_797' title='bbox 1202 2632 1246 2658; x_wconf 89' lang='lat' dir='ltr'><strong>die</strong></span> <span class='ocrx_word' id='word_1_798' title='bbox 1262 2632 1371 2661; x_wconf 85' lang='lat' dir='ltr'><strong>nuntios</strong></span> <span class='ocrx_word' id='word_1_799' title='bbox 1391 2632 1540 2666; x_wconf 81' lang='lat' dir='ltr'><strong>imperator</strong></span> <span class='ocrx_word' id='word_1_800' title='bbox 1559 2632 1709 2666; x_wconf 76' lang='lat' dir='ltr'><strong>accipienti.</strong></span> <span class='ocrx_word' id='word_1_801' title='bbox 1729 2632 1852 2661; x_wconf 82' lang='lat' dir='ltr'><strong>fructum</strong></span> 
     </span>
    </p>
   </div>
   <div class='ocr_carea' id='block_1_115' title="bbox 1061 2677 1852 2713">
    <p class='ocr_par' dir='ltr' id='par_1_115' title="bbox 1061 2677 1852 2713">
     <span class='ocr_line' id='line_1_115' title="bbox 1061 2677 1852 2713; baseline 0.003 -9"><span class='ocrx_word' id='word_1_802' title='bbox 1061 2677 1134 2704; x_wconf 85' lang='lat' dir='ltr'><strong>hunc</strong></span> <span class='ocrx_word' id='word_1_803' title='bbox 1160 2679 1268 2704; x_wconf 85' lang='lat' dir='ltr'><strong>tandem</strong></span> <span class='ocrx_word' id='word_1_804' title='bbox 1294 2685 1424 2713; x_wconf 83' lang='lat' dir='ltr'><strong>apparere</strong></span> <span class='ocrx_word' id='word_1_805' title='bbox 1449 2678 1621 2712; x_wconf 82' lang='lat' dir='ltr'><strong>incipientem</strong></span> <span class='ocrx_word' id='word_1_806' title='bbox 1648 2685 1708 2706; x_wconf 80' lang='lat' dir='ltr'><strong>esse</strong></span> <span class='ocrx_word' id='word_1_807' title='bbox 1734 2679 1852 2707; x_wconf 83' lang='lat' dir='ltr'><strong>credidit</strong></span> 
     </span>
    </p>
   </div>
   <div class='ocr_carea' id='block_1_116' title="bbox 1062 2723 1852 2758">
    <p class='ocr_par' dir='ltr' id='par_1_116' title="bbox 1062 2723 1852 2758">
     <span class='ocr_line' id='line_1_116' title="bbox 1062 2723 1852 2758; baseline 0.004 -9"><span class='ocrx_word' id='word_1_808' title='bbox 1062 2723 1219 2750; x_wconf 84' lang='lat' dir='ltr'><strong>crebrarum</strong></span> <span class='ocrx_word' id='word_1_809' title='bbox 1234 2724 1340 2750; x_wconf 86' lang='lat' dir='ltr'><strong>illatum</strong></span> <span class='ocrx_word' id='word_1_810' title='bbox 1353 2724 1516 2758; x_wconf 65' lang='lat' dir='ltr'><strong>patriarchae</strong></span> <span class='ocrx_word' id='word_1_811' title='bbox 1526 2724 1694 2752; x_wconf 89' lang='lat' dir='ltr'><strong>litaniarum.</strong></span> <span class='ocrx_word' id='word_1_812' title='bbox 1705 2723 1778 2751; x_wconf 89' lang='lat' dir='ltr'><strong>luter</strong></span> <span class='ocrx_word' id='word_1_813' title='bbox 1791 2725 1852 2752; x_wconf 64' lang='lat' dir='ltr'><strong>haec</strong></span> 
     </span>
    </p>
   </div>
   <div class='ocr_carea' id='block_1_117' title="bbox 1063 2770 1853 2804">
    <p class='ocr_par' dir='ltr' id='par_1_117' title="bbox 1063 2770 1853 2804">
     <span class='ocr_line' id='line_1_117' title="bbox 1063 2770 1853 2804; baseline 0.006 -11"><span class='ocrx_word' id='word_1_814' title='bbox 1063 2775 1127 2794; x_wconf 88' lang='lat' dir='ltr'><strong>vero</strong></span> <span class='ocrx_word' id='word_1_815' title='bbox 1143 2774 1286 2802; x_wconf 76' lang='lat' dir='ltr'><strong>appetente</strong></span> <span class='ocrx_word' id='word_1_816' title='bbox 1306 2771 1436 2797; x_wconf 81' lang='lat' dir='ltr'><strong>sementis</strong></span> <span class='ocrx_word' id='word_1_817' title='bbox 1452 2775 1573 2804; x_wconf 85' lang='lat' dir='ltr'><strong>tempore</strong></span> <span class='ocrx_word' id='word_1_818' title='bbox 1586 2770 1704 2799; x_wconf 85' lang='lat' dir='ltr'><strong>cultores</strong></span> <span class='ocrx_word' id='word_1_819' title='bbox 1723 2777 1853 2804; x_wconf 81' lang='lat' dir='ltr'><strong>agmrum</strong></span> 
     </span>
    </p>
   </div>
   <div class='ocr_carea' id='block_1_118' title="bbox 1062 2814 1852 2851">
    <p class='ocr_par' dir='ltr' id='par_1_118' title="bbox 1062 2814 1852 2851">
     <span class='ocr_line' id='line_1_118' title="bbox 1062 2814 1852 2851; baseline 0.006 -11"><span class='ocrx_word' id='word_1_820' title='bbox 1062 2814 1128 2841; x_wconf 91' lang='lat' dir='ltr'><strong>hinc</strong></span> <span class='ocrx_word' id='word_1_821' title='bbox 1144 2815 1254 2850; x_wconf 83' lang='lat' dir='ltr'><strong>quidem</strong></span> <span class='ocrx_word' id='word_1_822' title='bbox 1272 2816 1348 2843; x_wconf 72' lang='lat' dir='ltr'><strong>exire</strong></span> <span class='ocrx_word' id='word_1_823' title='bbox 1364 2816 1428 2843; x_wconf 91' lang='lat' dir='ltr'><strong>urbe</strong></span> <span class='ocrx_word' id='word_1_824' title='bbox 1446 2816 1597 2851; x_wconf 84' lang='lat' dir='ltr'><strong>gestiebant</strong></span> <span class='ocrx_word' id='word_1_825' title='bbox 1613 2817 1647 2844; x_wconf 84' lang='lat' dir='ltr'><strong>ad</strong></span> <span class='ocrx_word' id='word_1_826' title='bbox 1665 2824 1723 2844; x_wconf 84' lang='lat' dir='ltr'><strong>nec-</strong></span> <span class='ocrx_word' id='word_1_827' title='bbox 1734 2817 1852 2845; x_wconf 84' lang='lat' dir='ltr'><strong>ssariam</strong></span> 
     </span>
    </p>
   </div>
  </div>
