1957 3066
80 169 134 200 689

526 172 576 203 DE
596 171 818 204 ANDRONICO
832 171 1065 203 PAL/EOLOGO
1085 174 1160 204 LIB.
1179 175 1246 207 VII.

1659 175 1711 206 690

77 224 135 255 τοῖς
149 224 259 260 ἐχθροῖς
271 224 386 261 βαρείας
399 226 492 262 χεῖρας
504 227 607 262 ἐφεῖναι
623 228 726 255 τούτων
742 228 871 264 προσεδο-
885 228 906 257 Δ
923 228 991 263 plot;
1004 229 1197 265 προσέϐαλλον,
1213 231 1303 263 καθὼς
1326 232 1372 258 καὶ
1393 230 1489 266 Βρύσει
1502 233 1534 265 τῇ
1561 232 1693 266 λεγομένῃ
1703 241 1711 249 ·

78 269 158 302 atare,
174 270 244 306 μηδὲ
258 271 364 303 τούτοις
389 269 544 307 σπείρουσιῖ
561 274 635 308 Πλὴν
656 273 870 308 Τυσφεντίσθλα-

78 315 126 346 6ος
139 315 192 350 μὲν
210 316 261 350 τῆς
281 317 392 352 είρήνης
416 318 505 352 satos,
517 320 565 346 καὶ
579 320 659 355 κῆδος
674 320 742 356 πρὸς
756 319 870 355 βασιλέα

79 361 236 388 συντιθέναι
248 363 356 396 ἤθελεν,
372 364 418 390 καὶ
434 366 481 391 ἐπὶ
496 365 601 397 τούτοις
616 365 663 393 τδν
683 365 870 401 πατριαρχεύ-

77 416 166 435 σαντα
188 408 408 444 Ἰωάννην(ὲκεῐ
429 411 483 446 γὰρ
503 413 629 444 κάκεῖνος
645 412 768 440 συνεάλω
782 412 870 444 Σωζο-

78 454 225 488 πολίταις)
246 455 360 490 μεσίτην
373 456 441 491 πρὸς
453 456 566 491 βασιλέα
580 458 646 492 περὶ
663 457 718 484 τῶν
732 458 870 493 ζητουμέ-

77 508 133 526 νων
159 500 344 535 προὺόάλετο.
367 501 500 534 Βασιλεὺς
520 503 548 530 δὲ
561 503 776 539 ὑπερτιθέμενος
793 504 869 539 ὅμως

76 548 128 581 τῆς
137 547 262 582 ἀνάγκης
280 549 391 582 ἡττᾶτο,
405 549 451 575 καὶ
465 549 583 583 πέμπων
596 551 646 585 τὴν
657 551 770 586 εἰρήνην
781 552 870 578 ποιεῖν

76 593 149 620 κατὰ
163 593 194 619 τὸ
214 594 291 629 αὑτῷ
306 593 437 629 βουλητὺν
451 595 624 630 ἐδοκίμαζεν.
642 597 763 629 Ἐκεῖνος
774 598 829 633 γὰρ
840 597 870 624 ἐν

75 638 133 665 τῶν
149 638 308 674 θυγατρίων
320 640 366 666 τοῦ
382 640 514 675 βασιλέως
525 642 637 678 Μιχαὴλ
653 642 744 678 ἐζήτει
757 644 850 670 λαϐεῖν
860 652 867 660 ·

75 685 93 712 ἃ
124 685 153 711 δέ
178 685 343 720 προῦφθασε
366 686 422 713 τῶν
441 687 617 722 πολισμάτων
642 691 804 725 κατασχεῖν,
820 690 869 717 οὐκ

75 731 179 757 ἀπέλυε
197 731 259 765 μὲν,
277 732 351 766 ὅμως
362 740 394 766 γε
407 732 499 767 μέντοι
512 734 568 764 τοῖς
580 734 651 766 νέοις
666 734 712 760 καὶ
724 735 869 769 ὁμοζύγοις

74 776 205 802 διενοεῖτο
214 776 302 803 ταῦτα
315 777 466 813 διατηρεῖν.
476 779 610 811 Βασιλεὺς
621 781 667 806 καὶ
684 780 772 812 ἄλλως
785 780 869 808 Θέὶων

76 823 213 858 πράττειν
229 824 261 850 τὸ
277 824 457 859 συνάλλαγμα
485 827 589 853 ἐκεῖνον
610 827 754 855 άνέὗαλλε.
774 829 829 854 Καὶ
839 829 869 854 ἐν

74 869 198 904 τοσούτῳ
211 871 316 900 ἐκεῖνος
333 871 472 906 μετέωρος
487 872 526 898 ὢν
550 873 598 899 τδν
611 873 702 899 ἐκεῖσε
719 875 792 900 σῖτον
810 875 870 900 δια·

75 913 243 945 πλωῖζεσθαι
271 915 412 949 καθυφίει,
444 917 491 943 καὶ
506 917 579 944 οὕτω
615 918 746 953 Ῥωμαῖοι
758 920 867 954 ὲσιταρ-

75 958 186 992 χοῦν-ιο,
202 961 250 989 καὶ
262 961 410 996 φάρμακον
421 960 456 997 ἦν
465 963 512 989 τοῦ
529 963 608 998 λιμοῦ
622 964 653 990 τὸ
666 965 867 1000 πραττόμενον.

173 1009 227 1041 κη’.
246 1006 284 1033 Τὰ
303 1009 380 1035 κατὰ
394 1008 452 1042 τὴν
470 1009 579 1044 Βιζύην
592 1011 773 1045 πραχθέντα.

111 1050 155 1087 [Ρ.
172 1051 238 1087 438]
264 1053 321 1084 Τὰς
348 1054 376 1080 δὲ
405 1055 537 1089 δυνάμεις
567 1057 591 1082 οἱ
623 1057 809 1093 Ἀμογάῦαροι
825 1058 869 1085 άεὶ

75 1097 148 1124 κατὰ
173 1097 288 1134 Θρᾴκην
312 1099 432 1132 ἐκίνουν,
460 1102 508 1127 καὶ
532 1103 586 1132 τοῖς
604 1103 666 1129 κατ’
682 1103 767 1139 αὐτὴν
783 1113 868 1139 φρου-

76 1194 141 1214 rlre
155 1195 268 1222 operam
289 1188 397 1216 vocati:
420 1189 482 1217 inde
509 1197 599 1218 autem
626 1193 722 1220 eodem
749 1193 867 1221 hostium

75 1237 192 1266 terrore,
203 1241 258 1268 quo
274 1233 378 1262 fuerant
388 1236 457 1262 intra
471 1238 563 1263 urbem
576 1239 718 1272 compulsi,
730 1247 763 1267 ne
772 1248 869 1268 rursus

75 1286 109 1306 eo
123 1285 269 1315 pergerent
288 1281 360 1309 unde
382 1284 425 1308 vix
449 1282 517 1310 salvi
536 1289 692 1317 evaserant,
711 1287 768 1320 pari
791 1287 866 1313 exilii

77 1325 203 1359 periculo
216 1334 288 1353 nttnc
304 1335 412 1361 quoque
428 1328 482 1356 illic
500 1331 675 1364 perdurante,
695 1333 866 1362 tenebantur.

77 1371 212 1399 Pendenli
235 1373 276 1399 sic
303 1372 329 1399 in
355 1375 465 1407 ancipiti
492 1377 635 1403 sementim
659 1385 824 1405 momentum
841 1381 867 1407 in

76 1418 205 1445 cessandi
227 1423 331 1452 partem
348 1419 522 1454 imperatoris
542 1423 692 1450 auctoritas
714 1426 825 1452 addidit.
843 1425 868 1454 is

76 1465 150 1491 enim
173 1473 291 1494 censetis
313 1473 461 1495 sementem
483 1476 623 1496 cessuram
646 1471 672 1497 ill
695 1474 866 1498 commodum

78 1511 211 1545 hostium,
236 1513 282 1547 qui
304 1515 391 1549 campi
415 1515 516 1542 domini
535 1520 640 1551 segetes
661 1517 725 1543 olim
749 1523 868 1544 maturas

922 275 989 302 ἀλλὰ
1004 276 1063 307 ταῖς
1083 275 1189 303 ἔνδοθεν
1213 277 1339 312 άντοχαῖς
1358 277 1407 303 οὐκ
1424 275 1497 312 εἶχον
1515 278 1528 303 ὃ
1546 285 1572 303 τι
1596 279 1710 304 ποιοῖεν.

923 321 1032 348 Μᾶλλον
1047 321 1096 356 μὲν
1111 321 1160 348 οὖν
1184 322 1232 348 καὶ
1257 322 1490 357 προσεξημιοῦντο
1503 322 1713 355 άφιππευόντων

922 367 970 393 ἐπὶ
990 368 1061 401 σφᾶς
1082 367 1204 400 ἐκείνων,
1219 369 1266 394 καὶ
1289 367 1509 403 περιγενομένων
1530 367 1660 399 πολλάκις
1673 367 1713 402 τῷ

921 413 1051 448 ἀκμῆτας
1064 413 1246 448 προσϐάλλειν
1256 414 1303 441 καὶ
1314 415 1506 449 κραταιότερον
1517 413 1709 448 διαμάχεσθαι.

923 458 967 494 [Ρ.
983 458 1047 495 459]
1071 459 1194 486 Ἐκεῖθεν
1207 459 1298 486 τοίνυν
1312 460 1336 485 oi
1353 460 1426 493 ἀμφὶ
1443 460 1488 485 τὸν
1503 460 1625 494 Φαρέντα
1646 458 1712 491 Τζι-

923 504 979 539 μῆν
990 504 1035 530 ἐπὶ
1047 504 1149 538 Βιζύης
1160 504 1292 539 προῆγον,
1307 504 1366 538 ἅμα
1378 505 1496 539 Πέρσαις
1517 503 1626 536 πλείους
1635 501 1711 537 γενό-

923 558 1009 585 μενοι.
1032 550 1088 577 Καὶ
1103 550 1128 576 oi
1147 550 1220 584 ἀμφὶ
1243 550 1288 576 τὸν
1306 550 1392 585 μέγαν
1404 550 1565 582 τζακοὺσιον
1579 550 1625 576 τὸν
1637 545 1713 584 ε’)ὺμ-

920 595 1120 630 περτόπουλον,
1147 595 1259 627 πλείους
1274 593 1329 622 τῶν
1344 595 1490 622 διακοσίων
1509 596 1584 626 ὅντες
1607 596 1710 626 ἱππεῖς.

920 642 1007 675 ὀλίγοι
1017 642 1067 677 τὴν
1079 641 1147 677 πρὸς
1174 642 1289 673 πολλοὺς
1319 642 1369 668 οὐκ
1388 641 1522 677 ἐθάρρουν
1541 641 1712 676 ἀφίππευσεν

921 688 968 714 καὶ
981 687 1020 722 τῷ
1033 688 1157 722 φρουρίῳ
1169 688 1392 723 ἐγκεκλεισμένοι
1406 689 1573 724 παρέμενον.
1586 688 1668 714 Ἀλλὰ
1683 688 1713 714 τδ

920 733 980 759 ἐκεῖ
988 732 1091 767 πλῆθος
1102 733 1177 767 λῆμα
1189 733 1323 767 λαμϐάνει
1334 732 1456 769 ἀρεῖκὺν,
1474 734 1521 759 καὶ
1534 733 1714 767 περιστάντες

919 779 965 805 τδν
980 779 1084 812 ἄγοντα
1105 779 1182 813 δῆλοι
1195 776 1278 814 ἦσαν,
1305 780 1329 805 εί
1347 779 1484 815 ἐκχωροίη
1501 780 1616 811 ἐκεῖνος,
1635 779 1714 806 πολε-

922 825 1091 860 μησείοντες.
1110 825 1140 852 ὐ
1152 825 1180 851 δὲ
1191 825 1232 859 τῷ
1247 825 1323 859 σφῶν
1337 825 1432 860 θράσει
1446 825 1492 851 καὶ
1505 826 1540 860 τῇ
1552 825 1713 860 πολυχειρίᾳ

921 871 1152 905 καταγοητευθεὶς
1182 871 1242 905 (είς
1257 871 1381 906 χιλιάδας
1407 871 1463 905 γὰρ
1480 871 1667 905 συνεπλήρουν
1682 870 1713 895 τὺ

922 917 1052 953 πεζικὸν)
1065 917 1130 948 τοὺς
1144 918 1237 948 ἱππεῖς
1252 917 1388 948 συντάξας
1402 917 1461 952 ἅμα
1471 916 1711 950 τόξοιςνὲξὴλαυνε.

922 963 1034 999 Σῶφρον
1049 964 1139 989 τοίνυν
1151 961 1186 998 ἦν
1199 962 1248 998 τὴν
1261 963 1357 999 ῥαχίαν
1369 963 1495 998 κατέχειν
1509 963 1556 988 καὶ
1569 962 1712 997 προμηθέ-

922 1017 1018 1044 στερον
1034 1009 1248 1036 διακινδυνεύειν
1262 1009 1368 1035 ἐκεῖθεν
1389 1009 1449 1040 ταῖς
1465 1008 1632 1043 δυσχωρίαις
1649 1007 1712 1042 βοη-

922 1055 1089 1089 θουμένους·
1114 1056 1175 1081 ἐπεὶ
1189 1055 1216 1081 δὲ
1236 1055 1318 1090 μοῖρά
1342 1063 1384 1086 τις
1404 1055 1476 1088 σφᾶς
1491 1054 1629 1088 προσῆγεν
1642 1054 1710 1080 άπο-

920 1101 1082 1136 λουμένους,
1113 1101 1247 1136 ἀφέμενοι
1277 1100 1380 1136 ταύτης
1405 1102 1450 1128 ἐπ’
1467 1100 1635 1136 ἀγχωμάλου
1659 1099 1711 1134 τῆς

922 1195 1076 1222 successus,
1092 1188 1258 1216 frumentum
1271 1197 1325 1224 quo
1342 1189 1497 1217 abundabat
1510 1189 1636 1224 Bulgaria
1649 1190 1712 1216 inde

921 1236 1055 1270 asportari
1068 1236 1156 1270 plenis
1168 1236 1284 1263 navibus
1293 1236 1560 1270 Constantinopolim
1574 1236 1711 1270 permisit.

921 1282 998 1315 Quod
1021 1286 1202 1317 praeterquam
1227 1288 1408 1317 opportunum
1429 1283 1550 1317 penuriae
1572 1283 1628 1316 jam
1655 1282 1712 1309 illic

922 1329 1055 1364 prementi
1077 1328 1242 1361 subsidium,
1260 1329 1341 1356 etiam
1365 1329 1519 1356 formidatte
1546 1329 1572 1355 in
1591 1328 1711 1356 futurum

923 1374 987 1402 fami
1000 1375 1078 1410 quasi
1091 1374 1229 1402 antidotus
1240 1382 1271 1402 ac
1283 1380 1476 1409 praesumptum
1491 1375 1517 1401 itt
1528 1379 1649 1409 tempore
1662 1373 1713 1401 fuit

923 1421 1084 1448 remedium.

1115 1467 1161 1496 28.
1181 1467 1219 1493 De
1237 1467 1316 1502 gestis
1343 1467 1378 1494 ad
1393 1467 1514 1504 Bizyam.

957 1514 1056 1548 Copias
1082 1521 1163 1549 porro
1189 1521 1254 1541 suas
1276 1513 1441 1548 Amogabari
1467 1513 1639 1540 incessanter
1662 1519 1711 1547 per

77 1563 172 1587 essent
184 1559 210 1586 in
230 1565 364 1594 potestate
379 1561 511 1592 habituri.
531 1563 683 1590 consultius
704 1564 871 1591 existimavit
885 1569 906 1597 α
922 1561 1070 1588 Thraciam
1103 1561 1259 1593 movebant,
1294 1559 1521 1587 circumferentes
1554 1558 1653 1585 bellum
1685 1558 1711 1584 in

79 1612 132 1632 non
157 1606 307 1639 periclitari
332 1608 448 1634 rusticos
474 1608 509 1635 de
535 1610 590 1636 vita
612 1609 638 1635 in
662 1618 745 1640 opere
767 1612 819 1638 sibi
843 1616 884 1638 et.

78 1650 210 1679 Romanis
231 1652 332 1685 inutili,
349 1654 478 1682 Barbaris
495 1656 629 1683 duntaxat
652 1657 819 1689 profecturo.
833 1657 871 1685 Ita

77 1701 119 1723 est
143 1697 169 1724 itt
195 1697 268 1725 hunc
296 1706 396 1726 annum
424 1699 552 1727 frumenti
579 1702 649 1728 satio
675 1703 870 1736 praetermissa,

79 1743 183 1769 nostris
211 1743 274 1770 inde
298 1744 324 1771 in
351 1752 449 1778 magno
476 1745 556 1773 famis
582 1753 652 1774 mrtu
680 1750 870 1781 versantibus;

79 1794 163 1820 quam
175 1795 228 1814 una
244 1789 395 1816 consolatio
407 1792 578 1824 temperabat
589 1800 604 1819 e
615 1782 872 1826 spe‘debilitationis

79 1833 202 1867 ipsorum
241 1834 360 1862 hostium
395 1842 526 1870 proventu
566 1839 694 1864 messium
729 1839 872 1866 deficiente

79 1885 227 1907 secutum.-
249 1879 317 1907 Natn
342 1881 416 1915 ipsos
438 1883 509 1909 haud
527 1883 638 1911 daturos
655 1892 702 1918 per
719 1892 752 1911 sev
761 1892 871 1919 operam

79 1926 154 1960 agris
176 1926 344 1954 seminandis
362 1927 557 1960 confidebant;
582 1930 656 1956 unde
679 1930 758 1956 flebat
777 1931 873 1957 verisi-

80 1972 144 1998 mile
165 1971 323 1999 dilIiCnlt-ate
338 1980 453 2001 annonae
474 1975 593 2008 graviter
610 1975 797 2002 Iaboraturos.
815 1976 873 2003 Cae-

80 2023 168 2044 terum
190 2017 452 2052 Ospltentistblabus
472 2028 564 2053 pacem
588 2021 708 2054 sitiebat,
734 2021 871 2049 admoveti

81 2063 192 2091 familiae
212 2063 340 2099 Angusta:
363 2065 502 2093 afﬁnitatis
524 2068 725 2094 necessitudine
749 2069 872 2098 cupiens.

80 2108 153 2143 Ergo
174 2110 279 2138 habens
295 2111 322 2137 in
347 2117 479 2146 potestate
495 2113 627 2140 Joannem
651 2115 872 2148 expatriarclmm

79 2163 140 2183 cum
159 2156 324 2191 Sozopolilis
339 2162 458 2192 captum,
486 2167 547 2186 eum
569 2160 745 2194 interpretem
760 2169 872 2188 suorttm

79 2203 149 2235 apud
175 2202 368 2236 imperatorem
392 2203 590 2231 desideriorum
613 2206 698 2232 misit.
723 2205 872 2232 Cunctatus

78 2247 242 2281 aliquandiu
267 2249 301 2275 ad
328 2256 388 2276 eam
406 2250 619 2284 propositionem
643 2251 781 2285 Augustus
806 2257 870 2278 est:

78 2295 207 2321 vincente
218 2299 309 2321 tamen
319 2296 429 2322 tandem
441 2296 554 2330 negandi
565 2297 706 2324 consilium
718 2298 872 2326 necessaria

79 2342 126 2369 tali
151 2346 276 2375 tempore
299 2342 507 2383 minuendorum
530 2343 634 2376 imperii
657 2344 774 2371 hostium
795 2352 872 2377 cura,

81 2389 158 2415 misit
171 2389 217 2423 qui
232 2395 375 2416 assensum
392 2390 424 2415 ad
439 2389 499 2423 cjns
509 2390 620 2423 quaesita
639 2397 717 2417 suum
730 2391 872 2419 afferrent.

80 2434 194 2461 Petebat
213 2438 305 2460 autem
329 2434 387 2461 dari
403 2434 455 2461 sibi
480 2435 623 2468 coniugem
644 2443 723 2462 unam
736 2443 752 2463 e
766 2436 874 2463 filiabus

81 2480 222 2508 Michaelis
235 2480 349 2514 Augusti
369 2480 496 2514 iunioris.
516 2480 582 2514 Quae
591 2487 680 2508 autent
694 2487 875 2517 occupaverat

80 2527 202 2554 Romana
210 2527 309 2560 oppida
318 2526 432 2554 reddere
439 2528 584 2559 abnuebat,
593 2529 676 2565 629
684 2537 800 2557 causam
808 2530 876 2557 libe-

79 2575 119 2602 ris
136 2581 166 2601 se
184 2581 217 2601 ex
239 2574 375 2600 destinato
394 2574 521 2608 canjugio
542 2576 733 2609 suscipiendis,
757 2582 784 2604 et
807 2577 874 2612 ipsis

80 2629 116 2648 ex
132 2621 309 2654 imperatoris
324 2621 406 2646 dumo
429 2620 540 2653 futuris,
565 2622 609 2649 illa
627 2630 747 2650 servare.
762 2622 816 2651 Nec
833 2623 873 2650 fa-

80 2673 153 2693 ctum
178 2674 229 2693 nec
252 2665 316 2693 facti
332 2667 400 2693 ratio
415 2667 483 2694 satis
506 2668 663 2695 Andronico
685 2669 871 2704 probabatur;

79 2712 246 2745 volebatque
269 2712 382 2738 omnino
408 2713 523 2745 mquiori
549 2715 704 2742 conditione
733 2716 871 2743 contrahi.

79 2757 175 2791 Itaque
197 2765 329 2791 responso
353 2758 505 2786 «inferendo
530 2761 665 2795 negotium
690 2762 872 2794 ertrabehat,

79 2803 151 2831 haud
171 2808 264 2831 tamen
281 2811 356 2838 spem
367 2805 528 2839 praeidens,
544 2808 719 2835 cunctatione
743 2808 872 2836 Romana:

78 2855 144 2877 tunc
154 2850 192 2877 rei
206 2850 323 2884 perttlili.
336 2849 402 2876 Nam
412 2850 668 2885 Ospltentistblabus
678 2853 798 2887 interim,
810 2856 872 2881 (llllll

81 2898 183 2932 pendet
204 2897 231 2924 in
257 2896 383 2931 ambiguo
405 2897 592 2927 conventionis
615 2899 649 2927 ab
673 2900 731 2934 ipso
749 2905 874 2929 tractata:

924 1614 1002 1635 arces
1019 1608 1079 1642 ejus
1100 1606 1230 1642 regionis,
1256 1613 1326 1640 quas
1352 1605 1489 1639 sigillatim
1508 1607 1712 1640 oppugnabant.

922 1654 994 1681 inter
1009 1654 1058 1681 ltas
1072 1660 1165 1684 unam,
1186 1653 1229 1680 cui
1250 1652 1345 1688 Brysis
1362 1658 1460 1678 nomen
1477 1655 1529 1683 est,
1550 1649 1639 1677 adorti
1656 1649 1711 1676 acri

923 1708 1016 1727 eorum
1035 1700 1079 1734 qui
1102 1704 1181 1726 erant
1197 1699 1271 1726 intus
1292 1697 1454 1725 defensione
1470 1697 1664 1731 redigebantur
1679 1696 1713 1722 ad

924 1744 1044 1778 inopiam
1065 1743 1184 1777 consilii,
1199 1743 1267 1770 nihil
1293 1743 1462 1770 invenientes
1477 1742 1548 1776 quod
1568 1740 1716 1774 proficeret

924 1790 957 1818 ad
969 1797 1074 1821 vowm.
1087 1789 1152 1825 quin
1170 1794 1198 1817 et
1210 1789 1317 1816 damnis
1332 1787 1442 1816 inierint
1462 1795 1516 1814 nun
1530 1786 1715 1814 mediocribus

923 1837 1026 1864 allecti.
1040 1835 1227 1870 Erumpebant
1239 1835 1311 1862 enim
1322 1835 1348 1861 in
1364 1841 1412 1862 eos
1425 1841 1440 1861 e
1455 1837 1548 1861 castro
1559 1833 1675 1866 equites,
1688 1836 1715 1858 et

924 1874 1085 1918 plerumque
1112 1882 1290 1917 superabant,
1319 1881 1391 1914 quod
1417 1885 1445 1907 et
1467 1879 1584 1915 juvenes
1610 1878 1713 1905 robusti

923 1934 1003 1958 erant
1020 1934 1047 1957 et
1063 1936 1170 1957 summa
1185 1928 1361 1955 contentione
1376 1927 1565 1954 decertabant.
1584 1925 1648 1951 Inde
1663 1924 1714 1957 igi-

924 1982 970 2005 tur
991 1976 1123 2004 recedens
1147 1973 1294 2001 Pharenda
1315 1972 1425 2000 Tzlmes
1446 1972 1557 2007 Bizyam
1579 1970 1715 2005 promovit

925 2031 990 2051 suas
1008 2023 1111 2057 copias,
1131 2021 1223 2048 Persis
1243 2020 1331 2047 obiter
1350 2019 1487 2053 adiunctis
1513 2016 1716 2045 numerosiores

925 2077 1006 2105 quam
1031 2070 1063 2096 ad
1087 2068 1184 2104 Brysin
1208 2071 1351 2095 steterant.
1369 2065 1483 2100 Magnus
1504 2064 1558 2091 illic
1593 2064 1715 2090 tzauzlns

927 2115 1139 2151 llmpertnpulus
1155 2113 1261 2150 equites
1271 2113 1320 2140 sub
1333 2120 1362 2140 se
1378 2111 1495 2139 habebat
1510 2111 1601 2146 plures
1614 2111 1717 2137 ducen-

926 2162 971 2195 tis,
989 2161 1037 2189 sed
1059 2161 1158 2195 quibus
1174 2159 1380 2194 comparatione
1399 2162 1475 2184 tanto
1494 2156 1607 2190 majoris
1622 2155 1713 2182 multi-

926 2207 1028 2235 tudinis
1050 2207 1180 2239 hostium,
1197 2206 1316 2240 impares
1336 2211 1396 2232 sese
1414 2203 1447 2230 ad
1465 2203 1499 2230 iis
1519 2209 1598 2236 aequo
1619 2209 1715 2235 campo

926 2259 1022 2282 contra
1051 2253 1179 2281 standum
1203 2250 1397 2282 sentientibus.
1424 2250 1534 2277 animus
1558 2248 1629 2276 haud
1656 2254 1716 2274 erat

925 2300 1095 2336 prodeundi;
1109 2307 1193 2334 quare
1204 2306 1234 2326 se
1246 2298 1352 2326 clausos
1365 2296 1517 2324 munitione
1528 2295 1714 2323 continebant.

925 2347 1017 2382 Longe
1050 2347 1165 2375 diversis
1199 2346 1310 2381 vigebat
1342 2345 1468 2372 sensibus
1503 2344 1601 2378 vulgus
1629 2343 1717 2377 plel-is

925 2394 1077 2430 Bizyensis,
1102 2393 1227 2421 Martium
1252 2393 1360 2427 spirans
1379 2395 1406 2418 et
1421 2388 1620 2425 impatientiam
1645 2397 1715 2423 pra:-

925 2441 1010 2468 liandi
1033 2448 1095 2468 cutn
1110 2439 1237 2467 vincendi
1260 2438 1359 2465 fiducia
1377 2442 1533 2464 ostentans.
1553 2436 1622 2471 Ergo
1647 2443 1716 2470 prat-

925 2487 989 2514 sidii
999 2487 1096 2514 ducem
1106 2485 1264 2520 frequentes
1276 2484 1501 2517 circumstabant,
1512 2482 1596 2519 630
1604 2487 1716 2510 orantes

925 2536 955 2559 ut
967 2539 1111 2567 erumpere
1127 2531 1154 2558 in
1167 2531 1274 2558 hostem
1291 2537 1320 2558 se
1328 2529 1441 2558 sineret.
1454 2528 1502 2558 Ille
1514 2529 1645 2563 deceptus
1658 2532 1713 2554 tam

925 2579 1009 2606 alacri
1027 2578 1228 2612 significatione
1241 2577 1374 2608 audaciae,
1388 2575 1482 2612 {simul
1494 2575 1578 2602 etiam
1599 2582 1715 2601 numero

925 2632 1020 2652 eorum
1045 2625 1131 2652 fretus
1158 2624 1232 2660 (nam
1250 2624 1354 2658 aliquot
1374 2623 1495 2658 peditum
1518 2620 1605 2648 millia
1618 2628 1650 2648 ex
1673 2621 1715 2647 Itis

925 2673 1035 2709 videbat
1051 2679 1132 2706 posse
1151 2670 1272 2706 confici),
1293 2675 1382 2698 armat
1395 2670 1456 2697 illos
1472 2674 1499 2696 et
1512 2668 1632 2697 ordinat,
1647 2674 1714 2700 pra:-

926 2718 1015 2752 posito
1030 2720 1056 2745 iu
1070 2719 1159 2745 fronte
1170 2722 1276 2744 armato
1289 2717 1406 2752 arcubus
1417 2716 1551 2751 equitatu.
1566 2713 1605 2740 Ita
1617 2720 1713 2739 omnes

925 2764 1035 2797 emittit,
1050 2772 1099 2798 pro
1111 2772 1158 2791 sua
1173 2764 1237 2798 ipsis
1253 2763 1364 2791 militari
1381 2761 1527 2798 prudentia
1549 2765 1713 2793 magnopere

926 2810 1088 2844 praecipiens
1105 2816 1134 2837 nt
1148 2811 1174 2837 in
1190 2810 1254 2841 lata.
1276 2817 1357 2844 quam
1378 2807 1557 2839 monstrabat,
1574 2804 1713 2838 crepidine

928 2856 1002 2890 rupis
1016 2857 1164 2885 eminentis
1179 2857 1283 2883 hostem
1299 2856 1501 2891 opperirentur,
1522 2851 1639 2885 indeque
1658 2850 1714 2877 cir-

929 2907 1084 2936 cumspecte
1099 2910 1131 2931 ac
1147 2902 1231 2930 vitato
1245 2909 1327 2938 quam
1350 2905 1462 2936 possent
1475 2897 1712 2935 providentissime
