  <div class='ocr_page' id='page_1' title='image "/cluster/home/n/w/nwhite01/storage/ocr_20150623/144/njp.32101010942892/367.png"; bbox 0 0 1957 3066; ppageno 0'>
   <div class='ocr_carea' id='block_1_1' title="bbox 226 152 277 183">
    <p class='ocr_par' dir='ltr' id='par_1_1' title="bbox 226 152 277 183">
     <span class='ocr_line' id='line_1_1' title="bbox 226 152 277 183; baseline -0.02 0"><span class='ocrx_word' id='word_1_1' title='bbox 226 152 277 183; x_wconf 75' lang='lat'><strong>691</strong></span> 
     </span>
    </p>
   </div>
   <div class='ocr_carea' id='block_1_2' title="bbox 831 150 1259 181">
    <p class='ocr_par' dir='ltr' id='par_1_2' title="bbox 831 150 1259 181">
     <span class='ocr_line' id='line_1_2' title="bbox 831 150 1259 181; baseline 0 -1"><span class='ocrx_word' id='word_1_2' title='bbox 831 150 994 181; x_wconf 82' lang='lat' dir='ltr'><strong>GEORGII</strong></span> <span class='ocrx_word' id='word_1_3' title='bbox 1018 150 1259 180; x_wconf 72' lang='lat' dir='ltr'><strong>PACHYMEH/E</strong></span> 
     </span>
    </p>
   </div>
   <div class='ocr_carea' id='block_1_3' title="bbox 1793 149 1854 180">
    <p class='ocr_par' dir='ltr' id='par_1_3' title="bbox 1793 149 1854 180">
     <span class='ocr_line' id='line_1_3' title="bbox 1793 149 1854 180; baseline 0 0"><span class='ocrx_word' id='word_1_4' title='bbox 1793 149 1854 180; x_wconf 77' lang='lat'><strong>692</strong></span> 
     </span>
    </p>
   </div>
   <div class='ocr_carea' id='block_1_4' title="bbox 226 203 1853 241">
    <p class='ocr_par' dir='ltr' id='par_1_4' title="bbox 226 203 1853 241">
     <span class='ocr_line' id='line_1_4' title="bbox 226 203 1853 241; baseline -0.003 -6"><span class='ocrx_word' id='word_1_5' title='bbox 226 209 284 235; x_wconf 74' lang='grc' dir='ltr'>ἐκεῖ</span> <span class='ocrx_word' id='word_1_6' title='bbox 299 207 422 238; x_wconf 76' lang='grc' dir='ltr'><strong>πεδιάδος</strong></span> <span class='ocrx_word' id='word_1_7' title='bbox 441 207 531 238; x_wconf 76' lang='grc' dir='ltr'>ἱππεῖς</span> <span class='ocrx_word' id='word_1_8' title='bbox 549 207 607 241; x_wconf 69' lang='grc' dir='ltr'><strong>ἅμα</strong></span> <span class='ocrx_word' id='word_1_9' title='bbox 624 207 715 239; x_wconf 74' lang='grc' dir='ltr'>πεζοῖς</span> <span class='ocrx_word' id='word_1_10' title='bbox 729 206 938 241; x_wconf 75' lang='grc' dir='ltr'><strong>παρετάττοντο.</strong></span> <span class='ocrx_word' id='word_1_11' title='bbox 956 205 1009 232; x_wconf 75' lang='grc' dir='ltr'>Καὶ</span> <span class='ocrx_word' id='word_1_12' title='bbox 1025 208 1046 235; x_wconf 77' lang='grc' dir='ltr'><strong>Δ</strong></span> <span class='ocrx_word' id='word_1_13' title='bbox 1061 205 1198 239; x_wconf 84' lang='grc' dir='ltr'>γυναικῶν</span> <span class='ocrx_word' id='word_1_14' title='bbox 1226 205 1350 232; x_wconf 80' lang='grc' dir='ltr'>ῖστασθαι</span> <span class='ocrx_word' id='word_1_15' title='bbox 1379 203 1524 239; x_wconf 77' lang='grc' dir='ltr'>δεομένους</span> <span class='ocrx_word' id='word_1_16' title='bbox 1540 203 1620 230; x_wconf 82' lang='grc' dir='ltr'>Θεοῦ.</span> <span class='ocrx_word' id='word_1_17' title='bbox 1643 203 1739 238; x_wconf 79' lang='grc' dir='ltr'>Δέησις</span> <span class='ocrx_word' id='word_1_18' title='bbox 1756 204 1853 238; x_wconf 78' lang='grc' dir='ltr'>μέντοι</span> 
     </span>
    </p>
   </div>
   <div class='ocr_carea' id='block_1_5' title="bbox 224 252 1008 289">
    <p class='ocr_par' dir='ltr' id='par_1_5' title="bbox 224 252 1008 289">
     <span class='ocr_line' id='line_1_5' title="bbox 224 252 1008 289; baseline -0.006 -7"><span class='ocrx_word' id='word_1_19' title='bbox 224 255 257 289; x_wconf 80' lang='grc' dir='ltr'>δὴ</span> <span class='ocrx_word' id='word_1_20' title='bbox 267 255 321 280; x_wconf 83' lang='grc' dir='ltr'><strong>τῶν</strong></span> <span class='ocrx_word' id='word_1_21' title='bbox 336 254 440 279; x_wconf 59' lang='lat' dir='ltr'><strong>mihi»;</strong></span> <span class='ocrx_word' id='word_1_22' title='bbox 452 253 677 288; x_wconf 71' lang='grc' dir='ltr'>προλοχιζόντων,</span> <span class='ocrx_word' id='word_1_23' title='bbox 688 252 741 279; x_wconf 84' lang='grc' dir='ltr'>τῶν</span> <span class='ocrx_word' id='word_1_24' title='bbox 755 253 865 287; x_wconf 82' lang='grc' dir='ltr'>Περσῶν</span> <span class='ocrx_word' id='word_1_25' title='bbox 879 252 1008 286; x_wconf 78' lang='grc' dir='ltr'><strong>σόφισμα,</strong></span> 
     </span>
    </p>
   </div>
   <div class='ocr_carea' id='block_1_6' title="bbox 226 298 1008 334">
    <p class='ocr_par' dir='ltr' id='par_1_6' title="bbox 226 298 1008 334">
     <span class='ocr_line' id='line_1_6' title="bbox 226 298 1008 334; baseline -0.005 -6"><span class='ocrx_word' id='word_1_26' title='bbox 226 301 320 331; x_wconf 73' lang='grc' dir='ltr'>ἱππεῖς</span> <span class='ocrx_word' id='word_1_27' title='bbox 341 300 391 334; x_wconf 80' lang='grc' dir='ltr'><strong>μὲν</strong></span> <span class='ocrx_word' id='word_1_28' title='bbox 407 299 442 325; x_wconf 69' lang='grc' dir='ltr'>τὰ</span> <span class='ocrx_word' id='word_1_29' title='bbox 471 299 566 334; x_wconf 85' lang='grc' dir='ltr'>πρῶτα</span> <span class='ocrx_word' id='word_1_30' title='bbox 586 299 770 333; x_wconf 77' lang='grc' dir='ltr'>ὲπαράττουσι</span> <span class='ocrx_word' id='word_1_31' title='bbox 788 299 845 330; x_wconf 78' lang='grc' dir='ltr'>τοῖς</span> <span class='ocrx_word' id='word_1_32' title='bbox 874 298 1008 332; x_wconf 78' lang='grc' dir='ltr'>φανεῖσιν.</span> 
     </span>
    </p>
   </div>
   <div class='ocr_carea' id='block_1_7' title="bbox 231 344 1008 379">
    <p class='ocr_par' dir='ltr' id='par_1_7' title="bbox 231 344 1008 379">
     <span class='ocr_line' id='line_1_7' title="bbox 231 344 1008 379; baseline -0.004 -7"><span class='ocrx_word' id='word_1_33' title='bbox 231 345 302 373; x_wconf 80' lang='grc' dir='ltr'><strong>Ἀλλ’</strong></span> <span class='ocrx_word' id='word_1_34' title='bbox 320 345 396 371; x_wconf 72' lang='grc' dir='ltr'>οὔπω</span> <span class='ocrx_word' id='word_1_35' title='bbox 411 345 501 377; x_wconf 79' lang='grc' dir='ltr'>καλῶς</span> <span class='ocrx_word' id='word_1_36' title='bbox 514 344 645 379; x_wconf 76' lang='grc' dir='ltr'>ὤφθησαν</span> <span class='ocrx_word' id='word_1_37' title='bbox 661 345 730 371; x_wconf 64' lang='grc' dir='ltr'>κατὰ</span> <span class='ocrx_word' id='word_1_38' title='bbox 743 344 829 379; x_wconf 80' lang='grc' dir='ltr'>στόμα</span> <span class='ocrx_word' id='word_1_39' title='bbox 841 344 1008 370; x_wconf 82' lang='grc' dir='ltr'>κινδυνεύον-</span> 
     </span>
    </p>
   </div>
   <div class='ocr_carea' id='block_1_8' title="bbox 224 389 1010 426">
    <p class='ocr_par' dir='ltr' id='par_1_8' title="bbox 224 389 1010 426">
     <span class='ocr_line' id='line_1_8' title="bbox 224 389 1010 426; baseline -0.004 -8"><span class='ocrx_word' id='word_1_40' title='bbox 224 400 281 423; x_wconf 86' lang='grc' dir='ltr'>τες,</span> <span class='ocrx_word' id='word_1_41' title='bbox 301 392 346 417; x_wconf 79' lang='grc' dir='ltr'><strong>καὶ</strong></span> <span class='ocrx_word' id='word_1_42' title='bbox 356 391 370 417; x_wconf 81' lang='grc' dir='ltr'>ὁ</span> <span class='ocrx_word' id='word_1_43' title='bbox 385 391 462 425; x_wconf 80' lang='grc' dir='ltr'><strong>λόχος</strong></span> <span class='ocrx_word' id='word_1_44' title='bbox 475 391 598 425; x_wconf 69' lang='grc' dir='ltr'>ἐμφανὴς</span> <span class='ocrx_word' id='word_1_45' title='bbox 610 389 656 425; x_wconf 83' lang='grc' dir='ltr'><strong>ἦν,</strong></span> <span class='ocrx_word' id='word_1_46' title='bbox 669 391 714 417; x_wconf 72' lang='grc' dir='ltr'><strong>καὶ</strong></span> <span class='ocrx_word' id='word_1_47' title='bbox 736 391 821 426; x_wconf 77' lang='grc' dir='ltr'>δειλίᾳ</span> <span class='ocrx_word' id='word_1_48' title='bbox 832 390 1010 425; x_wconf 77' lang='grc' dir='ltr'>συσχεθέντες</span> 
     </span>
    </p>
   </div>
   <div class='ocr_carea' id='block_1_9' title="bbox 224 435 1009 471">
    <p class='ocr_par' dir='ltr' id='par_1_9' title="bbox 224 435 1009 471">
     <span class='ocr_line' id='line_1_9' title="bbox 224 435 1009 471; baseline -0.003 -8"><span class='ocrx_word' id='word_1_49' title='bbox 224 436 277 464; x_wconf 78' lang='grc' dir='ltr'><strong>ἀνὰ</strong></span> <span class='ocrx_word' id='word_1_50' title='bbox 291 437 392 471; x_wconf 69' lang='grc' dir='ltr'>κράτος</span> <span class='ocrx_word' id='word_1_51' title='bbox 409 437 578 471; x_wconf 79' lang='grc' dir='ltr'><strong>ὑπέστρεφον</strong></span> <span class='ocrx_word' id='word_1_52' title='bbox 591 436 750 471; x_wconf 79' lang='grc' dir='ltr'>φεύγοντες.</span> <span class='ocrx_word' id='word_1_53' title='bbox 765 437 820 463; x_wconf 70' lang='grc' dir='ltr'><strong>Καὶ</strong></span> <span class='ocrx_word' id='word_1_54' title='bbox 833 436 924 471; x_wconf 84' lang='grc' dir='ltr'>μυρίῳ</span> <span class='ocrx_word' id='word_1_55' title='bbox 940 435 1009 470; x_wconf 79' lang='grc' dir='ltr'>πλή-</span> 
     </span>
    </p>
   </div>
   <div class='ocr_carea' id='block_1_10' title="bbox 224 481 1009 517">
    <p class='ocr_par' dir='ltr' id='par_1_10' title="bbox 224 481 1009 517">
     <span class='ocr_line' id='line_1_10' title="bbox 224 481 1009 517; baseline -0.001 -9"><span class='ocrx_word' id='word_1_56' title='bbox 224 482 265 509; x_wconf 84' lang='grc' dir='ltr'><strong>θει</strong></span> <span class='ocrx_word' id='word_1_57' title='bbox 296 482 516 517; x_wconf 79' lang='grc' dir='ltr'>προσπαίσαντες</span> <span class='ocrx_word' id='word_1_58' title='bbox 538 482 592 509; x_wconf 86' lang='grc' dir='ltr'><strong>τῶν</strong></span> <span class='ocrx_word' id='word_1_59' title='bbox 608 482 699 512; x_wconf 71' lang='grc' dir='ltr'>πεζῶν</span> <span class='ocrx_word' id='word_1_60' title='bbox 727 481 860 512; x_wconf 78' lang='grc' dir='ltr'>ἐλεεινῶς,</span> <span class='ocrx_word' id='word_1_61' title='bbox 876 482 1009 515; x_wconf 82' lang='grc' dir='ltr'><strong>ποιμνίων</strong></span> 
     </span>
    </p>
   </div>
   <div class='ocr_carea' id='block_1_11' title="bbox 183 527 1008 565">
    <p class='ocr_par' dir='ltr' id='par_1_11' title="bbox 183 527 1008 565">
     <span class='ocr_line' id='line_1_11' title="bbox 183 527 1008 565; baseline -0.002 -11"><span class='ocrx_word' id='word_1_62' title='bbox 183 539 185 565; x_wconf 63' lang='grc' dir='ltr'>ς</span> <span class='ocrx_word' id='word_1_63' title='bbox 223 528 312 562; x_wconf 81' lang='grc' dir='ltr'>δίκην,</span> <span class='ocrx_word' id='word_1_64' title='bbox 329 528 524 562; x_wconf 78' lang='grc' dir='ltr'>κατέσφαττον,</span> <span class='ocrx_word' id='word_1_65' title='bbox 537 528 573 558; x_wconf 85' lang='grc' dir='ltr'>ὡς</span> <span class='ocrx_word' id='word_1_66' title='bbox 588 529 680 554; x_wconf 81' lang='grc' dir='ltr'><strong>πεσεῖν</strong></span> <span class='ocrx_word' id='word_1_67' title='bbox 693 528 808 558; x_wconf 67' lang='grc' dir='ltr'>πολλοὺς</span> <span class='ocrx_word' id='word_1_68' title='bbox 816 527 950 561; x_wconf 64' lang='grc' dir='ltr'>αὐθωρὶιν,</span> <span class='ocrx_word' id='word_1_69' title='bbox 963 527 1008 553; x_wconf 84' lang='grc' dir='ltr'>ὅτε</span> 
     </span>
    </p>
   </div>
   <div class='ocr_carea' id='block_1_12' title="bbox 184 573 1009 608">
    <p class='ocr_par' dir='ltr' id='par_1_12' title="bbox 184 573 1009 608">
     <span class='ocr_line' id='line_1_12' title="bbox 184 573 1009 608; baseline -0.002 -8"><span class='ocrx_word' id='word_1_70' title='bbox 184 577 188 608; x_wconf 72' lang='lat' dir='ltr'><strong>l</strong></span> <span class='ocrx_word' id='word_1_71' title='bbox 224 574 271 600; x_wconf 80' lang='grc' dir='ltr'><strong>καὶ</strong></span> <span class='ocrx_word' id='word_1_72' title='bbox 283 574 345 607; x_wconf 85' lang='grc' dir='ltr'>περὶ</span> <span class='ocrx_word' id='word_1_73' title='bbox 358 573 397 607; x_wconf 87' lang='grc' dir='ltr'>τῷ</span> <span class='ocrx_word' id='word_1_74' title='bbox 408 574 532 608; x_wconf 84' lang='grc' dir='ltr'><strong>φρουρίῳ</strong></span> <span class='ocrx_word' id='word_1_75' title='bbox 543 575 567 600; x_wconf 84' lang='grc' dir='ltr'>οἱ</span> <span class='ocrx_word' id='word_1_76' title='bbox 581 574 656 605; x_wconf 72' lang='grc' dir='ltr'>ὲντδς</span> <span class='ocrx_word' id='word_1_77' title='bbox 667 574 804 604; x_wconf 82' lang='grc' dir='ltr'>δείσαντες</span> <span class='ocrx_word' id='word_1_78' title='bbox 813 573 860 599; x_wconf 75' lang='grc' dir='ltr'><strong>καὶ</strong></span> <span class='ocrx_word' id='word_1_79' title='bbox 876 574 1009 606; x_wconf 81' lang='grc' dir='ltr'>γυναῖκας</span> 
     </span>
    </p>
   </div>
   <div class='ocr_carea' id='block_1_13' title="bbox 185 606 1009 654">
    <p class='ocr_par' dir='ltr' id='par_1_13' title="bbox 185 617 1009 654">
     <span class='ocr_line' id='line_1_13' title="bbox 185 617 1009 654; baseline -0.002 -10"><span class='ocrx_word' id='word_1_80' title='bbox 185 632 189 638; x_wconf 87' lang='lat'><strong><em>-</em></strong></span> <span class='ocrx_word' id='word_1_81' title='bbox 223 617 307 649; x_wconf 78' lang='grc' dir='ltr'>αὐτὰς</span> <span class='ocrx_word' id='word_1_82' title='bbox 321 619 362 648; x_wconf 83' lang='grc' dir='ltr'>εἰς</span> <span class='ocrx_word' id='word_1_83' title='bbox 380 618 478 654; x_wconf 74' lang='grc' dir='ltr'>ἄνδρας</span> <span class='ocrx_word' id='word_1_84' title='bbox 509 618 761 653; x_wconf 70' lang='grc' dir='ltr'>μετασκευάσαντες</span> <span class='ocrx_word' id='word_1_85' title='bbox 789 619 859 644; x_wconf 85' lang='grc' dir='ltr'><strong>κατὰ</strong></span> <span class='ocrx_word' id='word_1_86' title='bbox 882 617 1009 651; x_wconf 80' lang='grc' dir='ltr'>φυλάκων</span> 
     </span>
    </p>
   </div>
   <div class='ocr_carea' id='block_1_14' title="bbox 223 660 1008 699">
    <p class='ocr_par' dir='ltr' id='par_1_14' title="bbox 223 660 1008 699">
     <span class='ocr_line' id='line_1_14' title="bbox 223 660 1008 699; baseline 0.001 -10"><span class='ocrx_word' id='word_1_87' title='bbox 223 663 301 698; x_wconf 81' lang='grc' dir='ltr'><strong>δῆθεν</strong></span> <span class='ocrx_word' id='word_1_88' title='bbox 323 664 364 695; x_wconf 77' lang='grc' dir='ltr'><strong>είς</strong></span> <span class='ocrx_word' id='word_1_89' title='bbox 388 664 488 699; x_wconf 76' lang='grc' dir='ltr'>δεῖγμα</span> <span class='ocrx_word' id='word_1_90' title='bbox 503 664 549 690; x_wconf 73' lang='grc' dir='ltr'>ἐπὶ</span> <span class='ocrx_word' id='word_1_91' title='bbox 564 664 686 699; x_wconf 82' lang='grc' dir='ltr'>πύργους</span> <span class='ocrx_word' id='word_1_92' title='bbox 713 664 846 698; x_wconf 76' lang='grc' dir='ltr'>ὲφίστων,</span> <span class='ocrx_word' id='word_1_93' title='bbox 865 663 962 697; x_wconf 81' lang='grc' dir='ltr'><strong>μέχρις</strong></span> <span class='ocrx_word' id='word_1_94' title='bbox 977 660 1008 690; x_wconf 76' lang='grc' dir='ltr'>οὗ</span> 
     </span>
    </p>
   </div>
   <div class='ocr_carea' id='block_1_15' title="bbox 223 709 1008 745">
    <p class='ocr_par' dir='ltr' id='par_1_15' title="bbox 223 709 1008 745">
     <span class='ocr_line' id='line_1_15' title="bbox 223 709 1008 745; baseline 0.001 -10"><span class='ocrx_word' id='word_1_95' title='bbox 223 709 350 745; x_wconf 78' lang='grc' dir='ltr'>βασιλεὺς</span> <span class='ocrx_word' id='word_1_96' title='bbox 371 711 491 741; x_wconf 83' lang='grc' dir='ltr'>ἀκούσας</span> <span class='ocrx_word' id='word_1_97' title='bbox 518 710 565 737; x_wconf 70' lang='grc' dir='ltr'><strong>καὶ</strong></span> <span class='ocrx_word' id='word_1_98' title='bbox 593 710 781 745; x_wconf 78' lang='grc' dir='ltr'><strong>περιαλγήσας</strong></span> <span class='ocrx_word' id='word_1_99' title='bbox 808 711 841 745; x_wconf 86' lang='grc' dir='ltr'>τῇ</span> <span class='ocrx_word' id='word_1_100' title='bbox 868 710 1008 744; x_wconf 80' lang='grc' dir='ltr'>συμφορᾷ,</span> 
     </span>
    </p>
   </div>
   <div class='ocr_carea' id='block_1_16' title="bbox 223 755 1007 791">
    <p class='ocr_par' dir='ltr' id='par_1_16' title="bbox 223 755 1007 791">
     <span class='ocr_line' id='line_1_16' title="bbox 223 755 1007 791; baseline 0 -9"><span class='ocrx_word' id='word_1_101' title='bbox 223 755 334 790; x_wconf 78' lang='grc' dir='ltr'>πέμψας</span> <span class='ocrx_word' id='word_1_102' title='bbox 352 757 408 786; x_wconf 82' lang='grc' dir='ltr'>τοῖς</span> <span class='ocrx_word' id='word_1_103' title='bbox 424 757 594 791; x_wconf 83' lang='grc' dir='ltr'>προσήκουσι</span> <span class='ocrx_word' id='word_1_104' title='bbox 606 757 635 782; x_wconf 76' lang='grc' dir='ltr'>τὸ</span> <span class='ocrx_word' id='word_1_105' title='bbox 650 756 780 791; x_wconf 84' lang='grc' dir='ltr'>φρούριον</span> <span class='ocrx_word' id='word_1_106' title='bbox 797 755 1007 791; x_wconf 79' lang='grc' dir='ltr'>κατωχύρωσεν.</span> 
     </span>
    </p>
   </div>
   <div class='ocr_carea' id='block_1_17' title="bbox 227 800 1009 838">
    <p class='ocr_par' dir='ltr' id='par_1_17' title="bbox 227 800 1009 838">
     <span class='ocr_line' id='line_1_17' title="bbox 227 800 1009 838; baseline -0.003 -10"><span class='ocrx_word' id='word_1_107' title='bbox 227 800 259 828; x_wconf 87' lang='lat'><strong>&#39;0</strong></span> <span class='ocrx_word' id='word_1_108' title='bbox 273 801 301 828; x_wconf 77' lang='grc' dir='ltr'>δέ</span> <span class='ocrx_word' id='word_1_109' title='bbox 318 810 349 835; x_wconf 85' lang='grc' dir='ltr'><strong>γε</strong></span> <span class='ocrx_word' id='word_1_110' title='bbox 365 802 549 837; x_wconf 79' lang='grc' dir='ltr'><strong>πατριάρχης,</strong></span> <span class='ocrx_word' id='word_1_111' title='bbox 563 802 610 828; x_wconf 73' lang='grc' dir='ltr'><strong>καὶ</strong></span> <span class='ocrx_word' id='word_1_112' title='bbox 624 802 763 838; x_wconf 76' lang='grc' dir='ltr'>ἀρχιερεῖς</span> <span class='ocrx_word' id='word_1_113' title='bbox 773 802 891 832; x_wconf 80' lang='grc' dir='ltr'>καὶτοὺς</span> <span class='ocrx_word' id='word_1_114' title='bbox 901 801 1009 836; x_wconf 79' lang='grc' dir='ltr'>τιμίους</span> 
     </span>
    </p>
   </div>
   <div class='ocr_carea' id='block_1_18' title="bbox 223 842 1008 883">
    <p class='ocr_par' dir='ltr' id='par_1_18' title="bbox 223 842 1008 883">
     <span class='ocr_line' id='line_1_18' title="bbox 223 842 1008 883; baseline -0.001 -9"><span class='ocrx_word' id='word_1_115' title='bbox 223 847 270 874; x_wconf 81' lang='grc' dir='ltr'><strong>τοῦ</strong></span> <span class='ocrx_word' id='word_1_116' title='bbox 288 847 391 882; x_wconf 79' lang='grc' dir='ltr'>κλήρου</span> <span class='ocrx_word' id='word_1_117' title='bbox 424 842 545 874; x_wconf 77' lang='grc' dir='ltr'>ἐκποδὼν</span> <span class='ocrx_word' id='word_1_118' title='bbox 573 849 768 883; x_wconf 79' lang='grc' dir='ltr'><strong>ποιησάμενος,</strong></span> <span class='ocrx_word' id='word_1_119' title='bbox 792 847 1008 882; x_wconf 80' lang='grc' dir='ltr'>καθηγουμένοις</span> 
     </span>
    </p>
   </div>
   <div class='ocr_carea' id='block_1_19' title="bbox 224 891 1007 928">
    <p class='ocr_par' dir='ltr' id='par_1_19' title="bbox 224 891 1007 928">
     <span class='ocr_line' id='line_1_19' title="bbox 224 891 1007 928; baseline -0.003 -10"><span class='ocrx_word' id='word_1_120' title='bbox 224 891 314 927; x_wconf 83' lang='grc' dir='ltr'>μονῶν</span> <span class='ocrx_word' id='word_1_121' title='bbox 327 893 426 928; x_wconf 77' lang='grc' dir='ltr'>ἐχρῆτο</span> <span class='ocrx_word' id='word_1_122' title='bbox 438 893 574 927; x_wconf 80' lang='grc' dir='ltr'>συνέδροις</span> <span class='ocrx_word' id='word_1_123' title='bbox 589 894 629 924; x_wconf 79' lang='grc' dir='ltr'>εἰς</span> <span class='ocrx_word' id='word_1_124' title='bbox 644 892 760 928; x_wconf 76' lang='grc' dir='ltr'>κρίσεις,</span> <span class='ocrx_word' id='word_1_125' title='bbox 775 892 822 918; x_wconf 85' lang='grc' dir='ltr'>καὶ</span> <span class='ocrx_word' id='word_1_126' title='bbox 836 891 942 922; x_wconf 74' lang='grc' dir='ltr'>τούτοις</span> <span class='ocrx_word' id='word_1_127' title='bbox 957 891 1007 925; x_wconf 83' lang='grc' dir='ltr'>μὲν</span> 
     </span>
    </p>
   </div>
   <div class='ocr_carea' id='block_1_20' title="bbox 222 935 1006 973">
    <p class='ocr_par' dir='ltr' id='par_1_20' title="bbox 222 935 1006 973">
     <span class='ocr_line' id='line_1_20' title="bbox 222 935 1006 973; baseline -0.004 -8"><span class='ocrx_word' id='word_1_128' title='bbox 222 937 257 965; x_wconf 80' lang='grc' dir='ltr'><strong>τὰ</strong></span> <span class='ocrx_word' id='word_1_129' title='bbox 274 938 490 972; x_wconf 73' lang='grc' dir='ltr'>ἑκκλησιαστικὰ</span> <span class='ocrx_word' id='word_1_130' title='bbox 505 938 691 973; x_wconf 81' lang='grc' dir='ltr'>συνδιέφερεν.</span> <span class='ocrx_word' id='word_1_131' title='bbox 709 935 756 970; x_wconf 79' lang='grc' dir='ltr'><strong>Οἷς</strong></span> <span class='ocrx_word' id='word_1_132' title='bbox 768 938 812 973; x_wconf 83' lang='grc' dir='ltr'>δὴ,</span> <span class='ocrx_word' id='word_1_133' title='bbox 827 939 876 964; x_wconf 83' lang='grc' dir='ltr'>καὶ</span> <span class='ocrx_word' id='word_1_134' title='bbox 889 938 945 968; x_wconf 86' lang='grc' dir='ltr'>τοῖς</span> <span class='ocrx_word' id='word_1_135' title='bbox 960 937 1006 963; x_wconf 83' lang='grc' dir='ltr'>ὑπ’</span> 
     </span>
    </p>
   </div>
   <div class='ocr_carea' id='block_1_21' title="bbox 224 982 1008 1019">
    <p class='ocr_par' dir='ltr' id='par_1_21' title="bbox 224 982 1008 1019">
     <span class='ocr_line' id='line_1_21' title="bbox 224 982 1008 1019; baseline -0.004 -9"><span class='ocrx_word' id='word_1_136' title='bbox 224 984 317 1015; x_wconf 79' lang='grc' dir='ltr'>αὐτοῖς</span> <span class='ocrx_word' id='word_1_137' title='bbox 333 986 460 1019; x_wconf 83' lang='grc' dir='ltr'>μοναχοῖς</span> <span class='ocrx_word' id='word_1_138' title='bbox 471 984 529 1019; x_wconf 71' lang='grc' dir='ltr'>ἅμα</span> <span class='ocrx_word' id='word_1_139' title='bbox 544 984 741 1019; x_wconf 76' lang='grc' dir='ltr'>πρεσϐυτέροις</span> <span class='ocrx_word' id='word_1_140' title='bbox 753 985 801 1010; x_wconf 78' lang='grc' dir='ltr'><strong>καὶ</strong></span> <span class='ocrx_word' id='word_1_141' title='bbox 817 983 857 1017; x_wconf 85' lang='grc' dir='ltr'><strong>τῷ</strong></span> <span class='ocrx_word' id='word_1_142' title='bbox 864 982 933 1017; x_wconf 80' lang='grc' dir='ltr'>λαῷ,</span> <span class='ocrx_word' id='word_1_143' title='bbox 944 982 1008 1008; x_wconf 81' lang='grc' dir='ltr'><strong>ἐκά-</strong></span> 
     </span>
    </p>
   </div>
   <div class='ocr_carea' id='block_1_22' title="bbox 224 1027 1007 1064">
    <p class='ocr_par' dir='ltr' id='par_1_22' title="bbox 224 1027 1007 1064">
     <span class='ocr_line' id='line_1_22' title="bbox 224 1027 1007 1064; baseline -0.005 -7"><span class='ocrx_word' id='word_1_144' title='bbox 224 1038 290 1064; x_wconf 84' lang='grc' dir='ltr'>στης</span> <span class='ocrx_word' id='word_1_145' title='bbox 304 1030 451 1064; x_wconf 74' lang='grc' dir='ltr'>ἐεδομάδος</span> <span class='ocrx_word' id='word_1_146' title='bbox 478 1031 691 1062; x_wconf 78' lang='grc' dir='ltr'>συνελιτάνευεν,</span> <span class='ocrx_word' id='word_1_147' title='bbox 718 1030 907 1064; x_wconf 80' lang='grc' dir='ltr'>τετρεμαίνειν</span> <span class='ocrx_word' id='word_1_148' title='bbox 924 1027 1007 1060; x_wconf 75' lang='grc' dir='ltr'>ἀξιῶν</span> 
     </span>
    </p>
   </div>
   <div class='ocr_carea' id='block_1_23' title="bbox 223 1074 1008 1112">
    <p class='ocr_par' dir='ltr' id='par_1_23' title="bbox 223 1074 1008 1112">
     <span class='ocr_line' id='line_1_23' title="bbox 223 1074 1008 1112; baseline -0.004 -9"><span class='ocrx_word' id='word_1_149' title='bbox 223 1077 270 1103; x_wconf 81' lang='grc' dir='ltr'>καὶ</span> <span class='ocrx_word' id='word_1_150' title='bbox 284 1076 347 1110; x_wconf 75' lang='grc' dir='ltr'>περὶ</span> <span class='ocrx_word' id='word_1_151' title='bbox 367 1077 451 1111; x_wconf 72' lang='grc' dir='ltr'>αὐτῆς</span> <span class='ocrx_word' id='word_1_152' title='bbox 467 1077 515 1111; x_wconf 75' lang='grc' dir='ltr'>τῆς</span> <span class='ocrx_word' id='word_1_153' title='bbox 529 1077 644 1109; x_wconf 80' lang='grc' dir='ltr'>πόλεως,</span> <span class='ocrx_word' id='word_1_154' title='bbox 664 1077 710 1102; x_wconf 84' lang='grc' dir='ltr'><strong>καὶ</strong></span> <span class='ocrx_word' id='word_1_155' title='bbox 722 1076 823 1112; x_wconf 83' lang='grc' dir='ltr'>πρόσθε</span> <span class='ocrx_word' id='word_1_156' title='bbox 841 1075 943 1102; x_wconf 80' lang='grc' dir='ltr'>παίδων</span> <span class='ocrx_word' id='word_1_157' title='bbox 961 1074 1008 1101; x_wconf 78' lang='grc' dir='ltr'>καὶ</span> 
     </span>
    </p>
   </div>
   <div class='ocr_carea' id='block_1_24' title="bbox 224 1165 1009 1200">
    <p class='ocr_par' dir='ltr' id='par_1_24' title="bbox 224 1165 1009 1200">
     <span class='ocr_line' id='line_1_24' title="bbox 224 1165 1009 1200; baseline -0.003 -6"><span class='ocrx_word' id='word_1_158' title='bbox 224 1166 468 1200; x_wconf 80' lang='lat' dir='ltr'><strong>circumventionis</strong></span> <span class='ocrx_word' id='word_1_159' title='bbox 490 1166 610 1200; x_wconf 88' lang='lat' dir='ltr'><strong>periculo</strong></span> <span class='ocrx_word' id='word_1_160' title='bbox 630 1165 753 1199; x_wconf 65' lang='lat' dir='ltr'><strong>praelium</strong></span> <span class='ocrx_word' id='word_1_161' title='bbox 771 1166 883 1194; x_wconf 89' lang='lat' dir='ltr'><strong>inirent.</strong></span> <span class='ocrx_word' id='word_1_162' title='bbox 906 1165 946 1193; x_wconf 82' lang='lat' dir='ltr'><strong>ita</strong></span> <span class='ocrx_word' id='word_1_163' title='bbox 965 1166 1009 1192; x_wconf 91' lang='lat' dir='ltr'><strong>ille</strong></span> 
     </span>
    </p>
   </div>
   <div class='ocr_carea' id='block_1_25' title="bbox 225 1212 1009 1248">
    <p class='ocr_par' dir='ltr' id='par_1_25' title="bbox 225 1212 1009 1248">
     <span class='ocr_line' id='line_1_25' title="bbox 225 1212 1009 1248; baseline 0.001 -10"><span class='ocrx_word' id='word_1_164' title='bbox 225 1214 374 1247; x_wconf 81' lang='lat' dir='ltr'><strong>sapienter,</strong></span> <span class='ocrx_word' id='word_1_165' title='bbox 390 1214 436 1239; x_wconf 87' lang='lat' dir='ltr'><strong>sed</strong></span> <span class='ocrx_word' id='word_1_166' title='bbox 451 1213 598 1239; x_wconf 91' lang='lat' dir='ltr'><strong>inutiliter.</strong></span> <span class='ocrx_word' id='word_1_167' title='bbox 616 1213 655 1239; x_wconf 86' lang='lat' dir='ltr'><strong>Illi</strong></span> <span class='ocrx_word' id='word_1_168' title='bbox 672 1213 756 1244; x_wconf 92' lang='lat' dir='ltr'><strong>enim,</strong></span> <span class='ocrx_word' id='word_1_169' title='bbox 772 1213 851 1247; x_wconf 88' lang='lat' dir='ltr'><strong>quasi</strong></span> <span class='ocrx_word' id='word_1_170' title='bbox 870 1212 925 1239; x_wconf 87' lang='lat' dir='ltr'><strong>fato</strong></span> <span class='ocrx_word' id='word_1_171' title='bbox 940 1220 1009 1248; x_wconf 85' lang='lat' dir='ltr'><strong>quo-</strong></span> 
     </span>
    </p>
   </div>
   <div class='ocr_carea' id='block_1_26' title="bbox 225 1258 1008 1293">
    <p class='ocr_par' dir='ltr' id='par_1_26' title="bbox 225 1258 1008 1293">
     <span class='ocr_line' id='line_1_26' title="bbox 225 1258 1008 1293; baseline 0.003 -9"><span class='ocrx_word' id='word_1_172' title='bbox 225 1259 287 1285; x_wconf 85' lang='lat' dir='ltr'><strong>dam</strong></span> <span class='ocrx_word' id='word_1_173' title='bbox 313 1266 362 1285; x_wconf 86' lang='lat' dir='ltr'><strong>suo</strong></span> <span class='ocrx_word' id='word_1_174' title='bbox 386 1258 520 1291; x_wconf 88' lang='lat' dir='ltr'><strong>perituros</strong></span> <span class='ocrx_word' id='word_1_175' title='bbox 541 1258 566 1284; x_wconf 91' lang='lat' dir='ltr'><strong>in</strong></span> <span class='ocrx_word' id='word_1_176' title='bbox 597 1262 721 1292; x_wconf 81' lang='lat' dir='ltr'><strong>paratum</strong></span> <span class='ocrx_word' id='word_1_177' title='bbox 747 1259 859 1285; x_wconf 84' lang='lat' dir='ltr'><strong>exitium</strong></span> <span class='ocrx_word' id='word_1_178' title='bbox 885 1263 1008 1293; x_wconf 82' lang='lat' dir='ltr'><strong>urgente,</strong></span> 
     </span>
    </p>
   </div>
   <div class='ocr_carea' id='block_1_27' title="bbox 225 1303 1009 1337">
    <p class='ocr_par' dir='ltr' id='par_1_27' title="bbox 225 1303 1009 1337">
     <span class='ocr_line' id='line_1_27' title="bbox 225 1303 1009 1337; baseline -0.001 -6"><span class='ocrx_word' id='word_1_179' title='bbox 225 1309 327 1331; x_wconf 92' lang='lat' dir='ltr'><strong>temere</strong></span> <span class='ocrx_word' id='word_1_180' title='bbox 350 1304 451 1331; x_wconf 83' lang='lat' dir='ltr'><strong>omissa</strong></span> <span class='ocrx_word' id='word_1_181' title='bbox 476 1303 526 1330; x_wconf 83' lang='lat' dir='ltr'><strong>loci</strong></span> <span class='ocrx_word' id='word_1_182' title='bbox 552 1304 702 1337; x_wconf 89' lang='lat' dir='ltr'><strong>superioris</strong></span> <span class='ocrx_word' id='word_1_183' title='bbox 723 1303 869 1330; x_wconf 86' lang='lat' dir='ltr'><strong>securitate</strong></span> <span class='ocrx_word' id='word_1_184' title='bbox 889 1304 960 1331; x_wconf 92' lang='lat' dir='ltr'><strong>ultro</strong></span> <span class='ocrx_word' id='word_1_185' title='bbox 983 1304 1009 1330; x_wconf 92' lang='lat' dir='ltr'><strong>in</strong></span> 
     </span>
    </p>
   </div>
   <div class='ocr_carea' id='block_1_28' title="bbox 224 1348 1011 1384">
    <p class='ocr_par' dir='ltr' id='par_1_28' title="bbox 224 1348 1011 1384">
     <span class='ocr_line' id='line_1_28' title="bbox 224 1348 1011 1384; baseline -0.001 -7"><span class='ocrx_word' id='word_1_186' title='bbox 224 1348 387 1383; x_wconf 77' lang='lat' dir='ltr'><strong>subiectam,</strong></span> <span class='ocrx_word' id='word_1_187' title='bbox 399 1349 507 1383; x_wconf 74' lang='lat' dir='ltr'><strong>equites</strong></span> <span class='ocrx_word' id='word_1_188' title='bbox 521 1349 602 1375; x_wconf 83' lang='lat' dir='ltr'><strong>simul</strong></span> <span class='ocrx_word' id='word_1_189' title='bbox 627 1349 795 1384; x_wconf 80' lang='lat' dir='ltr'><strong>peditesque,</strong></span> <span class='ocrx_word' id='word_1_190' title='bbox 816 1350 1011 1377; x_wconf 80' lang='lat' dir='ltr'><strong>descendentes</strong></span> 
     </span>
    </p>
   </div>
   <div class='ocr_carea' id='block_1_29' title="bbox 225 1395 1010 1430">
    <p class='ocr_par' dir='ltr' id='par_1_29' title="bbox 225 1395 1010 1430">
     <span class='ocr_line' id='line_1_29' title="bbox 225 1395 1010 1430; baseline 0.001 -9"><span class='ocrx_word' id='word_1_191' title='bbox 225 1395 377 1430; x_wconf 84' lang='lat' dir='ltr'><strong>planitiem,</strong></span> <span class='ocrx_word' id='word_1_192' title='bbox 393 1402 470 1429; x_wconf 77' lang='lat' dir='ltr'><strong>:cqno</strong></span> <span class='ocrx_word' id='word_1_193' title='bbox 486 1403 516 1422; x_wconf 80' lang='lat' dir='ltr'><strong>se</strong></span> <span class='ocrx_word' id='word_1_194' title='bbox 532 1403 628 1429; x_wconf 89' lang='lat' dir='ltr'><strong>campo</strong></span> <span class='ocrx_word' id='word_1_195' title='bbox 645 1396 786 1422; x_wconf 69' lang='lat' dir='ltr'><strong>instructa:</strong></span> <span class='ocrx_word' id='word_1_196' title='bbox 804 1396 922 1422; x_wconf 88' lang='lat' dir='ltr'><strong>hostium</strong></span> <span class='ocrx_word' id='word_1_197' title='bbox 940 1395 1010 1422; x_wconf 80' lang='lat' dir='ltr'><strong>aciei</strong></span> 
     </span>
    </p>
   </div>
   <div class='ocr_carea' id='block_1_30' title="bbox 224 1440 1012 1475">
    <p class='ocr_par' dir='ltr' id='par_1_30' title="bbox 224 1440 1012 1475">
     <span class='ocr_line' id='line_1_30' title="bbox 224 1440 1012 1475; baseline 0 -8"><span class='ocrx_word' id='word_1_198' title='bbox 224 1440 360 1474; x_wconf 74' lang='lat' dir='ltr'><strong>obiecere.</strong></span> <span class='ocrx_word' id='word_1_199' title='bbox 378 1440 435 1467; x_wconf 82' lang='lat' dir='ltr'><strong>Illic</strong></span> <span class='ocrx_word' id='word_1_200' title='bbox 451 1448 500 1467; x_wconf 85' lang='lat' dir='ltr'><strong>eos</strong></span> <span class='ocrx_word' id='word_1_201' title='bbox 519 1441 721 1475; x_wconf 74' lang='lat' dir='ltr'><strong>exspectabant</strong></span> <span class='ocrx_word' id='word_1_202' title='bbox 733 1441 924 1468; x_wconf 86' lang='lat' dir='ltr'><strong>delitescentes</strong></span> <span class='ocrx_word' id='word_1_203' title='bbox 937 1448 1012 1467; x_wconf 85' lang='lat' dir='ltr'><strong>more</strong></span> 
     </span>
    </p>
   </div>
   <div class='ocr_carea' id='block_1_31' title="bbox 224 1485 1012 1520">
    <p class='ocr_par' dir='ltr' id='par_1_31' title="bbox 224 1485 1012 1520">
     <span class='ocr_line' id='line_1_31' title="bbox 224 1485 1012 1520; baseline -0.003 -7"><span class='ocrx_word' id='word_1_204' title='bbox 224 1486 346 1520; x_wconf 84' lang='lat' dir='ltr'><strong>ipsorum</strong></span> <span class='ocrx_word' id='word_1_205' title='bbox 365 1485 390 1512; x_wconf 92' lang='lat' dir='ltr'><strong>in</strong></span> <span class='ocrx_word' id='word_1_206' title='bbox 419 1485 523 1512; x_wconf 91' lang='lat' dir='ltr'><strong>insidiis</strong></span> <span class='ocrx_word' id='word_1_207' title='bbox 542 1486 626 1519; x_wconf 70' lang='lat' dir='ltr'><strong>copire</strong></span> <span class='ocrx_word' id='word_1_208' title='bbox 649 1485 763 1512; x_wconf 69' lang='lat' dir='ltr'><strong>Persica:</strong></span> <span class='ocrx_word' id='word_1_209' title='bbox 776 1486 922 1512; x_wconf 80' lang='lat' dir='ltr'><strong>auxiliares</strong></span> <span class='ocrx_word' id='word_1_210' title='bbox 937 1485 1012 1512; x_wconf 87' lang='lat' dir='ltr'><strong>Lati-</strong></span> 
     </span>
    </p>
   </div>
   <div class='ocr_carea' id='block_1_32' title="bbox 1061 247 1854 285">
    <p class='ocr_par' dir='ltr' id='par_1_32' title="bbox 1061 247 1854 285">
     <span class='ocr_line' id='line_1_32' title="bbox 1061 247 1854 285; baseline -0.005 -7"><span class='ocrx_word' id='word_1_211' title='bbox 1061 251 1172 278; x_wconf 81' lang='grc' dir='ltr'>δικαίων</span> <span class='ocrx_word' id='word_1_212' title='bbox 1188 251 1234 278; x_wconf 69' lang='grc' dir='ltr'>καὶ</span> <span class='ocrx_word' id='word_1_213' title='bbox 1257 250 1322 277; x_wconf 81' lang='grc' dir='ltr'>λαοῦ</span> <span class='ocrx_word' id='word_1_214' title='bbox 1347 250 1469 285; x_wconf 79' lang='grc' dir='ltr'>ἁμαρτία</span> <span class='ocrx_word' id='word_1_215' title='bbox 1485 248 1720 276; x_wconf 83' lang='grc' dir='ltr'>ἀντιταλαντεύειν</span> <span class='ocrx_word' id='word_1_216' title='bbox 1731 248 1766 274; x_wconf 75' lang='grc' dir='ltr'>τὰ</span> <span class='ocrx_word' id='word_1_217' title='bbox 1781 247 1854 283; x_wconf 77' lang='grc' dir='ltr'><strong>ἡμέ-</strong></span> 
     </span>
    </p>
   </div>
   <div class='ocr_carea' id='block_1_33' title="bbox 1061 295 1852 332">
    <p class='ocr_par' dir='ltr' id='par_1_33' title="bbox 1061 295 1852 332">
     <span class='ocr_line' id='line_1_33' title="bbox 1061 295 1852 332; baseline -0.004 -9"><span class='ocrx_word' id='word_1_218' title='bbox 1061 306 1127 332; x_wconf 86' lang='grc' dir='ltr'>τερα</span> <span class='ocrx_word' id='word_1_219' title='bbox 1147 297 1251 330; x_wconf 78' lang='grc' dir='ltr'>ἔδοξαν,</span> <span class='ocrx_word' id='word_1_220' title='bbox 1268 297 1305 327; x_wconf 85' lang='grc' dir='ltr'>ὡς</span> <span class='ocrx_word' id='word_1_221' title='bbox 1320 296 1338 324; x_wconf 74' lang='grc' dir='ltr'><strong>ἃ.</strong></span> <span class='ocrx_word' id='word_1_222' title='bbox 1351 297 1400 331; x_wconf 80' lang='grc' dir='ltr'>μὲν</span> <span class='ocrx_word' id='word_1_223' title='bbox 1417 295 1582 330; x_wconf 75' lang='grc' dir='ltr'>ὲζημίωντο,</span> <span class='ocrx_word' id='word_1_224' title='bbox 1601 295 1631 327; x_wconf 73' lang='grc' dir='ltr'><strong>ἐξ</strong></span> <span class='ocrx_word' id='word_1_225' title='bbox 1645 295 1783 330; x_wconf 80' lang='grc' dir='ltr'>ἁμαρτίας</span> <span class='ocrx_word' id='word_1_226' title='bbox 1800 295 1852 320; x_wconf 75' lang='grc' dir='ltr'><strong>καὶ</strong></span> 
     </span>
    </p>
   </div>
   <div class='ocr_carea' id='block_1_34' title="bbox 1061 340 1854 377">
    <p class='ocr_par' dir='ltr' id='par_1_34' title="bbox 1061 340 1854 377">
     <span class='ocr_line' id='line_1_34' title="bbox 1061 340 1854 377; baseline -0.004 -8"><span class='ocrx_word' id='word_1_227' title='bbox 1061 343 1237 377; x_wconf 71' lang='grc' dir='ltr'>ζημιοῦσθαι.</span> <span class='ocrx_word' id='word_1_228' title='bbox 1257 343 1274 370; x_wconf 81' lang='grc' dir='ltr'><strong>ἆ</strong></span> <span class='ocrx_word' id='word_1_229' title='bbox 1289 343 1316 369; x_wconf 82' lang='grc' dir='ltr'>δὲ</span> <span class='ocrx_word' id='word_1_230' title='bbox 1331 340 1413 377; x_wconf 82' lang='grc' dir='ltr'>ἦσαν,</span> <span class='ocrx_word' id='word_1_231' title='bbox 1425 343 1457 369; x_wconf 79' lang='grc' dir='ltr'><strong>ὲκ</strong></span> <span class='ocrx_word' id='word_1_232' title='bbox 1470 343 1518 375; x_wconf 76' lang='grc' dir='ltr'>τῆς</span> <span class='ocrx_word' id='word_1_233' title='bbox 1534 342 1588 367; x_wconf 85' lang='grc' dir='ltr'><strong>τῶν</strong></span> <span class='ocrx_word' id='word_1_234' title='bbox 1603 341 1715 367; x_wconf 79' lang='grc' dir='ltr'>δικαίων</span> <span class='ocrx_word' id='word_1_235' title='bbox 1729 340 1854 375; x_wconf 79' lang='grc' dir='ltr'>δεήσεως</span> 
     </span>
    </p>
   </div>
   <div class='ocr_carea' id='block_1_35' title="bbox 1062 385 1854 424">
    <p class='ocr_par' dir='ltr' id='par_1_35' title="bbox 1062 385 1854 424">
     <span class='ocr_line' id='line_1_35' title="bbox 1062 385 1854 424; baseline -0.006 -9"><span class='ocrx_word' id='word_1_236' title='bbox 1062 389 1272 424; x_wconf 83' lang='grc' dir='ltr'>περισώζεσθαι.</span> <span class='ocrx_word' id='word_1_237' title='bbox 1299 389 1354 415; x_wconf 79' lang='grc' dir='ltr'><strong>Καὶ</strong></span> <span class='ocrx_word' id='word_1_238' title='bbox 1377 389 1410 414; x_wconf 75' lang='grc' dir='ltr'>τὰ</span> <span class='ocrx_word' id='word_1_239' title='bbox 1430 388 1478 422; x_wconf 82' lang='grc' dir='ltr'>μὲν</span> <span class='ocrx_word' id='word_1_240' title='bbox 1502 387 1552 422; x_wconf 82' lang='grc' dir='ltr'>τῆς</span> <span class='ocrx_word' id='word_1_241' title='bbox 1566 387 1640 418; x_wconf 81' lang='grc' dir='ltr'>θείας</span> <span class='ocrx_word' id='word_1_242' title='bbox 1667 387 1751 421; x_wconf 81' lang='grc' dir='ltr'>ὀργῆς</span> <span class='ocrx_word' id='word_1_243' title='bbox 1780 385 1854 416; x_wconf 81' lang='grc' dir='ltr'>δῆλα,</span> 
     </span>
    </p>
   </div>
   <div class='ocr_carea' id='block_1_36' title="bbox 1060 432 1855 470">
    <p class='ocr_par' dir='ltr' id='par_1_36' title="bbox 1060 432 1855 470">
     <span class='ocr_line' id='line_1_36' title="bbox 1060 432 1855 470; baseline -0.006 -9"><span class='ocrx_word' id='word_1_244' title='bbox 1060 433 1130 470; x_wconf 80' lang='grc' dir='ltr'>ἦσαν</span> <span class='ocrx_word' id='word_1_245' title='bbox 1141 435 1188 460; x_wconf 76' lang='grc' dir='ltr'>καὶ</span> <span class='ocrx_word' id='word_1_246' title='bbox 1204 434 1329 469; x_wconf 77' lang='grc' dir='ltr'>ἑωρῶντο</span> <span class='ocrx_word' id='word_1_247' title='bbox 1340 442 1347 450; x_wconf 86' lang='grc'>·</span> <span class='ocrx_word' id='word_1_248' title='bbox 1363 434 1462 460; x_wconf 76' lang='grc' dir='ltr'>ὁπόθεν</span> <span class='ocrx_word' id='word_1_249' title='bbox 1473 434 1502 460; x_wconf 81' lang='grc' dir='ltr'>δὲ</span> <span class='ocrx_word' id='word_1_250' title='bbox 1520 434 1566 459; x_wconf 76' lang='grc' dir='ltr'>καὶ</span> <span class='ocrx_word' id='word_1_251' title='bbox 1581 432 1634 459; x_wconf 86' lang='grc' dir='ltr'>τίσι</span> <span class='ocrx_word' id='word_1_252' title='bbox 1644 433 1701 463; x_wconf 83' lang='grc' dir='ltr'>τοῖς</span> <span class='ocrx_word' id='word_1_253' title='bbox 1718 432 1855 465; x_wconf 70' lang='grc' dir='ltr'>πλημμε-</span> 
     </span>
    </p>
   </div>
   <div class='ocr_carea' id='block_1_37' title="bbox 1061 473 1853 515">
    <p class='ocr_par' dir='ltr' id='par_1_37' title="bbox 1061 473 1853 515">
     <span class='ocr_line' id='line_1_37' title="bbox 1061 473 1853 515; baseline -0.005 -9"><span class='ocrx_word' id='word_1_254' title='bbox 1061 481 1178 515; x_wconf 82' lang='grc' dir='ltr'>λήμασιν</span> <span class='ocrx_word' id='word_1_255' title='bbox 1195 473 1343 512; x_wconf 77' lang='grc' dir='ltr'>ἐξεκαίετο,</span> <span class='ocrx_word' id='word_1_256' title='bbox 1361 479 1490 511; x_wconf 76' lang='grc' dir='ltr'>ἐπιεικῶς</span> <span class='ocrx_word' id='word_1_257' title='bbox 1509 478 1607 512; x_wconf 81' lang='grc' dir='ltr'>ἄδηλον</span> <span class='ocrx_word' id='word_1_258' title='bbox 1623 476 1667 513; x_wconf 79' lang='grc' dir='ltr'><strong>ἦν,</strong></span> <span class='ocrx_word' id='word_1_259' title='bbox 1684 477 1771 504; x_wconf 75' lang='grc' dir='ltr'>ἄλλων</span> <span class='ocrx_word' id='word_1_260' title='bbox 1781 476 1853 503; x_wconf 80' lang='grc' dir='ltr'>ἄλλα</span> 
     </span>
    </p>
   </div>
   <div class='ocr_carea' id='block_1_38' title="bbox 1061 528 1245 562">
    <p class='ocr_par' dir='ltr' id='par_1_38' title="bbox 1061 528 1245 562">
     <span class='ocr_line' id='line_1_38' title="bbox 1061 528 1245 562; baseline 0.005 -8"><span class='ocrx_word' id='word_1_261' title='bbox 1061 528 1245 562; x_wconf 74' lang='grc' dir='ltr'>αἰτιωμένων.</span> 
     </span>
    </p>
   </div>
   <div class='ocr_carea' id='block_1_39' title="bbox 1060 580 1856 614">
    <p class='ocr_par' dir='ltr' id='par_1_39' title="bbox 1060 580 1856 614">
     <span class='ocr_line' id='line_1_39' title="bbox 1060 580 1856 614; baseline -0.004 -4"><span class='ocrx_word' id='word_1_262' title='bbox 1060 583 1112 612; x_wconf 81' lang='grc' dir='ltr'>κθ’.</span> <span class='ocrx_word' id='word_1_263' title='bbox 1132 584 1194 610; x_wconf 83' lang='grc' dir='ltr'>Ἔτι</span> <span class='ocrx_word' id='word_1_264' title='bbox 1214 584 1251 610; x_wconf 84' lang='grc' dir='ltr'>τὰ</span> <span class='ocrx_word' id='word_1_265' title='bbox 1270 583 1346 611; x_wconf 82' lang='grc' dir='ltr'>κατὰ</span> <span class='ocrx_word' id='word_1_266' title='bbox 1364 583 1418 610; x_wconf 57' lang='grc' dir='ltr'>τιλν</span> <span class='ocrx_word' id='word_1_267' title='bbox 1442 582 1549 609; x_wconf 76' lang='grc' dir='ltr'>Ἰσαὰκ</span> <span class='ocrx_word' id='word_1_268' title='bbox 1572 581 1675 614; x_wconf 57' lang='lat' dir='ltr'><strong>Mentha</strong></span> <span class='ocrx_word' id='word_1_269' title='bbox 1702 581 1750 608; x_wconf 78' lang='grc' dir='ltr'><strong>καί</strong></span> <span class='ocrx_word' id='word_1_270' title='bbox 1778 580 1856 613; x_wconf 84' lang='grc' dir='ltr'>τοὺς</span> 
     </span>
    </p>
   </div>
   <div class='ocr_carea' id='block_1_40' title="bbox 1374 618 1534 652">
    <p class='ocr_par' dir='ltr' id='par_1_40' title="bbox 1374 618 1534 652">
     <span class='ocr_line' id='line_1_40' title="bbox 1374 618 1534 652; baseline 0 -8"><span class='ocrx_word' id='word_1_271' title='bbox 1374 618 1534 652; x_wconf 71' lang='grc' dir='ltr'>Τούρκους.</span> 
     </span>
    </p>
   </div>
   <div class='ocr_carea' id='block_1_41' title="bbox 1096 658 1855 700">
    <p class='ocr_par' dir='ltr' id='par_1_41' title="bbox 1096 658 1855 700">
     <span class='ocr_line' id='line_1_41' title="bbox 1096 658 1855 700; baseline -0.008 -8"><span class='ocrx_word' id='word_1_272' title='bbox 1096 664 1137 700; x_wconf 77' lang='grc' dir='ltr'><strong>[Ρ.</strong></span> <span class='ocrx_word' id='word_1_273' title='bbox 1152 664 1215 700; x_wconf 76' lang='lat' dir='ltr'><strong>MO]</strong></span> <span class='ocrx_word' id='word_1_274' title='bbox 1244 664 1310 691; x_wconf 75' lang='grc' dir='ltr'>Τότε</span> <span class='ocrx_word' id='word_1_275' title='bbox 1327 665 1373 690; x_wconf 80' lang='grc' dir='ltr'><strong>καὶ</strong></span> <span class='ocrx_word' id='word_1_276' title='bbox 1401 663 1494 690; x_wconf 80' lang='grc' dir='ltr'>Ἰσαὰκ</span> <span class='ocrx_word' id='word_1_277' title='bbox 1518 663 1625 697; x_wconf 78' lang='grc' dir='ltr'><strong>Μελὴκ,</strong></span> <span class='ocrx_word' id='word_1_278' title='bbox 1637 658 1659 696; x_wconf 82' lang='grc' dir='ltr'>ᾧ</span> <span class='ocrx_word' id='word_1_279' title='bbox 1671 661 1703 695; x_wconf 84' lang='grc' dir='ltr'><strong>δὴ</strong></span> <span class='ocrx_word' id='word_1_280' title='bbox 1715 661 1762 687; x_wconf 74' lang='grc' dir='ltr'>καὶ</span> <span class='ocrx_word' id='word_1_281' title='bbox 1778 659 1855 686; x_wconf 78' lang='grc' dir='ltr'>κατᾶ</span> 
     </span>
    </p>
   </div>
   <div class='ocr_carea' id='block_1_42' title="bbox 1062 706 1854 746">
    <p class='ocr_par' dir='ltr' id='par_1_42' title="bbox 1062 706 1854 746">
     <span class='ocr_line' id='line_1_42' title="bbox 1062 706 1854 746; baseline -0.008 -9"><span class='ocrx_word' id='word_1_282' title='bbox 1062 711 1167 746; x_wconf 78' lang='grc' dir='ltr'><strong>Πηγὰς,</strong></span> <span class='ocrx_word' id='word_1_283' title='bbox 1180 711 1258 737; x_wconf 83' lang='grc' dir='ltr'>πόλιν</span> <span class='ocrx_word' id='word_1_284' title='bbox 1272 710 1506 745; x_wconf 73' lang='grc' dir='ltr'>παραθαλάσσιον,</span> <span class='ocrx_word' id='word_1_285' title='bbox 1522 710 1538 744; x_wconf 85' lang='grc' dir='ltr'>ὴ</span> <span class='ocrx_word' id='word_1_286' title='bbox 1550 706 1735 743; x_wconf 70' lang='grc' dir='ltr'>νυμφαγωγία</span> <span class='ocrx_word' id='word_1_287' title='bbox 1749 706 1854 740; x_wconf 80' lang='grc' dir='ltr'>ηὐτρέ-</span> 
     </span>
    </p>
   </div>
   <div class='ocr_carea' id='block_1_43' title="bbox 1061 752 1850 791">
    <p class='ocr_par' dir='ltr' id='par_1_43' title="bbox 1061 752 1850 791">
     <span class='ocr_line' id='line_1_43' title="bbox 1061 752 1850 791; baseline -0.008 -8"><span class='ocrx_word' id='word_1_288' title='bbox 1061 765 1151 788; x_wconf 75' lang='grc' dir='ltr'>πιστο,</span> <span class='ocrx_word' id='word_1_289' title='bbox 1166 757 1345 791; x_wconf 74' lang='grc' dir='ltr'>συγκείμενον</span> <span class='ocrx_word' id='word_1_290' title='bbox 1361 755 1436 789; x_wconf 82' lang='grc' dir='ltr'>σφίσι</span> <span class='ocrx_word' id='word_1_291' title='bbox 1453 755 1515 786; x_wconf 83' lang='grc' dir='ltr'>τοὺς</span> <span class='ocrx_word' id='word_1_292' title='bbox 1532 754 1619 788; x_wconf 73' lang='grc' dir='ltr'>πέραν</span> <span class='ocrx_word' id='word_1_293' title='bbox 1633 754 1741 787; x_wconf 80' lang='grc' dir='ltr'>Πέρσας</span> <span class='ocrx_word' id='word_1_294' title='bbox 1753 752 1850 778; x_wconf 78' lang='grc' dir='ltr'>διαπε-</span> 
     </span>
    </p>
   </div>
   <div class='ocr_carea' id='block_1_44' title="bbox 1061 797 1853 838">
    <p class='ocr_par' dir='ltr' id='par_1_44' title="bbox 1061 797 1853 838">
     <span class='ocr_line' id='line_1_44' title="bbox 1061 797 1853 838; baseline -0.01 -8"><span class='ocrx_word' id='word_1_295' title='bbox 1061 804 1111 838; x_wconf 85' lang='grc' dir='ltr'>ρᾷν</span> <span class='ocrx_word' id='word_1_296' title='bbox 1129 804 1178 830; x_wconf 74' lang='grc' dir='ltr'>καὶ</span> <span class='ocrx_word' id='word_1_297' title='bbox 1197 802 1268 829; x_wconf 73' lang='grc' dir='ltr'>οὕτω</span> <span class='ocrx_word' id='word_1_298' title='bbox 1278 802 1340 833; x_wconf 79' lang='grc' dir='ltr'>τοὺς</span> <span class='ocrx_word' id='word_1_299' title='bbox 1353 802 1459 836; x_wconf 86' lang='grc' dir='ltr'>γάμους</span> <span class='ocrx_word' id='word_1_300' title='bbox 1478 799 1669 830; x_wconf 78' lang='grc' dir='ltr'>διατελεῖσοαι,</span> <span class='ocrx_word' id='word_1_301' title='bbox 1682 797 1853 833; x_wconf 80' lang='grc' dir='ltr'>παραλαὸὡν</span> 
     </span>
    </p>
   </div>
   <div class='ocr_carea' id='block_1_45' title="bbox 1061 843 1853 884">
    <p class='ocr_par' dir='ltr' id='par_1_45' title="bbox 1061 843 1853 884">
     <span class='ocr_line' id='line_1_45' title="bbox 1061 843 1853 884; baseline -0.01 -8"><span class='ocrx_word' id='word_1_302' title='bbox 1061 857 1136 880; x_wconf 86' lang='grc' dir='ltr'>τινας</span> <span class='ocrx_word' id='word_1_303' title='bbox 1160 849 1215 874; x_wconf 86' lang='grc' dir='ltr'><strong>τῶν</strong></span> <span class='ocrx_word' id='word_1_304' title='bbox 1244 849 1293 884; x_wconf 77' lang='grc' dir='ltr'>τῆς</span> <span class='ocrx_word' id='word_1_305' title='bbox 1325 847 1408 875; x_wconf 82' lang='grc' dir='ltr'>αὑτοῦ</span> <span class='ocrx_word' id='word_1_306' title='bbox 1439 846 1600 876; x_wconf 75' lang='grc' dir='ltr'>δυναστείας</span> <span class='ocrx_word' id='word_1_307' title='bbox 1628 843 1853 880; x_wconf 70' lang='grc' dir='ltr'>αἱρετιστῶν,τὰ</span> 
     </span>
    </p>
   </div>
   <div class='ocr_carea' id='block_1_46' title="bbox 1062 890 1853 929">
    <p class='ocr_par' dir='ltr' id='par_1_46' title="bbox 1062 890 1853 929">
     <span class='ocr_line' id='line_1_46' title="bbox 1062 890 1853 929; baseline -0.006 -8"><span class='ocrx_word' id='word_1_308' title='bbox 1062 895 1142 921; x_wconf 82' lang='grc' dir='ltr'>στενὰ</span> <span class='ocrx_word' id='word_1_309' title='bbox 1166 895 1213 921; x_wconf 81' lang='grc' dir='ltr'>τοῦ</span> <span class='ocrx_word' id='word_1_310' title='bbox 1249 894 1448 929; x_wconf 76' lang='grc' dir='ltr'>Ἑλλησπόντου</span> <span class='ocrx_word' id='word_1_311' title='bbox 1473 894 1526 920; x_wconf 75' lang='grc' dir='ltr'>ἔδει</span> <span class='ocrx_word' id='word_1_312' title='bbox 1551 892 1685 927; x_wconf 80' lang='grc' dir='ltr'>διαπερᾷν</span> <span class='ocrx_word' id='word_1_313' title='bbox 1706 891 1753 918; x_wconf 82' lang='grc' dir='ltr'><strong>καὶ</strong></span> <span class='ocrx_word' id='word_1_314' title='bbox 1768 890 1853 916; x_wconf 78' lang='grc' dir='ltr'>αὺτο-</span> 
     </span>
    </p>
   </div>
   <div class='ocr_carea' id='block_1_47' title="bbox 1061 937 1853 976">
    <p class='ocr_par' dir='ltr' id='par_1_47' title="bbox 1061 937 1853 976">
     <span class='ocr_line' id='line_1_47' title="bbox 1061 937 1853 976; baseline -0.006 -9"><span class='ocrx_word' id='word_1_315' title='bbox 1061 941 1213 976; x_wconf 81' lang='grc' dir='ltr'>προσώπως</span> <span class='ocrx_word' id='word_1_316' title='bbox 1234 941 1341 976; x_wconf 78' lang='grc' dir='ltr'>Πέρσας</span> <span class='ocrx_word' id='word_1_317' title='bbox 1354 940 1547 974; x_wconf 84' lang='grc' dir='ltr'>δουλαγωγεῖν.</span> <span class='ocrx_word' id='word_1_318' title='bbox 1558 939 1660 966; x_wconf 83' lang='grc' dir='ltr'>Μέντοι</span> <span class='ocrx_word' id='word_1_319' title='bbox 1675 945 1706 971; x_wconf 84' lang='grc' dir='ltr'><strong>γε</strong></span> <span class='ocrx_word' id='word_1_320' title='bbox 1721 937 1769 964; x_wconf 73' lang='grc' dir='ltr'>καὶ</span> <span class='ocrx_word' id='word_1_321' title='bbox 1780 944 1853 970; x_wconf 89' lang='grc' dir='ltr'>πορ-</span> 
     </span>
    </p>
   </div>
   <div class='ocr_carea' id='block_1_48' title="bbox 1062 982 1853 1022">
    <p class='ocr_par' dir='ltr' id='par_1_48' title="bbox 1062 982 1853 1022">
     <span class='ocr_line' id='line_1_48' title="bbox 1062 982 1853 1022; baseline -0.006 -9"><span class='ocrx_word' id='word_1_322' title='bbox 1062 987 1157 1021; x_wconf 86' lang='grc' dir='ltr'>θμείου</span> <span class='ocrx_word' id='word_1_323' title='bbox 1184 987 1286 1022; x_wconf 79' lang='grc' dir='ltr'>τυχὼν,</span> <span class='ocrx_word' id='word_1_324' title='bbox 1310 986 1417 1020; x_wconf 74' lang='grc' dir='ltr'>σύναιμα</span> <span class='ocrx_word' id='word_1_325' title='bbox 1436 994 1491 1012; x_wconf 86' lang='grc' dir='ltr'>τισι</span> <span class='ocrx_word' id='word_1_326' title='bbox 1520 983 1732 1019; x_wconf 76' lang='grc' dir='ltr'>διαπεραιωθεὶς</span> <span class='ocrx_word' id='word_1_327' title='bbox 1759 982 1853 1010; x_wconf 84' lang='grc' dir='ltr'>πείθει</span> 
     </span>
    </p>
   </div>
   <div class='ocr_carea' id='block_1_49' title="bbox 1061 1027 1855 1068">
    <p class='ocr_par' dir='ltr' id='par_1_49' title="bbox 1061 1027 1855 1068">
     <span class='ocr_line' id='line_1_49' title="bbox 1061 1027 1855 1068; baseline -0.009 -8"><span class='ocrx_word' id='word_1_328' title='bbox 1061 1033 1182 1068; x_wconf 79' lang='grc' dir='ltr'>Πέρσας,</span> <span class='ocrx_word' id='word_1_329' title='bbox 1206 1033 1254 1059; x_wconf 81' lang='grc' dir='ltr'><strong>καὶ</strong></span> <span class='ocrx_word' id='word_1_330' title='bbox 1270 1032 1371 1066; x_wconf 76' lang='grc' dir='ltr'>μᾶλλον</span> <span class='ocrx_word' id='word_1_331' title='bbox 1387 1030 1427 1064; x_wconf 78' lang='grc' dir='ltr'><strong>οἷς</strong></span> <span class='ocrx_word' id='word_1_332' title='bbox 1445 1031 1526 1062; x_wconf 70' lang='grc' dir='ltr'>αὐτὸς</span> <span class='ocrx_word' id='word_1_333' title='bbox 1541 1029 1674 1066; x_wconf 81' lang='grc' dir='ltr'>ᾠκείωτο,</span> <span class='ocrx_word' id='word_1_334' title='bbox 1694 1027 1855 1063; x_wconf 71' lang='grc' dir='ltr'>Ἀμογαϐά-</span> 
     </span>
    </p>
   </div>
   <div class='ocr_carea' id='block_1_50' title="bbox 1063 1075 1853 1116">
    <p class='ocr_par' dir='ltr' id='par_1_50' title="bbox 1063 1075 1853 1116">
     <span class='ocr_line' id='line_1_50' title="bbox 1063 1075 1853 1116; baseline -0.011 -8"><span class='ocrx_word' id='word_1_335' title='bbox 1063 1089 1117 1116; x_wconf 86' lang='grc' dir='ltr'><strong>ρων</strong></span> <span class='ocrx_word' id='word_1_336' title='bbox 1127 1081 1301 1107; x_wconf 81' lang='grc' dir='ltr'>ἀποστατεῖν.</span> <span class='ocrx_word' id='word_1_337' title='bbox 1312 1079 1344 1105; x_wconf 71' lang='grc' dir='ltr'><strong>Οἳ</strong></span> <span class='ocrx_word' id='word_1_338' title='bbox 1359 1080 1406 1106; x_wconf 75' lang='grc' dir='ltr'><strong>καὶ</strong></span> <span class='ocrx_word' id='word_1_339' title='bbox 1422 1078 1610 1114; x_wconf 72' lang='grc' dir='ltr'>θαρρήσαντες</span> <span class='ocrx_word' id='word_1_340' title='bbox 1624 1075 1782 1111; x_wconf 76' lang='grc' dir='ltr'>παραυτίκα</span> <span class='ocrx_word' id='word_1_341' title='bbox 1792 1075 1853 1105; x_wconf 83' lang='grc' dir='ltr'>τοῖς</span> 
     </span>
    </p>
   </div>
   <div class='ocr_carea' id='block_1_51' title="bbox 1063 1164 1854 1204">
    <p class='ocr_par' dir='ltr' id='par_1_51' title="bbox 1063 1164 1854 1204">
     <span class='ocr_line' id='line_1_51' title="bbox 1063 1164 1854 1204; baseline -0.01 -6"><span class='ocrx_word' id='word_1_342' title='bbox 1063 1171 1160 1199; x_wconf 84' lang='lat' dir='ltr'><strong>iisdem</strong></span> <span class='ocrx_word' id='word_1_343' title='bbox 1175 1176 1270 1204; x_wconf 76' lang='lat' dir='ltr'><strong>greges</strong></span> <span class='ocrx_word' id='word_1_344' title='bbox 1287 1176 1340 1195; x_wconf 85' lang='lat' dir='ltr'><strong>una</strong></span> <span class='ocrx_word' id='word_1_345' title='bbox 1356 1167 1527 1195; x_wconf 77' lang='lat' dir='ltr'><strong>trahentibus</strong></span> <span class='ocrx_word' id='word_1_346' title='bbox 1548 1166 1734 1200; x_wconf 87' lang='lat' dir='ltr'><strong>subjectorum</strong></span> <span class='ocrx_word' id='word_1_347' title='bbox 1752 1164 1854 1198; x_wconf 75' lang='lat' dir='ltr'><strong>cuique</strong></span> 
     </span>
    </p>
   </div>
   <div class='ocr_carea' id='block_1_52' title="bbox 1064 1210 1853 1248">
    <p class='ocr_par' dir='ltr' id='par_1_52' title="bbox 1064 1210 1853 1248">
     <span class='ocr_line' id='line_1_52' title="bbox 1064 1210 1853 1248; baseline -0.013 -3"><span class='ocrx_word' id='word_1_348' title='bbox 1064 1217 1271 1248; x_wconf 78' lang='lat' dir='ltr'><strong>monachorum,</strong></span> <span class='ocrx_word' id='word_1_349' title='bbox 1284 1214 1413 1242; x_wconf 86' lang='lat' dir='ltr'><strong>adhibitis</strong></span> <span class='ocrx_word' id='word_1_350' title='bbox 1425 1212 1505 1240; x_wconf 88' lang='lat' dir='ltr'><strong>simul</strong></span> <span class='ocrx_word' id='word_1_351' title='bbox 1520 1211 1685 1246; x_wconf 77' lang='lat' dir='ltr'><strong>presbyteris</strong></span> <span class='ocrx_word' id='word_1_352' title='bbox 1698 1215 1726 1237; x_wconf 88' lang='lat' dir='ltr'><strong>et</strong></span> <span class='ocrx_word' id='word_1_353' title='bbox 1740 1210 1853 1244; x_wconf 79' lang='lat' dir='ltr'><strong>populo,</strong></span> 
     </span>
    </p>
   </div>
   <div class='ocr_carea' id='block_1_53' title="bbox 1064 1257 1854 1298">
    <p class='ocr_par' dir='ltr' id='par_1_53' title="bbox 1064 1257 1854 1298">
     <span class='ocr_line' id='line_1_53' title="bbox 1064 1257 1854 1298; baseline -0.011 -7"><span class='ocrx_word' id='word_1_354' title='bbox 1064 1263 1179 1298; x_wconf 76' lang='lat' dir='ltr'><strong>singulis</strong></span> <span class='ocrx_word' id='word_1_355' title='bbox 1197 1261 1372 1289; x_wconf 81' lang='lat' dir='ltr'><strong>hebdomadis</strong></span> <span class='ocrx_word' id='word_1_356' title='bbox 1393 1259 1501 1286; x_wconf 81' lang='lat' dir='ltr'><strong>litanias</strong></span> <span class='ocrx_word' id='word_1_357' title='bbox 1517 1257 1683 1290; x_wconf 88' lang='lat' dir='ltr'><strong>celebrabat,</strong></span> <span class='ocrx_word' id='word_1_358' title='bbox 1701 1257 1854 1284; x_wconf 76' lang='lat' dir='ltr'><strong>adhortans</strong></span> 
     </span>
    </p>
   </div>
   <div class='ocr_carea' id='block_1_54' title="bbox 1065 1300 1854 1343">
    <p class='ocr_par' dir='ltr' id='par_1_54' title="bbox 1065 1300 1854 1343">
     <span class='ocr_line' id='line_1_54' title="bbox 1065 1300 1854 1343; baseline -0.013 -7"><span class='ocrx_word' id='word_1_359' title='bbox 1065 1313 1095 1336; x_wconf 88' lang='lat' dir='ltr'><strong>ut</strong></span> <span class='ocrx_word' id='word_1_360' title='bbox 1115 1316 1165 1343; x_wconf 93' lang='lat' dir='ltr'><strong>pro</strong></span> <span class='ocrx_word' id='word_1_361' title='bbox 1187 1307 1254 1335; x_wconf 90' lang='lat' dir='ltr'><strong>urbe</strong></span> <span class='ocrx_word' id='word_1_362' title='bbox 1268 1306 1323 1342; x_wconf 85' lang='lat' dir='ltr'><strong>jam</strong></span> <span class='ocrx_word' id='word_1_363' title='bbox 1350 1304 1523 1340; x_wconf 77' lang='lat' dir='ltr'><strong>periclitante</strong></span> <span class='ocrx_word' id='word_1_364' title='bbox 1549 1302 1656 1329; x_wconf 84' lang='lat' dir='ltr'><strong>solliciti</strong></span> <span class='ocrx_word' id='word_1_365' title='bbox 1681 1301 1800 1328; x_wconf 82' lang='lat' dir='ltr'><strong>divinam</strong></span> <span class='ocrx_word' id='word_1_366' title='bbox 1827 1300 1854 1326; x_wconf 85' lang='lat' dir='ltr'><strong>ei</strong></span> 
     </span>
    </p>
   </div>
   <div class='ocr_carea' id='block_1_55' title="bbox 1041 1346 1855 1389">
    <p class='ocr_par' dir='ltr' id='par_1_55' title="bbox 1041 1346 1855 1389">
     <span class='ocr_line' id='line_1_55' title="bbox 1041 1346 1855 1389; baseline -0.012 -7"><span class='ocrx_word' id='word_1_367' title='bbox 1041 1366 1044 1369; x_wconf 87' lang='lat'><strong><em>-</em></strong></span> <span class='ocrx_word' id='word_1_368' title='bbox 1065 1362 1142 1389; x_wconf 89' lang='lat' dir='ltr'><strong>opem</strong></span> <span class='ocrx_word' id='word_1_369' title='bbox 1159 1360 1273 1380; x_wconf 84' lang='lat' dir='ltr'><strong>exorare</strong></span> <span class='ocrx_word' id='word_1_370' title='bbox 1285 1356 1468 1384; x_wconf 79' lang='lat' dir='ltr'><strong>conarentur;</strong></span> <span class='ocrx_word' id='word_1_371' title='bbox 1481 1354 1610 1377; x_wconf 85' lang='lat' dir='ltr'><strong>curarent</strong></span> <span class='ocrx_word' id='word_1_372' title='bbox 1625 1349 1705 1375; x_wconf 89' lang='lat' dir='ltr'><strong>etiam</strong></span> <span class='ocrx_word' id='word_1_373' title='bbox 1717 1346 1855 1381; x_wconf 87' lang='lat' dir='ltr'><strong>patresfa-</strong></span> 
     </span>
    </p>
   </div>
   <div class='ocr_carea' id='block_1_56' title="bbox 1066 1390 1854 1428">
    <p class='ocr_par' dir='ltr' id='par_1_56' title="bbox 1066 1390 1854 1428">
     <span class='ocr_line' id='line_1_56' title="bbox 1066 1390 1854 1428; baseline -0.01 -1"><span class='ocrx_word' id='word_1_374' title='bbox 1066 1400 1156 1428; x_wconf 83' lang='lat' dir='ltr'><strong>milias</strong></span> <span class='ocrx_word' id='word_1_375' title='bbox 1171 1397 1326 1426; x_wconf 79' lang='lat' dir='ltr'><strong>excitandis</strong></span> <span class='ocrx_word' id='word_1_376' title='bbox 1342 1397 1374 1423; x_wconf 83' lang='lat' dir='ltr'><strong>ad</strong></span> <span class='ocrx_word' id='word_1_377' title='bbox 1393 1397 1461 1423; x_wconf 86' lang='lat' dir='ltr'><strong>idem</strong></span> <span class='ocrx_word' id='word_1_378' title='bbox 1480 1395 1648 1426; x_wconf 81' lang='lat' dir='ltr'><strong>domesticis,</strong></span> <span class='ocrx_word' id='word_1_379' title='bbox 1667 1398 1695 1421; x_wconf 88' lang='lat' dir='ltr'><strong>nt</strong></span> <span class='ocrx_word' id='word_1_380' title='bbox 1720 1390 1854 1420; x_wconf 72' lang='lat' dir='ltr'><strong>mulieres</strong></span> 
     </span>
    </p>
   </div>
   <div class='ocr_carea' id='block_1_57' title="bbox 1066 1440 1853 1481">
    <p class='ocr_par' dir='ltr' id='par_1_57' title="bbox 1066 1440 1853 1481">
     <span class='ocr_line' id='line_1_57' title="bbox 1066 1440 1853 1481; baseline -0.009 -7"><span class='ocrx_word' id='word_1_381' title='bbox 1066 1447 1186 1481; x_wconf 85' lang='lat' dir='ltr'><strong>ipsorum</strong></span> <span class='ocrx_word' id='word_1_382' title='bbox 1202 1449 1229 1472; x_wconf 89' lang='lat' dir='ltr'><strong>et</strong></span> <span class='ocrx_word' id='word_1_383' title='bbox 1255 1444 1331 1470; x_wconf 88' lang='lat' dir='ltr'><strong>liberi</strong></span> <span class='ocrx_word' id='word_1_384' title='bbox 1357 1450 1405 1477; x_wconf 90' lang='lat' dir='ltr'><strong>pro</strong></span> <span class='ocrx_word' id='word_1_385' title='bbox 1431 1449 1460 1469; x_wconf 85' lang='lat' dir='ltr'><strong>se</strong></span> <span class='ocrx_word' id='word_1_386' title='bbox 1479 1442 1594 1476; x_wconf 85' lang='lat' dir='ltr'><strong>quisque</strong></span> <span class='ocrx_word' id='word_1_387' title='bbox 1626 1441 1651 1467; x_wconf 91' lang='lat' dir='ltr'><strong>in</strong></span> <span class='ocrx_word' id='word_1_388' title='bbox 1677 1440 1853 1468; x_wconf 90' lang='lat' dir='ltr'><strong>orationibus</strong></span> 
     </span>
    </p>
   </div>
   <div class='ocr_carea' id='block_1_58' title="bbox 1067 1486 1851 1527">
    <p class='ocr_par' dir='ltr' id='par_1_58' title="bbox 1067 1486 1851 1527">
     <span class='ocr_line' id='line_1_58' title="bbox 1067 1486 1851 1527; baseline -0.009 -8"><span class='ocrx_word' id='word_1_389' title='bbox 1067 1495 1274 1527; x_wconf 74' lang='lat' dir='ltr'><strong>perseverantes</strong></span> <span class='ocrx_word' id='word_1_390' title='bbox 1288 1489 1342 1516; x_wconf 91' lang='lat' dir='ltr'><strong>Deo</strong></span> <span class='ocrx_word' id='word_1_391' title='bbox 1354 1489 1456 1524; x_wconf 87' lang='lat' dir='ltr'><strong>pariter</strong></span> <span class='ocrx_word' id='word_1_392' title='bbox 1471 1487 1645 1522; x_wconf 78' lang='lat' dir='ltr'><strong>propitiando</strong></span> <span class='ocrx_word' id='word_1_393' title='bbox 1663 1486 1851 1514; x_wconf 82' lang='lat' dir='ltr'><strong>intenderent.</strong></span> 
     </span>
    </p>
   </div>
   <div class='ocr_carea' id='block_1_59' title="bbox 225 1531 1851 1577">
    <p class='ocr_par' dir='ltr' id='par_1_59' title="bbox 225 1531 1851 1577">
     <span class='ocr_line' id='line_1_59' title="bbox 225 1531 1851 1577; baseline 0 -19"><span class='ocrx_word' id='word_1_394' title='bbox 225 1540 335 1561; x_wconf 82' lang='lat' dir='ltr'><strong>narum.</strong></span> <span class='ocrx_word' id='word_1_395' title='bbox 349 1531 477 1565; x_wconf 82' lang='lat' dir='ltr'><strong>Tegendo</strong></span> <span class='ocrx_word' id='word_1_396' title='bbox 492 1536 580 1558; x_wconf 90' lang='lat' dir='ltr'><strong>tamen</strong></span> <span class='ocrx_word' id='word_1_397' title='bbox 600 1531 662 1558; x_wconf 86' lang='lat' dir='ltr'><strong>dolo</strong></span> <span class='ocrx_word' id='word_1_398' title='bbox 679 1537 773 1558; x_wconf 73' lang='lat' dir='ltr'><strong>turma:</strong></span> <span class='ocrx_word' id='word_1_399' title='bbox 791 1532 914 1565; x_wconf 57' lang='lat' dir='ltr'><strong>quaedam</strong></span> <span class='ocrx_word' id='word_1_400' title='bbox 931 1539 1013 1566; x_wconf 89' lang='lat' dir='ltr'><strong>appa-</strong></span> <span class='ocrx_word' id='word_1_401' title='bbox 1026 1548 1048 1577; x_wconf 65' lang='grc' dir='ltr'>ο</span> <span class='ocrx_word' id='word_1_402' title='bbox 1067 1538 1200 1566; x_wconf 66' lang='lat' dir='ltr'><strong>Cmternm</strong></span> <span class='ocrx_word' id='word_1_403' title='bbox 1217 1542 1313 1570; x_wconf 85' lang='lat' dir='ltr'><strong>preces</strong></span> <span class='ocrx_word' id='word_1_404' title='bbox 1329 1534 1464 1568; x_wconf 76' lang='lat' dir='ltr'><strong>iustorum</strong></span> <span class='ocrx_word' id='word_1_405' title='bbox 1487 1538 1514 1559; x_wconf 91' lang='lat' dir='ltr'><strong>et</strong></span> <span class='ocrx_word' id='word_1_406' title='bbox 1534 1537 1643 1567; x_wconf 88' lang='lat' dir='ltr'><strong>peccata</strong></span> <span class='ocrx_word' id='word_1_407' title='bbox 1664 1532 1754 1566; x_wconf 87' lang='lat' dir='ltr'><strong>populi</strong></span> <span class='ocrx_word' id='word_1_408' title='bbox 1770 1532 1851 1566; x_wconf 79' lang='lat' dir='ltr'><strong>quasi</strong></span> 
     </span>
    </p>
   </div>
   <div class='ocr_carea' id='block_1_60' title="bbox 224 1578 1009 1612">
    <p class='ocr_par' dir='ltr' id='par_1_60' title="bbox 224 1578 1009 1612">
     <span class='ocr_line' id='line_1_60' title="bbox 224 1578 1009 1612; baseline -0.001 -7"><span class='ocrx_word' id='word_1_409' title='bbox 224 1579 340 1610; x_wconf 81' lang='lat' dir='ltr'><strong>rebaut;</strong></span> <span class='ocrx_word' id='word_1_410' title='bbox 373 1578 398 1604; x_wconf 94' lang='lat' dir='ltr'><strong>in</strong></span> <span class='ocrx_word' id='word_1_411' title='bbox 426 1585 495 1611; x_wconf 72' lang='lat' dir='ltr'><strong>quas</strong></span> <span class='ocrx_word' id='word_1_412' title='bbox 528 1578 609 1604; x_wconf 91' lang='lat' dir='ltr'><strong>simul</strong></span> <span class='ocrx_word' id='word_1_413' title='bbox 642 1579 725 1604; x_wconf 76' lang='lat' dir='ltr'><strong>nostri</strong></span> <span class='ocrx_word' id='word_1_414' title='bbox 750 1579 856 1612; x_wconf 81' lang='lat' dir='ltr'><strong>equites</strong></span> <span class='ocrx_word' id='word_1_415' title='bbox 886 1578 1009 1605; x_wconf 79' lang='lat' dir='ltr'><strong>fecerunt</strong></span> 
     </span>
    </p>
   </div>
   <div class='ocr_carea' id='block_1_61' title="bbox 224 1623 1009 1658">
    <p class='ocr_par' dir='ltr' id='par_1_61' title="bbox 224 1623 1009 1658">
     <span class='ocr_line' id='line_1_61' title="bbox 224 1623 1009 1658; baseline 0 -8"><span class='ocrx_word' id='word_1_416' title='bbox 224 1625 366 1658; x_wconf 85' lang='lat' dir='ltr'><strong>impetum,</strong></span> <span class='ocrx_word' id='word_1_417' title='bbox 381 1624 472 1651; x_wconf 87' lang='lat' dir='ltr'><strong>statim</strong></span> <span class='ocrx_word' id='word_1_418' title='bbox 484 1631 499 1650; x_wconf 92' lang='lat' dir='ltr'><strong>e</strong></span> <span class='ocrx_word' id='word_1_419' title='bbox 514 1623 628 1650; x_wconf 77' lang='lat' dir='ltr'><strong>latebris</strong></span> <span class='ocrx_word' id='word_1_420' title='bbox 642 1623 815 1650; x_wconf 84' lang='lat' dir='ltr'><strong>insidiatores</strong></span> <span class='ocrx_word' id='word_1_421' title='bbox 832 1628 1009 1657; x_wconf 74' lang='lat' dir='ltr'><strong>exsurgentes</strong></span> 
     </span>
    </p>
   </div>
   <div class='ocr_carea' id='block_1_62' title="bbox 224 1668 1008 1703">
    <p class='ocr_par' dir='ltr' id='par_1_62' title="bbox 224 1668 1008 1703">
     <span class='ocr_line' id='line_1_62' title="bbox 224 1668 1008 1703; baseline -0.004 -6"><span class='ocrx_word' id='word_1_422' title='bbox 224 1669 389 1697; x_wconf 82' lang='lat' dir='ltr'><strong>horrendam</strong></span> <span class='ocrx_word' id='word_1_423' title='bbox 421 1669 588 1696; x_wconf 81' lang='lat' dir='ltr'><strong>inevitabilis</strong></span> <span class='ocrx_word' id='word_1_424' title='bbox 616 1669 735 1703; x_wconf 87' lang='lat' dir='ltr'><strong>undique</strong></span> <span class='ocrx_word' id='word_1_425' title='bbox 769 1668 881 1703; x_wconf 85' lang='lat' dir='ltr'><strong>periculi</strong></span> <span class='ocrx_word' id='word_1_426' title='bbox 913 1668 1008 1695; x_wconf 80' lang='lat' dir='ltr'><strong>faciem</strong></span> 
     </span>
    </p>
   </div>
   <div class='ocr_carea' id='block_1_63' title="bbox 223 1713 1009 1748">
    <p class='ocr_par' dir='ltr' id='par_1_63' title="bbox 223 1713 1009 1748">
     <span class='ocr_line' id='line_1_63' title="bbox 223 1713 1009 1748; baseline -0.003 -6"><span class='ocrx_word' id='word_1_427' title='bbox 223 1716 371 1742; x_wconf 84' lang='lat' dir='ltr'><strong>ostendere</strong></span> <span class='ocrx_word' id='word_1_428' title='bbox 386 1714 452 1742; x_wconf 93' lang='lat' dir='ltr'><strong>nihil</strong></span> <span class='ocrx_word' id='word_1_429' title='bbox 466 1714 554 1741; x_wconf 90' lang='lat' dir='ltr'><strong>minus</strong></span> <span class='ocrx_word' id='word_1_430' title='bbox 566 1714 750 1748; x_wconf 86' lang='lat' dir='ltr'><strong>opinantibus.</strong></span> <span class='ocrx_word' id='word_1_431' title='bbox 773 1713 849 1741; x_wconf 90' lang='lat' dir='ltr'><strong>Unde</strong></span> <span class='ocrx_word' id='word_1_432' title='bbox 872 1714 898 1740; x_wconf 91' lang='lat' dir='ltr'><strong>hi</strong></span> <span class='ocrx_word' id='word_1_433' title='bbox 919 1714 1009 1741; x_wconf 90' lang='lat' dir='ltr'><strong>subito</strong></span> 
     </span>
    </p>
   </div>
   <div class='ocr_carea' id='block_1_64' title="bbox 225 1759 1009 1795">
    <p class='ocr_par' dir='ltr' id='par_1_64' title="bbox 225 1759 1009 1795">
     <span class='ocr_line' id='line_1_64' title="bbox 225 1759 1009 1795; baseline 0.001 -9"><span class='ocrx_word' id='word_1_434' title='bbox 225 1759 425 1795; x_wconf 75' lang='lat' dir='ltr'><strong>despondentes</strong></span> <span class='ocrx_word' id='word_1_435' title='bbox 443 1761 549 1786; x_wconf 86' lang='lat' dir='ltr'><strong>animos</strong></span> <span class='ocrx_word' id='word_1_436' title='bbox 565 1764 638 1786; x_wconf 88' lang='lat' dir='ltr'><strong>retro</strong></span> <span class='ocrx_word' id='word_1_437' title='bbox 655 1760 823 1786; x_wconf 80' lang='lat' dir='ltr'><strong>consternati</strong></span> <span class='ocrx_word' id='word_1_438' title='bbox 841 1759 1009 1793; x_wconf 72' lang='lat' dir='ltr'><strong>refugerunt.</strong></span> 
     </span>
    </p>
   </div>
   <div class='ocr_carea' id='block_1_65' title="bbox 224 1805 1009 1840">
    <p class='ocr_par' dir='ltr' id='par_1_65' title="bbox 224 1805 1009 1840">
     <span class='ocr_line' id='line_1_65' title="bbox 224 1805 1009 1840; baseline -0.004 -6"><span class='ocrx_word' id='word_1_439' title='bbox 224 1806 280 1835; x_wconf 89' lang='lat' dir='ltr'><strong>Iter</strong></span> <span class='ocrx_word' id='word_1_440' title='bbox 295 1813 353 1833; x_wconf 85' lang='lat' dir='ltr'><strong>erat</strong></span> <span class='ocrx_word' id='word_1_441' title='bbox 371 1806 439 1840; x_wconf 69' lang='lat' dir='ltr'><strong>fuga:</strong></span> <span class='ocrx_word' id='word_1_442' title='bbox 465 1805 569 1832; x_wconf 90' lang='lat' dir='ltr'><strong>nullum</strong></span> <span class='ocrx_word' id='word_1_443' title='bbox 595 1805 667 1831; x_wconf 89' lang='lat' dir='ltr'><strong>aliud</strong></span> <span class='ocrx_word' id='word_1_444' title='bbox 693 1812 773 1839; x_wconf 87' lang='lat' dir='ltr'><strong>quam</strong></span> <span class='ocrx_word' id='word_1_445' title='bbox 797 1806 871 1832; x_wconf 87' lang='lat' dir='ltr'><strong>acies</strong></span> <span class='ocrx_word' id='word_1_446' title='bbox 887 1806 1009 1832; x_wconf 81' lang='lat' dir='ltr'><strong>conferta</strong></span> 
     </span>
    </p>
   </div>
   <div class='ocr_carea' id='block_1_66' title="bbox 225 1851 1011 1886">
    <p class='ocr_par' dir='ltr' id='par_1_66' title="bbox 225 1851 1011 1886">
     <span class='ocr_line' id='line_1_66' title="bbox 225 1851 1011 1886; baseline -0.004 -6"><span class='ocrx_word' id='word_1_447' title='bbox 225 1853 396 1886; x_wconf 70' lang='lat' dir='ltr'><strong>sequentium</strong></span> <span class='ocrx_word' id='word_1_448' title='bbox 425 1852 545 1886; x_wconf 86' lang='lat' dir='ltr'><strong>peditum</strong></span> <span class='ocrx_word' id='word_1_449' title='bbox 577 1856 745 1878; x_wconf 80' lang='lat' dir='ltr'><strong>nostrorum.</strong></span> <span class='ocrx_word' id='word_1_450' title='bbox 774 1851 827 1878; x_wconf 88' lang='lat' dir='ltr'><strong>Per</strong></span> <span class='ocrx_word' id='word_1_451' title='bbox 858 1858 917 1878; x_wconf 88' lang='lat' dir='ltr'><strong>eam</strong></span> <span class='ocrx_word' id='word_1_452' title='bbox 945 1858 1011 1885; x_wconf 77' lang='lat' dir='ltr'><strong>ergo</strong></span> 
     </span>
    </p>
   </div>
   <div class='ocr_carea' id='block_1_67' title="bbox 225 1896 1011 1932">
    <p class='ocr_par' dir='ltr' id='par_1_67' title="bbox 225 1896 1011 1932">
     <span class='ocr_line' id='line_1_67' title="bbox 225 1896 1011 1932; baseline -0.003 -7"><span class='ocrx_word' id='word_1_453' title='bbox 225 1899 333 1925; x_wconf 87' lang='lat' dir='ltr'><strong>incitati</strong></span> <span class='ocrx_word' id='word_1_454' title='bbox 351 1896 486 1932; x_wconf 79' lang='lat' dir='ltr'><strong>fugacium</strong></span> <span class='ocrx_word' id='word_1_455' title='bbox 503 1897 564 1931; x_wconf 87' lang='lat' dir='ltr'><strong>equi</strong></span> <span class='ocrx_word' id='word_1_456' title='bbox 581 1898 644 1923; x_wconf 93' lang='lat' dir='ltr'><strong>dum</strong></span> <span class='ocrx_word' id='word_1_457' title='bbox 663 1899 792 1930; x_wconf 87' lang='lat' dir='ltr'><strong>rumpunt</strong></span> <span class='ocrx_word' id='word_1_458' title='bbox 808 1896 924 1929; x_wconf 86' lang='lat' dir='ltr'><strong>aditum,</strong></span> <span class='ocrx_word' id='word_1_459' title='bbox 943 1904 1011 1924; x_wconf 92' lang='lat' dir='ltr'><strong>con-</strong></span> 
     </span>
    </p>
   </div>
   <div class='ocr_carea' id='block_1_68' title="bbox 226 1942 1010 1978">
    <p class='ocr_par' dir='ltr' id='par_1_68' title="bbox 226 1942 1010 1978">
     <span class='ocr_line' id='line_1_68' title="bbox 226 1942 1010 1978; baseline 0 -8"><span class='ocrx_word' id='word_1_460' title='bbox 226 1944 286 1978; x_wconf 81' lang='lat' dir='ltr'><strong>tigit</strong></span> <span class='ocrx_word' id='word_1_461' title='bbox 296 1944 424 1978; x_wconf 86' lang='lat' dir='ltr'><strong>stipatam</strong></span> <span class='ocrx_word' id='word_1_462' title='bbox 436 1943 635 1970; x_wconf 86' lang='lat' dir='ltr'><strong>multitudinem</strong></span> <span class='ocrx_word' id='word_1_463' title='bbox 648 1942 843 1970; x_wconf 86' lang='lat' dir='ltr'><strong>miserabiliter</strong></span> <span class='ocrx_word' id='word_1_464' title='bbox 855 1943 1010 1971; x_wconf 85' lang='lat' dir='ltr'><strong>conculcari</strong></span> 
     </span>
    </p>
   </div>
   <div class='ocr_carea' id='block_1_69' title="bbox 224 1989 1009 2023">
    <p class='ocr_par' dir='ltr' id='par_1_69' title="bbox 224 1989 1009 2023">
     <span class='ocr_line' id='line_1_69' title="bbox 224 1989 1009 2023; baseline -0.001 -7"><span class='ocrx_word' id='word_1_465' title='bbox 224 1997 257 2016; x_wconf 85' lang='lat' dir='ltr'><strong>ac</strong></span> <span class='ocrx_word' id='word_1_466' title='bbox 273 1989 343 2016; x_wconf 76' lang='lat' dir='ltr'><strong>velut</strong></span> <span class='ocrx_word' id='word_1_467' title='bbox 361 1997 445 2022; x_wconf 81' lang='lat' dir='ltr'><strong>agnos</strong></span> <span class='ocrx_word' id='word_1_468' title='bbox 468 1989 494 2016; x_wconf 92' lang='lat' dir='ltr'><strong>in</strong></span> <span class='ocrx_word' id='word_1_469' title='bbox 511 1989 628 2017; x_wconf 85' lang='lat' dir='ltr'><strong>ovilibus</strong></span> <span class='ocrx_word' id='word_1_470' title='bbox 641 1989 704 2023; x_wconf 88' lang='lat' dir='ltr'><strong>lupo</strong></span> <span class='ocrx_word' id='word_1_471' title='bbox 721 1990 845 2017; x_wconf 89' lang='lat' dir='ltr'><strong>irruente</strong></span> <span class='ocrx_word' id='word_1_472' title='bbox 867 1991 979 2016; x_wconf 87' lang='lat' dir='ltr'><strong>mactari</strong></span> <span class='ocrx_word' id='word_1_473' title='bbox 1002 1998 1009 2015; x_wconf 89' lang='lat'>:</span> 
     </span>
    </p>
   </div>
   <div class='ocr_carea' id='block_1_70' title="bbox 226 2035 1013 2070">
    <p class='ocr_par' dir='ltr' id='par_1_70' title="bbox 226 2035 1013 2070">
     <span class='ocr_line' id='line_1_70' title="bbox 226 2035 1013 2070; baseline -0.001 -8"><span class='ocrx_word' id='word_1_474' title='bbox 226 2043 288 2062; x_wconf 89' lang='lat' dir='ltr'><strong>nam</strong></span> <span class='ocrx_word' id='word_1_475' title='bbox 298 2035 400 2063; x_wconf 92' lang='lat' dir='ltr'><strong>multos</strong></span> <span class='ocrx_word' id='word_1_476' title='bbox 413 2036 469 2070; x_wconf 87' lang='lat' dir='ltr'><strong>ipsa</strong></span> <span class='ocrx_word' id='word_1_477' title='bbox 483 2036 549 2063; x_wconf 89' lang='lat' dir='ltr'><strong>hora</strong></span> <span class='ocrx_word' id='word_1_478' title='bbox 562 2036 665 2070; x_wconf 89' lang='lat' dir='ltr'><strong>primus</strong></span> <span class='ocrx_word' id='word_1_479' title='bbox 677 2037 721 2063; x_wconf 85' lang='lat' dir='ltr'><strong>hic</strong></span> <span class='ocrx_word' id='word_1_480' title='bbox 731 2041 886 2063; x_wconf 87' lang='lat' dir='ltr'><strong>nostrorum</strong></span> <span class='ocrx_word' id='word_1_481' title='bbox 899 2036 1013 2070; x_wconf 85' lang='lat' dir='ltr'><strong>impetus</strong></span> 
     </span>
    </p>
   </div>
   <div class='ocr_carea' id='block_1_71' title="bbox 225 2080 1012 2115">
    <p class='ocr_par' dir='ltr' id='par_1_71' title="bbox 225 2080 1012 2115">
     <span class='ocr_line' id='line_1_71' title="bbox 225 2080 1012 2115; baseline 0.001 -8"><span class='ocrx_word' id='word_1_482' title='bbox 225 2081 339 2114; x_wconf 89' lang='lat' dir='ltr'><strong>occidit;</strong></span> <span class='ocrx_word' id='word_1_483' title='bbox 353 2080 471 2115; x_wconf 85' lang='lat' dir='ltr'><strong>reliquos</strong></span> <span class='ocrx_word' id='word_1_484' title='bbox 483 2081 678 2114; x_wconf 86' lang='lat' dir='ltr'><strong>superveniens</strong></span> <span class='ocrx_word' id='word_1_485' title='bbox 690 2081 797 2108; x_wconf 85' lang='lat' dir='ltr'><strong>hostilis</strong></span> <span class='ocrx_word' id='word_1_486' title='bbox 812 2081 885 2108; x_wconf 85' lang='lat' dir='ltr'><strong>acies</strong></span> <span class='ocrx_word' id='word_1_487' title='bbox 901 2081 1012 2108; x_wconf 85' lang='lat' dir='ltr'><strong>delevit.</strong></span> 
     </span>
    </p>
   </div>
   <div class='ocr_carea' id='block_1_72' title="bbox 225 2126 1013 2162">
    <p class='ocr_par' dir='ltr' id='par_1_72' title="bbox 225 2126 1013 2162">
     <span class='ocr_line' id='line_1_72' title="bbox 225 2126 1013 2162; baseline 0.003 -11"><span class='ocrx_word' id='word_1_488' title='bbox 225 2126 284 2158; x_wconf 88' lang='lat' dir='ltr'><strong>Quo</strong></span> <span class='ocrx_word' id='word_1_489' title='bbox 301 2126 424 2153; x_wconf 84' lang='lat' dir='ltr'><strong>luctuoso</strong></span> <span class='ocrx_word' id='word_1_490' title='bbox 443 2126 560 2159; x_wconf 90' lang='lat' dir='ltr'><strong>perculsi</strong></span> <span class='ocrx_word' id='word_1_491' title='bbox 574 2126 735 2161; x_wconf 88' lang='lat' dir='ltr'><strong>spectaculo</strong></span> <span class='ocrx_word' id='word_1_492' title='bbox 754 2127 800 2161; x_wconf 90' lang='lat' dir='ltr'><strong>qui</strong></span> <span class='ocrx_word' id='word_1_493' title='bbox 817 2127 887 2154; x_wconf 85' lang='lat' dir='ltr'><strong>intra</strong></span> <span class='ocrx_word' id='word_1_494' title='bbox 902 2126 1013 2162; x_wconf 83' lang='lat' dir='ltr'><strong>Bizyam</strong></span> 
     </span>
    </p>
   </div>
   <div class='ocr_carea' id='block_1_73' title="bbox 226 2171 1013 2205">
    <p class='ocr_par' dir='ltr' id='par_1_73' title="bbox 226 2171 1013 2205">
     <span class='ocr_line' id='line_1_73' title="bbox 226 2171 1013 2205; baseline 0.003 -7"><span class='ocrx_word' id='word_1_495' title='bbox 226 2171 346 2202; x_wconf 82' lang='lat' dir='ltr'><strong>stabant,</strong></span> <span class='ocrx_word' id='word_1_496' title='bbox 358 2171 420 2205; x_wconf 86' lang='lat' dir='ltr'><strong>jure</strong></span> <span class='ocrx_word' id='word_1_497' title='bbox 435 2177 587 2200; x_wconf 87' lang='lat' dir='ltr'><strong>metuentes</strong></span> <span class='ocrx_word' id='word_1_498' title='bbox 598 2180 633 2200; x_wconf 91' lang='lat' dir='ltr'><strong>ne</strong></span> <span class='ocrx_word' id='word_1_499' title='bbox 647 2173 776 2204; x_wconf 83' lang='lat' dir='ltr'><strong>victores.</strong></span> <span class='ocrx_word' id='word_1_500' title='bbox 797 2173 920 2201; x_wconf 85' lang='lat' dir='ltr'><strong>arbitrati</strong></span> <span class='ocrx_word' id='word_1_501' title='bbox 938 2173 1013 2200; x_wconf 89' lang='lat' dir='ltr'><strong>nullo</strong></span> 
     </span>
    </p>
   </div>
   <div class='ocr_carea' id='block_1_74' title="bbox 1060 1577 1854 1619">
    <p class='ocr_par' dir='ltr' id='par_1_74' title="bbox 1060 1577 1854 1619">
     <span class='ocr_line' id='line_1_74' title="bbox 1060 1577 1854 1619; baseline -0.009 -9"><span class='ocrx_word' id='word_1_502' title='bbox 1060 1582 1172 1619; x_wconf 87' lang='lat' dir='ltr'><strong>paribus</strong></span> <span class='ocrx_word' id='word_1_503' title='bbox 1183 1586 1209 1608; x_wconf 89' lang='lat' dir='ltr'><strong>et</strong></span> <span class='ocrx_word' id='word_1_504' title='bbox 1219 1583 1316 1608; x_wconf 86' lang='lat' dir='ltr'><strong>neutro</strong></span> <span class='ocrx_word' id='word_1_505' title='bbox 1328 1583 1454 1607; x_wconf 89' lang='lat' dir='ltr'><strong>neutrum</strong></span> <span class='ocrx_word' id='word_1_506' title='bbox 1466 1577 1697 1612; x_wconf 83' lang='lat' dir='ltr'><strong>exsuperantibus</strong></span> <span class='ocrx_word' id='word_1_507' title='bbox 1707 1577 1854 1604; x_wconf 87' lang='lat' dir='ltr'><strong>momentis</strong></span> 
     </span>
    </p>
   </div>
   <div class='ocr_carea' id='block_1_75' title="bbox 1060 1624 1852 1664">
    <p class='ocr_par' dir='ltr' id='par_1_75' title="bbox 1060 1624 1852 1664">
     <span class='ocr_line' id='line_1_75' title="bbox 1060 1624 1852 1664; baseline -0.009 -8"><span class='ocrx_word' id='word_1_508' title='bbox 1060 1630 1175 1664; x_wconf 83' lang='lat' dir='ltr'><strong>quodam</strong></span> <span class='ocrx_word' id='word_1_509' title='bbox 1191 1628 1218 1654; x_wconf 88' lang='lat' dir='ltr'><strong>in</strong></span> <span class='ocrx_word' id='word_1_510' title='bbox 1234 1626 1386 1661; x_wconf 74' lang='lat' dir='ltr'><strong>:cquilibrio</strong></span> <span class='ocrx_word' id='word_1_511' title='bbox 1402 1632 1446 1653; x_wconf 87' lang='lat' dir='ltr'><strong>res</strong></span> <span class='ocrx_word' id='word_1_512' title='bbox 1461 1630 1567 1652; x_wconf 82' lang='lat' dir='ltr'><strong>nostras</strong></span> <span class='ocrx_word' id='word_1_513' title='bbox 1583 1624 1795 1658; x_wconf 84' lang='lat' dir='ltr'><strong>suspendebant,</strong></span> <span class='ocrx_word' id='word_1_514' title='bbox 1815 1624 1852 1649; x_wconf 82' lang='lat' dir='ltr'><strong>ita</strong></span> 
     </span>
    </p>
   </div>
   <div class='ocr_carea' id='block_1_76' title="bbox 1061 1671 1852 1708">
    <p class='ocr_par' dir='ltr' id='par_1_76' title="bbox 1061 1671 1852 1708">
     <span class='ocr_line' id='line_1_76' title="bbox 1061 1671 1852 1708; baseline -0.008 -7"><span class='ocrx_word' id='word_1_515' title='bbox 1061 1679 1090 1702; x_wconf 90' lang='lat' dir='ltr'><strong>ut</strong></span> <span class='ocrx_word' id='word_1_516' title='bbox 1107 1681 1167 1708; x_wconf 67' lang='lat' dir='ltr'><strong>qum</strong></span> <span class='ocrx_word' id='word_1_517' title='bbox 1178 1674 1275 1700; x_wconf 88' lang='lat' dir='ltr'><strong>damna</strong></span> <span class='ocrx_word' id='word_1_518' title='bbox 1292 1671 1412 1706; x_wconf 86' lang='lat' dir='ltr'><strong>quotidie</strong></span> <span class='ocrx_word' id='word_1_519' title='bbox 1429 1672 1596 1704; x_wconf 74' lang='lat' dir='ltr'><strong>ingruerent,</strong></span> <span class='ocrx_word' id='word_1_520' title='bbox 1609 1674 1720 1704; x_wconf 89' lang='lat' dir='ltr'><strong>propter</strong></span> <span class='ocrx_word' id='word_1_521' title='bbox 1739 1675 1852 1703; x_wconf 82' lang='lat' dir='ltr'><strong>peccata</strong></span> 
     </span>
    </p>
   </div>
   <div class='ocr_carea' id='block_1_77' title="bbox 1061 1715 1853 1752">
    <p class='ocr_par' dir='ltr' id='par_1_77' title="bbox 1061 1715 1853 1752">
     <span class='ocr_line' id='line_1_77' title="bbox 1061 1715 1853 1752; baseline -0.006 -5"><span class='ocrx_word' id='word_1_522' title='bbox 1061 1721 1238 1750; x_wconf 88' lang='lat' dir='ltr'><strong>inferrentur,</strong></span> <span class='ocrx_word' id='word_1_523' title='bbox 1248 1726 1308 1752; x_wconf 66' lang='lat' dir='ltr'><strong>quat</strong></span> <span class='ocrx_word' id='word_1_524' title='bbox 1319 1718 1407 1744; x_wconf 84' lang='lat' dir='ltr'><strong>adhuc</strong></span> <span class='ocrx_word' id='word_1_525' title='bbox 1417 1716 1562 1744; x_wconf 88' lang='lat' dir='ltr'><strong>incolumia</strong></span> <span class='ocrx_word' id='word_1_526' title='bbox 1570 1717 1713 1748; x_wconf 86' lang='lat' dir='ltr'><strong>durarent,</strong></span> <span class='ocrx_word' id='word_1_527' title='bbox 1725 1715 1853 1749; x_wconf 82' lang='lat' dir='ltr'><strong>precibus</strong></span> 
     </span>
    </p>
   </div>
   <div class='ocr_carea' id='block_1_78' title="bbox 1060 1754 1851 1799">
    <p class='ocr_par' dir='ltr' id='par_1_78' title="bbox 1060 1754 1851 1799">
     <span class='ocr_line' id='line_1_78' title="bbox 1060 1754 1851 1799; baseline -0.008 -8"><span class='ocrx_word' id='word_1_528' title='bbox 1060 1765 1197 1799; x_wconf 86' lang='lat' dir='ltr'><strong>jnslorum</strong></span> <span class='ocrx_word' id='word_1_529' title='bbox 1216 1754 1394 1789; x_wconf 57' lang='lat' dir='ltr'><strong>crederentur</strong></span> <span class='ocrx_word' id='word_1_530' title='bbox 1415 1762 1530 1789; x_wconf 89' lang='lat' dir='ltr'><strong>servari.</strong></span> <span class='ocrx_word' id='word_1_531' title='bbox 1552 1761 1592 1787; x_wconf 78' lang='lat' dir='ltr'><strong>Ac</strong></span> <span class='ocrx_word' id='word_1_532' title='bbox 1606 1768 1716 1795; x_wconf 80' lang='lat' dir='ltr'><strong>gravem</strong></span> <span class='ocrx_word' id='word_1_533' title='bbox 1739 1760 1851 1794; x_wconf 79' lang='lat' dir='ltr'><strong>quidem</strong></span> 
     </span>
    </p>
   </div>
   <div class='ocr_carea' id='block_1_79' title="bbox 1062 1806 1854 1843">
    <p class='ocr_par' dir='ltr' id='par_1_79' title="bbox 1062 1806 1854 1843">
     <span class='ocr_line' id='line_1_79' title="bbox 1062 1806 1854 1843; baseline -0.008 -5"><span class='ocrx_word' id='word_1_534' title='bbox 1062 1811 1091 1838; x_wconf 91' lang='lat' dir='ltr'><strong>in</strong></span> <span class='ocrx_word' id='word_1_535' title='bbox 1114 1817 1163 1837; x_wconf 89' lang='lat' dir='ltr'><strong>nos</strong></span> <span class='ocrx_word' id='word_1_536' title='bbox 1184 1809 1299 1843; x_wconf 78' lang='lat' dir='ltr'><strong>ﬂagrare</strong></span> <span class='ocrx_word' id='word_1_537' title='bbox 1323 1807 1390 1835; x_wconf 91' lang='lat' dir='ltr'><strong>iram</strong></span> <span class='ocrx_word' id='word_1_538' title='bbox 1418 1806 1558 1839; x_wconf 89' lang='lat' dir='ltr'><strong>Numinis,</strong></span> <span class='ocrx_word' id='word_1_539' title='bbox 1576 1806 1807 1833; x_wconf 79' lang='lat' dir='ltr'><strong>manifestissimis</strong></span> <span class='ocrx_word' id='word_1_540' title='bbox 1826 1812 1854 1832; x_wconf 90' lang='lat' dir='ltr'><strong>et</strong></span> 
     </span>
    </p>
   </div>
   <div class='ocr_carea' id='block_1_80' title="bbox 1063 1853 1852 1888">
    <p class='ocr_par' dir='ltr' id='par_1_80' title="bbox 1063 1853 1852 1888">
     <span class='ocr_line' id='line_1_80' title="bbox 1063 1853 1852 1888; baseline -0.008 -4"><span class='ocrx_word' id='word_1_541' title='bbox 1063 1856 1129 1884; x_wconf 87' lang='lat' dir='ltr'><strong>nulli</strong></span> <span class='ocrx_word' id='word_1_542' title='bbox 1148 1863 1200 1882; x_wconf 91' lang='lat' dir='ltr'><strong>non</strong></span> <span class='ocrx_word' id='word_1_543' title='bbox 1224 1854 1378 1882; x_wconf 85' lang='lat' dir='ltr'><strong>clarissime</strong></span> <span class='ocrx_word' id='word_1_544' title='bbox 1396 1855 1547 1888; x_wconf 85' lang='lat' dir='ltr'><strong>perspectis</strong></span> <span class='ocrx_word' id='word_1_545' title='bbox 1568 1853 1764 1887; x_wconf 74' lang='lat' dir='ltr'><strong>experimentis</strong></span> <span class='ocrx_word' id='word_1_546' title='bbox 1783 1860 1852 1879; x_wconf 90' lang='lat' dir='ltr'><strong>con-</strong></span> 
     </span>
    </p>
   </div>
   <div class='ocr_carea' id='block_1_81' title="bbox 1064 1899 1852 1935">
    <p class='ocr_par' dir='ltr' id='par_1_81' title="bbox 1064 1899 1852 1935">
     <span class='ocr_line' id='line_1_81' title="bbox 1064 1899 1852 1935; baseline -0.006 -5"><span class='ocrx_word' id='word_1_547' title='bbox 1064 1905 1165 1931; x_wconf 87' lang='lat' dir='ltr'><strong>stabat.</strong></span> <span class='ocrx_word' id='word_1_548' title='bbox 1197 1901 1274 1929; x_wconf 89' lang='lat' dir='ltr'><strong>Unde</strong></span> <span class='ocrx_word' id='word_1_549' title='bbox 1306 1904 1457 1928; x_wconf 84' lang='lat' dir='ltr'><strong>autemet</strong></span> <span class='ocrx_word' id='word_1_550' title='bbox 1489 1900 1589 1935; x_wconf 86' lang='lat' dir='ltr'><strong>quibus</strong></span> <span class='ocrx_word' id='word_1_551' title='bbox 1624 1899 1774 1927; x_wconf 77' lang='lat' dir='ltr'><strong>sceleribus</strong></span> <span class='ocrx_word' id='word_1_552' title='bbox 1806 1899 1852 1926; x_wconf 87' lang='lat' dir='ltr'><strong>illa</strong></span> 
     </span>
    </p>
   </div>
   <div class='ocr_carea' id='block_1_82' title="bbox 1063 1947 1853 1980">
    <p class='ocr_par' dir='ltr' id='par_1_82' title="bbox 1063 1947 1853 1980">
     <span class='ocr_line' id='line_1_82' title="bbox 1063 1947 1853 1980; baseline -0.004 -5"><span class='ocrx_word' id='word_1_553' title='bbox 1063 1950 1289 1980; x_wconf 85' lang='lat' dir='ltr'><strong>inflammaretur,</strong></span> <span class='ocrx_word' id='word_1_554' title='bbox 1305 1947 1449 1975; x_wconf 89' lang='lat' dir='ltr'><strong>admodum</strong></span> <span class='ocrx_word' id='word_1_555' title='bbox 1465 1952 1526 1974; x_wconf 91' lang='lat' dir='ltr'><strong>erat</strong></span> <span class='ocrx_word' id='word_1_556' title='bbox 1548 1948 1705 1978; x_wconf 89' lang='lat' dir='ltr'><strong>obscurum,</strong></span> <span class='ocrx_word' id='word_1_557' title='bbox 1723 1947 1784 1972; x_wconf 80' lang='lat' dir='ltr'><strong>aliis</strong></span> <span class='ocrx_word' id='word_1_558' title='bbox 1799 1947 1853 1973; x_wconf 72' lang='lat' dir='ltr'><strong>alia</strong></span> 
     </span>
    </p>
   </div>
   <div class='ocr_carea' id='block_1_83' title="bbox 1064 1995 1248 2029">
    <p class='ocr_par' dir='ltr' id='par_1_83' title="bbox 1064 1995 1248 2029">
     <span class='ocr_line' id='line_1_83' title="bbox 1064 1995 1248 2029; baseline -0.005 -7"><span class='ocrx_word' id='word_1_559' title='bbox 1064 1995 1248 2029; x_wconf 83' lang='lat' dir='ltr'><strong>cnlpantihns.</strong></span> 
     </span>
    </p>
   </div>
   <div class='ocr_carea' id='block_1_84' title="bbox 1151 2037 1763 2068">
    <p class='ocr_par' dir='ltr' id='par_1_84' title="bbox 1151 2037 1763 2068">
     <span class='ocr_line' id='line_1_84' title="bbox 1151 2037 1763 2068; baseline -0.005 -1"><span class='ocrx_word' id='word_1_560' title='bbox 1151 2040 1196 2068; x_wconf 74' lang='lat'><strong>29.</strong></span> <span class='ocrx_word' id='word_1_561' title='bbox 1218 2040 1310 2067; x_wconf 80' lang='lat' dir='ltr'><strong>Adhuc</strong></span> <span class='ocrx_word' id='word_1_562' title='bbox 1329 2040 1362 2066; x_wconf 84' lang='lat' dir='ltr'><strong>de</strong></span> <span class='ocrx_word' id='word_1_563' title='bbox 1381 2039 1488 2066; x_wconf 70' lang='lat' dir='ltr'><strong>Isaacio</strong></span> <span class='ocrx_word' id='word_1_564' title='bbox 1504 2038 1602 2065; x_wconf 70' lang='grc' dir='ltr'>,πείθεο</span> <span class='ocrx_word' id='word_1_565' title='bbox 1617 2043 1642 2065; x_wconf 83' lang='lat' dir='ltr'><strong>et</strong></span> <span class='ocrx_word' id='word_1_566' title='bbox 1659 2037 1763 2064; x_wconf 68' lang='lat' dir='ltr'><strong>Turcis.</strong></span> 
     </span>
    </p>
   </div>
   <div class='ocr_carea' id='block_1_85' title="bbox 1101 2084 1856 2119">
    <p class='ocr_par' dir='ltr' id='par_1_85' title="bbox 1101 2084 1856 2119">
     <span class='ocr_line' id='line_1_85' title="bbox 1101 2084 1856 2119; baseline -0.004 -6"><span class='ocrx_word' id='word_1_567' title='bbox 1101 2087 1175 2113; x_wconf 84' lang='lat' dir='ltr'><strong>Tunc</strong></span> <span class='ocrx_word' id='word_1_568' title='bbox 1190 2087 1307 2113; x_wconf 88' lang='lat' dir='ltr'><strong>Isaacius</strong></span> <span class='ocrx_word' id='word_1_569' title='bbox 1325 2086 1454 2118; x_wconf 82' lang='lat' dir='ltr'><strong>Melecns,</strong></span> <span class='ocrx_word' id='word_1_570' title='bbox 1470 2085 1514 2112; x_wconf 90' lang='lat' dir='ltr'><strong>cui</strong></span> <span class='ocrx_word' id='word_1_571' title='bbox 1535 2085 1568 2112; x_wconf 87' lang='lat' dir='ltr'><strong>ad</strong></span> <span class='ocrx_word' id='word_1_572' title='bbox 1582 2084 1669 2119; x_wconf 79' lang='lat' dir='ltr'><strong>Pegas</strong></span> <span class='ocrx_word' id='word_1_573' title='bbox 1685 2084 1780 2111; x_wconf 85' lang='lat' dir='ltr'><strong>urbem</strong></span> <span class='ocrx_word' id='word_1_574' title='bbox 1796 2092 1856 2110; x_wconf 86' lang='lat' dir='ltr'><strong>ma-</strong></span> 
     </span>
    </p>
   </div>
   <div class='ocr_carea' id='block_1_86' title="bbox 1065 2130 1855 2166">
    <p class='ocr_par' dir='ltr' id='par_1_86' title="bbox 1065 2130 1855 2166">
     <span class='ocr_line' id='line_1_86' title="bbox 1065 2130 1855 2166; baseline -0.004 -7"><span class='ocrx_word' id='word_1_575' title='bbox 1065 2133 1184 2160; x_wconf 88' lang='lat' dir='ltr'><strong>rititnam</strong></span> <span class='ocrx_word' id='word_1_576' title='bbox 1202 2139 1309 2166; x_wconf 67' lang='lat' dir='ltr'><strong>sponsu:</strong></span> <span class='ocrx_word' id='word_1_577' title='bbox 1322 2131 1447 2158; x_wconf 89' lang='lat' dir='ltr'><strong>deductio</strong></span> <span class='ocrx_word' id='word_1_578' title='bbox 1466 2131 1682 2165; x_wconf 60' lang='lat' dir='ltr'><strong>praeparabatur,</strong></span> <span class='ocrx_word' id='word_1_579' title='bbox 1699 2130 1725 2157; x_wconf 87' lang='lat' dir='ltr'><strong>in</strong></span> <span class='ocrx_word' id='word_1_580' title='bbox 1742 2138 1776 2157; x_wconf 89' lang='lat' dir='ltr'><strong>eo</strong></span> <span class='ocrx_word' id='word_1_581' title='bbox 1793 2137 1855 2157; x_wconf 84' lang='lat' dir='ltr'><strong>erat</strong></span> 
     </span>
    </p>
   </div>
   <div class='ocr_carea' id='block_1_87' title="bbox 1067 2168 1852 2213">
    <p class='ocr_par' dir='ltr' id='par_1_87' title="bbox 1067 2168 1852 2213">
     <span class='ocr_line' id='line_1_87' title="bbox 1067 2168 1852 2213; baseline -0.006 -6"><span class='ocrx_word' id='word_1_582' title='bbox 1067 2184 1096 2206; x_wconf 90' lang='lat' dir='ltr'><strong>ut</strong></span> <span class='ocrx_word' id='word_1_583' title='bbox 1107 2168 1183 2213; x_wconf 74' lang='lat' dir='ltr'><strong>juxta</strong></span> <span class='ocrx_word' id='word_1_584' title='bbox 1198 2184 1330 2206; x_wconf 86' lang='lat' dir='ltr'><strong>conventa</strong></span> <span class='ocrx_word' id='word_1_585' title='bbox 1346 2177 1445 2205; x_wconf 82' lang='lat' dir='ltr'><strong>Persas</strong></span> <span class='ocrx_word' id='word_1_586' title='bbox 1459 2185 1492 2205; x_wconf 81' lang='lat' dir='ltr'><strong>ex</strong></span> <span class='ocrx_word' id='word_1_587' title='bbox 1508 2178 1628 2207; x_wconf 85' lang='lat' dir='ltr'><strong>Occidna</strong></span> <span class='ocrx_word' id='word_1_588' title='bbox 1646 2177 1805 2204; x_wconf 88' lang='lat' dir='ltr'><strong>continente</strong></span> <span class='ocrx_word' id='word_1_589' title='bbox 1825 2178 1852 2203; x_wconf 90' lang='lat' dir='ltr'><strong>in</strong></span> 
     </span>
    </p>
   </div>
   <div class='ocr_carea' id='block_1_88' title="bbox 223 2215 1010 2258">
    <p class='ocr_par' dir='ltr' id='par_1_88' title="bbox 223 2218 1010 2255">
     <span class='ocr_line' id='line_1_88' title="bbox 223 2218 1010 2255; baseline 0.005 -10"><span class='ocrx_word' id='word_1_590' title='bbox 223 2220 279 2253; x_wconf 83' lang='lat' dir='ltr'><strong>jam</strong></span> <span class='ocrx_word' id='word_1_591' title='bbox 298 2218 382 2252; x_wconf 85' lang='lat' dir='ltr'><strong>(quod</strong></span> <span class='ocrx_word' id='word_1_592' title='bbox 408 2225 473 2245; x_wconf 82' lang='lat' dir='ltr'><strong>vere</strong></span> <span class='ocrx_word' id='word_1_593' title='bbox 496 2218 533 2246; x_wconf 86' lang='lat' dir='ltr'><strong>ita</strong></span> <span class='ocrx_word' id='word_1_594' title='bbox 548 2218 619 2255; x_wconf 87' lang='lat' dir='ltr'><strong>erat)</strong></span> <span class='ocrx_word' id='word_1_595' title='bbox 635 2219 763 2253; x_wconf 62' lang='lat' dir='ltr'><strong>praesidio</strong></span> <span class='ocrx_word' id='word_1_596' title='bbox 782 2219 890 2247; x_wconf 88' lang='lat' dir='ltr'><strong>defendi</strong></span> <span class='ocrx_word' id='word_1_597' title='bbox 908 2227 1010 2249; x_wconf 88' lang='lat' dir='ltr'><strong>arcem.</strong></span> 
     </span>
    </p>
   </div>
   <div class='ocr_carea' id='block_1_89' title="bbox 1064 2215 1854 2258">
    <p class='ocr_par' dir='ltr' id='par_1_89' title="bbox 1066 2223 1854 2258">
     <span class='ocr_line' id='line_1_89' title="bbox 1066 2223 1854 2258; baseline -0.004 -5"><span class='ocrx_word' id='word_1_598' title='bbox 1066 2226 1157 2253; x_wconf 87' lang='lat' dir='ltr'><strong>Asiam</strong></span> <span class='ocrx_word' id='word_1_599' title='bbox 1179 2225 1333 2256; x_wconf 87' lang='lat' dir='ltr'><strong>reduceret,</strong></span> <span class='ocrx_word' id='word_1_600' title='bbox 1357 2229 1384 2250; x_wconf 85' lang='lat' dir='ltr'><strong>et</strong></span> <span class='ocrx_word' id='word_1_601' title='bbox 1399 2225 1438 2251; x_wconf 88' lang='lat' dir='ltr'><strong>sic</strong></span> <span class='ocrx_word' id='word_1_602' title='bbox 1461 2224 1570 2257; x_wconf 88' lang='lat' dir='ltr'><strong>nuptias</strong></span> <span class='ocrx_word' id='word_1_603' title='bbox 1590 2223 1640 2258; x_wconf 92' lang='lat' dir='ltr'><strong>ipsi</strong></span> <span class='ocrx_word' id='word_1_604' title='bbox 1660 2224 1810 2258; x_wconf 88' lang='lat' dir='ltr'><strong>promissas</strong></span> <span class='ocrx_word' id='word_1_605' title='bbox 1827 2225 1854 2250; x_wconf 91' lang='lat' dir='ltr'><strong>in</strong></span> 
     </span>
    </p>
   </div>
   <div class='ocr_carea' id='block_1_90' title="bbox 226 2258 1013 2299">
    <p class='ocr_par' dir='ltr' id='par_1_90' title="bbox 226 2258 1013 2299">
     <span class='ocr_line' id='line_1_90' title="bbox 226 2258 1013 2299; baseline 0.005 -11"><span class='ocrx_word' id='word_1_606' title='bbox 226 2270 287 2289; x_wconf 84' lang='lat' dir='ltr'><strong>eam</strong></span> <span class='ocrx_word' id='word_1_607' title='bbox 303 2263 420 2296; x_wconf 88' lang='lat' dir='ltr'><strong>undique</strong></span> <span class='ocrx_word' id='word_1_608' title='bbox 435 2262 586 2290; x_wconf 85' lang='lat' dir='ltr'><strong>insilientes</strong></span> <span class='ocrx_word' id='word_1_609' title='bbox 599 2263 680 2291; x_wconf 85' lang='lat' dir='ltr'><strong>facile</strong></span> <span class='ocrx_word' id='word_1_610' title='bbox 695 2258 836 2298; x_wconf 65' lang='lat' dir='ltr'><strong>caperent:</strong></span> <span class='ocrx_word' id='word_1_611' title='bbox 853 2265 932 2292; x_wconf 86' lang='lat' dir='ltr'><strong>istam</strong></span> <span class='ocrx_word' id='word_1_612' title='bbox 945 2264 1013 2299; x_wconf 85' lang='lat' dir='ltr'><strong>ipsis</strong></span> 
     </span>
    </p>
   </div>
   <div class='ocr_carea' id='block_1_91' title="bbox 226 2309 1011 2343">
    <p class='ocr_par' dir='ltr' id='par_1_91' title="bbox 226 2309 1011 2343">
     <span class='ocr_line' id='line_1_91' title="bbox 226 2309 1011 2343; baseline 0.005 -9"><span class='ocrx_word' id='word_1_613' title='bbox 226 2309 335 2336; x_wconf 74' lang='lat' dir='ltr'><strong>demere</strong></span> <span class='ocrx_word' id='word_1_614' title='bbox 366 2309 521 2343; x_wconf 86' lang='lat' dir='ltr'><strong>opinionem</strong></span> <span class='ocrx_word' id='word_1_615' title='bbox 553 2309 714 2337; x_wconf 87' lang='lat' dir='ltr'><strong>studuerunt</strong></span> <span class='ocrx_word' id='word_1_616' title='bbox 750 2310 908 2340; x_wconf 85' lang='lat' dir='ltr'><strong>mulieribus</strong></span> <span class='ocrx_word' id='word_1_617' title='bbox 940 2311 1011 2338; x_wconf 87' lang='lat' dir='ltr'><strong>virili</strong></span> 
     </span>
    </p>
   </div>
   <div class='ocr_carea' id='block_1_92' title="bbox 226 2354 1012 2390">
    <p class='ocr_par' dir='ltr' id='par_1_92' title="bbox 226 2354 1012 2390">
     <span class='ocr_line' id='line_1_92' title="bbox 226 2354 1012 2390; baseline 0.004 -10"><span class='ocrx_word' id='word_1_618' title='bbox 226 2359 302 2381; x_wconf 88' lang='lat' dir='ltr'><strong>veste</strong></span> <span class='ocrx_word' id='word_1_619' title='bbox 325 2354 426 2381; x_wconf 84' lang='lat' dir='ltr'><strong>iudutis</strong></span> <span class='ocrx_word' id='word_1_620' title='bbox 446 2359 474 2380; x_wconf 88' lang='lat' dir='ltr'><strong>et</strong></span> <span class='ocrx_word' id='word_1_621' title='bbox 494 2354 606 2383; x_wconf 86' lang='lat' dir='ltr'><strong>armatis</strong></span> <span class='ocrx_word' id='word_1_622' title='bbox 633 2361 647 2380; x_wconf 86' lang='lat' dir='ltr'><strong>e</strong></span> <span class='ocrx_word' id='word_1_623' title='bbox 669 2354 760 2389; x_wconf 87' lang='lat' dir='ltr'><strong>pinnis</strong></span> <span class='ocrx_word' id='word_1_624' title='bbox 779 2355 872 2390; x_wconf 89' lang='lat' dir='ltr'><strong>procul</strong></span> <span class='ocrx_word' id='word_1_625' title='bbox 897 2357 1012 2383; x_wconf 86' lang='lat' dir='ltr'><strong>turrium</strong></span> 
     </span>
    </p>
   </div>
   <div class='ocr_carea' id='block_1_93' title="bbox 226 2399 1011 2431">
    <p class='ocr_par' dir='ltr' id='par_1_93' title="bbox 226 2399 1011 2431">
     <span class='ocr_line' id='line_1_93' title="bbox 226 2399 1011 2431; baseline 0.004 -3"><span class='ocrx_word' id='word_1_626' title='bbox 226 2401 325 2428; x_wconf 85' lang='lat' dir='ltr'><strong>idoneo</strong></span> <span class='ocrx_word' id='word_1_627' title='bbox 340 2400 459 2427; x_wconf 68' lang='lat' dir='ltr'><strong>tutandae</strong></span> <span class='ocrx_word' id='word_1_628' title='bbox 479 2399 537 2427; x_wconf 91' lang='lat' dir='ltr'><strong>urbi</strong></span> <span class='ocrx_word' id='word_1_629' title='bbox 555 2401 725 2428; x_wconf 88' lang='lat' dir='ltr'><strong>ostentandis</strong></span> <span class='ocrx_word' id='word_1_630' title='bbox 741 2409 866 2431; x_wconf 90' lang='lat' dir='ltr'><strong>numero.</strong></span> <span class='ocrx_word' id='word_1_631' title='bbox 883 2402 920 2430; x_wconf 88' lang='lat' dir='ltr'><strong>Ea</strong></span> <span class='ocrx_word' id='word_1_632' title='bbox 945 2402 1011 2431; x_wconf 88' lang='lat' dir='ltr'><strong>falsa</strong></span> 
     </span>
    </p>
   </div>
   <div class='ocr_carea' id='block_1_94' title="bbox 226 2445 1013 2484">
    <p class='ocr_par' dir='ltr' id='par_1_94' title="bbox 226 2445 1013 2484">
     <span class='ocr_line' id='line_1_94' title="bbox 226 2445 1013 2484; baseline 0.004 -11"><span class='ocrx_word' id='word_1_633' title='bbox 226 2447 319 2481; x_wconf 80' lang='lat' dir='ltr'><strong>specie</strong></span> <span class='ocrx_word' id='word_1_634' title='bbox 331 2445 502 2474; x_wconf 85' lang='lat' dir='ltr'><strong>lucrifactnm</strong></span> <span class='ocrx_word' id='word_1_635' title='bbox 518 2449 560 2473; x_wconf 82' lang='lat' dir='ltr'><strong>est</strong></span> <span class='ocrx_word' id='word_1_636' title='bbox 572 2447 689 2480; x_wconf 87' lang='lat' dir='ltr'><strong>spatium</strong></span> <span class='ocrx_word' id='word_1_637' title='bbox 703 2448 865 2475; x_wconf 86' lang='lat' dir='ltr'><strong>admouendi</strong></span> <span class='ocrx_word' id='word_1_638' title='bbox 879 2449 913 2476; x_wconf 86' lang='lat' dir='ltr'><strong>de</strong></span> <span class='ocrx_word' id='word_1_639' title='bbox 924 2448 1013 2484; x_wconf 74' lang='lat' dir='ltr'><strong>Bizya:</strong></span> 
     </span>
    </p>
   </div>
   <div class='ocr_carea' id='block_1_95' title="bbox 226 2491 1014 2526">
    <p class='ocr_par' dir='ltr' id='par_1_95' title="bbox 226 2491 1014 2526">
     <span class='ocr_line' id='line_1_95' title="bbox 226 2491 1014 2526; baseline 0.005 -9"><span class='ocrx_word' id='word_1_640' title='bbox 226 2491 349 2525; x_wconf 85' lang='lat' dir='ltr'><strong>periculo</strong></span> <span class='ocrx_word' id='word_1_641' title='bbox 379 2491 564 2526; x_wconf 81' lang='lat' dir='ltr'><strong>imperatoris.</strong></span> <span class='ocrx_word' id='word_1_642' title='bbox 591 2492 650 2525; x_wconf 86' lang='lat' dir='ltr'><strong>Quo</strong></span> <span class='ocrx_word' id='word_1_643' title='bbox 675 2493 721 2520; x_wconf 87' lang='lat' dir='ltr'><strong>ille</strong></span> <span class='ocrx_word' id='word_1_644' title='bbox 748 2493 852 2526; x_wconf 88' lang='lat' dir='ltr'><strong>audito,</strong></span> <span class='ocrx_word' id='word_1_645' title='bbox 880 2498 908 2521; x_wconf 88' lang='lat' dir='ltr'><strong>et</strong></span> <span class='ocrx_word' id='word_1_646' title='bbox 937 2494 1014 2522; x_wconf 86' lang='lat' dir='ltr'><strong>clade</strong></span> 
     </span>
    </p>
   </div>
   <div class='ocr_carea' id='block_1_96' title="bbox 225 2537 1014 2575">
    <p class='ocr_par' dir='ltr' id='par_1_96' title="bbox 225 2537 1014 2575">
     <span class='ocr_line' id='line_1_96' title="bbox 225 2537 1014 2575; baseline 0.006 -13"><span class='ocrx_word' id='word_1_647' title='bbox 225 2537 354 2564; x_wconf 81' lang='lat' dir='ltr'><strong>videlicet</strong></span> <span class='ocrx_word' id='word_1_648' title='bbox 377 2543 449 2565; x_wconf 89' lang='lat' dir='ltr'><strong>tanta</strong></span> <span class='ocrx_word' id='word_1_649' title='bbox 473 2538 623 2572; x_wconf 83' lang='lat' dir='ltr'><strong>deplorata,</strong></span> <span class='ocrx_word' id='word_1_650' title='bbox 645 2539 781 2567; x_wconf 83' lang='lat' dir='ltr'><strong>submisso</strong></span> <span class='ocrx_word' id='word_1_651' title='bbox 801 2547 871 2567; x_wconf 89' lang='lat' dir='ltr'><strong>novo</strong></span> <span class='ocrx_word' id='word_1_652' title='bbox 891 2540 1014 2575; x_wconf 71' lang='lat' dir='ltr'><strong>praesidio</strong></span> 
     </span>
    </p>
   </div>
   <div class='ocr_carea' id='block_1_97' title="bbox 226 2583 1013 2620">
    <p class='ocr_par' dir='ltr' id='par_1_97' title="bbox 226 2583 1013 2620">
     <span class='ocr_line' id='line_1_97' title="bbox 226 2583 1013 2620; baseline 0.004 -10"><span class='ocrx_word' id='word_1_653' title='bbox 226 2583 306 2620; x_wconf 78' lang='lat'><strong>631</strong></span> <span class='ocrx_word' id='word_1_654' title='bbox 335 2583 400 2611; x_wconf 90' lang='lat' dir='ltr'><strong>illud</strong></span> <span class='ocrx_word' id='word_1_655' title='bbox 426 2584 554 2619; x_wconf 89' lang='lat' dir='ltr'><strong>oppidum</strong></span> <span class='ocrx_word' id='word_1_656' title='bbox 573 2584 698 2612; x_wconf 88' lang='lat' dir='ltr'><strong>munivit.</strong></span> <span class='ocrx_word' id='word_1_657' title='bbox 722 2585 886 2613; x_wconf 75' lang='lat' dir='ltr'><strong>Patriarcha‘</strong></span> <span class='ocrx_word' id='word_1_658' title='bbox 902 2587 1013 2614; x_wconf 88' lang='lat' dir='ltr'><strong>interim</strong></span> 
     </span>
    </p>
   </div>
   <div class='ocr_carea' id='block_1_98' title="bbox 226 2631 1014 2667">
    <p class='ocr_par' dir='ltr' id='par_1_98' title="bbox 226 2631 1014 2667">
     <span class='ocr_line' id='line_1_98' title="bbox 226 2631 1014 2667; baseline 0 -8"><span class='ocrx_word' id='word_1_659' title='bbox 226 2632 362 2666; x_wconf 85' lang='lat' dir='ltr'><strong>episcopis</strong></span> <span class='ocrx_word' id='word_1_660' title='bbox 385 2635 411 2658; x_wconf 89' lang='lat' dir='ltr'><strong>et</strong></span> <span class='ocrx_word' id='word_1_661' title='bbox 433 2631 625 2659; x_wconf 86' lang='lat' dir='ltr'><strong>illustrioribus</strong></span> <span class='ocrx_word' id='word_1_662' title='bbox 652 2638 668 2659; x_wconf 89' lang='lat' dir='ltr'><strong>c</strong></span> <span class='ocrx_word' id='word_1_663' title='bbox 695 2631 768 2658; x_wconf 89' lang='lat' dir='ltr'><strong>clero</strong></span> <span class='ocrx_word' id='word_1_664' title='bbox 790 2633 943 2667; x_wconf 84' lang='lat' dir='ltr'><strong>quibusque</strong></span> <span class='ocrx_word' id='word_1_665' title='bbox 966 2640 1014 2667; x_wconf 81' lang='lat' dir='ltr'><strong>per</strong></span> 
     </span>
    </p>
   </div>
   <div class='ocr_carea' id='block_1_99' title="bbox 228 2672 1013 2714">
    <p class='ocr_par' dir='ltr' id='par_1_99' title="bbox 228 2672 1013 2714">
     <span class='ocr_line' id='line_1_99' title="bbox 228 2672 1013 2714; baseline -0.001 -9"><span class='ocrx_word' id='word_1_666' title='bbox 228 2682 301 2705; x_wconf 84' lang='lat' dir='ltr'><strong>artes</strong></span> <span class='ocrx_word' id='word_1_667' title='bbox 319 2683 346 2705; x_wconf 91' lang='lat' dir='ltr'><strong>et</strong></span> <span class='ocrx_word' id='word_1_668' title='bbox 364 2677 477 2714; x_wconf 87' lang='lat' dir='ltr'><strong>injurias</strong></span> <span class='ocrx_word' id='word_1_669' title='bbox 491 2678 581 2704; x_wconf 89' lang='lat' dir='ltr'><strong>varias</strong></span> <span class='ocrx_word' id='word_1_670' title='bbox 597 2685 650 2712; x_wconf 89' lang='lat' dir='ltr'><strong>qua</strong></span> <span class='ocrx_word' id='word_1_671' title='bbox 668 2678 763 2713; x_wconf 78' lang='lat' dir='ltr'><strong>ejectis</strong></span> <span class='ocrx_word' id='word_1_672' title='bbox 783 2672 834 2711; x_wconf 66' lang='lat' dir='ltr'><strong>qu&#39;a</strong></span> <span class='ocrx_word' id='word_1_673' title='bbox 852 2678 923 2704; x_wconf 90' lang='lat' dir='ltr'><strong>ultro</strong></span> <span class='ocrx_word' id='word_1_674' title='bbox 938 2678 1013 2704; x_wconf 83' lang='lat' dir='ltr'><strong>abire</strong></span> 
     </span>
    </p>
   </div>
   <div class='ocr_carea' id='block_1_100' title="bbox 228 2723 1012 2759">
    <p class='ocr_par' dir='ltr' id='par_1_100' title="bbox 228 2723 1012 2759">
     <span class='ocr_line' id='line_1_100' title="bbox 228 2723 1012 2759; baseline -0.001 -8"><span class='ocrx_word' id='word_1_675' title='bbox 228 2724 377 2758; x_wconf 76' lang='lat' dir='ltr'><strong>compulsis</strong></span> <span class='ocrx_word' id='word_1_676' title='bbox 395 2723 470 2751; x_wconf 87' lang='lat' dir='ltr'><strong>solus</strong></span> <span class='ocrx_word' id='word_1_677' title='bbox 482 2723 538 2757; x_wconf 87' lang='lat' dir='ltr'><strong>jam</strong></span> <span class='ocrx_word' id='word_1_678' title='bbox 558 2723 686 2757; x_wconf 85' lang='lat' dir='ltr'><strong>reliquus,</strong></span> <span class='ocrx_word' id='word_1_679' title='bbox 706 2724 859 2759; x_wconf 68' lang='lat' dir='ltr'><strong>prmpositis</strong></span> <span class='ocrx_word' id='word_1_680' title='bbox 875 2729 1012 2750; x_wconf 86' lang='lat' dir='ltr'><strong>monaste-</strong></span> 
     </span>
    </p>
   </div>
   <div class='ocr_carea' id='block_1_101' title="bbox 229 2770 1012 2803">
    <p class='ocr_par' dir='ltr' id='par_1_101' title="bbox 229 2770 1012 2803">
     <span class='ocr_line' id='line_1_101' title="bbox 229 2770 1012 2803; baseline 0 -6"><span class='ocrx_word' id='word_1_681' title='bbox 229 2770 330 2797; x_wconf 88' lang='lat' dir='ltr'><strong>riorum</strong></span> <span class='ocrx_word' id='word_1_682' title='bbox 346 2770 532 2797; x_wconf 83' lang='lat' dir='ltr'><strong>assessoribus</strong></span> <span class='ocrx_word' id='word_1_683' title='bbox 548 2770 573 2796; x_wconf 93' lang='lat' dir='ltr'><strong>in</strong></span> <span class='ocrx_word' id='word_1_684' title='bbox 592 2770 769 2798; x_wconf 81' lang='lat' dir='ltr'><strong>conventibus</strong></span> <span class='ocrx_word' id='word_1_685' title='bbox 783 2774 810 2796; x_wconf 89' lang='lat' dir='ltr'><strong>et</strong></span> <span class='ocrx_word' id='word_1_686' title='bbox 823 2772 882 2803; x_wconf 70' lang='lat' dir='ltr'><strong>iure</strong></span> <span class='ocrx_word' id='word_1_687' title='bbox 896 2770 1012 2797; x_wconf 84' lang='lat' dir='ltr'><strong>dicundo</strong></span> 
     </span>
    </p>
   </div>
   <div class='ocr_carea' id='block_1_102' title="bbox 228 2815 1013 2851">
    <p class='ocr_par' dir='ltr' id='par_1_102' title="bbox 228 2815 1013 2851">
     <span class='ocr_line' id='line_1_102' title="bbox 228 2815 1013 2851; baseline 0 -8"><span class='ocrx_word' id='word_1_688' title='bbox 228 2815 367 2849; x_wconf 85' lang='lat' dir='ltr'><strong>utebatur,</strong></span> <span class='ocrx_word' id='word_1_689' title='bbox 399 2820 549 2851; x_wconf 84' lang='lat' dir='ltr'><strong>paratoque</strong></span> <span class='ocrx_word' id='word_1_690' title='bbox 580 2816 686 2843; x_wconf 88' lang='lat' dir='ltr'><strong>illorum</strong></span> <span class='ocrx_word' id='word_1_691' title='bbox 718 2823 831 2843; x_wconf 86' lang='lat' dir='ltr'><strong>assensu</strong></span> <span class='ocrx_word' id='word_1_692' title='bbox 868 2816 900 2843; x_wconf 88' lang='lat' dir='ltr'><strong>de</strong></span> <span class='ocrx_word' id='word_1_693' title='bbox 933 2817 1013 2843; x_wconf 83' lang='lat' dir='ltr'><strong>rebus</strong></span> 
     </span>
    </p>
   </div>
   <div class='ocr_carea' id='block_1_103' title="bbox 229 2861 1012 2897">
    <p class='ocr_par' dir='ltr' id='par_1_103' title="bbox 229 2861 1012 2897">
     <span class='ocr_line' id='line_1_103' title="bbox 229 2861 1012 2897; baseline -0.001 -9"><span class='ocrx_word' id='word_1_694' title='bbox 229 2862 335 2890; x_wconf 77' lang='lat' dir='ltr'><strong>cunctis</strong></span> <span class='ocrx_word' id='word_1_695' title='bbox 363 2861 554 2890; x_wconf 77' lang='lat' dir='ltr'><strong>ecclesiasticis</strong></span> <span class='ocrx_word' id='word_1_696' title='bbox 584 2870 632 2897; x_wconf 91' lang='lat' dir='ltr'><strong>pro</strong></span> <span class='ocrx_word' id='word_1_697' title='bbox 661 2862 736 2889; x_wconf 79' lang='lat' dir='ltr'><strong>libitn</strong></span> <span class='ocrx_word' id='word_1_698' title='bbox 770 2863 913 2890; x_wconf 75' lang='lat' dir='ltr'><strong>statuebat.</strong></span> <span class='ocrx_word' id='word_1_699' title='bbox 946 2862 1012 2888; x_wconf 79' lang='grc' dir='ltr'>(ῖιιιιι</span> 
     </span>
    </p>
   </div>
   <div class='ocr_carea' id='block_1_104' title="bbox 1066 2269 1852 2306">
    <p class='ocr_par' dir='ltr' id='par_1_104' title="bbox 1066 2269 1852 2306">
     <span class='ocr_line' id='line_1_104' title="bbox 1066 2269 1852 2306; baseline -0.004 -8"><span class='ocrx_word' id='word_1_700' title='bbox 1066 2271 1205 2306; x_wconf 67' lang='lat' dir='ltr'><strong>praemium</strong></span> <span class='ocrx_word' id='word_1_701' title='bbox 1229 2269 1390 2298; x_wconf 88' lang='lat' dir='ltr'><strong>celebraret.</strong></span> <span class='ocrx_word' id='word_1_702' title='bbox 1414 2270 1529 2297; x_wconf 83' lang='lat' dir='ltr'><strong>Sincere</strong></span> <span class='ocrx_word' id='word_1_703' title='bbox 1551 2269 1634 2304; x_wconf 75' lang='lat' dir='ltr'><strong>igitur</strong></span> <span class='ocrx_word' id='word_1_704' title='bbox 1657 2269 1749 2296; x_wconf 88' lang='lat' dir='ltr'><strong>animo</strong></span> <span class='ocrx_word' id='word_1_705' title='bbox 1772 2274 1852 2304; x_wconf 88' lang='lat' dir='ltr'><strong>pacta</strong></span> 
     </span>
    </p>
   </div>
   <div class='ocr_carea' id='block_1_105' title="bbox 1065 2314 1855 2352">
    <p class='ocr_par' dir='ltr' id='par_1_105' title="bbox 1065 2314 1855 2352">
     <span class='ocr_line' id='line_1_105' title="bbox 1065 2314 1855 2352; baseline -0.003 -8"><span class='ocrx_word' id='word_1_706' title='bbox 1065 2316 1243 2351; x_wconf 81' lang='lat' dir='ltr'><strong>exsequendi.</strong></span> <span class='ocrx_word' id='word_1_707' title='bbox 1277 2316 1395 2350; x_wconf 87' lang='lat' dir='ltr'><strong>sumptis</strong></span> <span class='ocrx_word' id='word_1_708' title='bbox 1422 2314 1711 2352; x_wconf 49' lang='lat' dir='ltr'><strong>secum&#39;quibusdam</strong></span> <span class='ocrx_word' id='word_1_709' title='bbox 1749 2322 1855 2349; x_wconf 63' lang='lat' dir='ltr'><strong>magna:</strong></span> 
     </span>
    </p>
   </div>
   <div class='ocr_carea' id='block_1_106' title="bbox 1067 2359 1854 2396">
    <p class='ocr_par' dir='ltr' id='par_1_106' title="bbox 1067 2359 1854 2396">
     <span class='ocr_line' id='line_1_106' title="bbox 1067 2359 1854 2396; baseline -0.004 -8"><span class='ocrx_word' id='word_1_710' title='bbox 1067 2360 1136 2396; x_wconf 83' lang='lat' dir='ltr'><strong>apud</strong></span> <span class='ocrx_word' id='word_1_711' title='bbox 1151 2364 1258 2395; x_wconf 77' lang='lat' dir='ltr'><strong>gentem</strong></span> <span class='ocrx_word' id='word_1_712' title='bbox 1271 2359 1409 2387; x_wconf 83' lang='lat' dir='ltr'><strong>Persicam</strong></span> <span class='ocrx_word' id='word_1_713' title='bbox 1421 2359 1632 2387; x_wconf 77' lang='lat' dir='ltr'><strong>existimationis</strong></span> <span class='ocrx_word' id='word_1_714' title='bbox 1645 2359 1722 2391; x_wconf 91' lang='lat' dir='ltr'><strong>viris,</strong></span> <span class='ocrx_word' id='word_1_715' title='bbox 1737 2367 1854 2393; x_wconf 88' lang='lat' dir='ltr'><strong>qnormn</strong></span> 
     </span>
    </p>
   </div>
   <div class='ocr_carea' id='block_1_107' title="bbox 1067 2405 1857 2441">
    <p class='ocr_par' dir='ltr' id='par_1_107' title="bbox 1067 2405 1857 2441">
     <span class='ocr_line' id='line_1_107' title="bbox 1067 2405 1857 2441; baseline -0.004 -6"><span class='ocrx_word' id='word_1_716' title='bbox 1067 2408 1216 2436; x_wconf 88' lang='lat' dir='ltr'><strong>auctoritas</strong></span> <span class='ocrx_word' id='word_1_717' title='bbox 1229 2407 1344 2434; x_wconf 86' lang='lat' dir='ltr'><strong>valitura</strong></span> <span class='ocrx_word' id='word_1_718' title='bbox 1356 2410 1499 2441; x_wconf 89' lang='lat' dir='ltr'><strong>putaretur</strong></span> <span class='ocrx_word' id='word_1_719' title='bbox 1511 2406 1681 2434; x_wconf 86' lang='lat' dir='ltr'><strong>abducendis</strong></span> <span class='ocrx_word' id='word_1_720' title='bbox 1696 2413 1710 2432; x_wconf 87' lang='lat' dir='ltr'><strong>a</strong></span> <span class='ocrx_word' id='word_1_721' title='bbox 1723 2405 1857 2433; x_wconf 85' lang='lat' dir='ltr'><strong>societate</strong></span> 
     </span>
    </p>
   </div>
   <div class='ocr_carea' id='block_1_108' title="bbox 1066 2450 1854 2487">
    <p class='ocr_par' dir='ltr' id='par_1_108' title="bbox 1066 2450 1854 2487">
     <span class='ocr_line' id='line_1_108' title="bbox 1066 2450 1854 2487; baseline -0.005 -6"><span class='ocrx_word' id='word_1_722' title='bbox 1066 2453 1226 2481; x_wconf 88' lang='lat' dir='ltr'><strong>Latinorum</strong></span> <span class='ocrx_word' id='word_1_723' title='bbox 1237 2452 1411 2486; x_wconf 88' lang='lat' dir='ltr'><strong>popularibus</strong></span> <span class='ocrx_word' id='word_1_724' title='bbox 1422 2452 1552 2487; x_wconf 86' lang='lat' dir='ltr'><strong>ipsorum,</strong></span> <span class='ocrx_word' id='word_1_725' title='bbox 1565 2459 1626 2479; x_wconf 89' lang='lat' dir='ltr'><strong>cum</strong></span> <span class='ocrx_word' id='word_1_726' title='bbox 1637 2451 1670 2478; x_wconf 89' lang='lat' dir='ltr'><strong>iis</strong></span> <span class='ocrx_word' id='word_1_727' title='bbox 1680 2450 1854 2478; x_wconf 88' lang='lat' dir='ltr'><strong>occasionem</strong></span> 
     </span>
    </p>
   </div>
   <div class='ocr_carea' id='block_1_109' title="bbox 1065 2498 1854 2534">
    <p class='ocr_par' dir='ltr' id='par_1_109' title="bbox 1065 2498 1854 2534">
     <span class='ocr_line' id='line_1_109' title="bbox 1065 2498 1854 2534; baseline -0.006 -6"><span class='ocrx_word' id='word_1_728' title='bbox 1065 2501 1217 2534; x_wconf 76' lang='lat' dir='ltr'><strong>trajiciendi</strong></span> <span class='ocrx_word' id='word_1_729' title='bbox 1234 2500 1406 2527; x_wconf 81' lang='lat' dir='ltr'><strong>commodam</strong></span> <span class='ocrx_word' id='word_1_730' title='bbox 1432 2504 1530 2526; x_wconf 87' lang='lat' dir='ltr'><strong>nactus</strong></span> <span class='ocrx_word' id='word_1_731' title='bbox 1556 2499 1583 2526; x_wconf 92' lang='lat' dir='ltr'><strong>in</strong></span> <span class='ocrx_word' id='word_1_732' title='bbox 1609 2499 1686 2526; x_wconf 88' lang='lat' dir='ltr'><strong>littus</strong></span> <span class='ocrx_word' id='word_1_733' title='bbox 1702 2498 1854 2525; x_wconf 89' lang='lat' dir='ltr'><strong>Occidunm</strong></span> 
     </span>
    </p>
   </div>
   <div class='ocr_carea' id='block_1_110' title="bbox 1065 2543 1853 2578">
    <p class='ocr_par' dir='ltr' id='par_1_110' title="bbox 1065 2543 1853 2578">
     <span class='ocr_line' id='line_1_110' title="bbox 1065 2543 1853 2578; baseline -0.003 -7"><span class='ocrx_word' id='word_1_734' title='bbox 1065 2551 1098 2571; x_wconf 82' lang='lat' dir='ltr'><strong>ex</strong></span> <span class='ocrx_word' id='word_1_735' title='bbox 1129 2544 1193 2571; x_wconf 80' lang='lat' dir='ltr'><strong>Asia</strong></span> <span class='ocrx_word' id='word_1_736' title='bbox 1223 2544 1421 2571; x_wconf 85' lang='lat' dir='ltr'><strong>transfretavit.</strong></span> <span class='ocrx_word' id='word_1_737' title='bbox 1453 2543 1677 2578; x_wconf 85' lang='lat' dir='ltr'><strong>Persuadereque</strong></span> <span class='ocrx_word' id='word_1_738' title='bbox 1703 2549 1853 2577; x_wconf 74' lang='lat' dir='ltr'><strong>aggressus</strong></span> 
     </span>
    </p>
   </div>
   <div class='ocr_carea' id='block_1_111' title="bbox 1065 2587 1854 2623">
    <p class='ocr_par' dir='ltr' id='par_1_111' title="bbox 1065 2587 1854 2623">
     <span class='ocr_line' id='line_1_111' title="bbox 1065 2587 1854 2623; baseline -0.001 -9"><span class='ocrx_word' id='word_1_739' title='bbox 1065 2589 1136 2622; x_wconf 90' lang='lat' dir='ltr'><strong>quod</strong></span> <span class='ocrx_word' id='word_1_740' title='bbox 1151 2588 1259 2615; x_wconf 87' lang='lat' dir='ltr'><strong>volebat</strong></span> <span class='ocrx_word' id='word_1_741' title='bbox 1271 2587 1352 2623; x_wconf 75' lang='lat'><strong>632</strong></span> <span class='ocrx_word' id='word_1_742' title='bbox 1368 2588 1461 2614; x_wconf 86' lang='lat' dir='ltr'><strong>Persis</strong></span> <span class='ocrx_word' id='word_1_743' title='bbox 1479 2587 1534 2615; x_wconf 88' lang='lat' dir='ltr'><strong>illic</strong></span> <span class='ocrx_word' id='word_1_744' title='bbox 1552 2587 1744 2615; x_wconf 88' lang='lat' dir='ltr'><strong>militantibus.</strong></span> <span class='ocrx_word' id='word_1_745' title='bbox 1761 2591 1788 2613; x_wconf 89' lang='lat' dir='ltr'><strong>et</strong></span> <span class='ocrx_word' id='word_1_746' title='bbox 1803 2594 1854 2613; x_wconf 87' lang='lat' dir='ltr'><strong>sua</strong></span> 
     </span>
    </p>
   </div>
   <div class='ocr_carea' id='block_1_112' title="bbox 1065 2629 1856 2667">
    <p class='ocr_par' dir='ltr' id='par_1_112' title="bbox 1065 2629 1856 2667">
     <span class='ocr_line' id='line_1_112' title="bbox 1065 2629 1856 2667; baseline -0.001 -8"><span class='ocrx_word' id='word_1_747' title='bbox 1065 2632 1136 2667; x_wconf 89' lang='lat' dir='ltr'><strong>apud</strong></span> <span class='ocrx_word' id='word_1_748' title='bbox 1147 2631 1200 2659; x_wconf 86' lang='lat' dir='ltr'><strong>sibi</strong></span> <span class='ocrx_word' id='word_1_749' title='bbox 1211 2631 1343 2659; x_wconf 78' lang='lat' dir='ltr'><strong>obnoxios</strong></span> <span class='ocrx_word' id='word_1_750' title='bbox 1356 2636 1384 2658; x_wconf 90' lang='lat' dir='ltr'><strong>et</strong></span> <span class='ocrx_word' id='word_1_751' title='bbox 1395 2632 1524 2658; x_wconf 90' lang='lat' dir='ltr'><strong>comitum</strong></span> <span class='ocrx_word' id='word_1_752' title='bbox 1538 2631 1607 2665; x_wconf 89' lang='lat' dir='ltr'><strong>apud</strong></span> <span class='ocrx_word' id='word_1_753' title='bbox 1622 2629 1690 2657; x_wconf 86' lang='lat' dir='ltr'><strong>alios</strong></span> <span class='ocrx_word' id='word_1_754' title='bbox 1701 2629 1789 2664; x_wconf 76' lang='lat' dir='ltr'><strong>gratia</strong></span> <span class='ocrx_word' id='word_1_755' title='bbox 1799 2631 1856 2658; x_wconf 85' lang='lat' dir='ltr'><strong>cito</strong></span> 
     </span>
    </p>
   </div>
   <div class='ocr_carea' id='block_1_113' title="bbox 1065 2676 1856 2712">
    <p class='ocr_par' dir='ltr' id='par_1_113' title="bbox 1065 2676 1856 2712">
     <span class='ocr_line' id='line_1_113' title="bbox 1065 2676 1856 2712; baseline -0.001 -8"><span class='ocrx_word' id='word_1_756' title='bbox 1065 2679 1120 2704; x_wconf 89' lang='lat' dir='ltr'><strong>voti</strong></span> <span class='ocrx_word' id='word_1_757' title='bbox 1144 2684 1254 2712; x_wconf 91' lang='lat' dir='ltr'><strong>compos</strong></span> <span class='ocrx_word' id='word_1_758' title='bbox 1267 2681 1308 2704; x_wconf 86' lang='lat' dir='ltr'><strong>est</strong></span> <span class='ocrx_word' id='word_1_759' title='bbox 1328 2676 1451 2709; x_wconf 75' lang='lat' dir='ltr'><strong>effectus,</strong></span> <span class='ocrx_word' id='word_1_760' title='bbox 1470 2678 1504 2704; x_wconf 90' lang='lat' dir='ltr'><strong>ab</strong></span> <span class='ocrx_word' id='word_1_761' title='bbox 1518 2676 1644 2704; x_wconf 88' lang='lat' dir='ltr'><strong>omnibus</strong></span> <span class='ocrx_word' id='word_1_762' title='bbox 1661 2676 1740 2703; x_wconf 89' lang='lat' dir='ltr'><strong>facile</strong></span> <span class='ocrx_word' id='word_1_763' title='bbox 1764 2676 1856 2710; x_wconf 81' lang='lat' dir='ltr'><strong>impe-</strong></span> 
     </span>
    </p>
   </div>
   <div class='ocr_carea' id='block_1_114' title="bbox 1066 2721 1855 2758">
    <p class='ocr_par' dir='ltr' id='par_1_114' title="bbox 1066 2721 1855 2758">
     <span class='ocr_line' id='line_1_114' title="bbox 1066 2721 1855 2758; baseline -0.003 -9"><span class='ocrx_word' id='word_1_764' title='bbox 1066 2726 1142 2750; x_wconf 87' lang='lat' dir='ltr'><strong>lrans</strong></span> <span class='ocrx_word' id='word_1_765' title='bbox 1156 2727 1184 2749; x_wconf 90' lang='lat' dir='ltr'><strong>ut</strong></span> <span class='ocrx_word' id='word_1_766' title='bbox 1196 2723 1229 2749; x_wconf 87' lang='lat' dir='ltr'><strong>ab</strong></span> <span class='ocrx_word' id='word_1_767' title='bbox 1242 2723 1422 2758; x_wconf 73' lang='lat' dir='ltr'><strong>Amogabaris</strong></span> <span class='ocrx_word' id='word_1_768' title='bbox 1436 2722 1597 2750; x_wconf 77' lang='lat' dir='ltr'><strong>deﬁcerent.</strong></span> <span class='ocrx_word' id='word_1_769' title='bbox 1609 2721 1637 2748; x_wconf 79' lang='grc' dir='ltr'><strong>ιιι</strong></span> <span class='ocrx_word' id='word_1_770' title='bbox 1652 2722 1688 2748; x_wconf 85' lang='lat' dir='ltr'><strong>illi</strong></span> <span class='ocrx_word' id='word_1_771' title='bbox 1705 2721 1855 2748; x_wconf 78' lang='lat' dir='ltr'><strong>confestim</strong></span> 
     </span>
    </p>
   </div>
   <div class='ocr_carea' id='block_1_115' title="bbox 1066 2767 1855 2803">
    <p class='ocr_par' dir='ltr' id='par_1_115' title="bbox 1066 2767 1855 2803">
     <span class='ocr_line' id='line_1_115' title="bbox 1066 2767 1855 2803; baseline -0.004 -7"><span class='ocrx_word' id='word_1_772' title='bbox 1066 2770 1196 2796; x_wconf 88' lang='lat' dir='ltr'><strong>audenter</strong></span> <span class='ocrx_word' id='word_1_773' title='bbox 1210 2776 1277 2796; x_wconf 86' lang='lat' dir='ltr'><strong>sane</strong></span> <span class='ocrx_word' id='word_1_774' title='bbox 1292 2774 1356 2796; x_wconf 87' lang='lat' dir='ltr'><strong>sunt</strong></span> <span class='ocrx_word' id='word_1_775' title='bbox 1374 2769 1466 2796; x_wconf 85' lang='lat' dir='ltr'><strong>facere</strong></span> <span class='ocrx_word' id='word_1_776' title='bbox 1488 2769 1609 2803; x_wconf 76' lang='lat' dir='ltr'><strong>aggressi</strong></span> <span class='ocrx_word' id='word_1_777' title='bbox 1628 2776 1636 2794; x_wconf 89' lang='lat'><strong>:</strong></span> <span class='ocrx_word' id='word_1_778' title='bbox 1651 2767 1765 2795; x_wconf 89' lang='lat' dir='ltr'><strong>ducibus</strong></span> <span class='ocrx_word' id='word_1_779' title='bbox 1779 2767 1855 2794; x_wconf 87' lang='lat' dir='ltr'><strong>enim</strong></span> 
     </span>
    </p>
   </div>
   <div class='ocr_carea' id='block_1_116' title="bbox 1065 2814 1856 2848">
    <p class='ocr_par' dir='ltr' id='par_1_116' title="bbox 1065 2814 1856 2848">
     <span class='ocr_line' id='line_1_116' title="bbox 1065 2814 1856 2848; baseline -0.006 -5"><span class='ocrx_word' id='word_1_780' title='bbox 1065 2816 1123 2844; x_wconf 85' lang='lat' dir='ltr'><strong>suis</strong></span> <span class='ocrx_word' id='word_1_781' title='bbox 1142 2815 1214 2842; x_wconf 85' lang='lat' dir='ltr'><strong>Italis</strong></span> <span class='ocrx_word' id='word_1_782' title='bbox 1232 2816 1364 2848; x_wconf 86' lang='lat' dir='ltr'><strong>insidiati,</strong></span> <span class='ocrx_word' id='word_1_783' title='bbox 1380 2823 1428 2842; x_wconf 87' lang='lat' dir='ltr'><strong>eos</strong></span> <span class='ocrx_word' id='word_1_784' title='bbox 1450 2820 1508 2842; x_wconf 90' lang='lat' dir='ltr'><strong>astu</strong></span> <span class='ocrx_word' id='word_1_785' title='bbox 1526 2814 1727 2841; x_wconf 81' lang='lat' dir='ltr'><strong>circumventos</strong></span> <span class='ocrx_word' id='word_1_786' title='bbox 1745 2814 1856 2840; x_wconf 76' lang='lat' dir='ltr'><strong>occide.</strong></span> 
     </span>
    </p>
   </div>
   <div class='ocr_carea' id='block_1_117' title="bbox 1069 2859 1854 2898">
    <p class='ocr_par' dir='ltr' id='par_1_117' title="bbox 1069 2859 1854 2898">
     <span class='ocr_line' id='line_1_117' title="bbox 1069 2859 1854 2898; baseline -0.006 -9"><span class='ocrx_word' id='word_1_787' title='bbox 1069 2867 1142 2895; x_wconf 71' lang='lat' dir='ltr'><strong>I&#39;lllll,</strong></span> <span class='ocrx_word' id='word_1_788' title='bbox 1158 2869 1273 2897; x_wconf 72' lang='lat' dir='ltr'><strong>IlIOqulC</strong></span> <span class='ocrx_word' id='word_1_789' title='bbox 1291 2870 1339 2896; x_wconf 77' lang='grc' dir='ltr'><strong>ριο</strong></span> <span class='ocrx_word' id='word_1_790' title='bbox 1361 2870 1387 2888; x_wconf 70' lang='lat' dir='ltr'><strong>SC</strong></span> <span class='ocrx_word' id='word_1_791' title='bbox 1405 2862 1520 2898; x_wconf 72' lang='lat' dir='ltr'><strong>quisque</strong></span> <span class='ocrx_word' id='word_1_792' title='bbox 1536 2866 1647 2888; x_wconf 69' lang='grc' dir='ltr'>διηιιιιιη</span> <span class='ocrx_word' id='word_1_793' title='bbox 1662 2868 1743 2886; x_wconf 81' lang='lat' dir='ltr'><strong>cursu</strong></span> <span class='ocrx_word' id='word_1_794' title='bbox 1760 2859 1854 2896; x_wconf 64' lang='lat' dir='ltr'><strong>fugam</strong></span> 
     </span>
    </p>
   </div>
  </div>
