1957 3066
76 169 128 198 (Silii

503 169 553 199 DE
571 168 794 200 ANDRONICO
810 169 1040 200 PAL/EOLOGO
1060 169 1134 200 LIB.
1154 168 1222 201 VII.

1647 167 1696 198 69-5

74 223 175 254 ἄγουσι
188 222 244 250 τῶν
266 222 373 251 Ὶταλῷν
390 223 568 257 ἐπιτίθενται,
594 225 641 251 καὶ
657 225 726 260 δόλῳ
743 225 864 252 κτείναν-
881 228 903 254 Α
917 224 1050 258 ἀπόλογον
1077 225 1261 256 καταστάντες
1286 226 1438 260 προφάσεις
1466 224 1629 251 ἐπλάττοντο
1651 223 1702 256 τὰς

75 277 122 299 τες
137 269 192 295 ἀνὰ
209 270 312 305 κράτος
328 270 373 296 ἐπ’
388 270 527 303 αἰγιαλοὺς
543 271 744 306 ἐφυγομάχουν,
760 271 798 302 ὡς
807 272 867 303 ταῖς

78 314 126 340 τοῦ
144 314 282 349 βασιλέως
297 314 376 342 ναυσὶ
401 316 664 351 πραιωοησόμενοι.
696 318 728 343 Ὂ
748 317 779 352 δὴ
798 325 867 350 γνω-

78 360 153 390 σθὲν,
169 359 358 395 ἐκθυμότερον
371 360 386 395 ἢ
402 360 439 392 ὡς
454 361 508 387 ἔδει
522 361 670 393 ἐλάσαντες
681 363 708 388 Ἀ
715 363 867 397 μογάῆαροι

77 406 281 439 «possisnam
306 407 427 441 φυγάσιν
453 408 577 440 ἐκείνοις.
601 410 658 436 Κάν
671 410 720 444 τῆς
740 410 866 444 Εὑδήμου

79 452 170 487 μάχης
188 453 329 488 συστάσης
341 454 472 480 πίπτουσι
496 455 545 489 μὲν
560 455 673 481 καὶτῶν
693 456 802 482 Ἰταλῶν
817 457 866 482 οὐκ

75 497 176 530 ὀλίγοι,
193 497 251 523 ἀλλ’
266 498 340 532 ὅμως
356 498 426 533 ὑπὲρ
443 499 506 530 τοὺς
522 499 675 532 διακοσίους
686 500 740 527 τῶν
755 500 867 534 Περσῶν

77 543 219 569 πεσόντων
232 544 304 570 κατὰ
320 544 419 579 κράτος
439 544 514 578 σφῶν
525 545 602 572 αὐτοὶ
619 546 762 580 περιῆσαν.
781 546 825 577 Ὠς
838 546 867 573 δὲ

78 591 126 616 καὶ
139 587 219 620 αὖθις
234 590 340 625 Πέρσαι
356 590 425 625 πρὸς
438 591 560 621 ἐκείνους
581 591 736 623 ἀπέκλινον,
752 592 783 618 οὐ
799 592 868 627 πρό-

77 644 156 670 τερον
184 635 277 666 αὐτοῖς
306 635 480 663 ἐνεπίστευον
494 637 528 663 τὰ
544 637 594 671 τῆς
615 638 786 673 συμμαχίας,
801 639 867 672 πρὶν

75 682 108 708 ἂν
123 681 284 717 παραδοῖεν,
297 682 346 718 οὺχ
358 683 432 714 ὅπως
444 683 490 709 τὸν
508 684 601 711 Ἰσαὰκ
612 684 719 720 Μελὴκ,
737 685 806 712 ἀλλὰ
819 686 868 712 καὶ

75 727 121 753 τὸν
135 727 212 761 σφῶν
229 727 412 762 ἐξηγούμενον
436 729 656 765 Ταχαγτζιάριν,
676 731 705 762 ὃς
723 731 796 762 ἰδίως
815 729 866 766 ἦγε

75 773 139 804 τοὺς
154 774 390 808 Τουρκοπούλους,
408 775 438 802 οὐ
459 775 512 810 μὴν
526 775 555 802 δὲ
569 776 638 802 ἀλλὰ
653 777 701 803 καὶ
713 776 804 811 τρίτον
817 777 868 804 αὐ-

74 821 122 847 τὸν
133 822 181 848 τὸν
207 821 376 856 αὐτάδελφον
390 823 438 850 τοῦ
468 823 561 850 Ἰσαὰκ
578 823 684 858 Μελὴκ,
702 824 739 854 ὠς
755 824 867 858 φανέντι

75 867 100 892 οἱ
115 867 326 901 προστεθέντας.
340 864 390 894 Ὧν
399 868 447 895 καὶ
456 868 640 904 προδοθέντων
653 869 699 896 τὸν
716 869 868 904 μένΊσαὰκ

77 913 166 947 φιτρῷ
180 913 228 939 καὶ
244 912 315 947 ξίφει
329 913 536 949 διεχειρίσαντο,
552 915 582 941 οὐ
600 915 679 950 μόνον
689 915 781 948 αὑτὸν,
799 916 868 943 ἀλλὰ

77 959 126 985 καὶ
138 959 185 986 τὸν
198 959 377 994 αὐτάδελφον,
400 960 450 991 τὰς
463 961 587 995 κεφαλὰς
610 961 701 988 αὐτῶν
716 963 744 988 ἐν
763 962 802 997 τῷ
820 971 869 996 φο-

78 1004 168 1032 νεύειν
184 1005 256 1032 κατὰ
267 1005 320 1040 γῆς
334 1006 534 1038 ἐπαλλάξαντες
547 1006 588 1042 [Ρ.
605 1007 669 1043 ιιι]
691 1008 727 1039 ὼς
747 1007 805 1042 ἅμα
818 1007 868 1044 τὴν

78 1050 166 1086 τομὴν
179 1050 306 1084 γενέσθαι
322 1052 370 1078 καὶ
386 1051 562 1087 ἀμφοτέρων.
578 1051 645 1080 Εἶτα
659 1053 689 1079 δὲ
705 1053 868 1088 περιϐύσαν-

78 1105 124 1127 τες
136 1097 165 1122 τὸ
182 1096 323 1132 βασιλικὸν
338 1097 407 1132 πρὸς
424 1099 528 1124 ἐκεῖνον
539 1099 735 1133 χρυσόόουλλον
751 1099 797 1126 ἐπὶ
815 1100 869 1135 μά-

78 1143 129 1177 λης
141 1139 223 1178 εὗρον
234 1143 431 1178 ἐξηρτημένον,
445 1144 512 1179 ὅπερ
524 1145 687 1178 ἀναγνόντες
705 1145 812 1180 σύναμα
822 1146 869 1172 καὶ

78 1189 169 1222 ἄλλοις
183 1191 240 1222 τοῖς
265 1190 320 1216 τῶν
338 1192 408 1218 κατὰ
431 1191 507 1218 δύσιν
533 1190 727 1226 ἐξηγουμένοις
755 1192 868 1227 Περσῶν

79 1235 218 1269 εὕρισκον,
237 1235 297 1262 καθ’
315 1236 477 1271 ὑποσχέσεις
500 1237 525 1263 εί
539 1238 718 1264 ἀποστατοῖεν
735 1238 867 1272 μεγάλας,

79 1280 171 1306 καὶτὸ
191 1279 238 1306 τοῦ
254 1280 443 1316 Ταχαγτζιάρι
471 1281 573 1317 ὕνομα·
597 1281 641 1316 ἐφ’
658 1278 698 1313 οἷς
715 1282 816 1309 ἐκεῖνοι
828 1283 869 1313 εἰς

79 1371 191 1403 armati,
205 1375 232 1399 et
249 1371 344 1399 ulcisci
367 1371 535 1400 obsistentes
554 1373 654 1407 parati.
677 1380 772 1401 versus
787 1375 869 1402 maris

80 1415 173 1443 littora
189 1415 378 1448 intenderunt,
393 1416 437 1443 ubi
449 1417 573 1450 quaedam
587 1415 648 1444 illos
659 1417 869 1452 opperiebantur

79 1462 255 1497 imperatoris
277 1469 371 1494 naves,
388 1462 488 1498 quibus
505 1466 563 1490 tuto
581 1463 607 1490 in
633 1463 727 1490 Asiam
743 1464 869 1498 deporta-

80 1513 185 1536 rentur.
214 1508 243 1536 Id
269 1508 351 1536 simul
375 1514 457 1544 alque
485 1515 673 1545 cognoverunt
694 1511 866 1546 Amogabari,

919 271 988 305 σφᾶς
1001 270 1170 304 ὠφελούσας.
1188 271 1280 306 Ταύτῃ
1297 280 1337 298 τοι
1350 271 1397 297 καὶ
1413 271 1457 297 τὸν
1472 271 1552 305 φόνον
1569 270 1618 304 μὲν
1631 270 1703 296 ἀνεῖ-

918 323 976 349 χον,
1004 315 1137 349 φυλακαῖς
1162 315 1185 341 δ’
1199 316 1302 342 ἐδίδουν
1328 316 1386 347 ταῖς
1402 315 1632 350 ἀσφαλεστάταις.
1658 315 1703 346 Ὠς

918 360 983 395 γοῦν
995 362 1042 388 καὶ
1056 361 1135 393 αὖθις
1146 362 1180 388 τὰ
1196 362 1281 388 πιστὰ
1292 362 1359 397 πρδς
1378 363 1484 396 Πέρσας
1505 362 1636 393 λαϐόντες
1656 362 1703 388 καὶ

917 408 1007 439 δόντες
1018 407 1187 442 ἐμελλονέπὶ
1196 408 1362 442 Τζουρουλοῡ
1374 408 1537 441 ἐξελαύνειν,
1552 407 1602 433 οὐκ
1616 407 1703 438 ἄλλως

918 454 1109 489 συμπροάγειν
1129 453 1220 488 σφίσιν
1234 454 1329 489 ἠθελον
1342 455 1367 480 οἱ
1391 454 1604 487 Τουρκόπουλοι,
1626 453 1651 479 εἰ
1666 453 1703 487 μή

918 507 950 533 γε
964 499 1014 534 τῆς
1039 499 1150 534 είρκτῆς
1168 499 1181 525 ὁ
1200 499 1275 533 σφῶν
1298 498 1480 534 ἐξηγούμενος
1500 497 1704 533 Ταχαγτζιάρις

918 544 1078 580 ἀπολυθείη,
1093 545 1150 572 Καὶ
1161 545 1260 579 γέγονε
1273 544 1361 576 τοῦτο,
1374 545 1438 579 μιᾶς
1447 544 1558 579 γνώμης
1576 544 1704 575 συνόλων,

917 591 955 623 ὡς
971 591 1063 626 ἐῴκει,
1094 591 1255 626 γινομένων,
1281 591 1327 617 ὅτε
1343 590 1390 616 καὶ
1418 590 1550 623 δοξάντων
1570 590 1636 616 εὐοῖ)
1654 589 1705 623 τῆς

918 638 1023 668 πόλεως
1045 636 1168 663 ἐλαύνειν
1183 637 1231 663 καὶ
1247 636 1325 668 αὖθις
1342 637 1368 662 οἱ
1394 636 1471 667 ἐκτὸς
1486 636 1704 669 ἐσκευαγώγουν,

917 682 996 717 οὒςή
1018 683 1116 717 ἀρότου
1144 683 1223 718 χρεία
1237 673 1408 717 παραμένειν
1435 683 1610 716 κατήπειγεν,
1637 682 1705 707 Ἀλλ’

917 729 1016 755 ἐκεῖνοι
1027 727 1185 763 Τζουρουλῷ
1195 728 1393 762 προσὸαλόντες
1404 728 1449 754 ἐπὶ
1460 727 1506 754 τοῦ
1521 728 1707 762 ὑστερήματος

918 773 1104 806 ἐγεγόνεισαν,
1118 772 1172 799 τῶν
1187 773 1260 804 ἐντὸς
1274 773 1451 807 ἀντεχόντων.
1468 771 1668 807 Ταχαγτζιάρις
1679 771 1707 797 δέ

918 819 1014 851 νυκτὸς
1041 819 1150 854 σύναμα
1179 819 1320 850 πλείστοις
1338 819 1393 847 τῶν
1423 818 1640 854 Τουρκοπούλων
1654 818 1708 844 ἀπὸ

920 865 1037 902 ῥυτῆρος
1060 865 1177 900 ἤλαυνον
1203 865 1273 900 πρὸς
1292 864 1443 900 Τζαράπην
1470 865 1516 890 ἐπὶ
1532 865 1643 900 'Anpq),
1661 865 1709 890 καὶ

919 911 1142 947 προσεδέχθησαν
1156 911 1319 942 ἐπιστάντες
1330 911 1569 946 προϋπηργμένων
1581 912 1612 937 ἐκ
1626 918 1706 945 μηνυε

920 960 1013 994 μάτων
1027 958 1082 984 τῶν
1098 957 1251 993 ὁμολογιῶν
1264 958 1313 992 τῆς
1329 957 1549 992 αὑτομολήσεως.
1568 957 1599 982 οι
1614 956 1706 991 μέντοι

918 1014 950 1040 γε
978 1005 1032 1032 τῶν
1048 1004 1162 1040 Περσῶν
1178 1004 1390 1038 ἀπολειφθέντες
1415 1004 1444 1030 ἐν
1460 1002 1633 1038 Τξουρουλῷ,
1653 1011 1705 1038 μα-

919 1052 1012 1082 θόντες
1023 1051 1053 1078 τὸ
1064 1051 1166 1086 δρᾶμα,
1180 1051 1260 1082 εὐθὺς
1278 1050 1330 1077 ἀνὰ
1342 1051 1441 1085 κράτος
1455 1051 1498 1076 ἐπ’
1515 1050 1654 1084 αἰγιαλοὺς
1668 1049 1707 1080 ὡς

918 1096 1217 1131 διαπεραιωθησόμενοι
1242 1096 1375 1131 φεύγουσι
1404 1095 1443 1130 τῷ
1472 1096 1533 1127 ταῖς
1557 1095 1638 1122 ναυσὶ
1650 1094 1706 1121 τῶν

925 1142 1034 1168 Ἰταλῶν
1051 1141 1214 1176 χρήσασθαι.
1227 1140 1265 1169 Οὐ
1280 1141 1333 1177 μὴν
1346 1141 1375 1168 δὲ
1390 1141 1458 1167 ἀλλὰ
1479 1141 1526 1167 καὶ
1540 1140 1638 1167 Ἰταλοὶ
1654 1139 1705 1174 τὴν

919 1189 1019 1224 χλεύην
1035 1187 1073 1223 μὴ
1087 1187 1244 1222 ἐνεγκόντες
1258 1187 1372 1214 κατόπιν
1390 1186 1530 1213 διώκουσι.

1107 1233 1127 1260 λ’
1143 1233 1213 1267 Περὶ
1227 1233 1280 1260 τοῦ
1292 1232 1425 1267 Φαρέντα
1442 1231 1536 1267 Τζῖμῆ.

955 1279 998 1316 [Ρ.
1015 1279 1080 1316 462]
1096 1279 1150 1306 Καὶ
1163 1279 1258 1312 ἔδοξαν
1274 1279 1365 1314 ἀγαθὰ
1378 1278 1466 1306 ταῦτα
1487 1277 1645 1314 Ῥωμαίοις,
1662 1277 1709 1305 καὶ

920 1372 1104 1406 impetrarunt
1119 1370 1277 1398 dilationem
1291 1369 1383 1402 caedis,
1399 1370 1533 1399 contentis
1547 1369 1573 1395 in
1591 1375 1708 1403 prmsctts

919 1416 1099 1452 Amogabaris
1124 1417 1151 1443 in
1173 1417 1313 1444 custodias
1331 1423 1426 1443 omnes
1451 1416 1567 1442 condere
1589 1415 1709 1442 securis-

919 1464 1013 1490 sitnas.
1030 1463 1075 1490 Sic
1098 1462 1271 1490 reconciliata
1295 1463 1346 1489 sibi
1373 1462 1481 1489 Persica
1505 1461 1614 1493 militia,
1641 1466 1668 1488 et
1683 1460 1706 1487 ci

921 1509 1043 1536 vicissim
1065 1507 1116 1542 ipsi
1141 1515 1249 1542 quoque
1269 1507 1356 1534 Latini
1379 1507 1476 1541 placati
1497 1514 1526 1533 ac
1547 1506 1599 1540 iam
1621 1506 1709 1533 denuo

81 1561 194 1589 repente
209 1556 249 1582 ira
268 1556 370 1590 ingenti
392 1562 590 1591 consurgentes
613 1557 736 1584 institere
761 1564 868 1585 summa
883 1556 905 1585 C
924 1557 1049 1587 lidentes,
1064 1562 1126 1581 cutn
1150 1553 1252 1581 vellent
1269 1553 1362 1587 copias
1381 1557 1477 1580 contra
1495 1552 1641 1578 Tzurulunt
1657 1552 1709 1578 αυ-

80 1601 105 1628 vi
126 1601 281 1637 fugacibus.
299 1601 488 1635 Deprehensos
513 1602 570 1629 acri
599 1602 686 1629 adorti
713 1602 806 1637 praelia
823 1609 869 1629 ca-

80 1647 150 1674 dunt
164 1647 327 1681 caeduntque
340 1647 471 1679 vicissim,
487 1648 593 1674 tandem
611 1653 700 1675 tamett
713 1656 764 1675 nou
778 1649 870 1684 paucis

81 1700 194 1720 suorum
211 1693 330 1724 amissis,
351 1693 398 1720 sed
417 1692 510 1720 Persis
527 1693 606 1727 longe
622 1694 755 1728 pluribus.
775 1703 870 1730 nempe

80 1745 165 1772 supra
180 1737 313 1766 ducentos
329 1738 492 1771 interfectis,
519 1739 590 1766 haud
612 1739 695 1766 dubie
717 1741 871 1775 superiores

79 1784 213 1816 evadunt,
245 1784 397 1820 Persasque
428 1792 522 1813 rursus
548 1786 576 1812 in
600 1793 678 1813 suam
709 1792 871 1821 potestatem

81 1831 218 1866 redigunt.
242 1830 275 1858 lli
289 1839 352 1858 cum
369 1830 442 1859 aliud
457 1839 510 1858 non
527 1836 648 1866 possent,
669 1832 767 1860 iterum
792 1834 872 1861 incli-

80 1876 184 1904 nabant
195 1876 229 1904 ad
241 1876 412 1904 militandum
426 1878 617 1912 Antogabaris,
627 1883 656 1904 ut
668 1882 758 1906 antea.
769 1879 870 1908 Verum

80 1923 155 1957 ipsos
173 1923 199 1950 Itl
213 1923 360 1951 admittere
382 1931 413 1951 se
428 1924 495 1952 velle
515 1924 542 1951 itt
558 1927 647 1952 socios
663 1931 808 1960 negarunt,
824 1931 872 1955 aut

79 1971 195 1998 omnino
210 1971 244 1998 iis
256 1971 349 2004 lldere,
361 1972 413 1999 nisi
423 1971 499 2006 prius
510 1973 560 2000 sibi
575 1973 714 2001 traderent
726 1981 779 2000 non
793 1973 874 2001 modo

80 2017 216 2044 Isaacium
234 2017 376 2050 Melectttn,
388 2018 435 2046 sed
454 2019 575 2053 ipsorum
587 2027 696 2055 quoque
713 2019 872 2054 praefectum

80 2064 306 2097 Tacltantziarin,
332 2064 378 2099 qui
399 2065 507 2100 proprie
536 2065 706 2101 Turcopulos
731 2067 872 2098 ductabat,

78 2110 144 2145 quin
156 2115 185 2137 et
193 2110 302 2137 tertium
310 2110 405 2138 lsaacii
416 2111 507 2139 Meleci
518 2119 687 2147 germanum.
695 2121 749 2147 quo
757 2113 875 2140 maxime

80 2156 180 2184 visoad
191 2156 369 2184 defectionem
384 2157 489 2185 inducti
497 2158 678 2192 putabantur.
691 2159 739 2187 His
751 2159 874 2191 traditis,

80 2201 187 2230 lsaacio
200 2202 393 2237 quidemjusso
409 2203 508 2230 collum
522 2204 601 2238 cippo
617 2205 772 2239 apprimere
794 2210 876 2241 caput

921 1610 994 1635 cere,
1007 1600 1155 1635 Turcopuli
1167 1604 1339 1635 negaruntse
1351 1600 1446 1631 ituros,
1458 1599 1509 1625 nist
1521 1598 1576 1625 dux
1587 1599 1708 1631 ipsorum

921 1647 1131 1677 Tachantziaris
1140 1646 1217 1682 prius
1224 1646 1346 1674 custodia
1357 1646 1529 1673 liberaretur.
1542 1645 1708 1672 Concessum

922 1696 975 1723 ltoc
991 1695 1044 1722 illis
1058 1698 1110 1725 est,
1132 1694 1169 1721 ita
1183 1697 1214 1720 ut
1237 1692 1370 1719 universae
1383 1691 1439 1726 jam
1462 1691 1546 1726 copiae
1562 1691 1710 1718 concordes

921 1745 948 1769 et
961 1741 993 1768 ad
1006 1740 1113 1775 quidvis
1127 1746 1182 1766 uno
1193 1739 1284 1766 animo
1296 1738 1429 1773 agendum
1445 1738 1514 1765 satis
1530 1737 1594 1772 ipsis
1609 1742 1712 1773 parata;

922 1788 1090 1814 viderentur.
1120 1786 1189 1814 Hinc
1220 1793 1316 1813 rursus
1343 1785 1426 1812 didita
1458 1785 1529 1812 fama
1559 1789 1601 1812 est
1625 1789 1711 1810 totum

924 1833 999 1861 illum
1018 1832 1167 1860 exercitum
1186 1836 1261 1859 recta
1286 1831 1313 1859 itt
1340 1832 1434 1859 urbem
1451 1838 1660 1866 processurum;
1679 1838 1713 1858 ex

923 1888 978 1915 quo
992 1887 1059 1907 nova
1077 1879 1189 1907 incessit
1202 1879 1347 1914 trepidatio
1363 1880 1479 1906 rusticos
1489 1879 1618 1906 sementis
1631 1886 1712 1905 causa

925 1925 1056 1954 faciendze
1081 1934 1144 1953 rure
1164 1926 1297 1953 hactenus
1326 1930 1456 1957 moratos,
1476 1930 1505 1953 ιιι
1529 1932 1713 1953 eonvasarcttt

925 1973 976 2007 ipsi
992 1972 1047 2006 jam
1065 1980 1184 2008 quoque,
1201 1980 1285 2006 seque
1303 1981 1334 2000 ac
1362 1980 1409 1999 stta
1424 1974 1495 1999 intra
1512 1973 1588 2000 urbis
1612 1973 1713 2000 mcenia

925 2019 1063 2045 conditum
1075 2022 1230 2045 currerent.
1240 2017 1342 2045 Verum
1355 2018 1516 2053 Atnogabari
1529 2023 1592 2046 tunc
1603 2019 1712 2053 quidem

925 2064 1154 2098 oppugnationem
1175 2064 1286 2091 Tzurttli
1307 2065 1473 2099 aggressioni
1496 2055 1572 2092 urbis
1596 2072 1714 2094 pt-zever-

926 2110 1036 2137 tendam
1054 2110 1104 2137 rati
1118 2110 1218 2145 oppido
1233 2118 1262 2137 se
1280 2109 1325 2137 isti
1344 2111 1535 2142 admoverunt,
1553 2111 1623 2137 ltand
1639 2110 1712 2144 quali

926 2161 1104 2191 speraverant
1120 2164 1246 2183 successu
1265 2165 1272 2183 :
1290 2156 1378 2184 valida
1388 2157 1488 2191 quippe
1502 2156 1712 2183 Tzurttlensium

926 2202 1086 2230 defensione
1101 2201 1202 2237 repulsi
1222 2202 1321 2229 damna
1337 2209 1391 2229 non
1402 2209 1502 2243 _parva
1524 2202 1712 2236 patiebantur.

78 2248 172 2283 gladio
186 2248 381 2282 absciderunt;
405 2256 456 2276 nec
474 2248 549 2276 illum
569 2250 668 2283 solum,
691 2251 737 2278 sed
762 2255 790 2278 et,
812 2252 872 2286 ejus
889 2246 911 2273 D
927 2248 976 2275 llic
1004 2253 1085 2282 capto
1112 2253 1233 2283 tempore
1263 2247 1470 2275 Tachantziaris
1494 2255 1554 2274 cum
1577 2248 1715 2282 plerisque

79 2293 197 2321 fratrem
226 2293 300 2320 ferro
320 2294 423 2328 pariter
446 2294 472 2321 in
496 2294 630 2322 cervicent
655 2295 773 2328 impacto
794 2303 871 2330 pere-

81 2342 204 2370 merunt,
220 2338 334 2373 dejectis
359 2338 439 2365 simul
458 2339 484 2365 in
501 2343 602 2366 terram
621 2340 756 2374 capitibus
779 2341 872 2368 ambo-

82 2392 155 2416 rum,
165 2384 238 2417 quod
251 2391 304 2410 uno
314 2389 435 2418 tempore
445 2384 533 2411 fuerat
543 2385 652 2419 utrique
663 2386 732 2413 icttts
741 2385 870 2414 intliclus.

82 2429 208 2456 Truncos
241 2428 302 2455 inde
336 2429 484 2464 spoliantes
519 2430 723 2463 imperatorium
754 2431 870 2464 diploma

83 2475 217 2500 munitutn
235 2481 316 2501 aurea
337 2475 410 2501 bulla
429 2482 511 2508 super
529 2475 672 2502 humerum
691 2475 786 2503 lsaacii
807 2484 873 2511 pcn-

83 2519 152 2546 dens
167 2520 220 2546 sub
231 2524 306 2546 veste
317 2520 472 2553 reperiunt;
487 2527 541 2554 quo
554 2519 623 2547 lecto
640 2520 665 2547 itt
682 2528 715 2548 eo
726 2521 873 2549 observant

86 2565 248 2592 nominatim
265 2565 394 2593 invitatos
412 2567 516 2601 magnis
532 2567 652 2601 praemiis
667 2568 813 2601 propositis
839 2569 871 2594 ad

85 2611 280 2638 transeundum
306 2611 332 2638 in
355 2616 446 2646 partes
468 2613 652 2646 imperatoris,
668 2613 749 2648 633
776 2619 873 2648 praeter

84 2659 170 2684 duces
186 2665 282 2685 omnes
305 2658 403 2685 Persas
424 2658 450 2685 in
466 2659 586 2686 Occiduo
613 2663 668 2686 tum
697 2664 783 2687 tractu
801 2661 872 2686 mili-

86 2707 186 2734 tantes,
200 2703 282 2729 etiam
309 2703 531 2731 Tacltantziarin.
548 2704 624 2732 Unde
643 2705 744 2738 injecta
767 2707 873 2734 cunctis

84 2747 139 2774 illis
161 2748 319 2775 sollicitudo
334 2754 375 2776 est
392 2757 423 2776 se
447 2750 559 2783 viritim,
577 2755 606 2777 ut
629 2751 744 2786 quisque
770 2753 873 2786 optime

85 2794 185 2827 putuit,
213 2801 227 2820 a
248 2795 358 2827 cogitati
385 2795 528 2831 transfugii
549 2797 703 2832 suspicione
727 2799 872 2833 purgandi.

89 2839 220 2867 [lationes
241 2848 306 2875 ergo
334 2843 458 2869 certatim
484 2844 517 2870 ad
544 2844 569 2870 id
594 2850 672 2878 aptas
696 2850 874 2877 congerentes

87 2885 252 2921 allegabant,
275 2895 328 2914 non
351 2895 463 2923 prorsus
484 2889 627 2917 ittuti'itcr.
650 2891 700 2917 l‘er
725 2891 775 2918 itas
799 2891 873 2918 enim

923 2294 1138 2329 Tttrcopulorum
1169 2300 1250 2322 ttoctu
1282 2293 1397 2330 aufugit,
1426 2294 1460 2321 ad
1487 2294 1628 2330 Tzarapcn
1657 2295 1715 2322 arci

925 2342 997 2372 Apro
1012 2341 1091 2369 tlictzc
1102 2341 1258 2375 praefectum
1271 2349 1351 2367 cursu
1362 2346 1492 2369 contento
1508 2348 1538 2368 se
1552 2341 1714 2374 conferens;

923 2392 950 2415 ct
984 2387 1120 2415 admissus
1143 2396 1158 2414 a
1188 2387 1365 2422 prmsidiariis
1391 2388 1462 2415 intra
1485 2393 1606 2415 castrum
1636 2388 1711 2418 illud.

925 2433 994 2460 facta
1013 2434 1088 2468 prius
1113 2434 1217 2461 idoneis
1245 2434 1354 2461 indiciis
1379 2434 1432 2461 [ide
1449 2434 1505 2461 veri
1521 2435 1663 2469 transfugii
1678 2436 1712 2461 ad

924 2484 1015 2513 partes
1036 2480 1230 2506 Romanorum.
1243 2480 1335 2507 Persa:
1350 2485 1440 2507 autem
1453 2480 1540 2507 relicti
1557 2481 1590 2507 ad
1609 2481 1715 2507 'l‘zuru—

923 2525 990 2556 lum.
1013 2522 1313 2560 fttga’Turcopttlot-um
1339 2526 1460 2560 cognita,
1486 2526 1577 2554 subito
1603 2532 1631 2554 et
1663 2527 1713 2561 ipsi

925 2579 1021 2598 versus
1049 2571 1140 2597 littora
1169 2571 1285 2604 fugiunt,
1309 2571 1354 2598 ubi
1382 2575 1457 2599 stare
1483 2572 1606 2600 sciebant
1632 2581 1713 2600 naves

924 2617 1052 2644 Italorum
1076 2625 1186 2649 vacuas,
1203 2617 1303 2652 quibus
1327 2618 1352 2645 vi
1374 2619 1515 2653 occupatis
1541 2619 1666 2653 trajicere
1686 2620 1712 2645 in

925 2664 1018 2690 Asiam
1049 2670 1078 2690 se
1109 2664 1257 2695 sperabant.
1288 2671 1378 2698 posse.
1411 2664 1469 2692 "ac
1504 2665 1625 2698 ipsorum
1653 2664 1711 2690 Itali

926 2707 1037 2741 perfidia
1047 2713 1186 2740 comperta
1199 2713 1272 2735 retro
1285 2709 1412 2741 fugitivos
1429 2711 1620 2744 insequuntur.
1631 2709 1714 2744 634

925 2752 1125 2786 gratuiantibus
1148 2751 1280 2781 Romanis
1300 2753 1391 2782 hostes
1419 2761 1483 2782 suos
1500 2754 1572 2782 civili
1596 2755 1712 2781 iuvit-em

925 2798 1038 2824 discidio
1054 2800 1228 2826 commissos.

1126 2844 1172 2870 50.
1195 2844 1232 2871 De
1252 2843 1393 2872 Pltarendu
1410 2843 1507 2872 Tzimé.

960 2890 1011 2918 Sctl
1023 2895 1050 2918 ct
1063 2891 1149 2926 major
1162 2891 1195 2919 iis
1215 2896 1273 2920 erat
1288 2892 1421 2926 gaudendi
1435 2901 1526 2926 causa,
1559 2893 1629 2926 ιμιυιί
1643 2891 1715 2920 I‘lta—
