1957 3066
125 133 181 168 691

588 140 638 170 DE
660 140 882 171 ANDRONICO
900 140 1128 172 PALIEOLOGO
1142 141 1215 171 LIB.
1236 140 1304 172 VII.

1689 145 1744 179 698

123 201 198 225 σαις,
211 192 258 220 καὶ
274 192 379 228 βασιλεῖ
391 193 566 228 τριακοσίους
577 195 631 222 τῶν
642 196 760 231 ἀρίστων
772 196 909 231 πολεμάρ-
923 195 947 224 Α
960 196 1022 230 τῆρι
1038 196 1085 222 ἐπὶ
1097 193 1177 222 Αἶνον
1188 195 1236 222 καὶ
1247 195 1414 231 Μεγαρισιον
1428 195 1559 230 γίνονται,
1574 196 1641 223 ὅπου
1656 198 1704 224 καὶ
1715 199 1744 232 ἐξ

121 247 181 274 κων
195 238 428 274 αυγκροτοῦντας,
441 239 509 266 ὅπου
525 240 580 274 ἄρα
592 241 640 267 καὶ
653 241 862 276 προσταχοεῐεν.

230 294 281 321 λα’.
302 294 340 322 Τὰ
356 295 432 322 κατὰ
442 295 500 328 τὴν
518 295 623 323 Ῥόδον
636 296 805 330 συμϐάντα.

158 351 197 377 Οὐ
215 351 268 385 μὴν
282 351 310 378 δὲ
323 351 369 378 καὶ
397 351 523 386 βασιλεὺς
542 351 627 378 ταῦτα
641 352 745 384 τούτοις
772 352 908 384 ἐπείθετο,

122 396 194 424 ἀλλὰ
207 396 430 431 προσετοιμάσας
444 397 492 423 καὶ
506 395 583 428 αὖθις
596 398 646 428 τὰς
668 398 735 432 νῆας
750 398 798 424 ἐπὶ
817 399 908 425 Ῥόδου

123 441 232 475 πέμπει
246 441 278 467 τὰ
290 441 391 468 δυνατὰ
410 443 593 477 προσαρήγων
615 442 736 475 Ῥοδίοις.
755 443 808 469 Τοῦ
820 443 843 469 δ’
859 443 908 470 αὐ-

122 487 172 513 τοῦ
189 489 273 522 μηνδς
288 487 494 521 Βοηδρομιῶνος
509 489 579 515 κατὰ
594 489 643 523 τὴν
658 489 754 522 καινὴν
766 489 909 523 Κυριακὴν

124 533 174 558 καὶ
190 534 203 559 ὁ
215 532 365 567 φυλακὶτης
381 533 586 568 Μελιτηνιὼτης
598 534 721 568 θνήσκει,
735 536 769 568 τῇ
782 534 811 566 ἐξ
820 534 908 569 ἀρχῆς

124 578 373 616 ἐπιμένων-γνώμῃ
389 579 483 614 ὥσπερ
503 579 548 605 καὶ
564 582 578 606 ὸ
599 580 710 611 Βέκκος,
732 580 814 615 μηδὲν
830 580 910 606 πλέον

124 626 193 659 πρὸς
213 626 347 660 βασιλέως
361 626 479 658 ἀξιώσας
504 627 520 661 ἧ
536 627 565 652 τὸ
579 626 625 653 ὲπί
643 635 696 653 τινι
708 626 762 653 τῶν
782 627 845 661 περὶ
860 626 909 660 τὴν

123 671 202 698 πόλιν
220 672 356 706 ἀοικήτων
369 673 458 705 νήσων
485 672 607 706 ἀπαχοὲν
620 672 649 697 τὺ
667 672 732 698 ἴδιον
748 672 845 705 σκῆνος
859 679 908 696 τα-

123 717 220 751 φῆναι.
235 718 267 743 '0
281 717 329 743 καὶ
340 717 448 750 γέγονε.
465 717 519 744 Καὶ
528 719 567 747 εἰς
577 717 626 752 τὴν
642 717 749 751 Πλάτην
765 716 909 751 ἐκκομίζε-

122 770 170 788 ται
184 761 231 788 καὶ
256 761 367 793 εἰκαίως
385 762 528 789 θάπτεται.
558 762 647 793 Μόνος
664 764 693 788 δὲ
716 763 750 796 τῇ
771 762 879 795 φυλακῇ
895 761 909 786 ὁ

121 807 277 842 Μετοχιτης
289 807 532 841 ὲγκαταλέλειπτο,
545 808 627 843 μηδὲν
636 808 683 834 καὶ
697 808 777 839 αὐτὸς
792 807 908 838 ἐνδιδοὺς

123 852 164 879 ἔτι
181 849 219 879 ὥν
233 852 263 884 ἐξ
274 852 361 887 ἀρχῆς
376 852 507 887 ὲξείχετο.

122 909 176 944 λβ’.
196 909 267 943 Περὶ
289 908 345 943 τῆς
367 909 604 944 ἐπαναστάσεως
619 910 678 937 τῶν
694 910 908 947 Ἀμργαϐάρων.

160 965 205 1002 [Ρ.
224 965 287 1001 ΔΗ]
308 966 494 1002 Ἀμογάσαροι
504 967 532 993 δὲ
544 967 578 993 τὰ
594 966 679 993 πολλὰ
688 966 726 1002 τῷ
738 966 810 1002 λιμῷ
826 975 909 1000 προσ-

122 1012 363 1046 ταλιαιπωροῦντες
385 1013 463 1047 (οὐδὲ
484 1012 539 1047 γὰρ
565 1013 689 1047 απεῖρειν
711 1012 836 1048 ἤθελον),
852 1013 910 1046 ἃμα

123 1057 152 1084 6‘s
170 1058 218 1085 καὶ
232 1058 281 1093 τῆς
295 1059 327 1084 ὲκ
350 1058 405 1084 τῶν
423 1058 595 1093 θνησκόντων
612 1058 745 1088 δυσωδίας
762 1058 799 1092 μὴ
816 1058 910 1093 ἀνεχό-

126 1111 213 1137 μενοι,
231 1103 382 1130 Ῥαιδεστδν
396 1103 442 1130 καὶ
457 1103 544 1131 Πανία
559 1103 606 1130 καὶ
620 1103 655 1130 τὰ
667 1102 714 1130 τοῦ
727 1103 813 1130 Γάνου
827 1112 911 1130 κατα-

123 1148 251 1179 λιπόντες
266 1149 427 1185 παμπληθεὶ
440 1150 509 1176 κατὰ
522 1150 571 1185 τὴν
582 1149 630 1176 τοῦ
645 1150 764 1176 Καλλίου
779 1150 909 1183 γίνονται.

130 1195 206 1222 Ἐκεῖ
219 1194 283 1227 τοὺς
307 1196 337 1226 ἐς
362 1195 485 1230 φυλακὴν
512 1195 638 1231 αὐτάρκη
654 1195 781 1227 λιπόντες
794 1195 847 1230 ὅλῳ
863 1195 910 1229 ρυ-

124 1285 300 1314 concorditer
330 1285 497 1317 habitarent,
531 1285 591 1319 ejus
625 1285 738 1319 imperio
775 1285 909 1320 subjecti;

124 1331 197 1366 qunti
214 1330 237 1358 si
254 1335 395 1364 annuerat,
413 1330 562 1358 oll'erebant
580 1335 717 1358 trecentos
731 1338 746 1358 e
761 1331 817 1358 suis
829 1339 911 1366 cxpe-

126 1377 306 1404 rientissimos
320 1377 359 1404 rei
372 1376 484 1408 bellica.
495 1380 524 1402 ut
538 1376 586 1410 qui
599 1383 652 1403 non
670 1383 789 1410 pugnare
812 1376 910 1408 solum,

124 1424 172 1450 sed
197 1429 313 1457 praeesse
340 1422 449 1449 aciebus
478 1426 506 1449 et
530 1422 643 1449 ductare
667 1422 804 1449 exercitus
826 1421 911 1456 perite

124 1473 246 1504 possent.
259 1467 311 1495 llos
322 1468 521 1502 pollicebantur
534 1475 548 1494 a
561 1475 591 1494 se
606 1468 692 1494 ituros
703 1467 736 1493 ad
750 1462 909 1501 Augustum,

124 1521 151 1541 et
162 1521 324 1548 quocunque
335 1514 417 1542 vellet
432 1515 578 1545 destinare,
590 1513 622 1540 ad
636 1521 692 1540 rem
707 1518 800 1540 contra
813 1513 911 1540 Persas

125 1570 206 1589 manu
223 1568 250 1590 et
262 1562 378 1590 concilio
395 1562 541 1597 gerendam
557 1561 740 1595 profecturos.

309 1619 352 1646 5|.
374 1619 440 1652 Quae
455 1617 540 1651 Rhodi
554 1617 724 1650 contigerint.

159 1677 219 1705 Non
245 1682 336 1704 tamen
364 1677 421 1704 hzec
439 1676 494 1703 illis
520 1676 669 1710 imperator
696 1681 826 1702 assensus
843 1677 908 1700 est:

123 1725 189 1758 quin
207 1728 233 1750 et
257 1731 351 1750 rursus
368 1727 477 1757 paratas
502 1729 584 1749 naves
608 1721 735 1748 Rhodum
754 1721 839 1752 misit,
861 1727 910 1753 pro

123 1771 197 1797 virili
221 1769 343 1796 Rhodios
359 1769 502 1802 adiuvans.
526 1767 629 1794 Eodem
652 1773 745 1793 mense
763 1766 861 1800 Aprili.
877 1772 908 1792 ea

124 1817 169 1844 die
187 1824 248 1850 quas
263 1823 331 1842 nova
350 1815 488 1842 Dominica
504 1818 627 1846 vocatur,
643 1819 719 1840 vetus
730 1813 827 1847 hospes
849 1819 910 1839 cur-

123 1862 198 1890 ceris
215 1861 395 1888 Meliteniotes
424 1860 552 1891 moritur,
581 1860 608 1886 in
632 1859 718 1893 prima
745 1866 806 1887 sua.
827 1863 855 1884 ut
881 1862 910 1884 et

124 1909 243 1938 Veccus.
259 1915 421 1942 permanens
440 1908 589 1938 sententia,
607 1905 672 1932 nihil
694 1904 809 1938 amplius
824 1904 910 1938 impe-

124 1960 245 1983 ratorem
257 1959 383 1988 precatus
396 1953 449 1980 nisi
463 1958 493 1980 ut
507 1954 533 1980 in
546 1953 636 1986 aliqua
652 1952 821 1978 desertarum
837 1951 911 1978 insuv

125 2003 212 2028 larum
238 2000 355 2027 cadaver
377 2007 455 2027 suum
481 1999 588 2032 sepeliri
607 1998 760 2025 mandaret.
781 1996 856 2030 Quod
883 2001 911 2024 et

125 2048 228 2075 factum
253 2051 318 2074 est:
340 2053 400 2073 nam
429 2046 455 2072 in
480 2045 594 2072 insulam
621 2043 716 2070 Platen
740 2043 909 2076 deportatum

125 2102 226 2128 corpus
243 2093 300 2127 ejus
318 2093 354 2120 ibi
371 2097 413 2120 est
436 2091 563 2118 tralatitie
578 2092 730 2118 humatum.
754 2089 833 2116 Solus
846 2096 910 2115 vero

125 2141 153 2167 in
169 2147 282 2167 carcere
296 2138 440 2166 Metochita
458 2137 600 2169 remansit,
625 2144 675 2163 nec
691 2136 748 2170 ipse
764 2135 910 2169 quidquam

125 2188 214 2214 adhuc
230 2186 371 2214 remittens
388 2185 414 2212 in
431 2185 465 2212 iis
484 2192 545 2220 quat
559 2191 574 2210 a
591 2183 725 2218 principio
740 2182 906 2209 decreverat.

267 2242 312 2269 52.
329 2242 367 2269 De
389 2242 506 2269 discessu
529 2239 768 2275 Amoqabararum.

161 2300 195 2326 At
209 2298 370 2333 Amogabari
387 2298 457 2324 fame
476 2297 651 2323 vehementer
662 2296 747 2330 pressi
762 2296 826 2334 (non
840 2293 910 2320 enim

126 2345 265 2372 seminare
288 2343 461 2378 curaverant)
483 2347 510 2370 et
533 2343 706 2369 morientinm
724 2341 787 2368 inde
804 2340 910 2375 vulgata

126 2389 171 2416 lue
191 2388 370 2421 plurimorum
396 2388 520 2414 faetorem
537 2395 589 2413 non
617 2386 748 2418 ferentes,
767 2385 911 2412 thmdesto

126 2439 153 2460 et
167 2433 272 2464 Paniis.
287 2441 319 2460 ac
333 2440 500 2467 quacunque
513 2432 545 2459 ad
565 2431 669 2459 Ganum
689 2432 825 2461 tenebant.
845 2430 913 2458 locis

128 2481 341 2514 relictis.pronn
365 2487 445 2506 ειη-εει
467 2479 499 2505 ad
525 2478 622 2506 Aﬂnum
643 2481 671 2504 et
694 2478 864 2511 Megarisium
882 2484 912 2504 se

128 2525 309 2554 transferunt.
327 2524 377 2552 Ubi
394 2524 429 2550 ob
441 2523 582 2558 penuriam
596 2523 680 2550 nihilo
698 2523 789 2550 secius
809 2530 911 2556 urgen-

127 2576 180 2596 tem
203 2569 290 2596 coacti
312 2569 398 2596 aleam
421 2568 513 2601 jacere
529 2568 698 2599 certaminis,
719 2568 812 2602 iniqtto
828 2568 911 2594 etiam

127 2615 188 2643 loco
204 2623 322 2650 pugnam
341 2614 509 2646 lacessendo,
524 2621 558 2640 ne
577 2614 616 2640 sic
636 2613 744 2648 quidem
761 2612 840 2640 malis
854 2613 912 2639 suis

128 2662 319 2689 medehantnr.
333 2668 386 2686 non
402 2659 492 2693 parvis
506 2659 540 2686 ab
560 2659 665 2686 illarum
682 2659 779 2686 incolis
796 2659 913 2693 partium

128 2706 236 2732 damnis
261 2705 361 2733 affecti.
388 2705 464 2732 Tunc
485 2705 558 2732 fama
576 2706 711 2732 increbuit
735 2713 768 2732 ex
790 2706 916 2739 opinione

127 2751 210 2786 637
232 2751 371 2778 verisimili
391 2751 547 2784 multorum,
563 2759 577 2778 a
592 2752 658 2778 viris
674 2751 755 2778 etiam
776 2752 916 2786 prudenti-

128 2798 190 2828 bus,
211 2796 255 2823 ubi
270 2795 425 2828 audierunt,
442 2795 520 2823 facile
546 2797 659 2829 credita,
679 2803 725 2823 eos
748 2797 816 2824 velle
842 2797 918 2832 traji-

129 2849 192 2869 cere
211 2841 350 2870 Maritzam
367 2849 486 2875 amnem,
512 2842 557 2870 sed
580 2842 650 2876 quod
670 2842 772 2871 scirent
786 2850 846 2871 eum
864 2851 918 2878 quo

961 240 1084 274 ἀνάγκης
1101 241 1148 266 καὶ
1174 240 1276 271 ἐνδείας
1291 240 1508 274 προσϐάλλοντες
1522 241 1570 268 καὶ
1592 242 1742 277 ῥιψοκινδύ-

961 295 1013 316 νως
1037 285 1185 320 μαχόμενοι
1199 285 1276 312 οὐδὲν
1301 283 1381 321 ἦττον
1406 287 1481 322 παρὰ
1496 287 1549 313 τῶν
1576 287 1743 324 προσχώρων

960 331 1132 366 ὲζημιοῦντο.
1156 331 1208 357 Καὶ
1224 331 1322 363 πύστις
1335 330 1369 367 ἦν
1383 333 1569 367 πιστευομένη
1584 333 1677 366 ἐνίοις,
1696 334 1745 360 καὶ

960 378 1016 407 τοῖς
1043 375 1151 402 δοκοῦσι
1176 376 1232 403 τῶν
1246 377 1411 411 ἀκουόντων,
1428 377 1466 410 ὥς
1492 378 1539 405 τοῦ
1556 380 1679 414 ποταμοῦ
1695 381 1744 415 τῆς

959 421 1102 456 Μαρίτζης
1116 421 1146 447 τδ
1159 422 1227 449 πολὺ
1252 422 1298 449 τοῦ
1313 422 1410 454 ὓδατος
1429 423 1498 458 πρὸς
1524 423 1662 451 θάλασσαν
1678 426 1745 452 ἁπο-

960 469 1109 500 πτύσοντος
1130 469 1176 494 καὶ
1204 468 1286 503 βατοῦ
1308 468 1400 500 ποσῶς
1420 469 1567 504 γενομένου
1598 471 1660 497 ποτὶ
1676 472 1744 506 rapo:

961 514 1074 546 Βολερδν
1096 514 1137 540 δια
1146 515 1389 549 τῖεροιιωθήσονται.
1414 515 1494 542 ’Όθεν
1508 517 1557 542 καὶ
1570 516 1663 543 πολλοὶ
1676 526 1745 552 προ.
1759 536 1762 552 ί

960 541 1105 593 φθάνοντες
1115 541 1233 594 ἑξῴέουν
1245 541 1350 586 ὲκὲῖθεν
1365 560 1412 586 καὶ
1425 541 1480 591 τοῖς
1759 541 1764 602 l

959 604 1079 635 είῖᾶοντο,
1106 604 1143 635 ὡς
1168 606 1307 639 προνομῆς
1329 605 1414 632 τύπον
1438 605 1510 640 ἔχειν
1539 607 1587 632 καὶ
1610 606 1640 633 ὃν
1664 604 1763 645 τόπονί

959 648 988 674 οὗ
994 658 1034 674 πω
1048 649 1100 675 τινὶ
1117 650 1267 684 προενόμευ
1273 659 1332 677 σαν.
1759 660 1763 703 1

994 717 1044 751 λγ¹.
1060 717 1191 751 Ἀλωσις
1204 717 1257 752 τῆς
1281 719 1456 752 Τρικοκκίας
1473 720 1553 754 παρὰ
1574 719 1708 754 Περσῶν.

1002 783 1154 818 Ἑτέρωϐεν
1178 784 1238 811 κατ’
1253 784 1397 819 ἀνατολὴν,
1418 785 1466 811 καὶ
1490 785 1589 819 μᾶλλον
1614 786 1678 819 περὶ
1694 786 1747 817 τὴν

959 829 1087 862 Νίκαιαν,
1106 829 1249 863 δυσφόρως
1261 827 1336 863 εἶχον
1353 830 1386 857 τὰ
1399 831 1561 865 πράγματα,
1579 831 1624 857 τοῦ
1643 832 1746 865 ’Δτμὰν

923 876 944 903 Β
959 875 1117 905 κλονοῦντος
1141 875 1174 901 τὰ
1198 875 1272 909 τῇδε,
1300 875 1347 902 καὶ
1367 876 1468 909 μᾶλλον
1491 877 1532 902 ὅτι
1554 877 1570 911 ἡ
1588 878 1744 912 αὑταδέλφη

959 922 1006 947 τοῦ
1028 921 1158 955 βασιλέως
1175 921 1268 955 Μαρία
1281 921 1393 947 καὶτῶν
1411 922 1587 955 Μουγουλιων
1599 922 1670 948 οὕτω
1687 931 1745 953 πως

960 967 1087 994 δέσποινα
1098 967 1285 1002 ὀνομαζομένη
1297 968 1433 994 ἐπιστᾶσα
1442 968 1545 1003 Ntxaz'q.
1554 968 1583 1000 ἐξ
1594 969 1745 1003 ὑπερτέρου

961 1013 1133 1046 φρονήματος
1157 1013 1195 1046 τῷ
1218 1013 1319 1048 Ἀτμὰν
1340 1015 1545 1048 προσεφέρετο,
1571 1015 1618 1041 καὶ
1644 1015 1683 1045 εἰς
1699 1014 1746 1041 τὸν

960 1057 1150 1092 Χαρμπαντᾶν
1175 1058 1339 1091 ἔπεγκαλεῖν
1364 1058 1430 1093 δήλη
1456 1056 1490 1094 ἦν
1506 1059 1667 1086 ἀπειλοῦσα.
1691 1060 1746 1086 Καὶ

960 1104 1055 1137 γέγονε
1070 1104 1167 1135 ταῦτα,
1187 1104 1233 1130 καὶ
1247 1104 1376 1139 μυριάδες
1386 1106 1469 1139 τρεῖς,
1484 1105 1521 1135 ὡς
1537 1106 1552 1140 ἠ
1568 1106 1665 1136 «iam;
1676 1103 1745 1140 εἶχε,

961 1149 1025 1183 περί
1046 1157 1098 1175 που
1120 1150 1153 1176 τὰ
1169 1149 1224 1183 ἑῷοι
1244 1150 1315 1184 μέρη
1329 1150 1459 1183 Περσίδος
1476 1150 1673 1184 ἐξεπέμποντο.
1690 1151 1746 1177 Καὶ

961 1195 1030 1230 πρὸς
1048 1195 1160 1229 βασιλέα
1184 1195 1219 1221 τὰ
1242 1195 1367 1230 μήνυτρα
1393 1195 1519 1230 ἔφθανον,
1547 1196 1593 1222 καὶ
1618 1195 1746 1230 βασιλεὺς

961 1285 1046 1320 magis
1076 1284 1307 1319 appropinquaret
1336 1285 1415 1317 mari,
1449 1293 1482 1311 co
1517 1285 1604 1312 altiori
1637 1290 1746 1320 turgere

962 1332 1049 1363 alveo,
1064 1331 1119 1357 loca
1137 1331 1170 1356 de
1184 1330 1316 1357 industria
1337 1337 1489 1364 quaerentes
1514 1331 1580 1357 fonti
1599 1331 1657 1362 eius
1680 1331 1746 1358 vici-

962 1377 1037 1403 niora
1065 1383 1161 1403 versus
1184 1376 1308 1404 Bolerutn
1338 1377 1459 1409 tendere,
1477 1377 1521 1404 ubi
1549 1378 1746 1410 quadamtenus

960 1423 1078 1450 vadosus
1097 1422 1246 1455 ferebatur,
1264 1428 1293 1448 ut
1313 1430 1373 1449 eum
1390 1423 1444 1450 illic
1460 1423 1571 1457 pedibus
1589 1423 1745 1450 transirent.

961 1469 1018 1496 Hoc
1045 1469 1091 1503 qui
1121 1469 1194 1496 circa
1224 1473 1326 1496 tractus
1356 1469 1415 1496 illos
1445 1469 1602 1495 habitabant
1627 1469 1744 1503 cognito.

963 1514 1061 1547 passim
1089 1514 1255 1541 consternati
1274 1514 1436 1541 deserebant
1453 1514 1558 1545 dumos,
1582 1521 1611 1540 se
1641 1520 1745 1547 suaque

962 1561 1093 1587 abdentes
1113 1560 1184 1587 intra
1205 1560 1323 1587 munitas
1343 1567 1431 1590 arces.
1450 1567 1504 1587 non
1522 1560 1575 1587 alio
1592 1567 1673 1594 quam
1689 1566 1746 1586 ina-

961 1611 1026 1633 turae
1056 1606 1123 1641 luga:
1148 1605 1273 1640 praesidio
1298 1609 1371 1632 tutos
1397 1613 1426 1633 se
1453 1606 1557 1632 futuros
1581 1605 1707 1632 arbitrati
1729 1613 1744 1632 a

961 1651 1129 1685 gravissimis
1146 1651 1233 1682 malis,
1254 1658 1314 1684 qua:
1329 1651 1362 1678 ab
1379 1647 1477 1677 Imrum'
1501 1656 1562 1677 nota
1587 1651 1746 1679 crudelitate

961 1704 1012 1723 non
1031 1697 1164 1724 immerito
1185 1697 1321 1724 timerent.
1346 1697 1381 1723 lla
1413 1698 1530 1723 nondum
1553 1696 1615 1725 ullis
1640 1702 1744 1724 vastata

960 1742 1083 1769 hostibus
1115 1743 1200 1776 regio,
1229 1751 1294 1769 vana
1325 1742 1504 1777 trepidatione
1532 1742 1745 1770 discursantium

962 1788 1014 1815 huc
1039 1793 1066 1815 et
1092 1788 1156 1816 illuc
1176 1788 1337 1819 incolarum,
1363 1795 1421 1815 eam
1442 1787 1604 1821 praeferebat
1629 1789 1746 1823 speciem

961 1836 1038 1870 quasi
1057 1835 1237 1862 cummaxime
1252 1843 1266 1861 a
1282 1835 1484 1869 pabulatoribus
1501 1834 1590 1868 magni
1611 1835 1746 1862 exercitus

962 1882 1062 1916 passim
1081 1881 1256 1915 diriperetur.

1084 1928 1128 1954 53.
1151 1928 1319 1962 Expugnnlia
1342 1927 1485 1954 Tricoccie
1505 1936 1520 1954 a
1536 1926 1635 1955 Persis.

996 1973 1110 2000 Aliunde
1126 1981 1174 2007 per
1188 1973 1337 2004 Orientem,
1351 1978 1378 2000 et
1392 1974 1508 2000 maxime
1527 1974 1599 1999 circa
1615 1973 1744 2002 Nicaeam,

962 2018 1032 2045 malo
1059 2026 1123 2045 sane
1152 2018 1211 2044 loco
1237 2025 1280 2044 res
1311 2022 1400 2048 erant,
1428 2018 1545 2044 Atmane
1569 2021 1663 2044 cuncta
1691 2016 1748 2042 illic

961 2068 1055 2098 agente
1076 2063 1246 2097 ferenteque,
1267 2063 1416 2096 praesertim
1440 2071 1473 2089 ex
1490 2070 1544 2097 quo
1566 2069 1644 2089 soror
1663 2061 1748 2095 impe-

963 2110 1061 2137 ratoris
1088 2110 1184 2143 Maria,
1208 2110 1390 2145 Muguliorum
1417 2111 1525 2138 domina
1551 2111 1678 2142 vocitata,
1702 2109 1748 2137 Ni-

961 2163 1023 2183 casze
1048 2156 1168 2183 residens
1185 2156 1240 2183 alto
1267 2157 1408 2184 Atmanem
1435 2156 1573 2190 despicere
1598 2156 1748 2191 supercilio

927 2202 948 2230 D
963 2202 1018 2228 visa
1044 2207 1094 2235 est.
1108 2206 1296 2230 accusaturam
1309 2209 1339 2230 se
1351 2202 1425 2229 illum
1437 2202 1506 2237 apud
1518 2201 1747 2237 Carmpantanem

963 2247 1079 2275 ﬁdenter
1091 2249 1265 2276 comminata.
1280 2248 1334 2276 Nec
1350 2249 1428 2276 mina:
1444 2249 1554 2276 fuerunt
1569 2256 1665 2276 vanam
1685 2256 1746 2275 nam

963 2301 977 2319 a
993 2294 1154 2327 compellato
1176 2303 1225 2327 per
1239 2295 1350 2322 Mariam
1364 2296 1562 2329 Carmpantane
1579 2295 1700 2329 triginta,
1719 2298 1748 2321 ut

963 2339 1035 2367 fama
1060 2340 1120 2371 fuit.
1145 2344 1310 2367 armatorum
1337 2340 1421 2367 millia
1438 2348 1469 2367 ex
1492 2341 1613 2368 interiori
1638 2339 1749 2367 Perside

966 2393 1062 2412 versus
1087 2385 1251 2413 Orientalem
1270 2385 1407 2412 Romaniae
1434 2385 1546 2413 limitem
1569 2386 1650 2413 missa
1674 2389 1748 2412 sunt.

963 2431 1046 2465 Cujus
1062 2431 1169 2458 indiciis
1186 2431 1222 2458 rei
1237 2436 1342 2458 mature
1359 2431 1391 2458 ad
1407 2431 1599 2466 imperatorem
1620 2430 1747 2465 prtemis-

963 2477 1011 2507 sis.
1036 2477 1139 2504 studuit
1168 2477 1212 2503 ille
1238 2477 1345 2504 obviam
1371 2477 1543 2504 venientibus
1567 2477 1677 2504 mittere
1703 2475 1749 2510 qui

963 2528 1043 2556 quam
1065 2527 1155 2555 gratus
1180 2522 1230 2549 sibi
1258 2521 1327 2550 foret
1354 2521 1460 2549 illorum
1484 2522 1617 2549 adventus
1644 2522 1751 2550 cunctis

964 2567 1245 2595 tlcmonslrationibns
1273 2568 1466 2595 benevolentiae
1484 2572 1512 2595 et
1537 2568 1625 2596 xeniis
1646 2568 1753 2602 magni-J

965 2614 1022 2641 ﬁcis
1037 2618 1213 2642 testarentur.
1231 2614 1283 2641 Sed
1301 2615 1367 2641 nihil
1381 2615 1477 2641 horum
1496 2615 1638 2642 Atmancm
1653 2614 1752 2640 terruit

964 2665 1010 2685 aut
1037 2660 1186 2693 segniorem
1212 2660 1245 2687 ad
1270 2660 1404 2688 destinata
1423 2660 1595 2695 exsequenda
1621 2659 1749 2686 reddidit.

963 2705 1033 2738 Quin
1047 2710 1074 2732 et
1095 2710 1173 2733 aucto
1187 2713 1218 2732 ex
1239 2705 1282 2733 his
1301 2706 1401 2740 impetu
1420 2706 1577 2733 incumbere
1602 2705 1750 2732 vehemen~

966 2752 1020 2778 tius
1037 2752 1069 2778 ad
1089 2757 1178 2785 empta
1197 2756 1308 2778 strenue
1325 2752 1502 2786 perpetranda
1519 2751 1671 2778 videbatur.
1695 2750 1751 2777 Ita-

966 2806 1018 2832 que
1045 2797 1172 2824 infestum
1200 2799 1348 2825 exercitum
1375 2797 1472 2824 Nicaa'e
1497 2797 1644 2824 admovens
1671 2803 1752 2831 agros

967 2845 1084 2878 primum
1097 2844 1200 2873 circum
1215 2844 1334 2879 undique
1350 2852 1356 2862 ι
1366 2843 1474 2874 asta-vit,
1485 2841 1573 2871 vincis
1583 2842 1751 2878 excidendis,
