1957 3066
194 161 248 193 699

811 163 969 194 GEORGII
986 164 1227 194 PACIIYMERE

1766 163 1823 194 700

195 217 312 251 πέμπων
329 215 370 252 [Ρ.
393 216 452 252 MS]
476 216 626 251 ἐπολυώρει
652 217 720 250 σφᾶς
740 219 847 253 συχνοῖς
869 218 915 244 καὶ
932 226 979 252 με-
995 223 1015 248 Α
1032 217 1121 251 ἐχυρῷ
1137 218 1237 252 εχρῆτο
1253 217 1385 252 φρουρίῳ,
1414 217 1461 242 καὶ
1478 216 1556 244 ἀπὼν
1573 216 1617 243 διὰ
1632 217 1687 243 τῶν
1710 218 1824 245 οἰκείων

195 263 378 298 γαλοπρεπέσι
390 263 517 298 φιλοτιμή
524 272 615 297 μασιν.
625 263 710 290 Οὐδὲν
719 263 840 289 δὲταῦτα
850 263 979 289 νωθέστε-

196 318 243 344 ρον
255 309 300 336 τὸν
315 310 416 344 Ἀτμὰν
427 311 534 336 ἐποίο-ιν
550 310 597 336 καὶ
613 310 678 344 περὶ
693 310 742 342 τὰς
754 309 867 344 πράξεις
879 309 979 336 ὡσανεὶ

196 355 429 390 προμηθέστερον,
444 355 512 382 ἀλλὰ
525 357 570 382 καὶ
586 355 687 389 μᾶλλον
703 355 893 390 παρώτρυνον,
909 355 979 381 ὥστε

195 400 241 426 καὶ
260 399 364 434 Νικαίᾳ.
383 399 589 431 προσϐάλλοντα
606 401 712 434 ἐκσπᾷν
733 399 782 433 μὲν
801 399 979 433 ἀμπελῶνας,

194 444 338 478 ἀφανίζειν
353 444 382 470 δὲ
399 445 473 478 λῆῖα,
493 445 539 471 καὶ
559 445 636 476 τέλος
650 445 814 480 προσϐαλεῖν
830 445 981 480 Τρικοκκίᾳ

195 489 234 524 τῷ
249 490 302 515 τῶν
317 489 453 516 Νικαιέων
467 491 682 525 ἐπιτειχίσματι,
702 492 749 517 καὶ
764 491 981 526 περικαθίσαντα

197 535 246 561 σὺν
263 535 360 569 πλήθει
375 537 455 562 παντὶ
470 537 509 571 τῷ
527 537 589 571 περὶ
604 537 684 563 αὐτὸν
699 537 754 563 τῶν
771 537 883 572 Περσῶν
898 537 982 563 πολλὰ

196 581 247 614 μὲν
261 582 357 608 παθεῖν
368 582 398 614 ὲξ
413 583 524 609 ἐκείνων
539 583 707 618 ἀρειμανίων
723 584 809 610 ὄντων
824 583 870 610 καὶ
882 583 983 618 μᾶλλον

195 627 322 662 ῥυτήρων
339 627 425 660 τόξων
452 628 583 662 ἀρχῆθεν,
608 629 684 660 τέλος
709 628 738 654 δὲ
757 629 820 660 τοὺς
840 629 962 663 τάφρους
974 648 981 660 ,

195 670 236 704 οἷς
249 673 394 709 ἐθάρρουν,
414 675 539 708 σταυροῖς
556 673 737 708 ἁναχώσαντα
749 674 796 700 καὶ
809 675 922 708 πέτραις
936 675 984 701 καὶ

195 719 315 754 δένδροις
331 719 378 746 καὶ
399 720 523 754 χώμασιν
545 720 646 751 αὐτοὺς
666 720 915 755 παραστήσασθαι,
937 721 984 753 καὶ

196 765 277 799 φόνον
293 765 344 800 μὲν
368 766 453 792 πολὺν
472 765 684 800 ἐξεργάσασθαι,
702 765 792 800 ἑαυτῷ
806 765 835 792 δὲ
850 766 884 792 τὰ
902 766 985 793 πιστὰ

196 811 299 843 δοῦναι,
317 810 355 842 ὥς
380 820 412 845 γε
437 811 533 851 ἐῴκειη
555 811 624 845 πρὸς
645 813 695 847 τὴν
711 813 765 838 τῶν
781 813 911 846 Τοχάριυν
924 833 931 845 ,
959 813 984 838 εί

197 857 357 888 ὲπιστῶσιν,
387 856 521 883 ἐπίθεσιν.
539 856 642 890 Θέρους
663 857 692 883 δὲ
715 854 751 892 ἦν
776 856 852 890 ἀκμὴ
866 876 874 888 ,
892 858 939 882 καὶ
955 857 983 882 αί

197 903 248 936 μὲν
262 902 308 928 τοῦ
327 902 461 938 βασιλέως
477 903 539 937 νῆες
554 903 618 936 περί
638 911 691 929 που
704 903 772 929 δέκα
789 902 859 934 μετὰ
878 902 925 928 τοῦ
939 903 986 928 ἐπὶ

196 948 244 974 τοῦ
261 947 375 982 στρατοῦ
390 948 523 983 Μαρούλη
548 948 616 982 πρὸς
639 948 728 975 Θάσον
746 948 986 981 ὲξαπεστέλλοντο.

197 993 253 1021 Καὶ
274 994 326 1028 γὰρ
351 993 468 1026 ἐπιστὰς
485 996 518 1029 τῇ
537 995 610 1029 νήσῳ
627 994 688 1020 δυσὶ
710 995 789 1020 ναυσὶ
814 995 948 1029 πρότερον
974 996 988 1021 ὁ

197 1039 244 1065 τοῦ
258 1038 386 1074 Μανουὴλ
395 1039 532 1073 Ζαχαρίου
549 1039 710 1065 πιστοτάτου
723 1041 757 1074 τῇ
772 1039 897 1074 βασιλείᾳ
914 1040 986 1066 Θείου

197 1084 309 1118 ἀνεψιὸς
318 1084 510 1115 ἀπιστότατος,
527 1084 574 1110 καὶ
591 1083 722 1118 πειρατοῦ
735 1084 835 1118 τρόπον
847 1084 988 1119 ἐπιχειρή-

199 1139 266 1164 σας,
285 1131 358 1166 αἱρεῖ
373 1131 402 1157 τὸ
426 1130 567 1166 φρούριον,
595 1131 628 1158 Ὃ
649 1130 682 1166 δὴ
706 1131 753 1157 καὶ
775 1131 925 1162 ἀνακτίσας
951 1131 988 1163 ὡς

199 1219 427 1255 segetibu5638
438 1220 663 1253 corrumpendis;
687 1227 749 1247 mox
768 1227 925 1255 oppugnare
942 1228 989 1256 ag-

200 1266 323 1300 greditur
339 1266 522 1298 Tricoceiatn,
541 1274 632 1293 arcem
649 1267 674 1293 in
691 1266 791 1293 Niczeaa
807 1267 906 1294 vicinia
932 1275 990 1294 lllll-

200 1311 364 1338 nitissimam
387 1316 414 1338 et
439 1312 512 1338 velut
529 1313 763 1346 propugnaculum
781 1313 839 1347 ejus
856 1314 989 1341 civitatis.

200 1357 265 1384 Arta
285 1358 369 1393 igitur
385 1358 411 1384 id
423 1363 555 1387 castrum.
570 1359 698 1386 onmibns
713 1359 816 1386 circum
833 1360 891 1386 suis
903 1360 990 1394 copiis

201 1402 358 1436 dispositis,
374 1403 517 1430 obsidione
532 1404 627 1439 cingit.
642 1404 809 1432 Obtinebant
823 1412 883 1432 eam
900 1413 990 1433 arcent

202 1448 362 1482 praesidiarii
388 1448 532 1476 fortissimi
559 1455 586 1478 et
612 1457 645 1477 ex
669 1450 749 1485 longo
771 1451 990 1479 exercitatissimi

202 1494 336 1527 arquitaa;
363 1494 434 1522 unde
460 1494 496 1522 ab
522 1495 563 1522 his
591 1503 695 1522 suntma
726 1496 750 1522 vi
778 1495 992 1530 repugnantibus

203 1540 287 1567 multa
303 1544 330 1566 et
345 1541 436 1574 gravia
456 1541 508 1576 pati
524 1541 622 1568 damna
645 1541 746 1569 milites
761 1542 886 1570 Attnanis
900 1543 992 1570 conti-

202 1587 252 1621 git.
272 1585 377 1613 Tamen
405 1587 432 1614 hi
461 1591 536 1614 trans
562 1588 653 1624 omnia
680 1588 822 1615 obstacula
848 1594 992 1622 pergentes

203 1641 288 1667 usque
308 1634 339 1659 ad
359 1633 459 1660 fossam
476 1638 671 1667 processerunt
685 1634 845 1668 profundant
857 1639 883 1662 et
900 1635 993 1667 latam,

203 1688 256 1714 qtta
283 1680 386 1707 obsessi
413 1687 576 1714 magnopere
593 1680 721 1707 lidebant.
746 1680 780 1706 At
803 1687 863 1706 eam
889 1679 992 1713 Persa),

206 1727 372 1753 decussatim
401 1726 532 1752 connexis
554 1734 569 1753 e
594 1726 716 1753 trabibus
741 1733 822 1760 super
838 1734 897 1752 eam
918 1727 994 1760 quasi

206 1777 314 1807 pontem
328 1773 536 1807 suspendentes,
553 1777 608 1798 tum
623 1776 714 1806 petras
731 1772 857 1806 desuper,
874 1772 995 1805 arbores,

209 1824 290 1846 terra:
307 1819 431 1845 cumulos
445 1823 472 1845 et
485 1820 624 1850 ruderttm,
642 1818 712 1845 mole
728 1818 831 1852 ingenti
851 1818 997 1845 dcvolven-

207 1870 259 1897 tes,
270 1869 446 1899 cowquarttttt
461 1865 580 1897 tandem,
593 1869 617 1891 et
631 1872 679 1898 per
692 1865 764 1891 illam
778 1865 817 1892 sic
830 1871 996 1891 constratam

208 1911 360 1938 insilienlcs
377 1911 403 1937 in
421 1917 512 1936 muros
529 1909 697 1936 Tricocciam
719 1911 743 1936 vi
765 1915 907 1944 ceperunt,
924 1911 998 1936 caide

208 1958 320 1984 immani
340 1962 510 1990 repertorum
529 1956 601 1982 intus
616 1955 700 1983 edita.
720 1955 755 1982 Ea
772 1956 799 1983 itt
815 1956 965 1982 munitione
982 1963 997 1981 a

208 2014 237 2034 se
256 2006 407 2032 instnnrala
432 2009 459 2031 et
486 2003 613 2038 praesidio
632 2003 683 2029 sibi
709 2003 903 2029 tidissimorunt
933 2010 1000 2037 prte-

209 2051 300 2078 vnlido
315 2051 419 2077 insessa
439 2049 591 2085 perfugium
620 2050 720 2076 habere
744 2057 773 2076 se
791 2055 879 2076 tutum
900 2057 931 2076 ac
950 2057 999 2083 pa-

212 2103 300 2126 ratum
317 2098 447 2127 adxcrsus
464 2105 558 2124 omnes
575 2104 656 2123 casus
673 2096 748 2128 belli,
765 2096 836 2130 quod
858 2096 1001 2122 itnminere

211 2144 262 2179 ipsi
283 2143 421 2170 diceretur
443 2150 457 2170 tt
483 2141 615 2169 Tocharis
642 2141 780 2177 suppetias
804 2143 928 2171 Augusto
953 2148 1000 2167 ve.

212 2189 361 2219 trientibus,
376 2188 475 2214 Atinati
490 2187 618 2214 credidit.
640 2187 732 2222 [lisias
746 2193 827 2220 porro
846 2191 904 2212 erat
925 2193 1000 2211 sunt-

213 2245 275 2269 ma;
301 2242 325 2262 et
359 2235 535 2269 ittlpt‘ratotis
561 2242 644 2261 naves
673 2234 783 2260 circiter
805 2234 907 2264 decem,
934 2233 1002 2260 duce

215 2284 268 2310 illis
295 2283 439 2316 ptzrposito
470 2283 516 2316 qui
542 2281 675 2308 exercitui
704 2280 858 2318 pyrzel‘uerat,
887 2279 1000 2311 Marttle,

214 2330 334 2357 Thasum
359 2337 453 2355 versus
477 2328 559 2361 jussm
586 2326 739 2353 solverunt.
761 2325 849 2352 Causa
875 2325 1000 2351 mittendi

214 2377 276 2406 fuit.
303 2377 373 2410 quod
401 2374 507 2401 Manut-1
536 2373 624 2408 patrtti
647 2373 687 2399 vel
714 2372 838 2399 avunculi
865 2372 1004 2398 Zachariae

216 2424 332 2458 imperio
352 2421 503 2449 ﬁdelissimi
520 2428 602 2454 nepos
619 2428 651 2447 ex
671 2420 754 2446 fratre
769 2423 816 2446 aut
835 2426 928 2446 sorore
943 2425 1004 2452 per-

218 2469 419 2500 lidiosisaimus,
441 2467 467 2494 in
494 2473 554 2493 eam
577 2465 658 2500 paqu
683 2469 747 2492 ante
772 2464 888 2491 insulam
909 2464 1003 2499 piratae

217 2517 271 2544 ritu
295 2515 399 2542 duabus
429 2514 541 2540 navibus
562 2513 726 2546 irrumpens,
750 2519 838 2538 arcem
867 2511 894 2537 in
916 2518 945 2537 ea
967 2510 1006 2536 si-

219 2569 272 2589 tam
301 2565 494 2595 occupaverat,
522 2561 664 2591 denuoqtte
689 2557 846 2592 diligentius
873 2556 1004 2583 munitam

218 2615 248 2636 ut
275 2609 330 2642 jam
353 2614 429 2634 suam
455 2605 581 2633 habebat,
607 2605 706 2631 absens
731 2603 840 2637 quidem
867 2603 935 2636 ipse,
959 2601 1004 2628 sed

221 2655 321 2682 vicaria
338 2654 388 2680 sibi
418 2652 533 2679 fidoruut
563 2649 616 2677 illic
636 2649 792 2684 degentium
811 2653 946 2683 potestate
965 2655 1008 2673 rc-

220 2710 297 2736 gens.
321 2701 374 2726 llos
393 2704 422 2726 ut
445 2698 507 2725 inde
531 2697 696 2731 pclleret,et
712 2695 826 2728 imperio
850 2694 1007 2720 restitueret

220 2747 322 2782 injuste
341 2750 497 2779 usurpatam
524 2743 654 2773 insulam,
671 2749 751 2775 quem
779 2739 928 2771 nominavi,
945 2746 1006 2766 ettttt

221 2793 342 2821 cxercitu
356 2792 471 2819 navibus
484 2795 561 2816 vecto
579 2789 725 2823 imperator
738 2787 831 2813 ducetn
847 2785 930 2812 misit.
950 2783 1007 2814 Ille.

223 2844 254 2865 ut
283 2843 342 2864 erat
364 2837 468 2871 jussus,
496 2835 618 2868 citposito
645 2833 670 2860 in
690 2833 808 2859 Thasum
835 2830 930 2860 milite,
952 2829 1007 2856 illic

227 2887 376 2912 immoraris
394 2891 483 2911 arcem
506 2882 632 2909 ami:sa:n
653 2887 814 2914 recuperare
845 2876 1005 2904 coaalntur.

1033 263 1155 295 κατεῖχε.
1175 262 1228 288 Καὶ
1243 262 1287 288 διὰ
1304 262 1390 288 ταῦτα
1413 262 1542 297 βασιλεὺς
1560 263 1756 296 ἐξαποστείλας
1772 265 1824 291 τὸν

1033 308 1080 334 ἐπὶ
1090 307 1137 333 τοῦ
1153 307 1269 342 στρατοῦ
1286 308 1334 334 σὺν
1347 308 1437 340 ναυσὶ,
1449 307 1655 342 προηγούμενον
1667 309 1716 343 μὲν
1728 309 1825 340 αὐτοῖς

1031 353 1082 388 τὴν
1103 353 1150 379 ἐπὶ
1173 353 1224 388 τὴν
1248 353 1331 388 νῆσον
1346 354 1513 388 προσεδρίαν
1528 354 1716 384 ἐπανετίθετο.
1740 355 1783 387 ὲφ⁸
1799 351 1825 388 ᾧ

1033 399 1080 425 καὶ
1095 399 1125 425 τὸ
1143 399 1273 433 φρούριον
1289 400 1524 434 παραστήσαιντο,
1551 400 1707 432 ἐπέσκηπτε
1724 400 1751 425 δὲ
1771 409 1824 426 πο-

1033 444 1148 480 λυωρείν
1173 445 1221 472 καὶ
1241 445 1309 480 πρὸς
1333 443 1413 472 Αἶνον
1438 445 1483 471 διὰ
1509 445 1573 476 τοὺς
1593 445 1800 480 Ἀμογαεάρους
1815 465 1825 477 ,

1034 491 1096 517 ἐπεὶ
1115 491 1161 517 καὶ
1178 491 1201 517 oi
1217 492 1281 526 περὶ
1299 491 1346 517 τὸν
1361 491 1480 525 Τζιμῆν,
1497 491 1533 522 ὡς
1550 491 1691 524 ἐλέγομεν,
1708 492 1754 516 ὲπὶ
1773 491 1826 526 τὴν

1033 534 1113 562 Δῐνον
1131 534 1278 572 ’γενόμενοι
1305 537 1484 573 ἐπολιόρκουν
1498 538 1546 563 καὶ
1561 537 1756 572 ἐνεργέστερον
1772 538 1827 563 ὲπ-

1035 581 1171 616 εχείρουν,
1185 583 1256 609 ὥστε
1280 584 1328 608 καὶ
1345 583 1506 617 ἀνορύττειν
1524 584 1556 608 ὲκ
1572 583 1672 617 μέρους
1695 583 1827 617 τάκείνης

1035 627 1164 661 θέμεθλα,
1185 628 1210 653 εί
1223 628 1269 654 καὶ
1284 628 1372 663 πέτρα
1386 628 1520 662 συμφύτῳ
1538 628 1761 663 προσαράξαντες
1773 629 1828 654 οὐκ

1035 669 1108 707 εἶχον
1123 673 1136 698 ὅ
1153 681 1180 699 τι
1195 673 1244 699 καὶ
1257 673 1402 708 πράττειν.
1418 673 1492 704 Τέως
1511 673 1540 700 δὲ
1553 673 1600 698 καὶ
1614 674 1640 699 οι
1661 673 1744 704 ἔνδον,
1763 673 1828 704 ἑνὸς

1035 718 1088 744 τῶν
1102 720 1199 752 τέχνην
1212 718 1336 752 ὀρύττειν
1349 719 1466 753 ἑχόντων
1477 719 1683 753 προσφυγόντος
1695 719 1828 751 ἐκείνοις,

1035 762 1193 798 ἅνώρυττον
1221 763 1328 791 ἔνδοθεν
1356 765 1495 800 ἀντικρὺ,
1527 765 1574 791 καὶ
1605 765 1828 800 προτερήσαντες

1035 809 1136 844 αἴφνης
1153 810 1183 836 τὸ
1203 810 1424 845 ἀνορυττόμενον
1443 811 1631 845 προσάξαντες
1647 810 1711 841 τοὺς
1726 809 1828 842 ἔξωθεν

1037 857 1095 882 ἐκεῖ
1108 857 1237 891 συνέσχον
1246 857 1480 892 καὶὲξηφάνισαν.
1492 857 1668 891 Σιτηγεῖσθαι
1683 856 1705 883 δ’
1717 856 1827 891 ἦθελον,

1038 903 1078 941 ὅτι
1103 902 1149 928 καὶ
1172 902 1251 937 λιμοῦ
1274 903 1448 929 ἐκινδύνευον
1475 903 1599 936 γίνεσθαι
1625 902 1828 937 παρανάλωμα.

1039 947 1122 973 Ὅθεν
1138 948 1185 974 καὶ
1198 947 1300 982 μικράς
1314 957 1390 979 τινας
1403 948 1471 982 νῆας
1484 947 1730 983 ὲξετοιμασάμενοι
1754 949 1783 979 ἐς
1797 948 1830 973 τδ

1038 994 1126 1028 πέραν
1137 994 1308 1028 κατήπειγον
1326 994 1374 1029 τῆς
1385 994 1542 1029 Μαρίτζης,
1558 995 1600 1028 ἐφ’
1616 991 1692 1027 ᾧπερ
1702 994 1734 1020 ὲκ
1749 993 1832 1019 Βολε-

1039 1040 1087 1074 ροῦ
1105 1041 1286 1074 σιταρκοῖντο.
1309 1037 1359 1072 Ai;
1383 1041 1415 1076 δὴ
1432 1041 1479 1068 καὶ
1497 1042 1567 1068 κατὰ
1592 1041 1730 1068 θάλασσαν
1747 1041 1829 1066 ὲντυ-

1038 1086 1132 1121 χόντες
1155 1086 1180 1112 oi
1203 1086 1250 1112 τοῦ
1268 1087 1314 1113 ἐπὶ
1337 1086 1385 1113 τοῦ
1408 1087 1526 1121 στρατοῦ
1543 1088 1588 1113 ἐπὶ
1610 1087 1661 1120 τὴν
1680 1087 1724 1113 ἐπ’
1743 1086 1831 1116 αὑτὰς

1039 1131 1212 1157 ὲπέσπευσαν
1224 1131 1325 1164 δίωξιν,
1341 1131 1548 1167 λιχνευσάμενοι
1568 1131 1636 1166 πρὸς
1654 1132 1685 1157 τὸ
1703 1131 1829 1166 θήραμα.

1040 1208 1139 1236 Fuerat
1159 1214 1248 1236 autem
1279 1209 1317 1236 illi
1350 1214 1481 1243 prteterea
1507 1209 1669 1244 imperatum
1695 1209 1778 1245 639
1801 1215 1832 1236 ut

1039 1255 1103 1283 Ᾱίιιί
1133 1255 1205 1282 arcis
1234 1256 1267 1282 ab
1292 1255 1468 1290 Amogabaris
1495 1255 1624 1287 obsessae,
1656 1257 1743 1290 quoad
1768 1256 1833 1282 inde

1040 1308 1146 1337 posset,
1166 1302 1257 1330 tutela:
1277 1303 1454 1336 prospiceret.
1475 1301 1542 1328 Nam
1563 1302 1671 1329 Tzimes
1686 1310 1745 1328 cum
1761 1302 1831 1333 suis,

1041 1354 1071 1375 ttt
1089 1356 1176 1382 nuper
1200 1348 1368 1380 dicebamus,
1385 1356 1482 1375 versus
1502 1347 1604 1375 diuum
1627 1347 1741 1382 profecti
1769 1354 1831 1374 eam

1042 1395 1221 1421 tnunitionem
1238 1395 1443 1428 oppugnabant,
1460 1394 1535 1422 omni
1554 1401 1605 1428 ope
1617 1394 1742 1428 subigere
1755 1398 1832 1420 sata-

1042 1445 1147 1475 gentes.
1164 1440 1231 1466 adeo
1254 1444 1282 1465 ut
1297 1439 1433 1466 cunicttlis
1459 1439 1509 1466 sub
1525 1439 1634 1466 humum
1659 1438 1748 1465 ductis
1774 1438 1834 1473 ipsa

1042 1488 1101 1519 ejus
1126 1486 1233 1521 penitus
1250 1485 1355 1512 emoliri
1376 1485 1551 1512 fundamenta
1571 1484 1776 1511 contenderent.
1805 1484 1834 1510 ltt

1044 1540 1097 1566 quo
1113 1539 1225 1563 magnus
1242 1531 1295 1557 illis
1310 1530 1429 1557 occurrit
1450 1531 1538 1562 labor,
1555 1531 1625 1565 qttod
1644 1535 1747 1564 petram
1769 1529 1836 1556 sub-

1045 1584 1091 1604 tns
1114 1582 1269 1612 perpetuam
1293 1581 1453 1610 repererunt
1474 1575 1648 1603 ferramentis
1662 1576 1734 1603 haud
1755 1576 1836 1603 facile

1047 1625 1199 1651 forabiletu.
1233 1622 1334 1650 Tamen
1365 1631 1426 1649 cum
1455 1623 1592 1656 ἱιυξιιιιιιιιη
1629 1627 1836 1656 perseveranter

1046 1672 1174 1698 instando
1197 1670 1389 1704 proveberent,
1413 1674 1566 1704 opportttne
1589 1669 1710 1696 obsessis
1735 1669 1836 1696 accidit

1049 1719 1222 1754 transfugere
1239 1719 1271 1745 ad
1299 1719 1371 1751 ipsos
1397 1718 1511 1751 peritum
1531 1716 1673 1750 quemdam
1697 1715 1837 1742 subterra-

1048 1773 1160 1793 neovum
1182 1764 1334 1791 istiusmodi
1354 1763 1504 1790 tnolitoretn
1521 1770 1646 1795 operum,
1660 1762 1738 1795 cujus
1754 1769 1836 1788 suasu

1049 1813 1186 1845 ductuque
1205 1811 1372 1837 contrarium
1388 1813 1416 1836 et
1438 1808 1486 1842 ipsi
1507 1807 1662 1835 cutticulutn
1691 1806 1836 1838 cﬂodiunt,

1049 1866 1104 1891 qtto
1123 1857 1258 1892 progressi
1279 1862 1364 1889 usque
1384 1855 1417 1881 ad
1444 1855 1536 1881 hostes
1564 1860 1634 1879 caeca
1660 1853 1703 1879 illa
1726 1860 1839 1886 progre-

1049 1905 1155 1932 dientes
1175 1903 1216 1929 via
1234 1910 1282 1929 nec
1297 1901 1408 1935 opinato
1425 1899 1610 1934 deprehensos
1628 1898 1838 1929 interemerunt,

1049 1951 1143 1978 labore
1169 1950 1290 1984 ipsorum
1316 1947 1394 1974 irrito
1419 1946 1534 1973 reddito.
1557 1945 1630 1971 Istud
1654 1943 1840 1970 obsidentium

1050 1996 1251 2024 incommodum
1270 1992 1434 2027 aggravabat
1455 1991 1570 2025 pquria
1585 1993 1799 2020 commeatuum,
1813 1994 1842 2016 et

1052 2043 1114 2070 hinc
1129 2046 1218 2068 mettts
1234 2048 1266 2066 ne
1281 2039 1353 2065 fame
1367 2039 1498 2072 perirent.
1517 2037 1584 2063 Iluic
1600 2041 1630 2063 ut
1646 2036 1754 2062 obviam
1769 2035 1842 2061 malo

1053 2089 1134 2118 irent,
1151 2087 1290 2113 naviculas
1305 2084 1453 2119 expediunt
1467 2084 1566 2117 quibus
1583 2083 1608 2109 in
1624 2083 1766 2109 adversam
1783 2081 1841 2108 Ma-

1053 2135 1127 2162 ritza)
1137 2134 1225 2160 amnis
1236 2132 1317 2159 delati
1329 2132 1414 2165 ripam
1427 2138 1442 2157 e
1450 2129 1547 2156 Bolcro
1560 2133 1586 2155 et
1596 2129 1668 2162 agris
1675 2128 1842 2155 circumsitis

1054 2182 1179 2208 alimenta
1190 2179 1379 2208 corraderent,
1391 2177 1495 2204 eisdem
1509 2177 1679 2210 postmodum
1693 2175 1804 2209 seapbis
1815 2174 1843 2202 in

1019 2223 1040 2250 υ
1054 2233 1142 2255 castra
1157 2227 1277 2261 ipsorum
1298 2224 1477 2259 deportanda.
1505 2222 1600 2249 Talem
1613 2223 1686 2256 ipsos
1699 2222 1842 2254 trajectum

1055 2273 1278 2301 adtnittistrantcs
1295 2270 1363 2297 forte
1385 2269 1534 2302 conspicati
1557 2275 1710 2294 nostrorum
1732 2268 1842 2300 quidam

1054 2319 1269 2349 classiariorum,
1278 2327 1293 2344 e
1304 2317 1370 2343 tnari
1383 2315 1500 2342 ﬂuminis
1512 2314 1750 2348 alveumitvgressi,
1761 2318 1844 2340 ruunt

1055 2367 1145 2394 statim
1171 2364 1258 2398 cupidi
1276 2367 1418 2390 venatores
1441 2361 1467 2388 itt
1490 2361 1605 2394 praedam
1633 2361 1738 2390 \isaut;
1759 2368 1842 2394 quam

1055 2420 1088 2439 ne
1109 2415 1234 2444 caperent
1261 2409 1325 2435 nihil
1351 2408 1391 2435 eis
1411 2407 1497 2442 magis
1519 2415 1600 2440 qttatn
1626 2406 1708 2432 nimia
1734 2405 1845 2432 obstitit

1056 2458 1183 2485 atinlitas.
1202 2457 1229 2483 Si
1256 2455 1327 2482 enim
1344 2453 1450 2481 lentiori
1468 2452 1631 2487 pedetentim
1644 2451 1780 2486 progressi
1799 2459 1844 2478 re-

1059 2504 1141 2538 migio
1159 2502 1270 2538 rytubas
1289 2501 1409 2532 hostiles,
1431 2499 1529 2534 quibus
1544 2499 1658 2525 ﬂuvium
1674 2498 1782 2532 oblique
1799 2505 1844 2524 se-

1056 2550 1191 2579 cantibus,
1215 2548 1313 2581 quippe
1329 2555 1389 2573 cum
1415 2554 1468 2572 non
1489 2546 1634 2572 adversum
1661 2549 1735 2571 recta
1766 2543 1845 2570 littus

1057 2596 1104 2623 sed
1118 2595 1190 2621 aliud
1207 2594 1291 2620 nmlto
1312 2592 1442 2618 remotius
1458 2595 1591 2624 peterent,
1609 2590 1704 2623 longus
1717 2593 1776 2615 erat
1796 2595 1847 2622 per

1058 2650 1164 2669 attinent
1182 2648 1278 2667 cursus
1295 2638 1476 2667 cmetiendus.
1489 2637 1568 2663 evehi
1585 2645 1598 2662 ιι
1618 2637 1686 2670 ripa,
1700 2634 1770 2661 unde
1789 2633 1847 2660 Sol-

1059 2692 1164 2717 verattt,
1187 2685 1265 2720 paulo
1278 2684 1359 2711 latius
1377 2683 1516 2714 sit-issent,
1535 2681 1777 2716 tleprebondisseot
1792 2679 1849 2705 uti-

1060 2741 1113 2768 que
1143 2732 1202 2758 illits
1228 2731 1253 2757 in
1281 2729 1379 2759 medio.
1398 2732 1425 2754 ct
1449 2735 1500 2754 nec
1520 2725 1693 2760 opinantibus
1716 2730 1849 2757 superve-

1062 2779 1178 2809 nientes,
1201 2776 1276 2810 quasi
1302 2774 1405 2802 retibus
1429 2773 1549 2807 undique
1565 2770 1765 2798 inevitabilibtts
1781 2777 1851 2796 con-

1061 2825 1161 2853 tittsns,
1186 2830 1246 2850 cum
1275 2822 1334 2848 suis
1363 2820 1506 2846 universas
1537 2817 1692 2844 vectoribus
1718 2816 1743 2842 in
1769 2823 1849 2842 suam

1063 2876 1224 2905 |ttllt‘3l.tlt:tlt
1237 2868 1413 2902 redegissent,
1432 2864 1484 2891 nisi
1499 2864 1521 2892 si
1537 2871 1607 2898 quae,
1625 2864 1689 2890 nihil
1703 2862 1849 2897 prot'ttturu
