1957 3066
97 156 153 190 701

570 158 619 188 DE
641 157 860 189 ANDRONICO
886 159 1120 190 PAL/EOLOGO
1135 159 1212 190 LIB.
1233 160 1299 191 Vll.

1680 157 1735 190 702

96 213 171 249 Τάχ*
187 213 220 240 ἂν
235 213 283 240 καὶ
299 214 502 249 κατηυστόχουν
523 214 572 249 τῆς
589 215 677 249 ἄγρας
695 214 848 245 signi-5109'
871 213 894 240 εἰ
907 214 931 242 Α
945 213 1093 249 ἀποδρὰς),
1113 215 1136 240 oi
1155 215 1183 240 δὲ
1209 207 1275 249 περῖ
1301 214 1346 241 τὸν
1367 212 1551 250 Ῥομοφόρτον
1574 214 1735 247 ταττόμενοι

95 261 159 295 γὰρ
172 259 323 294 ὑφεικότων
340 259 443 286 τούτων
454 259 504 295 τῆς
515 260 626 292 ἐλασίας
639 260 738 286 ἐκεῖνοι
751 260 891 289 ἀνωῖστως

97 307 152 334 καὶ
173 307 258 333 εἰσέτι
279 307 326 333 τὸν
348 307 471 341 ποταμθω
487 306 683 341 παρήλλαξαν,
700 310 749 333 καὶ
772 307 820 333 ἐπὶ
835 307 891 333 τῶν

97 353 194 385 πέραν
207 353 300 378 τόπων
327 353 356 383 ἐς
378 352 441 378 ὅσον
463 349 496 387 ἧν
521 353 658 387 ἀπωτέρω
673 353 810 386 ἐγένοντο,
830 352 891 387 τάχ’

97 399 136 425 ἂν
166 398 321 432 φθάσαντες
347 395 420 425 οὗτοι
447 398 527 429 me;
540 398 669 432 ὰφύκτων
684 399 795 433 ἀρκύων
818 396 892 433 εἶχον

99 445 238 476 ἐκείνους,
258 444 342 479 μηδὲν
359 443 633 480 ὠφεληθησομένους,
657 444 700 480 [Ρ.
719 443 784 480 446]
802 446 826 471 εἰ
845 445 892 471 καὶ

98 494 136 527 τῇ
152 492 244 527 χέρσῳ
267 493 469 526 προσήραττον,
491 492 624 519 ἀδυνάτου
648 492 724 524 ὄντος
748 492 892 519 ἐπανασώ-

99 538 200 569 ζεσθαι
222 538 291 571 πρὸς
315 539 379 568 τοὺς
405 537 488 568 ἰδίους
512 538 556 564 διὰ
585 538 615 564 τὸ
642 538 743 571 μεταξὺ
766 537 892 572 ἐμποδὼν

99 584 214 609 κεῖσθαι
227 583 273 609 τὸν
291 582 424 616 ποταμόν.
444 581 501 608 Νῦν
518 581 541 607 δ’
557 582 626 608 ἀλλὰ
643 581 852 617 λιχνευσάμενοι
868 582 892 608 ol

100 629 238 664 ἡμέτεροι
268 630 402 663 ἐμφανεῖς
429 627 499 664 ἦσαν
524 629 647 658 ἐκείνους
676 628 894 659 καταδιώκοντες

100 677 172 710 πρὶν
189 675 362 710 παραλλάξαι
380 675 426 701 τὸν
442 675 574 708 ποταμόν.
591 675 673 701 Ὅθεν
693 676 740 701 καὶ
755 677 784 701 ὲν
808 675 893 710 στενῷ

99 722 153 755 τῆς
169 721 307 755 σωτηρίας
328 720 463 751 ἐλθόντες,
478 719 540 746 ἐπεὶ
559 720 608 746 οὐκ
622 717 655 754 ἦν
671 720 746 753 σφίσι
762 720 829 754 πρὸς
844 720 894 750 τὰς

100 767 150 793 τοῦ
168 767 301 802 βασιλέως
328 765 476 801 μάχεσθαι,
506 767 727 800 προσαράττουσι
752 766 785 800 τῇ
812 765 892 799 ξηρᾷ,

100 814 151 840 καὶ
170 815 203 847 τῇ
218 813 310 847 χέρσῳ
323 812 520 843 πιστεύσαντες
535 812 659 844 ἑαυτοὺς,
674 811 755 837 τινῶν
772 810 893 836 ἑαλωκό-

99 868 159 886 των
187 859 296 891 σύναμα
313 860 374 889 ταῖς
399 859 504 889 ναυσὶν,
522 858 547 884 οἱ
575 857 668 884 πολλοὶ
690 857 832 888 σώζονται.
861 856 893 882 οι

102 906 156 940 μὲν
171 905 219 932 οὖν
233 905 315 939 ἔργον
331 904 481 939 μαχαίρας,
499 905 527 930 αι
539 903 567 930 δὲ
583 903 668 937 πυρὸς
679 903 805 936 ἐγένοντο
820 911 892 937 παρ-

99 952 248 986 ανάλωμα.

140 1000 220 1031 Γίδας
236 999 265 1025 δέ
276 1007 319 1029 τις
331 997 441 1032 ἀνεψιὸς
452 997 616 1032 Θευδεριχου
627 996 674 1023 τοῦ
686 995 756 1023 κατὰ
767 996 894 1022 Σικελίαν

102 1043 279 1078 ἐξάρχοντος,
306 1043 440 1070 ἀκουσοὲν
457 1043 495 1073 ὡς
511 1042 588 1068 οὐδὲν
605 1042 672 1073 ὅλως
689 1042 714 1068 οι
735 1041 789 1068 τῶν
813 1041 892 1075 Ἀμο-

101 1089 236 1124 γαὸἀρων
265 1088 428 1122 ἐξάρχοντες
453 1086 664 1121 συμφωνοῦντες
682 1087 723 1113 ἐνὶ
745 1085 795 1120 τὴν
818 1086 893 1120 σφῶν

101 1135 254 1170 ἡγεμονίαν
269 1134 453 1165 πιστεύουσιν,
464 1132 522 1159 ἀλλ’
538 1133 562 1158 οἱ
582 1133 632 1166 μὲν
645 1133 698 1159 ὑπὸ
711 1133 757 1159 τὸν
768 1132 893 1167 Φαρέντα

101 1180 214 1215 Τζιμῆν
237 1180 362 1206 ἐθέλουσι
381 1178 539 1210 τάττεσθαι,
568 1179 593 1206 οἱ
622 1179 650 1205 δὲ
677 1179 728 1205 σὺν
752 1179 827 1214 αὐτῷ
854 1178 893 1214 τῷ

100 1226 230 1261 Φαρὲντᾳ
245 1226 295 1259 τὴν
307 1225 455 1260 ἡγεμονίαν
469 1225 522 1251 τῶν
538 1223 606 1250 ὅλων
622 1225 808 1260 Μπυριγερίῳ
825 1233 892 1260 προ-

101 1273 238 1307 τρέπουσι
252 1272 309 1306 (καὶ
323 1271 379 1306 γὰρ
401 1267 479 1302 οὗτος
501 1270 580 1302 αὖθις
596 1271 743 1306 ἐπανῆλθε,
758 1271 849 1303 καθὼς
864 1273 893 1298 ἐν

102 1321 162 1351 τοῖς
177 1320 234 1346 ἄνω
244 1319 334 1352 λόγοις
350 1318 492 1353 ἐλέγομεν.
508 1318 559 1344 οὐκ
573 1317 630 1344 οἶδα
647 1318 705 1350 πῶς
725 1319 757 1344 εκ
775 1318 893 1350 Γενούας

104 1412 174 1444 ipsis
200 1411 309 1444 ell'ugio,
329 1411 355 1437 in
386 1411 460 1438 litttts
488 1410 612 1444 impacta-2
639 1411 753 1438 ulterius
772 1415 895 1439 vectores

105 1465 171 1484 suos
190 1458 217 1484 in
233 1456 358 1484 hostilem
373 1456 639 1492 eﬁo‘expouerent
654 1457 805 1491 regionem,
819 1463 894 1484 certo

104 1504 243 1538 perituros
268 1503 294 1530 in
320 1502 380 1529 loco
400 1502 508 1534 infesto,
533 1502 603 1529 unde
619 1509 758 1536 regressus
775 1503 840 1537 ipsis
859 1502 892 1529 ad

943 260 998 286 τῶν
1013 261 1114 286 λοιπῶν
1129 261 1204 287 οὐδὲν
1219 261 1346 286 ἐπαΐουσι
1362 261 1459 295 (μηδὲν
1474 260 1528 295 γὰρ
1541 260 1621 287 αὑτὸν
1639 259 1735 294 Ῥομο-

943 307 1043 340 φόρτον
1063 307 1093 332 τὸ
1110 307 1162 333 ὑπὸ
1186 306 1234 333 τὸν
1256 305 1450 341 Μπυριγέριον
1477 305 1623 332 τάττεσθαι
1649 314 1735 331 κατα-

943 352 1094 387 δέχεσθαι).

943 407 989 435 λδ’.
1008 408 1078 441 Περὶ
1095 407 1155 434 τῶν
1168 407 1244 434 ἑπτὰ
1257 406 1335 434 νεῶν
1350 407 1409 434 τῶν
1419 408 1495 441 μετὰ
1511 406 1601 434 Γίδου
1615 407 1734 442 Ἀμογα-

1190 443 1292 477 ὄάροις
1307 442 1492 469 ἐπιστασῶν.
1508 444 1512 446 Ἴ

978 491 1028 517 Διὰ
1050 490 1137 518 ταῦτα
1161 491 1175 516 ὁ
1198 490 1318 523 τοιοῦτος
1343 489 1419 524 παρὰ
1438 490 1599 525 Θευδερίχου
1622 490 1731 524 σύναμσ.

945 538 1066 571 μακραῖς
1077 538 1173 563 ναυσὶν
1189 536 1270 566 ἑπτὰ.
1286 536 1322 567 ῶς
1338 537 1353 570 ἡ
1370 537 1450 570 φήμη
1464 533 1548 571 εἶχεν,
1570 536 1734 568 ἐξαποστέλ-

944 583 1030 610 λεται.
1041 584 1073 609 Οἱ
1082 583 1110 609 δὲ
1121 583 1166 609 τὸν
1179 582 1221 618 [Ρ.
1234 582 1301 617 44η
1311 583 1358 608 τοῦ
1370 582 1454 616 pm;
1467 583 1589 613 Σικελίας
1601 583 1733 616 Ματέρκα
1748 580 1751 591 ⁵

944 631 1063 665 Φαρὲντε
1080 629 1167 656 ταῦτα
1191 631 1322 664 πράττειν
1346 630 1492 664 ὲφήμιζον.
1513 630 1571 655 Οὐκ
1585 628 1644 655 οἶδα
1666 629 1693 654 δὲ
1708 629 1732 654 εξ

945 676 1023 706 Γὶδπ
1039 675 1077 702 ὣν
1092 675 1151 702 κατ’
1168 675 1253 710 ὗνομσ.
1279 676 1403 710 κρεῖττον
1421 676 1475 701 τῶν
1501 675 1567 701 υῐῶν
1584 675 1631 701 τοῦ
1648 675 1733 710 (me;

944 722 1122 757 ὑπεκρίνετο,
1144 721 1182 752 ὡς
1204 721 1306 753 ἔξωθεν
1322 721 1532 755 περιλαλεῖσθαι
1553 721 1587 746 τὸ
1610 720 1734 746 τοιοῦτον

943 770 1029 802 ῡνομα
1044 769 1116 795 κατά
1138 777 1163 795 τι
1184 769 1318 803 σέμνωμα
1340 769 1482 804 μέγιστον.
1501 769 1599 802 Ὅμως
1622 769 1671 802 μὲν
1689 767 1734 793 οὖν

944 814 1068 846 ἐλθόντος
1092 815 1234 845 κάκείνου,
1254 815 1332 841 οὐδὲν
1352 815 1421 845 ὅλως
1441 815 1465 840 οἱ
1482 814 1583 845 πάντες
1610 814 1734 846 συνεφώ-

944 870 1008 888 νουν
1023 861 1069 887 ὑπ’
1084 861 1160 896 αὐτῷ
1178 861 1345 894 τάττεσθαι,
1370 861 1417 887 καὶ
1443 860 1562 895 μάλιστα.
1583 860 1734 894 Ῥομοφόρ-

944 916 999 939 τος,
1015 907 1201 942 ὑπερηφανῶν
1217 907 1285 938 ὅλως
1301 907 1348 932 καὶ
1364 906 1592 940 μεγαλιζόμενος,
1606 907 1629 931 εἰ
1642 905 1735 940 χώρας
1757 926 1763 931 .

943 951 976 988 ἦς
993 953 1076 984 αὐτὸς
1088 953 1133 979 διὰ
1155 953 1263 987 σπάθης
1285 950 1364 987 ἦρξε,
1382 952 1429 978 καὶ
1452 952 1620 978 δυναστείαν
1644 952 1735 985 ἑτέρῳ

945 999 1126 1035 παραχωροίη
1145 999 1175 1031 ἐξ
1201 998 1322 1032 ὑπογύου
1340 998 1464 1033 φανέντι.
1495 998 1550 1024 Καὶ
1574 998 1604 1024 οὐ
1627 998 1660 1034 ’εῇ
1679 997 1733 1022 τῶν

944 1046 1047 1072 λοιπῶν
1058 1045 1142 1080 ’βουλῇ
1156 1045 1342 1079 συνυπήγετο,
1358 1043 1428 1070 ἀλλὰ
1445 1043 1507 1069 καθ’
1520 1043 1601 1069 αὐτὸν
1616 1051 1735 1077 στρατη-

945 1094 1004 1127 γεῖν
1020 1092 1162 1127 ὴόούλετο.
1188 1093 1306 1123 Πύστεις
1323 1091 1369 1117 τὸν
1395 1090 1509 1125 βασιλέα
1527 1088 1734 1123 κατελάμϐανον

946 1139 993 1166 καὶ
1005 1139 1042 1171 ὡς
1056 1139 1111 1165 οὐδ’
1122 1138 1205 1169 αὐτὸς
1221 1138 1302 1168 Γιδας
1316 1138 1357 1164 ἔτι
1374 1137 1534 1171 προσμενεί,
1549 1135 1636 1166 οὕτως
1648 1135 1736 1169 ἀσυμ-

945 1185 1043 1219 φώνως
1070 1185 1190 1219 ἐχόντων
1208 1184 1421 1220 Ἀμογαϐάρων.
1449 1184 1536 1214 Τέως,
1564 1182 1663 1208 ὁπόσον
1687 1179 1734 1215 ἦν,

944 1232 1006 1262 τοὺς
1018 1231 1084 1266 περὶ
1096 1231 1206 1266 Τζιμῆν
1222 1230 1437 1264 κατεμάλασσεν
1454 1231 1467 1256 ό
1482 1228 1591 1263 κρατῶν
1611 1227 1735 1262 μείζοσιν

945 1277 961 1307 ἢ
979 1277 1040 1303 κατ’
1057 1277 1157 1308 αὐτοὺς
1182 1277 1362 1311 ὑποσχέσεσι,
1378 1276 1428 1302 καὶ
1447 1276 1499 1311 τὴν
1516 1275 1585 1310 πρὸς
1602 1273 1736 1309 ἀλλήλους

946 1323 1056 1357 ἐφάπαξ
1071 1323 1255 1358 ἀσυμφωνίαν
1269 1323 1398 1349 ἐντεῦθεν
1414 1323 1540 1354 saviata,
1553 1320 1660 1352 καὶτὰς
1674 1318 1736 1346 καθ’

946 1415 1072 1445 navibus,
1087 1414 1141 1446 vel,
1158 1418 1186 1440 ut
1199 1413 1244 1440 alii
1258 1412 1394 1444 dicebant,
1412 1412 1556 1438 Matercatn
1572 1410 1735 1437 Pltarentetn

947 1461 1086 1496 proprium
1103 1459 1199 1490 lilium,
1218 1459 1275 1486 sive
1290 1466 1318 1484 re
1336 1465 1399 1484 vera
1422 1457 1466 1484 ltic
1485 1457 1601 1488 venerit,
1617 1456 1672 1482 sive
1684 1454 1735 1481 Gi-

947 1507 1007 1538 das.
1023 1511 1052 1534 ut
1068 1514 1096 1533 se
1111 1504 1304 1532 venerabiliori
1323 1503 1401 1530 titulo
1415 1502 1628 1533 commendaret,
1641 1509 1670 1528 se
1688 1508 1735 1527 tta-

105 1558 171 1578 suos
188 1557 270 1576 anttte
285 1549 397 1582 praealto
412 1547 586 1576 interﬂuente
601 1548 799 1582 prohiberetur.
819 1547 892 1575 Prae-
908 1543 930 1573 C
948 1557 1003 1580 ιυιη
1029 1559 1043 1579 ε
1069 1551 1149 1587 641
1177 1550 1347 1578 Theuderico
1365 1549 1504 1575 simulavit
1520 1553 1666 1581 notamque
1686 1547 1733 1573 tilii

105 1603 223 1633 propere
245 1595 326 1631 igitur
343 1602 403 1622 sese
422 1595 506 1622 nostri
529 1595 715 1627 ostendentes,
734 1600 761 1622 et
779 1595 895 1629 scaphas

106 1642 222 1670 insecuti
233 1641 466 1675 Amogabaroruttt
479 1641 599 1667 nondtttn
615 1647 740 1667 emensas
753 1640 893 1667 ditttidium

105 1688 224 1722 spatium
242 1686 396 1714 latitudinis
425 1686 505 1718 alvei,
531 1692 577 1712 eos
606 1686 725 1720 impares
744 1685 895 1713 resistendo

105 1736 257 1768 coegerunt
285 1732 423 1766 respicere
451 1731 523 1758 unde
542 1731 692 1763 solverant,
718 1736 746 1758 et
763 1732 896 1759 naviculis

107 1781 133 1806 iu
152 1780 238 1814 ripam
255 1786 269 1804 a
284 1778 341 1806 suis
368 1779 501 1805 insessam
531 1778 701 1806 rel'lectemlis
726 1779 805 1806 saluti
833 1786 895 1812 pru-

105 1826 173 1860 prim
193 1825 346 1852 consulere.
370 1824 409 1851 lla
424 1824 544 1858 plerique
556 1824 609 1851 iSIo
627 1829 690 1851 sunt
706 1824 825 1859 periculo
848 1825 896 1851 de-

107 1871 204 1903 functi,
221 1870 314 1905 paucis
332 1871 462 1897 duntaxat
487 1870 606 1904 ipsorum
625 1874 652 1897 et
672 1870 775 1904 cymbis
791 1870 896 1904 aliquot

106 1918 197 1950 captis
222 1925 270 1951 per
298 1922 418 1949 nostros,
446 1917 490 1951 qui
514 1916 638 1943 homines
659 1916 768 1949 quidem
793 1915 894 1950 gladio,

105 1964 218 1997 cymitas
241 1968 331 1990 autem
355 1962 416 1997 igne
438 1963 623 1995 absumpsere.
652 1962 726 1989 luter
741 1962 798 1989 lucc
812 1962 896 1988 Uidas

105 2010 230 2043 quidam,
251 2016 266 2036 e
283 2008 450 2036 Tlteuderici
467 2008 635 2036 dominantis
653 2009 679 2036 in
698 2008 791 2036 Sicilia
812 2011 895 2037 fratre

106 2062 197 2088 natus,
215 2055 316 2082 missus
330 2062 344 2081 ο
361 2060 459 2089 patrtto
476 2055 510 2081 ad
535 2054 722 2090 Antogaharos
739 2060 781 2083 est
801 2063 893 2082 eorum

106 2103 177 2129 inter
194 2109 266 2133 sese,
282 2100 305 2127 si
331 2105 423 2135 posset
446 2101 515 2133 ﬁeri,
538 2101 769 2128 couciliaudorunt
796 2103 893 2137 gratia.

105 2148 238 2174 Audierat
254 2147 361 2174 scilicet
374 2146 563 2174 Tlteudericus
582 2147 706 2174 laborare
724 2148 894 2175 dissensione

948 1599 1020 1634 regis
1041 1599 1121 1626 istius
1145 1597 1196 1624 sibi
1220 1596 1429 1631 appellationem
1459 1594 1583 1628 sumpsit.
1601 1593 1665 1620 Utut
1680 1596 1734 1624 est,

947 1645 1039 1680 opinio
1054 1649 1116 1670 tunc
1131 1644 1241 1678 quidem
1260 1642 1406 1673 increbuit,
1423 1641 1494 1667 fama
1507 1639 1561 1666 late
1575 1638 1733 1672 dissipattte,

947 1691 1088 1718 advectum
1112 1689 1153 1717 ltis
1168 1690 1280 1716 navibus
1303 1687 1374 1723 regis
1389 1686 1473 1714 Siculi
1489 1685 1585 1712 lilium.
1601 1685 1734 1711 Caeterum

948 1745 996 1772 spe
1010 1737 1061 1764 ista
1074 1744 1121 1763 stta
1135 1735 1323 1763 Theodericus
1348 1733 1433 1761 falsus
1447 1737 1489 1760 est
1510 1741 1517 1759 :
1537 1739 1598 1758 nam
1617 1738 1650 1757 tte
1672 1731 1734 1757 huic

946 1783 1054 1817 quidem
1070 1781 1104 1808 ab
1116 1789 1149 1809 eo
1165 1781 1248 1808 misso
1271 1780 1404 1814 subjicere
1417 1785 1445 1806 se
1463 1785 1556 1805 omnes
1572 1775 1734 1810 Amogahari

947 1830 1100 1856 volueruttt.
1117 1826 1363 1855 Contuutacissitne
1379 1825 1450 1852 inter
1467 1829 1582 1851 caeteros
1598 1823 1623 1849 id
1642 1821 1736 1856 rejecit

947 1874 1132 1905 Rontolortus,
1150 1873 1258 1900 sublato
1272 1879 1390 1910 renuens
1404 1870 1558 1904 supercilio,
1570 1873 1598 1895 et
1613 1868 1734 1903 glorian-

948 1926 990 1948 ter
1004 1921 1141 1948 disserens
1166 1926 1222 1946 rem
1248 1926 1308 1945 esse
1334 1925 1368 1945 ne
1394 1917 1487 1943 auditu
1515 1915 1621 1949 quidem
1646 1914 1687 1946 pri
1700 1921 1735 1939 no

946 1965 1126 1997 tolerabilem,
1144 1972 1212 1998 qttas
1234 1964 1291 1997 ipse
1306 1970 1383 1989 arces
1411 1969 1443 1988 ae
1465 1961 1590 1993 regiones
1606 1966 1687 1998 manu
1702 1965 1733 1984 ac

946 2012 1019 2039 ferro
1034 2012 1174 2046 quaesisset
1189 2009 1314 2044 propriis,
1329 2009 1422 2036 alienae
1433 2006 1550 2034 ltomiuis
1562 2005 1641 2032 modo
1659 2011 1736 2038 pere-

946 2067 994 2094 gre
1008 2057 1110 2093 appulsi
1130 2056 1247 2083 obnoxie
1272 2055 1370 2082 cedere
1394 2053 1536 2089 potestati.
1562 2051 1633 2087 Ergo
1652 2050 1690 2077 vel
1711 2050 1734 2076 si

947 2104 1035 2131 cuncti
1055 2103 1087 2130 ad
1100 2101 1220 2129 Siculum
1232 2100 1394 2128 inclinarent
1409 2098 1511 2130 cteteri,
1524 2097 1609 2125 solum
1622 2104 1651 2125 se
1662 2096 1734 2123 haud

947 2149 1134 2183 acquieturum
1151 2151 1193 2174 cst
1209 2146 1323 2180 superbe
1347 2145 1497 2180 professus,
1515 2151 1565 2170 nec
1588 2149 1735 2170 concessu-

105 2194 176 2221 civili
199 2193 392 2220 Catelanorum
408 2201 462 2225 res,
487 2193 550 2220 dum
565 2196 723 2227 supremum
747 2194 892 2228 imperiutn
910 2206 933 2234 ι)
948 2204 1005 2223 rttm
1021 2195 1077 2226 ulli,
1093 2194 1164 2229 quod
1180 2198 1206 2220 et
1223 2193 1335 2219 meritus
1350 2197 1378 2219 et
1399 2191 1512 2218 idoneus
1523 2194 1629 2216 teneret
1644 2196 1676 2215 ac
1696 2193 1736 2214 te-

106 2240 223 2274 partiuttt
249 2240 371 2274 plerique
389 2240 507 2274 ipsorum
527 2239 652 2266 deferunt
668 2239 819 2267 Pltarettda:
832 2240 895 2267 Tzi-

106 2287 151 2313 uti.
176 2286 232 2313 Nec
243 2286 321 2320 pauci
338 2286 395 2318 alii,
409 2285 501 2313 Tzittte
515 2286 574 2320 ipso
590 2287 766 2318 assentiente,
783 2288 894 2314 ductum

105 2334 241 2359 exercitus
257 2333 340 2359 totius
361 2332 512 2360 attribuunt
534 2332 710 2367 Mpyrigerio,
727 2333 784 2366 qui,
806 2332 896 2360 nt‘su-

106 2379 196 2413 purius
221 2378 350 2411 diximus,
380 2379 516 2407 abductus
545 2379 681 2409 Genuam.
711 2379 775 2406 inde
802 2379 895 2406 nescio

106 2425 241 2459 quomodo
256 2424 376 2458 elapsus,
395 2433 503 2453 rursum
523 2433 557 2452 eo
579 2426 709 2452 redierat.
736 2425 846 2452 Diverse
861 2426 895 2451 ab

107 2471 148 2498 his
164 2473 270 2497 cunctis
288 2471 441 2498 sentiebant
456 2471 565 2506 proprie
582 2471 696 2502 subjecti
713 2471 872 2497 llontol'ot'to
886 2479 894 2498 :

107 2517 131 2542 lti
147 2515 220 2542 enim
234 2516 293 2542 duci
311 2523 360 2542 suo
376 2515 566 2550 prmiecturam
579 2515 720 2550 copiarum
737 2515 893 2541 universam

105 2561 202 2588 tleferri
216 2569 321 2594 mquam
335 2562 493 2593 censebant,
508 2569 557 2588 nec
568 2561 629 2595 ipsi,
644 2569 694 2588 ttec
705 2560 893 2593 Romofortus,

106 2607 203 2642 subjici
219 2607 381 2643 Mpyrigerio
398 2608 578 2636 susﬁueutcs.

105 2664 146 2691 5i.
166 2663 205 2690 De
219 2664 329 2691 navibus
354 2669 451 2699 septem
475 2673 534 2691 cum
561 2664 628 2692 Gida
654 2665 689 2691 ad
712 2665 894 2700 Amogabnros

434 2699 564 2735 appulsis.

139 2744 191 2771 liias
211 2752 241 2771 se
255 2745 469 2779 compositurum
490 2747 690 2774 controversias
706 2746 895 2774 Theudoricus

106 2796 190 2820 ratus,
205 2790 227 2816 si
243 2789 359 2824 a‘iqttem
377 2797 392 2816 e
408 2798 456 2817 sua
471 2791 645 2824 cognatione,
662 2792 705 2818 cui
722 2800 801 2818 nemo
822 2794 896 2826 ipso~

105 2841 162 2859 rum
195 2841 291 2868 parere
315 2840 464 2867 recusaret,
489 2836 524 2863 ad
548 2837 733 2872 Antogabaros
755 2839 890 2870 mitteret,

104 2878 198 2906 Gidaut
218 2880 288 2907 ltunc
304 2880 336 2907 ad
356 2887 402 2908 eos
421 2881 566 2909 destinavit
581 2889 642 2909 cunt
668 2888 773 2918 septem
798 2883 888 2918 longis

948 2249 1013 2268 nere
1029 2247 1110 2275 porro
1128 2239 1228 2270 vellet,
1244 2244 1402 2271 supremum
1419 2236 1445 2262 in
1462 2242 1525 2262 suas
1542 2234 1634 2267 copias
1651 2234 1737 2266 impe.

947 2287 1028 2312 rium.
1045 2285 1147 2311 lloruut
1163 2284 1232 2310 inter
1247 2281 1431 2316 Autogabaros
1449 2288 1541 2308 rumor
1555 2279 1732 2306 discidiurunt

948 2332 1066 2366 perlatus
1087 2330 1118 2356 ad
1133 2331 1284 2364 Augustum
1301 2335 1354 2355 ttott
1372 2334 1455 2360 parvo
1470 2326 1557 2361 ipsius
1574 2325 1670 2352 solatio
1683 2329 1734 2351 cst.

947 2378 1013 2405 Natu
1030 2383 1057 2404 et
1082 2377 1145 2404 ltinc
1173 2374 1306 2402 intellexit
1332 2381 1384 2401 non
1403 2373 1581 2408 perstiturum
1605 2371 1633 2398 itt
1660 2371 1737 2398 ltist-e

946 2426 1069 2460 partibus
1082 2424 1188 2453 Gidant.
1202 2427 1278 2449 tanta
1296 2421 1390 2454 utique
1405 2420 1540 2447 oll'ettsum
1558 2418 1736 2448 contumelia,

946 2476 973 2497 et
988 2477 1061 2504 spent
1076 2469 1138 2496 inde
1151 2467 1276 2501 concepit
1294 2467 1320 2493 itt
1337 2471 1427 2500 partes
1441 2465 1595 2492 attralteudi
1613 2464 1744 2501 proprias.~

946 2515 1062 2550 alicujus
1080 2515 1191 2541 istorum
1211 2513 1376 2540 discordiuttt
1394 2511 1466 2538 inter
1482 2518 1545 2538 sese
1559 2511 1657 2536 ducunt
1684 2509 1736 2535 La—

947 2559 1077 2591 tittutunt,
1094 2558 1116 2586 si
1132 2559 1236 2584 artibus
1251 2565 1283 2584 eo
1299 2564 1330 2584 ac
1344 2556 1485 2591 promissis
1501 2555 1681 2582 anniteretur.
1696 2555 1736 2581 ΛτΙ

947 2605 974 2631 id
988 2612 1052 2638 ergo
1070 2611 1098 2631 se
1115 2604 1244 2638 accingit,
1262 2604 1403 2630 fecundum
1423 2603 1514 2629 talium
1540 2602 1735 2629 iudustriaruttt

947 2651 1084 2685 ingenium
1105 2650 1168 2677 illttc
1184 2649 1332 2684 applicans,
1349 2648 1480 2683 nihilque,
1497 2655 1525 2675 ut
1539 2648 1643 2675 solebat
1658 2667 1664 2676 .
1683 2646 1734 2673 sibi

947 2696 1044 2731 reliqui
1067 2696 1172 2723 faciens
1189 2697 1222 2723 ad
1248 2703 1383 2722 sumntum
1404 2701 1530 2722 conatum
1548 2693 1736 2720 sustentanth

948 2743 1069 2770 reusiliis
1083 2747 1109 2770 et
1125 2742 1249 2769 artiﬁciis
1263 2741 1419 2776 reipublicae
1436 2740 1561 2771 labantis,
1580 2739 1621 2766 cui
1637 2740 1735 2766 suhve-

948 2789 1007 2816 ttire
1024 2790 1108 2815 armis
1130 2793 1156 2815 et
1173 2795 1253 2815 manu
1270 2788 1406 2821 nequiret.
1423 2787 1555 2813 Sttbtnisit
1571 2786 1659 2819 itaque
1673 2792 1733 2810 rer—

948 2841 988 2861 tus
1009 2835 1134 2861 homines
1159 2835 1192 2861 ad
1215 2833 1327 2860 Tlettetl
1340 2853 1346 2865 ,
1374 2833 1419 2866 qui
1438 2839 1499 2859 euttt
1520 2831 1597 2858 novis
1615 2830 1734 2858 ustutsis

944 2890 1023 2917 quant
1039 2881 1313 2916 magniﬁcentissimis
1333 2880 1454 2908 emollire
1472 2878 1590 2913 praemiis
1606 2885 1637 2905 ac
1654 2878 1732 2913 qttasl
