1957 3066
200 116 255 148 ’103

794 116 957 147 GEORGII
969 116 1212 147 PACHYMERA!

1772 116 1828 148 704

199 173 280 206 ἡμῶν
307 171 453 202 συνθεσίας
479 179 583 197 τουτων
609 171 646 202 ὡς
668 171 702 197 τὸ
728 171 804 203 είκὺς
831 171 990 198 ἀνέϐαλλεν.
1008 173 1032 202 Α
1046 171 1122 199 λειαν
1136 172 1163 198 δὲ
1178 172 1252 207 ζωῆς
1268 172 1342 207 παρᾶ
1361 172 1408 199 τοῦ
1427 171 1678 207 πατριαρχεύοντος
1694 171 1755 198 οὐδὲ
1770 169 1833 198 κατ’

200 218 285 246 ὀσον
306 218 360 252 γὰρ
379 215 412 253 ἦν
427 218 459 244 τδ
479 217 533 244 ἀπὸ
551 217 664 252 μεθόδου
681 217 730 244 καὶ
749 217 893 250 ξυνέσεως,
913 219 991 246 οὐδέν

199 265 224 292 ul
241 265 288 291 καὶ
306 264 489 294 ἐνελέλειπτο.
505 264 715 299 βαθυσκέμμονι
731 265 800 297 ὄντι,
816 266 840 291 εί
854 265 900 292 καὶ
910 266 992 293 δυνά-

202 319 280 346 μεσιν
299 310 482 342 ὲνελὲλειπτο,
497 311 612 345 ὲπικλᾷν
625 311 653 341 ἐς
663 311 727 337 ὅσον
736 320 768 345 γε
786 311 834 338 καὶ
851 311 990 346 ἐνεδέχετο

199 357 249 388 τὰς
265 357 369 384 τούτων
382 358 481 392 ὁρμάς.
498 357 581 384 ’Όῢεν
597 358 645 384 καὶ
658 358 691 384 τὰ
707 359 769 384 κατ’
785 359 921 392 ἀνατολὴν
932 356 990 386 οἷον

200 404 230 433 ὲς
244 402 340 436 τριϐὰς
360 402 457 435 ἐτίθει,
482 402 520 435 ὡς
537 404 637 431 αὐτίκα
652 397 817 438 ἐφεξόμενοξ
831 404 886 431 τῶν
902 404 988 437 ἰδίων,

200 449 234 483 ῆν
248 456 280 482 γε
293 448 342 474 καὶ
355 449 488 480 ἐπιεικῶς
504 449 648 484 ὁρμήσειε.
667 449 708 475 Τὰ
722 450 750 476 δὲ
764 450 835 476 κατὰ
852 450 928 476 δύσιν
941 452 990 477 καὶ

199 495 261 522 λίαν
279 495 443 530 ἐπολυώρει,
463 495 618 531 ὲξανασπᾷν
634 496 778 531 ἐφιέμενος
790 497 819 522 τὸ
836 493 892 523 οἷον
905 497 989 524 κακὸν

200 542 359 576 ὲγκόλπιον.
374 542 468 577 Ταύτῃ
482 551 524 569 τοι
537 543 585 569 καὶ
607 543 713 576 Ἀτμὰν
727 542 774 570 ἐπὶ
790 543 916 570 πλεῖστον
929 545 990 574 ταῖς

201 587 311 614 ἐλπίσιν
327 588 567 623 ἀπαιωρούμενος,
584 588 662 615 οὐδὲν
675 586 708 623 ἦν
719 588 773 615 τῶν
791 589 856 624 περὶ
873 588 990 615 Νίκαιάν

202 641 231 659 τε
249 632 298 660 καὶ
316 633 404 660 Πύθια
420 633 466 660 καί
482 633 572 661 πάντα
591 633 673 669 μέχρι
691 634 739 660 καὶ
754 634 904 669 Θαλάσσης,
919 634 991 670 ἆπερ

203 678 234 705 οὐ
250 679 396 714 κατέσχεν.

203 736 254 764 κε’.
286 735 323 763 Τὸ
352 737 428 770 πρὸς
459 721 514 764 τὸν·
545 738 790 771 πατριαρχοῦντα
813 738 992 765 ἀποσταλὲν

229 771 347 806 γράμμα
365 773 445 805 παρὰ
459 771 518 798 τῶν
532 772 687 807 ἀρχόντων
699 772 753 806 τῆς
767 773 963 806 Ἐκκλησίας.

237 817 281 853 [Ρ.
298 817 361 854 418]
379 819 410 847 Οἱ
425 819 454 845 δὲ
468 821 519 853 τῆς
543 817 708 854 Ἐκκλησίας
727 819 926 855 πρωτεύοντες,
943 821 991 846 καὶ

1044 219 1111 253 δναρ
1141 218 1263 254 ἔχοντες,
1290 217 1362 245 οὕτω
1389 217 1456 250 γοῦν
1479 218 1631 252 πάσχοντες
1655 216 1693 252 τῷ
1724 216 1836 251 βασιλεῖ

1044 265 1261 299 προσανέφερον,
1272 265 1321 292 καὶ
1334 264 1435 299 μᾶλλον
1449 265 1513 298 περὶ
1522 264 1570 297 τῆς
1582 263 1714 298 προσόδου
1727 263 1832 290 αὐτῶν.

1048 313 1077 340 '0
1098 313 1126 339 δὲ
1153 312 1283 347 βασιλεὺς
1299 308 1355 338 οἷον
1370 310 1568 345 ὲπικαμφθεὶς,
1590 311 1639 336 xa‘t
1654 309 1835 344 πατριάρχην

1043 358 1316 393 μετακαλεσάμενος,
1330 358 1371 389 είς
1382 357 1478 391 κοινὴν
1496 356 1577 382 τοῦτο
1592 355 1689 390 σκέψιν
1706 356 1835 389 θέμενος,

1043 405 1178 432 ἐσκόπουν
1196 405 1260 439 περὶ
1287 403 1395 430 τούτου.
1418 403 1447 429 '0
1470 403 1499 429 δὲ
1524 402 1700 436 πατριάρχης
1716 401 1766 436 τὴν
1784 400 1836 427 τοῦ

1044 451 1143 486 καιροῦ
1169 450 1316 477 δυσκολίαν
1342 449 1537 484 προεϐάλλετο.
1556 448 1639 479 Τέλος
1667 447 1838 479 συνετάξατο

1044 498 1136 525 δοῦναι
1154 498 1263 532 ἑκάστῳ
1279 497 1332 523 ἀνὰ
1358 496 1388 528 ἓξ
1415 496 1471 523 τῶν
1496 496 1689 530 νομισμάτων,
1705 493 1780 528 ἄλλῳ
1807 492 1839 518 δὲ

1046 544 1098 571 ἀνὰ
1115 543 1198 570 ὀκτώ.
1216 543 1246 570 '0
1262 543 1290 569 δὲ
1305 542 1434 577 βασιλεὺς
1448 542 1523 568 οὐδὲν
1535 541 1628 574 ἔλεγεν
1647 538 1728 567 εἶναι·
1742 539 1839 571 ὀλίγον

1045 590 1101 624 γὰρ
1119 591 1167 621 καὶ
1181 589 1270 616 ταῦτα
1291 589 1439 624 βιωτικοῖς.
1455 589 1551 622 Ὀμως
1573 588 1670 614 τούτου
1690 585 1839 620 γεγονότος

1044 636 1121 663 οὐδὲν
1131 637 1220 668 οὐδεὶς
1229 635 1394 670 ἐλάμϐανεν.
1415 634 1497 662 Ἀλλὰ
1511 634 1558 661 καὶ
1569 634 1625 660 ἀπὸ
1638 633 1720 668 μέσου
1736 633 1840 663 νυκτὸς

1043 683 1129 717 ὲγγὺς
1147 683 1224 717 παρὰ
1243 683 1293 716 τὴν
1316 681 1465 715 ἐκκλησίαν
1482 681 1607 715 ἀπαντᾷν
1634 678 1839 714 ἠναγκάζοντο,

1044 729 1093 756 καὶ
1107 728 1150 755 διὰ
1168 729 1251 763 μέσου
1268 728 1318 763 τῆς
1335 728 1474 763 ὑμνῳδίας
1490 727 1620 761 ὁμιλῆσαι
1647 725 1754 760 μηδένα
1778 732 1840 760 μηο

1043 776 1111 808 δενὶ,
1131 776 1202 810 μήτε
1217 776 1257 805 είς
1272 775 1407 810 ἀριστερὰ
1420 774 1512 801 κλῖναι
1527 774 1597 808 μήτε
1609 773 1649 804 εἰς
1665 772 1752 805 δεξιὰ,
1767 771 1840 797 ἀλλὰ

1045 823 1165 852 ἀκλινεῖς
1182 821 1320 854 ἵστασθαι,
1336 821 1428 848 καθὼς
1444 822 1457 847 ὁ
1472 821 1527 846 τῶν
1549 820 1632 854 ίερῶν
1647 819 1770 846 κανόνων
1793 817 1841 853 βε-

202 864 241 895 ὤς
265 864 315 899 ἤδη
346 866 529 900 προείπομεν,
546 866 730 901 ὑφορώμενοι,
752 867 778 892 οἱ
794 867 822 893 δὲ
847 868 876 894 ὲν
901 867 991 894 οὐδενὶ
1008 855 1029 884 Β
1044 867 1117 894 ὁαιοῖ
1132 867 1222 900 λόγος.
1239 867 1289 892 Διὰ
1304 866 1392 892 ταῦτα
1407 865 1474 899 γοῦν
1492 866 1604 898 ἀμελῶς
1616 862 1690 899 εῐχον
1702 864 1752 889 καὶ
1766 872 1841 889 σπα-

202 910 394 944 λογιζόμενοι,
423 912 471 938 καὶ
501 912 526 937 oi
559 912 670 948 ἔχοντες
700 913 861 947 οἰκονομίας
888 913 994 946 ταύτας

203 959 440 993 ἀποστερούμενοι
458 959 506 985 καὶ
523 959 614 986 αὐτῶν
627 959 764 993 ὀφφικίων
780 961 857 995 (ὅταν
880 962 935 996 γάρ
952 969 995 993 τις

203 1005 234 1031 ἐν
260 1005 349 1031 οὐδενὶ
363 1005 517 1039 λογίζηται,
545 1006 597 1032 κᾶν
620 1007 749 1041 ὸφφίκιον
771 1007 832 1042 ἔχη,
853 1008 894 1039 είς
918 1008 995 1034 οὐδὲν

204 1050 280 1085 αὖτῷ
295 1051 488 1086 χρησιμεύει),
507 1052 575 1078 ἀλλὰ
590 1054 638 1078 καὶ
654 1053 708 1079 τῶν
724 1054 865 1088 προσόδων
879 1053 997 1080 ἀποστε-

207 1098 345 1132 ρούμενοι,
367 1097 414 1124 καὶ
429 1097 624 1132 ὀνειδιζόμενοι
639 1098 781 1133 ἀμέλειαν.
798 1099 846 1126 κοιλ¹
859 1100 921 1126 καθ’
932 1100 994 1134 ἑορ-

204 1143 255 1174 τὰς
273 1144 333 1178 μεθ’
349 1143 468 1177 ἱματίων
481 1145 606 1180 ἀπαντᾷν
629 1145 873 1181 προσ-ταττόμενοι,
898 1146 996 1180 ὲπιμὲ-

208 1230 337 1259 Altalicis
351 1233 553 1262 conditionibus
570 1239 713 1262 tentarent.
734 1236 761 1262 In
783 1244 837 1270 quo
854 1236 895 1264 sic
913 1236 996 1264 ratio-

207 1285 256 1305 nes
271 1277 451 1312 mtbducebat.
470 1284 599 1315 reputans
618 1281 688 1309 haud
712 1282 895 1316 paenitentiam
914 1283 994 1310 talem

208 1323 270 1351 fore
283 1332 408 1359 operam,
425 1326 467 1353 vel
484 1327 506 1354 si
531 1332 662 1354 tractatus
686 1336 813 1355 successu
840 1334 947 1356 careret
963 1329 996 1355 ad

206 1371 542 1400 extremunul’rarsentem
554 1374 625 1400 enim
639 1380 745 1402 exstare
756 1375 855 1409 incepti
867 1375 995 1408 fructum,

207 1418 279 1452 quod
299 1418 340 1445 sic
363 1418 521 1446 loverenlur
541 1420 693 1448 simultates
708 1421 764 1454 jam
781 1421 832 1448 sibi
851 1427 994 1456 suspecto-

208 1470 267 1490 rum
284 1463 399 1491 invicem
415 1467 442 1491 ct
460 1464 571 1492 fomites
588 1465 658 1492 inter
675 1473 723 1493 eos
741 1467 864 1493 odiorum
879 1467 994 1494 ventila-

207 1512 324 1539 renlur:
339 1509 384 1543 qui
403 1518 473 1537 nunc
496 1510 594 1538 modus
609 1517 726 1538 restaret
742 1513 838 1539 unicus
852 1513 994 1546 frangendi
1010 1499 1031 1527 α

208 1552 414 1582 formidolosam
431 1555 515 1588 illam,
530 1557 649 1590 quandiu
662 1558 830 1590 conspiraret
849 1558 998 1591 unanimis,

204 1604 237 1627 et
250 1600 380 1628 Romana:
394 1602 431 1628 rei
447 1610 518 1629 nunc
532 1611 643 1636 prorsus
653 1603 791 1630 exitialem
806 1605 894 1639 gentis
907 1604 998 1633 effera:

208 1647 369 1681 potentiam.
392 1647 459 1675 Huic
479 1649 587 1681 negotio
604 1649 638 1675 ita
657 1654 741 1676 totum
757 1650 916 1684 timperator
942 1651 1000 1678 ani-

197 1697 285 1718 ‘mum
298 1693 468 1724 advertit,_nt
482 1695 558 1727 quasi
573 1695 719 1729 pepigisset
735 1703 795 1722 cum
808 1696 1001 1724 PersisOrien-

212 1737 294 1764 talem
310 1738 523 1772 irrumpentibus
540 1739 650 1767 limitem
671 1746 760 1768 certas
781 1742 916 1775 inducias,
932 1743 1001 1770 nihil

212 1783 246 1810 de
268 1783 321 1810 illis
344 1783 451 1810 interim
474 1786 632 1812 coercendis
652 1787 796 1820 cogitaret,
816 1794 947 1822 reputans
966 1797 996 1817 se

212 1829 384 1863 postmodum
401 1829 479 1858 facile
494 1837 719 1865 recuperaturum
737 1841 796 1868 quae
808 1840 1000 1868 occupassent,

213 1874 258 1901 ubi
284 1875 350 1901 liber
363 1874 418 1909 jam
440 1877 535 1902 Latino
551 1877 633 1913 642
655 1878 724 1906 bello
749 1879 791 1906 vel
808 1880 922 1908 modicis
937 1881 1000 1908 illuc

212 1920 412 1955 expeditionem
430 1923 579 1956 susciperet
594 1924 690 1958 copiis.
709 1924 786 1952 Cum
803 1931 896 1952 autem
913 1926 1000 1960 ipsius

215 1967 440 2002 impendebantur
453 1977 547 1996 omnes
563 1970 588 1996 in
605 1970 864 1998 comminiscendam
880 1992 887 2003 ,
902 1971 923 1998 si
941 1979 1003 2007 pos-

215 2017 267 2044 set,
294 2015 424 2040 rationem
451 2016 612 2042 Iumultuum
637 2020 740 2044 tractus
760 2016 872 2044 Occidui
892 2025 1003 2052 compo-

215 2057 377 2085 nendorum.
397 2057 464 2085 Miro
479 2060 549 2086 cnim
574 2061 687 2087 ardebat
711 2061 847 2089 desiderio
866 2062 1002 2091 eximendi

215 2102 266 2131 sibi
283 2103 357 2132 velut
377 2112 392 2132 e
414 2104 473 2131 sinu
492 2106 671 2139 propinquum
693 2110 720 2133 et
745 2107 839 2134 intime
864 2108 1002 2136 admotum

1046 913 1111 944 νίως
1138 913 1268 946 ἀπήντων
1297 913 1338 943 είς
1364 913 1414 946 τὴν
1438 910 1589 945 ἐκκλησίαν
1616 911 1663 937 καὶ
1685 910 1722 941 ὠς
1748 909 1841 935 εἰπεῖν

1045 958 1239 992 ἀπεσχίζοντο.
1258 958 1288 984 '0
1304 958 1333 984 δὲ
1349 957 1526 993 πατριάρχης
1535 956 1646 991 γραφὰς
1662 955 1842 982 ἀποστέλλων

1047 1003 1140 1034 αὐτοῖς
1160 1003 1349 1038 μετεκαλείτο,
1362 1003 1410 1029 καὶ
1428 1003 1529 1037 μᾶλλον
1545 1002 1639 1036 ἔλεγεν
1654 1001 1839 1034 ἁναγνωσθῆυ

1047 1058 1092 1076 ναι
1101 1049 1205 1080 ταύτας
1218 1049 1301 1084 μέσον
1314 1050 1363 1084 τῆς
1378 1049 1490 1075 συνόδου
1505 1047 1562 1074 τῶν
1576 1047 1742 1081 ἡγουμένων
1755 1047 1842 1081 (μετὰ

1047 1094 1150 1121 τούτων
1169 1095 1224 1130 γὰρ
1241 1095 1290 1126 τὰς
1304 1095 1431 1124 συνόδους
1452 1093 1552 1129 ἐποίει)
1578 1092 1616 1124 ὡς
1634 1092 1715 1127 δῆθεν
1735 1091 1841 1125 εὔλογα

1047 1141 1146 1175 λέγων.
1168 1141 1403 1176 Ἀναγκαζόμενοι
1415 1138 1462 1167 οὖν
1477 1141 1502 1167 ol
1514 1140 1564 1175 τῆς
1581 1139 1745 1171 Ἐκκλησίας
1761 1147 1842 1173 πρω-

1046 1229 1132 1262 deque
1148 1229 1252 1256 severis
1266 1229 1364 1256 edictis
1385 1236 1543 1262 comparere
1568 1236 1628 1255 cum
1654 1227 1775 1254 vestibus
1806 1225 1842 1254 ad

1049 1275 1249 1303 celebrationes
1274 1275 1406 1303 festorum
1424 1275 1503 1308 iussi,
1520 1274 1607 1301 victus
1632 1279 1720 1301 autem
1745 1281 1842 1300 neces—

1049 1321 1112 1348 sarii
1130 1322 1411 1349 subministrationem
1428 1329 1441 1347 a
1457 1321 1611 1354 patriarcha
1629 1319 1711 1346 ullam
1737 1326 1771 1345 ne
1785 1326 1836 1351 per

1047 1372 1180 1400 somnium
1197 1370 1307 1404 quidem
1327 1368 1470 1398 habentes,
1490 1367 1556 1397 htec,
1571 1366 1692 1400 inquam,
1705 1365 1842 1398 patientes

1047 1419 1172 1454 querelas
1193 1416 1226 1443 de
1255 1415 1297 1442 bis
1320 1422 1383 1441 snas
1401 1414 1434 1440 ad
1454 1414 1644 1446 imperatorem
1663 1410 1819 1438 detulerunt
1832 1431 1840 1442 ,

1047 1466 1073 1493 in
1092 1472 1124 1492 eo
1150 1463 1268 1490 maxime
1302 1461 1470 1492 insistentes,
1486 1460 1523 1486 uti
1546 1459 1587 1486 sui
1615 1458 1654 1485 cis
1681 1461 1842 1492 proventusv

1050 1512 1123 1540 unde
1138 1513 1247 1546 possent
1264 1509 1366 1541 vivere,
1385 1508 1576 1535 redderentur.
1600 1506 1675 1533 Talia
1692 1505 1845 1539 imperator

1052 1558 1179 1589 audiens,
1197 1556 1273 1583 velut
1289 1554 1464 1583 miseratione
1483 1553 1596 1580 inﬂexus
1612 1552 1741 1586 quadam,
1760 1551 1844 1577 advo-

1052 1609 1115 1632 cato
1134 1602 1287 1637 patriarcha
1307 1608 1476 1629 communem
1498 1607 1579 1631 super
1594 1599 1636 1625 his
1652 1605 1712 1625 cum
1729 1605 1761 1625 eo
1776 1597 1844 1624 deli-

1051 1649 1223 1678 berationem
1240 1646 1367 1675 instituit.
1383 1645 1523 1679 Allegabat
1540 1643 1704 1678 patriarcha.
1722 1651 1756 1670 ne
1770 1643 1844 1669 al-la—

1053 1702 1094 1725 los
1126 1696 1284 1722 restitueret
1306 1691 1499 1719 ecclesiasticis
1529 1690 1643 1722 reditus,
1672 1688 1844 1716 dillit'llltates

1051 1742 1235 1771 communium
1254 1743 1418 1774 temporum.
1435 1738 1547 1764 Domum
1565 1744 1597 1763 eo
1615 1736 1796 1763 descendebat
1817 1739 1845 1760 ut

1052 1788 1111 1816 dari
1138 1787 1286 1820 unicuique
1302 1785 1422 1819 ipsorqu
1450 1788 1559 1810 curaret
1581 1782 1625 1809 alii
1645 1790 1703 1813 sex.
1721 1782 1765 1808 alii
1783 1786 1845 1806 octn

1051 1841 1189 1864 nummos,
1203 1830 1378 1866 proportione
1399 1829 1490 1856 habita
1506 1828 1691 1867 differentium
1710 1828 1780 1853 inter
1797 1834 1845 1853 cos

1050 1879 1181 1915 graduum
1198 1877 1349 1912 dignitatis.
1365 1876 1404 1902 Ad
1423 1875 1494 1910 quod
1512 1880 1607 1901 contra
1624 1874 1778 1908 excipiebat
1793 1873 1846 1899 im—

1051 1930 1159 1960 perator
1176 1923 1242 1950 nihil
1257 1924 1307 1950 hoc
1323 1929 1384 1949 esse
1401 1930 1408 1948 :
1427 1929 1488 1948 nam
1508 1929 1541 1948 ne
1554 1922 1663 1955 dignam
1678 1919 1784 1953 quidem
1803 1919 1847 1944 vi-

1052 1971 1109 1998 deri
1136 1975 1190 1996 tam
1217 1969 1341 2001 exiguam
1360 1975 1493 1994 summam
1522 1975 1581 2000 quae
1605 1967 1647 1993 vel
1664 1966 1846 1994 stccularibus

1052 2017 1195 2045 oiferretur
1220 2024 1227 2043 :
1253 2020 1354 2050 quanto
1385 2015 1473 2041 minus
1501 2014 1616 2041 sulliciat
1632 2013 1848 2041 ecclesiasticis?

1052 2065 1133 2100 653
1145 2064 1297 2091 Persistens
1307 2061 1484 2089 nihilominus
1501 2061 1655 2094 patriarcha
1671 2060 1698 2086 in
1711 2059 1845 2086 sententia

1053 2111 1144 2138 offerri
1166 2110 1253 2137 sacris
1269 2108 1427 2135 hominibus
1444 2107 1637 2140 pensinnculas
1663 2105 1729 2132 istas
1751 2104 1844 2139 jussit.

216 2149 325 2175 malum.
344 2148 404 2182 Quo
419 2149 516 2177 Atman
533 2151 679 2179 observato
698 2152 799 2186 spebus
813 2153 900 2181 elatus
917 2155 1001 2189 majo-
1019 2153 1040 2180 D
1056 2156 1108 2184 Sed
1135 2164 1214 2183 nemo
1239 2162 1332 2182 eorum
1350 2156 1497 2190 quidquam
1529 2153 1582 2180 tale
1602 2152 1687 2180 voluit
1710 2151 1846 2186 accipere.

217 2196 291 2223 ribus
314 2203 425 2224 cunctas
448 2197 504 2232 jam
529 2198 613 2226 libere
639 2199 665 2225 in
691 2203 782 2233 partes
805 2202 1004 2234 grassationem

216 2242 336 2269 extendit
363 2251 456 2274 suam.
474 2251 506 2271 eo
520 2251 647 2272 successu:
665 2252 693 2272 ut
711 2246 776 2273 nihil
793 2247 865 2274 circa
885 2247 1004 2277 Nicaeam

215 2292 244 2313 et
263 2287 356 2322 Pythia
369 2308 377 2319 ,
401 2289 467 2316 nih’l
491 2290 516 2316 in
542 2290 675 2318 universis
693 2292 752 2319 inde
771 2294 804 2320 ad
829 2304 904 2323 mare
920 2304 1006 2331 usque

218 2333 372 2366 patentibus
397 2334 528 2362 tractibus
548 2343 658 2370 prorsus
681 2343 752 2365 esset
766 2347 817 2367 non
835 2342 868 2367 ab
885 2341 943 2376 ipso
959 2350 1006 2369 oc-

218 2383 361 2412 cupatum.

219 2434 265 2463 55.
283 2435 405 2469 Epistolis
431 2438 512 2465 missa
536 2439 571 2478 qd
598 2441 781 2478 patriarcham
801 2451 818 2469 a
843 2444 1006 2478 primoribus

543 2473 679 2503 Ecclesia}.

255 2515 392 2544 Primores
405 2523 493 2545 autem
512 2519 648 2552 Ecclesim,
666 2522 722 2554 alii,
736 2523 772 2550 uti
790 2525 916 2556 superius
934 2526 1007 2552 dixi-

221 2569 293 2593 mus,
313 2565 444 2596 suspecti,
465 2565 508 2591 alii
529 2566 603 2592 nullo
622 2575 733 2595 munero
749 2569 843 2601 habiti,
863 2570 908 2597 alii
926 2578 1008 2597 cura-

221 2605 338 2634 tionibus
355 2609 450 2639 privati
467 2617 535 2644 quas
549 2611 624 2645 prius
644 2612 804 2642 habuerant.
819 2621 850 2640 ex
864 2622 917 2648 quo
936 2616 1007 2649 ipso-

221 2660 291 2684 rum,
309 2661 421 2686 quorum
437 2656 528 2684 titulos
545 2659 687 2692 gestabant
699 2678 706 2689 ,
727 2658 876 2686 olliciorutn
900 2659 1005 2693 jactura

223 2699 388 2733 sequebatur
402 2700 457 2735 (ubi
476 2703 546 2729 enim
563 2703 624 2737 quis
643 2703 716 2731 nullo
741 2712 854 2731 numero
881 2705 1010 2737 habetur.

220 2751 247 2772 et
263 2746 285 2772 si
302 2747 422 2774 obtineat
438 2748 564 2779 ofﬁcium.
588 2750 613 2776 id
630 2750 698 2777 nihil
715 2750 752 2776 illi
772 2751 902 2783 prodest).
923 2752 968 2777 sed
984 2757 1013 2778 et

224 2791 359 2819 reditibus
373 2793 483 2827 privati,
499 2799 683 2830 przetereaquc
698 2795 833 2830 objurgati
855 2804 887 2823 ac
899 2796 1010 2823 lacerati

223 2837 329 2879 probris
346 2839 421 2873 quasi
440 2839 606 2876 negligcrcut
623 2850 680 2877 qua:
695 2850 774 2877 agere
791 2843 950 2874 debuerant,
969 2843 1030 2869 ιιι--

1058 2203 1105 2230 Sic
1122 2203 1189 2229 istos
1207 2201 1274 2228 nihil
1292 2209 1305 2228 a
1326 2202 1408 2235 priori
1426 2202 1528 2228 levatos
1546 2199 1636 2232 inopia
1649 2219 1656 2229 .
1671 2198 1786 2230 cogehat
1804 2197 1847 2223 ni-

1060 2247 1115 2274 hilo
1131 2247 1220 2274 secius
1235 2246 1465 2280 imperiosissimis
1485 2245 1618 2272 mandatis
1635 2243 1788 2277 patriarcha
1807 2243 1848 2269 in.

1060 2299 1190 2328 tempesta
1204 2293 1281 2323 hora.
1300 2292 1380 2327 paulo
1394 2293 1498 2319 scilicet
1511 2297 1571 2326 post
1585 2295 1691 2318 noctem
1708 2289 1825 2316 mediam
1838 2310 1846 2322 ,

1058 2347 1153 2368 somno
1175 2340 1288 2372 abrupto
1311 2339 1336 2366 in
1353 2338 1496 2365 ecclesiam
1515 2345 1670 2370 occurrere,
1686 2336 1776 2370 ibique
1791 2340 1846 2362 tam

1057 2393 1152 2413 severo
1169 2384 1279 2412 silcutio
1294 2388 1350 2411 toto
1364 2384 1518 2418 bymnodia:
1534 2388 1655 2417 tempore
1671 2387 1806 2417 perstare,
1819 2387 1847 2409 ut

1057 2432 1179 2466 quemvis
1196 2431 1305 2458 interim
1328 2430 1405 2458 alteri
1426 2430 1563 2464 quidpiam
1584 2429 1771 2456 insusurrasse
1797 2436 1848 2462 pro

1059 2477 1165 2511 piaculo
1182 2477 1285 2504 acriter
1303 2476 1468 2503 vindicando
1485 2475 1641 2503 haberetur.
1659 2474 1739 2502 Stare
1755 2478 1846 2500 autem

1060 2529 1117 2551 toto
1133 2524 1178 2550 illo
1193 2527 1316 2558 tempore
1327 2521 1441 2556 jubebat
1456 2521 1631 2548 immobiliter
1646 2525 1763 2551 erectos,
1779 2528 1848 2546 nun-

1061 2577 1140 2604 quam
1157 2576 1246 2602 neque
1272 2568 1298 2595 in
1320 2567 1458 2595 sinistram
1485 2575 1570 2602 neque
1596 2566 1623 2593 in
1647 2567 1787 2593 dexteram
1805 2566 1847 2594 vel

1062 2615 1194 2642 tantillum
1213 2615 1339 2642 inclinato
1355 2621 1479 2648 corpore.
1492 2613 1538 2640 Sic
1548 2613 1619 2640 enim
1634 2613 1723 2639 aiebat
1735 2621 1749 2639 a
1760 2612 1847 2640 sacris

1061 2661 1209 2687 canonibus
1224 2659 1344 2694 praclpi.
1364 2659 1419 2686 Hac
1434 2659 1479 2686 illa
1493 2664 1547 2686 tam
1562 2665 1620 2685 arta
1636 2658 1787 2693 constringi
1804 2659 1846 2684 di-

1061 2706 1172 2740 sciplina
1198 2713 1252 2732 non
1278 2706 1405 2736 ferentes,
1432 2705 1607 2732 remittebant
1634 2712 1702 2737 sese,
1727 2711 1760 2732 ac
1786 2711 1847 2730 raro

1061 2751 1256 2778 conveniebant
1271 2751 1296 2777 in
1312 2751 1470 2780 ecclesiam.
1484 2751 1611 2784 velutquc
1627 2758 1675 2784 pro
1691 2749 1820 2776 abscissis
1831 2757 1846 2776 α

1063 2797 1225 2832 patriarcha:
1248 2796 1440 2823 communione
1459 2803 1490 2822 se
1513 2797 1653 2829 gerebant.
1679 2796 1712 2821 At
1731 2803 1779 2822 cos
1804 2795 1848 2822 ille

1065 2842 1214 2870 minacibus
1235 2843 1325 2870 missis
1348 2842 1492 2870 revocabat
1515 2842 1623 2873 litteris.
1648 2843 1750 2875 basque
1775 2842 1847 2876 ipsas
