1957 3066
74 140 127 174 7⁸.ὶὸ

546 134 594 166 DE
611 132 829 163 ANDRONICU
848 128 1077 160 PALIEOLOGO
1097 128 1169 158 LIB.
1191 127 1256 158 VH.

1651 127 1706 159 7‘6

77 200 205 228 τεὺοντες
221 195 417 223 ἀποστέλλουσι
442 192 559 228 γράμμα
573 191 611 226 τῷ
633 189 792 225 πατριᾶρχῃ
809 187 869 222 ἔχον
884 193 907 219 Α
922 187 967 213 καὶ
994 185 1133 220 βασιλεῦσι
1158 185 1206 211 καὶ
1232 185 1380 219 ἄρχουσιν,
1407 183 1516 218 ἔχοντες
1548 183 1705 220 ἐλευθερίαν

76 246 124 272 ἐπὶ
136 244 238 275 λέξεως
255 242 352 273 οὕτως·
371 250 380 266 ι
397 239 517 266 Ἀιωθεν
532 240 547 273 ἡ
563 238 611 264 τοῦ
621 236 690 263 Θεοῦ
705 234 867 269 Ἐκκλησία,

77 290 274 324 παναγιώτατε
291 288 410 314 δέσποτα
438 285 486 312 καὶ
503 282 678 318 οίκουμενικὲ
695 280 866 316 πατριάρχα,

75 339 128 372 οὐχ
158 332 222 371 εὗρε
250 334 370 369 θεσμοὺς
397 333 445 359 καὶ
470 330 573 364 τάξεις,
600 329 704 360 ταύτας
730 327 866 361 ἐφύλαττε

79 371 163 419 pcipi.
189 381 236 408 σοῦ
247 389 254 396 ·
271 380 320 407 καὶ
337 380 362 405 οἱ
378 377 450 405 κατὰ
470 376 567 412 καιρὸν
593 371 866 408 πατριαρχεὺσαντες

143 426 185 460 εἷς
197 428 316 458 ἕκαστος
326 425 382 452 τῶν
396 423 443 451 τοῦ
456 423 559 458 κλήρου
574 422 624 455 τῆς
641 419 723 453 ἁγίας
740 417 787 444 τοῦ
796 416 865 443 Θεοῦ

79 475 215 509 Μεγάλης
243 472 392 507 ἐκκλησίας
408 470 478 496 κατὰ
494 469 523 495 τὸ
550 466 674 501 στοιχοῦν
697 464 748 499 τῆς
764 463 866 497 ἀρετῆς

80 524 125 558 ιΡ.
139 520 204 555 H9]
227 520 274 546 καὶ
293 517 340 545 τοῦ
363 516 460 553 χρόνου
480 514 588 550 βαθμὸν
611 512 751 547 εὕρισκον.
771 509 867 544 Ἡμεῖς

78 556 108 594 is:
125 565 324 602 σμικρολογίαν
337 561 600 598 καταγνωσθείημεν
616 560 664 586 καὶ
686 556 868 592 βαρυκάρδιοι

77 601 307 646 ὸνειδισθείημεν,
320 610 362 636 ὅτι
378 608 493 642 ἀφέντες
506 607 540 633 τὰ
556 605 644 641 μείζω
656 604 748 639 ζητεῖν
768 601 868 636 ζητοῦ-

79 668 130 694 μεν
151 658 187 684 τὰ
202 657 306 683 ἐλάττω
328 657 376 682 καὶ
389 654 467 681 οὐδὲν
483 654 522 684 είς
541 652 634 687 ψυχὴν
650 649 865 686 χρησιμεύοντα.

77 693 117 732 Dt‘i
136 703 273 739 ζητοῦμεν
288 701 428 737 ἡμέτερα,
443 700 572 730 δέσποτα,
595 697 665 724 ἀλλὰ
677 696 713 722 τὰ
733 695 780 722 τοῦ
798 693 867 721 Θεοῦ

78 751 192 785 καὶτῆς
214 748 392 783 Ἐκκλησίας.
414 746 488 780 Αὕτη
511 746 528 780 ἠ
545 744 622 776 τάξις
634 743 685 777 τῆς
703 740 868 774 Ἐκκλησίας

77 799 127 825 καὶ
150 796 200 823 τοῦ
226 795 344 830 κλήρου,
362 793 395 828 ἣν
416 792 497 827 ἡμεῖς
510 792 555 822 εἰς
571 790 602 816 τὸ
625 788 739 823 ἀκριϐὲς
755 787 868 819 εἰδότες,

77 843 167 878 ταύτῃ
182 841 403 875 ἐνεγηράσαμεν.
422 837 477 864 Καὶ
495 835 557 863 καθ’
575 834 694 868 ἑκάστην
717 832 795 859 ἄλλοι
818 830 866 857 καὶ

76 890 157 917 ἄλλοι
182 887 373 924 προσήρχοντο
398 885 446 911 καὶ
468 882 673 918 προσεδέχοντο,
699 880 729 906 οὑ
754 879 867 913 μάταιοι

77 937 159 965 ὖντες
175 935 223 961 καὶ
242 932 350 968 φαῦλοι,
368 931 408 957 ὅτι
424 929 455 961 ἓξ
470 927 648 964 νομισμάτων
666 926 728 952 κατ’
741 923 867 951 ἐνιαυτὸν

78 980 221 1009 δουλεύειν
243 978 414 1012 ἀπέστησαν,
431 975 462 1002 οὐ
480 975 517 1010 μὰ
538 974 602 1005 τοὺς
619 971 710 1007 ἱεροὺς
736 969 868 1004 θεσμοὺς,

79 1026 128 1058 οὒς
142 1026 168 1052 οἱ
182 1024 303 1059 πατέρες
319 1021 483 1057 παρέδοσαν
504 1018 572 1046 ἀλλὰ
584 1019 618 1053 τῇ
636 1017 748 1052 χάριτος
765 1015 870 1050 φυλατ-

81 1073 194 1108 τόμενοι
207 1070 321 1104 δυνάμει
337 1069 437 1098 πάντες
450 1067 552 1093 ἐκεῖνοι
573 1065 622 1092 καὶ
637 1063 806 1098 πατριάρχαι
823 1061 871 1088 καὶ

81 1118 227 1154 ἀρχιερεῖς
238 1114 321 1151 ἦσαν,
333 1115 381 1141 καὶ
392 1111 548 1140 διδάσκαλοι
562 1111 649 1138 κοινοὶ
662 1109 709 1136 καὶ
724 1107 871 1142 φωστῆρες

79 1153 138 1196 τπριξ
154 1162 395 1199 ἐκκλησιαστικαῖς
411 1160 604 1194 ὲμπρέποντες
616 1155 769 1190 ἀξιώμασι,
783 1153 870 1187 τίμιοι

81 1256 115 1281 ad
129 1252 308 1288 ignominiam
325 1250 431 1278 illorum
448 1249 474 1276 in
490 1247 580 1275 medio
595 1250 667 1274 coetu
683 1244 870 1280 praefectorum

83 1298 263 1328 monasteriis
275 1297 346 1332 (cum
360 1297 401 1323 his
413 1295 486 1323 enim
502 1300 565 1321 suas
573 1291 730 1320 celebrabat
745 1288 872 1325 synodos)

79 1345 196 1382 jubehat
211 1341 330 1375 recitari,
349 1340 510 1369 ostentanda
529 1346 578 1374 per
595 1339 666 1364 hunc
681 1336 788 1363 modum
804 1335 873 1361 lidu-

83 1394 124 1419 ria
149 1387 397 1424 irreprehensihilis
413 1394 468 1413 sum
492 1386 518 1412 in
544 1389 598 1411 tam
621 1389 719 1417 aspero
742 1379 873 1414 regimine

85 1436 268 1464 rectitudinis.
295 1431 453 1468 Hujusmodi
470 1431 515 1457 diu
529 1426 719 1456 vexationibus
739 1425 873 1460 primores

84 1483 215 1510 Ecclesiae
231 1480 336 1516 fatigati
358 1478 499 1513 epistolam
517 1476 624 1503 tandem
638 1473 671 1500 ad
689 1471 873 1506 patriarcham

920 233 1148 268 προηγουμένως,
1172 231 1209 261 ὠς
1229 230 1261 264 δὴ
1285 230 1377 256 αὐτῶν
1400 230 1552 265 γινομένων
1575 230 1630 256 τῶν
1657 232 1707 266 τῆς

925 278 1090 311 Ἐκκλησίας
1106 277 1246 304 ἁπάντων.
1258 276 1312 302 Καὶ
1326 276 1351 302 οί
1367 276 1439 302 κατὰ
1452 276 1565 311 καιροὺς
1580 277 1629 310 τῆς
1647 277 1707 303 Ἐκ-

919 324 1033 358 κλησίας
1049 321 1266 358 προστατοῦντες
1276 322 1340 352 τοὺς
1352 321 1399 347 τοῦ
1412 320 1513 356 κλήρου
1530 321 1599 356 μέλη
1616 321 1707 347 αὐτῶν

920 369 1082 403 ἐλογίζοντο,
1101 368 1159 395 Νῦν
1176 368 1204 394 δὲ
1221 367 1289 393 ἀλλὰ
1304 367 1330 393 τί
1340 375 1347 400 ;
1367 367 1438 393 Ἀλλ’
1452 367 1508 402 ἔχει
1525 375 1566 398 τις
1584 367 1707 402 προϐάλ-

919 415 1015 442 λεσθαι
1035 415 1084 450 τὴν
1103 415 1150 440 τοῦ
1171 414 1268 449 καιροῦ
1283 413 1438 445 δυσκολίαν,
1454 414 1491 444 ὡς
1509 413 1556 440 καὶ
1573 414 1708 445 πολλάκις

919 463 935 496 ὴ
955 462 1093 496 ἀγιωσύνη
1107 469 1166 487 σου.
1189 460 1269 486 Ἀλλὰ
1286 460 1355 494 μετὰ
1368 459 1477 495 πᾴντων
1488 459 1542 486 τῶν
1561 460 1708 494 Ῥωμαίων

919 510 966 535 καὶ
981 507 1075 543 ἡμεῖς,
1098 509 1145 534 καὶ
1166 507 1205 538 ὡς
1227 507 1343 538 ἕκαστος
1362 506 1457 540 ἔτυχεν
1480 506 1549 540 ἔχων
1573 507 1643 532 οὕτω
1660 507 1707 532 καὶ

919 540 1020 590 ἡμεῖς·
1042 554 1110 580 ἀλλὰ
1126 553 1201 588 μόνοι
1217 553 1298 588 ἡμεῖς
1314 552 1511 586 δυστυχοῦμεν.
1529 551 1586 578 Καὶ
1599 540 1650 586 οὑξ(
1664 553 1707 578 ὅτι

918 602 1017 637 ἀπορεῖ
1025 602 1047 635 ἡ
1066 600 1217 636 Ἐκκλησία
1232 608 1238 614 ·
1258 599 1327 625 ἀλλὰ
1350 599 1396 625 καὶ
1415 599 1539 632 εὐπορεῖ,
1558 599 1619 624 ὅσον
1633 599 1707 625 οἴδα-ε

919 657 978 684 μεν.
1000 647 1071 674 Ἀλλ’
1096 648 1138 674 ὅτι
1163 645 1363 680 ἀπαιτούμενοι
1389 645 1461 672 κατὰ
1487 645 1630 679 Κυριακὰς
1661 645 1709 671 καὶ

918 680 1014 730 ἑορτὰς
1042 694 1167 729 ἅπαντᾷν
1196 694 1257 727 μεθ’
1279 693 1437 728 ίματισμῶν
1466 694 1547 728 ἡμεῖς
1573 694 1619 718 καὶ
1646 680 1711 719 καθ’

917 740 1038 774 ἑκάστην
1050 739 1217 774 σχολάςομεν
1230 739 1276 766 καὶ
1291 739 1340 773 οὐχ
1351 738 1547 773 ἁμαρτάνομεν
1559 741 1600 770 εἰς
1614 738 1705 766 τοῦτο.

924 787 995 813 Ἀλλ’
1010 787 1085 820 ὅμως
1109 787 1158 812 καὶ
1174 787 1214 818 εἰς
1239 786 1320 813 τοῦτο
1345 785 1567 820 ἀπολογούμεθα.
1591 785 1710 820 Οἴδαμεν

882 851 903 877 Β
919 833 974 877 γὰρ
986 832 1048 863 τοὺς
1060 834 1207 867 μεγίστους
1217 832 1318 868 ἄνδρας
1334 832 1458 863 ἐκείνους
1471 833 1534 862 τοὺς
1551 832 1605 866 πρὸ
1617 831 1710 866 ἡμῶν,

920 876 959 905 ὧν
985 879 1032 905 καὶ
1057 879 1119 910 τοὺς
1147 879 1246 909 τόπους
1268 879 1351 913 ἡμεῖς
1372 878 1542 912 ἐφθάσαμεν,
1573 879 1614 904 ὅτι
1640 878 1710 905 οῐκοι

922 926 1004 956 ναοὺς
1020 925 1127 960 ἔχοντες
1145 926 1193 952 καὶ
1211 926 1295 960 tepet;
1311 925 1344 951 τὰ
1361 925 1412 959 τῆς
1427 925 1592 955 ἀκολουθίας
1619 924 1712 950 αὐτῶν

923 972 1075 1005 ὲΕετέλουν,
1091 972 1237 1007 ἐσχόλαζον
1252 972 1280 998 δὲ
1294 973 1340 998 καὶ
1355 972 1395 1003 είς
1410 971 1460 1007 τὴν
1481 971 1648 1005 Ἐκκλησίαν
1661 969 1711 997 τοῦ

916 1016 1003 1049 θεοῦ,
1021 1018 1059 1048 ὼς
1080 1015 1152 1053 εἶχεν
1167 1017 1282 1048 ἕκαστος
1298 1017 1443 1052 δυνάμεώς
1468 1025 1498 1042 τε
1519 1017 1564 1042 καὶ
1579 1016 1713 1050 προαιρέ-

925 1073 1005 1095 σεως.
1031 1064 1063 1090 Δί
1089 1063 1117 1090 δὲ
1133 1064 1284 1099 ὑπηρεσίαι
1304 1065 1418 1090 ἐκείνων
1441 1064 1468 1089 at
1495 1062 1549 1088 τῶν
1576 1062 1714 1096 ὸφφικίων

923 1111 1038 1138 ἐκείνων
1053 1108 1124 1146 ἦσαν
1140 1111 1291 1145 ἐνέργειαι,
1308 1109 1354 1136 τοῦ
1373 1109 1421 1144 μὲν
1433 1109 1470 1140 ὡς
1486 1108 1641 1142 οἰκονόμου,
1664 1107 1714 1134 τοῦ

923 1157 954 1183 δὲ
971 1158 1008 1189 ὡς
1023 1156 1214 1192 σακελλαριου,
1230 1156 1277 1183 τοῦ
1306 1156 1328 1183 δ’
1351 1156 1389 1188 ὡς
1414 1155 1639 1191 χαρτοφύλακος,
1666 1155 1714 1181 καὶ

927 1252 1068 1272 manorum
1084 1245 1203 1272 omnium
1220 1251 1332 1272 numero
1348 1251 1493 1272 censemur
1510 1250 1560 1270 nos
1583 1250 1711 1278 quoque;

927 1297 954 1319 et
974 1299 1028 1325 quo
1041 1291 1102 1325 jure
1124 1299 1211 1325 quave
1232 1292 1388 1318 conditione
1402 1292 1516 1325 quisque
1536 1291 1645 1318 illorum
1660 1295 1714 1324 est,

928 1344 958 1364 ea
973 1342 999 1363 et
1012 1345 1059 1364 nos
1072 1345 1132 1364 esse
1146 1338 1280 1364 convenit.
1294 1337 1373 1372 Atqui
1384 1337 1454 1364 haud
1469 1337 1504 1364 ita
1516 1342 1567 1364 est.
1578 1335 1632 1364 Nos
1642 1336 1714 1363 enim

929 1381 978 1409 soli
997 1381 1088 1408 miseri
1107 1381 1253 1408 necessarii
1270 1383 1357 1408 victus
1371 1382 1462 1415 inopia
1483 1381 1643 1415 premimur.
1659 1380 1714 1407 Ne-

928 1435 981 1461 que
1009 1428 1060 1455 hoc
1083 1428 1145 1454 inde
1164 1433 1205 1454 est
1225 1428 1296 1462 quod
1312 1432 1390 1461 egeat
1410 1426 1531 1454 Ecclesia
1550 1435 1558 1453 :
1575 1427 1620 1453 illa
1642 1427 1715 1453 enim

928 1474 1009 1502 etiam
1026 1473 1155 1505 abundat,
1181 1480 1311 1507 quantum
1330 1473 1465 1500 novimus.
1482 1474 1523 1499 An
1543 1473 1568 1499 id
1585 1472 1639 1506 pati
1659 1480 1716 1498 me-

85 1531 198 1557 mittunt
209 1527 254 1555 bis
269 1527 347 1560 plane
360 1523 542 1556 conscriptam
558 1520 646 1548 verbis
663 1518 793 1545 totidem:
812 1515 874 1543 tSu—

931 1520 984 1548 rito
1001 1520 1133 1551 dicemur,
1147 1520 1208 1553 quia
1224 1520 1345 1554 requisiti
1360 1525 1424 1554 quot
1437 1519 1585 1546 Dominicis
1598 1522 1625 1546 et
1638 1518 1715 1545 festis

84 1575 186 1610 pcriori
204 1579 326 1608 tempore
340 1571 384 1599 Dei
402 1569 533 1601 Ecclesia,
549 1566 721 1594 sanctissime
731 1563 839 1591 domine
847 1566 875 1588 et

87 1621 258 1650 mcuinenice
281 1617 445 1654 patriarcha,
468 1623 520 1643 non
536 1613 640 1641 invenit
658 1613 707 1639 has
723 1610 805 1646 leges,
826 1615 875 1636 ne-

86 1677 140 1704 que
157 1666 344 1696 ordinationes
369 1664 437 1691 istas
452 1660 606 1689 observavit
620 1664 706 1693 usque
721 1656 756 1683 ad
772 1661 808 1687 te,
828 1654 875 1681 sed

89 1716 135 1751 qui
156 1722 204 1750 pro
220 1718 340 1747 tempore
355 1709 568 1745 patriarcltatum
586 1704 727 1741 gerebant.
744 1707 773 1730 et
789 1708 872 1729 unus.

89 1749 206 1797 quisque
232 1759 393 1786 clericorum
418 1759 518 1783 sanctae
538 1752 586 1779 Dei
613 1752 714 1787 Magna:
736 1749 877 1779 ecclesiae,

89 1796 139 1842 pro
151 1805 260 1832 virtutis
275 1802 396 1838 profectu
412 1799 618 1835 praerogativam
633 1796 765 1831 temporis
775 1800 803 1822 et
818 1801 879 1829 gra-

88 1840 154 1880 dum
171 1851 245 1879 aetati
260 1849 378 1877 debitum
395 1844 577 1881 reperiebant.
594 1843 647 1870 Nos
659 1847 749 1869 utem
765 1840 878 1876 pusillu-

89 1897 221 1926 nitnitatis
235 1895 349 1922 nimium
368 1892 487 1928 querulae
504 1892 676 1919 damnamur,
692 1891 719 1915 ct
733 1886 812 1914 nobis
828 1893 878 1913 ex-

89 1946 237 1981 probratur
252 1941 371 1976 gravitas
391 1938 526 1969 cordium,
539 1936 611 1970 quod
629 1935 785 1962 amittentes
803 1939 878 1966 quae-

90 1979 150 2019 rere
167 1989 271 2022 majora
289 1986 392 2014 minora
406 1989 560 2019 quaeramus
575 1985 602 2008 et
626 1979 693 2007 nihil
709 1979 742 2006 ad
758 1979 876 2005 animam

91 2037 178 2065 utilia.
200 2034 259 2061 Non
276 2031 425 2067 quaerimus
442 2033 545 2059 nostra,
557 2026 674 2058 domine,
689 2025 736 2052 sed
755 2030 815 2058 qua!
830 2022 877 2049 Dei

90 2089 153 2112 sunt
166 2079 250 2118 64A
264 2083 291 2106 et
312 2076 450 2104 Ecclesiae.
470 2074 518 2101 Hic
539 2073 605 2101 ordo
628 2075 669 2099 est
692 2069 820 2097 Ecclesiae
845 2075 877 2095 ac

90 2128 157 2156 tleri
167 2114 271 2161 {quem
287 2131 336 2150 nos
351 2125 446 2149 exacte
459 2119 576 2147 scientes
589 2117 613 2143 itt
629 2123 662 2143 eo
673 2114 877 2145 consenuimus,

91 2176 125 2203 ad
143 2180 224 2209 quem
239 2170 277 2198 uti
291 2176 351 2197 esse
368 2170 501 2195 noverant
522 2163 666 2192 tenendum
681 2165 710 2189 et
721 2161 767 2188 alii
785 2167 879 2187 acces-
895 2181 918 2209 υ

89 2207 159 2250 sere
169 2221 346 2254 aggregantcs
361 2222 391 2242 se
408 2213 484 2241 nobis
497 2231 504 2244 ,
519 2217 635 2245 eumque
650 2217 699 2236 usu
716 2207 879 2242 comproba-

91 2271 166 2299 runt,
181 2253 389 2298 haudquaquain
404 2259 504 2287 idcirco
517 2256 592 2285 stulti
607 2259 635 2282 et
648 2254 710 2281 mali
727 2253 797 2287 quod
810 2259 880 2279 mer-

91 2314 160 2342 cede
178 2318 226 2338 sex
247 2313 422 2336 nummorum
442 2308 499 2331 toto
515 2309 586 2329 anno
599 2300 703 2328 servire
717 2300 877 2326 abnuerent.

91 2360 162 2391 Non,
176 2363 224 2392 per
240 2361 333 2382 sacras
349 2352 424 2386 leges
434 2357 501 2385 quas
515 2348 610 2375 Patres
623 2346 796 2374 tradiderunt
810 2353 817 2372 :
830 2343 878 2371 sed

93 2391 188 2441 gratias
204 2400 332 2430 cnstoditi
350 2400 450 2426 virtute
465 2402 559 2424 omnes
578 2394 615 2421 illi
633 2398 660 2421 et
677 2391 839 2428 patriarchae
855 2395 882 2418 ct

93 2436 215 2485 episcopi
231 2451 320 2479 erant,
333 2451 360 2474 ct
374 2443 494 2480 magistri
510 2447 679 2472 communes,
696 2444 723 2466 et
737 2436 882 2465 luminaria

95 2496 302 2526 ecclesiasticis,
320 2492 408 2521 ornati
434 2489 621 2525 dignitatibus,
637 2485 808 2514 venerabiles
832 2484 884 2511 im.

97 2541 273 2580 peratoribus
296 2544 324 2566 et
343 2536 521 2573 principibus,
539 2534 619 2568 pleno
641 2540 673 2560 es
695 2531 721 2558 vi
748 2537 885 2566 possessas

96 2577 244 2626 potestatis
267 2586 328 2620 jure
352 2583 457 2618 praediti
483 2579 664 2608 constituendi
686 2585 734 2613 pro
755 2578 834 2605 libito
849 2577 883 2603 de

96 2623 178 2664 rebus
191 2638 220 2660 et
234 2630 358 2667 personis
372 2628 513 2660 Ecclesiae,
529 2625 636 2654 cunctis
648 2632 682 2653 ex
698 2631 791 2652 eorum
806 2623 882 2650 arbi-

95 2683 149 2710 trio
163 2677 354 2716 pendentibus.
368 2675 402 2702 Et
416 2675 462 2710 qui
479 2673 562 2700 variis
583 2671 749 2705 temporibus
767 2668 882 2704 praefue-

99 2731 161 2754 runt
179 2722 320 2754 Ecclesiae,
335 2728 382 2748 eos
399 2719 444 2754 qui
467 2725 482 2746 e
495 2717 568 2745 clero
580 2720 684 2748 essent,
697 2715 820 2742 membra
835 2720 884 2741 sua

98 2777 221 2810 ipsorum
236 2769 407 2805 reputabant.
420 2767 498 2794 Nunc
512 2770 601 2793 autem
613 2763 694 2798 quid?
709 2762 780 2790 forte
793 2763 889 2790 obten-

98 2809 164 2848 dere
181 2817 254 2845 volet
267 2815 400 2850 quispiam
413 2811 585 2840 dillicultates
595 2809 771 2845 praisentium
783 2813 888 2843 tempo-

98 2874 170 2898 rum,
187 2867 267 2900 prout
290 2868 360 2896 sa’pe
377 2861 438 2888 fecit
454 2858 584 2887 sanctitas
600 2863 655 2884 tua.
677 2856 776 2885 Verum
790 2856 818 2884 in
834 2855 888 2883 ito-

930 1570 1028 1599 prtesto
1048 1566 1143 1592 adesse
1159 1572 1219 1591 cum
1232 1566 1362 1597 vestibus,
1378 1572 1426 1592 nos
1438 1564 1560 1598 quotidie
1573 1563 1717 1591 vacamus?

931 1610 1030 1638 Verum
1050 1611 1075 1637 in
1091 1611 1140 1637 ltoc
1154 1618 1207 1637 non
1221 1618 1371 1645 peccamus.
1388 1609 1596 1637 Excusationcm
1615 1610 1716 1644 quippe

930 1656 994 1684 facti
1017 1657 1077 1691 ejus
1097 1655 1236 1683 alTerimus
1257 1656 1392 1683 idoneam.
1418 1655 1525 1683 Scimus
1546 1656 1617 1682 enim
1644 1655 1717 1683 viros

929 1711 1054 1738 magnos,
1073 1710 1187 1737 quorum
1201 1703 1228 1729 in
1246 1702 1302 1729 loca
1316 1702 1512 1735 successimus,
1530 1701 1629 1728 sacella
1643 1702 1717 1728 domi

930 1751 1056 1778 habuisse
1071 1755 1097 1775 et
1113 1749 1268 1776 sacerdotes
1281 1748 1326 1782 qni
1347 1755 1424 1775 sacra
1448 1756 1496 1782 pro
1514 1748 1580 1782 ipsis
1596 1747 1719 1773 ministe-

929 1797 970 1824 ria
991 1802 1018 1823 et
1031 1796 1134 1823 ortﬁnis
1156 1796 1275 1830 ipsorum
1290 1794 1376 1821 oﬂicia
1395 1799 1566 1829 peragerent.
1589 1793 1653 1820 Inde
1670 1792 1720 1826 ipsi

931 1842 1063 1869 vacabant
1081 1847 1161 1876 prout
1183 1841 1296 1872 vellent,
1310 1840 1508 1867 convenientes
1527 1839 1551 1865 in
1577 1838 1720 1865 ecclesiam

932 1888 1039 1922 quando
1062 1887 1193 1914 duntaxat
1212 1886 1309 1920 cuique
1331 1886 1480 1916 videretur,
1497 1892 1545 1918 pro
1564 1885 1665 1910 viribus
1694 1888 1721 1909 et

931 1933 1012 1968 645
1026 1932 1122 1959 alIeetu
1139 1932 1318 1966 singulorum.
1336 1931 1482 1957 Ministeria
1500 1937 1580 1964 porro
1598 1936 1656 1962 qua:
1672 1929 1722 1955 ob-

933 1980 970 2006 ire
990 1985 1039 2013 per
1059 1985 1087 2005 se
1102 1978 1152 2012 ipsi
1162 1977 1276 2010 publice
1292 1976 1432 2006 deberent,
1444 1975 1591 2001 oliiciortun
1604 1981 1718 2008 quorum

932 2025 1024 2051 titulus
1043 2027 1181 2057 gerebant,
1195 2023 1350 2049 functiones
1361 2027 1450 2053 erant,
1467 2026 1529 2054 puta
1542 2019 1674 2046 teconomi
1689 2019 1722 2044 il-

933 2071 995 2103 lius,
1014 2070 1093 2104 hujus
1124 2069 1269 2101 sacellarii,
1300 2068 1410 2094 alterius
1436 2063 1654 2100 chartophylacis
1677 2068 1724 2091 aut

933 2117 1052 2145 custodis
1063 2123 1147 2142 sacras
1168 2113 1351 2149 supellectilis,
1368 2118 1395 2140 et
1410 2113 1449 2140 sic
1467 2114 1500 2139 de
1529 2111 1643 2138 t-aateris.
1674 2109 1724 2136 Mi-

933 2171 992 2191 rum
1009 2163 1089 2197 igitur
1105 2166 1132 2188 et
1145 2169 1243 2188 novum
1260 2165 1302 2188 est
1316 2167 1366 2187 nos
1384 2159 1497 2186 istarum
1523 2158 1622 2184 dudum
1648 2164 1724 2183 cum-

932 2211 1075 2237 missaruin
1090 2208 1166 2235 nobis
1182 2206 1351 2234 curationum
1370 2203 1581 2232 auctoramentis
1596 2206 1622 2228 et
1642 2209 1721 2228 excr-

932 2254 997 2281 citio
1029 2252 1148 2286 privatos
1162 2251 1220 2286 cogi
1233 2251 1288 2285 jam
1303 2251 1336 2277 ad
1365 2249 1416 2275 alia
1430 2255 1490 2282 quae
1518 2247 1550 2273 ad
1579 2253 1629 2273 nos
1672 2253 1723 2271 non

932 2300 1067 2334 pertinent
1082 2298 1242 2325 ministeria.
1258 2296 1430 2323 Nuncautem
1448 2294 1550 2321 crebrae
1564 2292 1618 2318 illac
1631 2291 1725 2325 objur-

932 2346 1042 2383 gatoria:
1058 2345 1154 2372 litteras
1169 2343 1320 2371 sanctitatis
1337 2347 1387 2369 tuae
1419 2341 1530 2374 adigunt
1548 2346 1598 2365 nos
1623 2339 1655 2364 ad
1675 2337 1727 2364 ini—

935 2382 1015 2420 nutas
1029 2390 1291 2421 observatiunculas,
1308 2387 1402 2422 quales
1418 2394 1431 2412 ιι
1451 2385 1527 2412 nobis
1536 2384 1598 2411 olim
1609 2382 1728 2418 parvulis

935 2445 1025 2474 patres
1038 2438 1072 2465 ad
1092 2436 1226 2472 paedagogi
1242 2434 1350 2462 scutica:
1366 2432 1447 2460 minis
1459 2429 1657 2464 exprimebnnt.
1677 2428 1725 2453 At-

937 2484 982 2517 qui
999 2483 1055 2517 jam
1069 2481 1216 2511 senuitnus,
1246 2478 1341 2513 majori
1367 2477 1416 2504 aevi
1448 2475 1534 2510 spatio
1564 2475 1590 2500 in
1621 2473 1729 2499 assidua

937 2529 1066 2558 Ecclesiae
1081 2529 1127 2555 Dei
1143 2525 1310 2555 celebrandae
1322 2530 1349 2552 et
1377 2522 1580 2557 frequentandae
1605 2526 1731 2554 perseve-

937 2576 1025 2604 rantia
1039 2577 1211 2607 consumpto,
1225 2570 1378 2598 assistendo
1400 2569 1504 2602 quoties
1516 2565 1658 2600 oportebat
1669 2568 1731 2589 cum

938 2630 1016 2651 sacro
1030 2621 1126 2649 vestitu
1142 2619 1255 2654 publicis
1273 2618 1379 2645 ritibus.
1395 2615 1496 2642 Tamen
1524 2613 1575 2641 ista
1601 2610 1733 2638 inusitata

938 2677 1009 2698 nunc
1025 2669 1147 2703 exigente
1162 2674 1176 2692 a
1191 2665 1267 2693 nobis
1278 2664 1419 2691 sanctitate
1436 2666 1479 2688 tua
1502 2666 1636 2695 paremus,
1649 2662 1675 2682 et
1693 2654 1735 2682 fa-

942 2717 1029 2745 cimus
1042 2722 1094 2741 non
1110 2713 1197 2740 solum
1210 2713 1245 2739 ob
1260 2710 1438 2738 reverentiam
1457 2705 1563 2741 paterni
1592 2703 1630 2730 tui
1659 2707 1736 2728 man-

941 2762 1008 2794 dati,
1038 2761 1084 2787 sed
1100 2766 1164 2786 cura
1178 2757 1260 2786 etiam
1285 2756 1394 2784 honoris
1409 2753 1494 2781 nostri
1508 2756 1634 2778 etamore
1649 2746 1737 2772 laudis

941 2810 1002 2844 ejus
1018 2814 1079 2844 quae
1093 2807 1154 2834 talia
1169 2803 1358 2841 praestantibus
1383 2799 1521 2834 competit.
1552 2796 1649 2822 Verum
1674 2791 1737 2827 qui-

942 2858 1003 2884 dem
1017 2840 1059 2884 est
1086 2861 1134 2882 nos
1161 2840 1240 2881 istam
1268 2849 1403 2886 paululum
1434 2844 1569 2874 interdum
1598 2840 1738 2871 remisisse
