1957 3066
250 116 302 148 ’107

840 117 1001 148 GEORGII
1021 118 1260 149 PAClIYMEIl/E

1819 119 1874 151 703

250 171 452 206 σκευοφύλακος
468 171 561 205 ἄλλου,
575 173 622 199 καὶ
634 171 754 207 καθεξῆς
765 171 819 198 τῶν
828 172 941 199 λοιπῶν,
952 172 1033 198 Ξένον
1046 171 1073 201 Α
1087 173 1257 206 μαρτυρήσει
1272 170 1319 197 καὶ
1333 170 1357 197 οἱ
1373 169 1513 201 ἐλεοῦντες
1529 170 1613 205 ἡμᾶς.
1630 168 1696 198 Εἶτα
1712 171 1735 198 τί
1750 171 1821 204 ἔδοξε
1839 176 1873 209 τῇ

247 216 295 245 οὖν
324 218 348 244 εί
375 218 488 244 ἐκείνων
514 217 711 253 ἀφαιρεθέντες
736 217 771 245 τὰ
798 217 836 253 μὴ
860 218 1033 252 προσήκοντα

250 262 453 297 ἀπαιτούμεθα.
471 263 546 294 Τέως
557 263 585 289 δὲ
597 263 645 289 καὶ
658 263 756 298 συχναὶ
767 263 871 297 γραςραὶ
885 262 934 297 τῆς
949 263 1033 296 ἁγιω-

250 308 334 343 σύνης
361 317 409 335 σου
428 309 468 340 είς
490 308 570 335 τοῦτο
594 309 796 343 ἀναγκάζουσιν
816 310 889 344 ἡμᾶς
905 309 945 340 είς
963 310 1032 343 ὅπερ

249 354 274 380 οί
301 354 420 389 πατέρες
449 354 528 389 ἡμῶν
554 354 685 389 νηπιόθεν
708 355 780 390 ἡμᾶς
798 355 920 389 ἐδίδαξαν
943 356 990 381 καὶ
1007 356 1032 382 ot

248 401 517 435 παιδαγωγήσαντες.
533 399 600 427 Εἶτα
620 401 648 428 δὲ
668 401 716 428 καὶ
731 402 863 436 πολυετὴς
876 399 953 433 οὗτος
967 402 1032 436 χρό-

248 455 303 479 νος,
319 447 379 473 καθ’
395 446 424 472 ὃν
441 447 474 481 τῇ
493 446 641 481 Ἐκκλησία
656 447 703 473 τοῦ
721 446 788 473 Θεοῦ
811 447 1031 483 προσεδρεύομεν

247 493 294 518 καὶ
307 492 474 526 σχολάζομιν
490 492 549 527 μεθ’
565 492 647 527 ίερῶν
660 492 827 526 ἐνδυμάτων.
844 493 937 519 Ταῦτα
950 493 1033 528 ζητη-

248 539 333 573 σάσης
346 539 396 573 τῆς
415 539 571 573 ἁγιωσύνης
587 547 634 564 σου
660 539 830 574 πράττομεν,
847 539 877 565 οὐ
896 539 974 565 τόσον
997 538 1030 566 δι’

247 585 356 620 ἐντολὴν
377 584 514 619 ιιατρικὴν
540 585 601 611 ὅσον
630 585 678 611 καὶ
705 586 771 620 ἡμῖν
793 585 885 616 αὐτοῖς
905 585 947 620 [Ρ.
965 585 1029 621 450]

247 631 471 665 περιποιούμενοι
501 631 549 666 τὴν
577 632 671 666 τιμήν.
701 631 812 665 minet;
827 630 855 657 δὲ
870 631 916 657 ὑπ’
941 631 1030 665 ὀλίγον

244 676 434 711 ὴςιελήσαμεν.
459 677 514 709 Καὶ
539 677 556 708 ὴ
581 676 654 702 αίτία
670 676 721 703 οὑκ
744 676 791 710 ἀφ’
811 677 901 711 ἡμῶν.
919 677 1031 713 Ἐπειδὴ

244 722 344 757 ἐπέστη
360 723 376 757 ἡ
392 723 534 757 ἀγιωσύνη
554 731 611 753 σου,
628 722 723 758 ὥσπερ
740 723 772 750 ἂν
789 723 827 758 μὴ
843 721 917 758 εἶχεν
934 724 950 758 ή
971 724 1032 750 Ἐκ-

206 764 210 769 ”
244 768 343 802 κλησία
358 769 470 804 κλῆρον,
489 769 574 799 οὕτως
590 769 666 804 ἤρξω
678 770 746 804 πρὸς
763 770 836 805 ἡμᾶς
849 770 1029 802 διατίθεσθαι,
1047 788 1068 816 Β

245 814 282 848 μὴ
297 814 448 849 φροντίζων
465 815 542 849 ἡμῶν
557 814 588 841 τὸ
603 815 724 848 σύνολον,
738 816 808 850 μήτε
822 816 946 850 μείζονος
960 817 1030 852 μήτε

243 859 396 891 ἐλάττονος.
428 861 484 886 Καὶ
513 861 582 894 πρὸς
605 861 735 895 τοιαύτην
763 861 968 897 ἀκυδερνησίαν
997 863 1032 889 τὰ

242 905 328 932 πολλὰ
344 906 394 940 τῆς
414 906 580 942 προσεδρίας
595 906 836 941 κατημελήσαμεν,
860 907 900 934 ὅτι
920 907 970 933 οὑκ
982 908 1031 941 ὀφ-

242 951 333 985 φίκιον
349 951 510 993 ἐνηργεῖτοι
517 952 577 978 οὐδὲ
591 952 654 978 ἄλλο
667 961 702 984 τι,
720 953 736 987 ἢ
755 952 885 987 πρόσοδος
899 953 915 989 ἢ
932 954 999 988 τιμὴ
1012 954 1029 988 ἦ

241 996 308 1032 ζωὴ,
328 998 433 1023 ἐκεῖθεν
459 997 596 1032 ἐφαίνετο.
625 999 674 1024 Διὰ
701 998 781 1025 τοῦτο
800 998 1039 1035 προσεδράμομα

239 1043 280 1074 εἰς
304 1044 350 1069 τὸν
367 1043 457 1069 κοινὸν
485 1043 637 1077 εὐεργέτην
666 1043 745 1077 ἡμῶν
771 1045 817 1070 τὸν
844 1045 960 1079 βασιλέα
983 1046 1030 1072 τὸν

239 1088 328 1120 ἆγιον.
345 1088 400 1114 Καὶ
412 1087 509 1114 ὁπόθεν
524 1088 565 1113 ὲνε
572 1087 683 1122 malum;
696 1088 712 1122 ὴ
729 1088 873 1114 ἀπεκείθεν
885 1089 1029 1124 εὐεργεσία

239 1135 254 1160 ὁ
270 1134 334 1165 Θεὸς
350 1131 433 1160 οἶδεν.
458 1134 554 1168 Ὅμως
577 1134 692 1166 διετάξω
708 1135 809 1161 διδόναι
827 1135 857 1161 τὸ
879 1137 964 1170 ἥμισυ
980 1138 1029 1171 τῆς

240 1180 335 1214 ρόγας.
353 1180 408 1206 Kal
421 1181 434 1206 ὁ
451 1179 579 1214 βασιλεὺς
593 1180 684 1214 ὀλίγον
698 1177 768 1207 εἶναι
786 1181 931 1216 διέκρινεν.
947 1183 1029 1210 Ἀλλὰ

238 1225 265 1252 τί
285 1225 337 1252 κᾶν
353 1224 433 1251 τοῦτο
453 1225 576 1259 γίνεται;
594 1226 629 1251 Ἦ
652 1226 681 1251 ὲν
695 1226 768 1260 λόγῳ
786 1228 841 1253 τινί
856 1229 940 1262 ἐσμεν
957 1229 973 1264 ἢ
999 1229 1029 1254 ὲν

238 1272 324 1306 τιμῇ;
347 1271 467 1305 Ὀπόσην
494 1270 524 1297 δε
550 1270 739 1298 κακοπάθειαν
768 1272 888 1306 ἔχομενδ
918 1274 932 1299 ὁ
962 1273 1029 1305 Θεὸς

238 1360 415 1395 diligentiam,
427 1360 570 1396 aliquoties
578 1362 663 1390 abhis
674 1365 814 1393 cessando.
824 1365 876 1394 Sed
883 1375 961 1395 causa
973 1368 1033 1403 ejus

238 1407 276 1433 rei
296 1414 310 1432 a
326 1407 403 1433 nobis
419 1414 472 1434 non
489 1411 540 1439 est,
556 1415 604 1435 nec
631 1414 730 1437 nostra:
754 1412 839 1446 culpae
863 1413 1028 1448 imputanda.

238 1452 285 1479 Est
299 1458 386 1479 autem
407 1452 473 1480 bam.
493 1453 531 1480 Ex
544 1461 596 1488 quo
608 1461 706 1489 praeest
725 1460 771 1484 tua
799 1460 940 1491 sanctitas,
953 1462 1029 1495 quasi

1085 215 1225 251 ἁγιωσύνῃ
1248 224 1295 242 σου
1316 217 1392 251 ἡμᾶς
1408 215 1624 250 ἐπισκέψασθαι,
1641 217 1689 243 καὶ
1703 217 1785 244 τοῦτο
1801 220 1873 253 μετά

1085 262 1219 296 πικρίαςς
1244 261 1450 296 Ὀνειδιζόμεθα
1475 260 1530 296 γὰρ
1557 261 1595 293 ὡς
1623 263 1873 296 καιροσκοποῦντες

1084 308 1220 342 Μαρτίους
1234 308 1279 334 καὶ
1287 307 1501 343 Σεπτεμϐρίους.
1517 308 1571 334 Καὶ
1582 308 1630 334 ἐπὶ
1640 309 1747 341 τούτοις
1759 311 1775 343 ὴ
1790 309 1874 343 δρυλ-

1084 354 1202 389 λουμένῃ
1219 354 1293 385 δόσις
1308 355 1342 380 τὰ
1357 353 1387 385 ἐξ
1404 353 1550 389 ὑπάρπυρα
1566 354 1581 389 ἢ
1603 355 1649 381 καὶ
1675 355 1759 382 ὀκτώ.
1774 355 1808 381 Αἰ
1828 356 1871 388 αῖ,

1083 401 1212 432 δέσποτα,
1224 399 1250 426 τί
1268 400 1337 435 πρὸς
1349 399 1432 427 τοῦτα
1448 400 1596 426 διανοεῖται
1612 401 1630 436 ἡ
1645 401 1785 436 ἁγιωσύνῃ
1803 410 1872 435 σου;

1083 446 1182 482 Θαῦμα
1200 446 1239 481 μὰ
1251 446 1300 480 τὴν
1312 446 1453 481 ἀλήθειαν,
1467 446 1536 481 ὅπερ
1550 447 1589 476 είς
1607 447 1681 481 ἡμᾶς
1694 447 1872 481 διαπράττει.

1085 492 1150 518 Ὅτε
1165 493 1260 527 καιρὸς
1274 491 1385 523 δόσεως,
1407 492 1424 526 ἡ
1448 491 1556 526 ἀνάγκη
1578 491 1634 518 τῶν
1656 493 1840 527 πραγμάτων,
1856 493 1875 528 ἠ

1085 537 1131 573 βία
1145 538 1193 564 καὶ
1210 537 1240 564 τὸ
1261 537 1391 573 δυσχερὲς
1413 537 1459 564 τοῦ
1475 537 1587 571 καιροῦ.
1604 538 1802 573 Καμνέτωσαν,
1822 547 1876 564 τα-

1083 584 1329 619 λαιπωρείτωσαν·
1353 583 1430 618 κοινὴ
1447 584 1503 618 γὰρ
1530 584 1546 618 ή
1573 583 1730 618 δυσχέρεια.
1758 585 1822 611 Ὅτε
1844 584 1876 611 δὲ

1083 630 1180 665 καιρὸς
1212 630 1356 663 δουλείας,
1388 630 1517 661 ἀπαιτεῖς
1539 631 1613 665 ἡμᾶς
1638 629 1726 662 οὕτως
1750 630 1877 657 δουλείαν

1083 676 1178 711 ὥσπερ
1204 677 1228 703 εί
1257 676 1368 711 είχομεν
1397 676 1499 708 ἱκανῶς
1522 676 1577 702 τῶν
1596 676 1759 708 οἰκονομιῶν
1781 676 1875 711 ἡμῶν.

1083 723 1167 750 Ὅταν
1181 723 1210 750 δὲ
1224 723 1425 758 ἀπαντήσωμεν
1440 723 1480 754 είς
1495 722 1540 749 τὸν
1556 722 1623 749 ναὸν
1638 723 1684 749 τοῦ
1699 723 1776 754 Θεοῦ,
1795 723 1875 758 πρῶ-

1082 777 1128 794 τον
1138 768 1247 804 ἀμειδὲς
1259 766 1326 802 ἦθος
1336 770 1383 794 καὶ
1394 769 1584 804 ἀπροσήγορον
1597 768 1782 803 λαμϐάνομεν.
1795 769 1874 800 Τέως

1082 814 1111 841 δὲ
1126 815 1192 849 εὐχὴ
1205 814 1335 848 ἀνεθῆναι
1350 814 1404 841 τῶν
1423 814 1562 850 δυσχερῶν
1575 815 1622 841 καὶ
1639 815 1685 841 τὸν
1701 814 1778 848 ἆγιον
1795 814 1877 849 βασι-

1082 860 1130 887 λέα
1147 860 1238 895 ἡμῶν.
1257 861 1309 886 Καὶ
1327 861 1389 886 τότε
1416 859 1648 895 ἀναδραμούμεθα
1668 860 1738 896 πρὸς
1751 861 1781 886 τὸ
1799 860 1875 887 θεῖον

1082 909 1182 944 κράτος
1198 908 1291 940 αὑτοῦ,
1315 909 1362 935 καὶ
1383 902 1451 943 ὅπερ
1467 907 1500 934 ἂν
1516 908 1597 942 νεύσῃ
1615 908 1632 942 ἡ
1649 907 1714 941 ἁγία
1733 906 1806 941 ψυχὴ
1823 907 1875 940 τῆς

1083 952 1220 988 βασιλείας
1234 952 1329 983 αὐτοῦ,
1343 952 1423 979 τοῦτο
1443 952 1491 978 καὶ
1506 953 1662 986 γενήσεται·
1681 951 1705 976 εί
1723 951 1750 977 δὲ
1765 953 1810 977 καὶ
1826 951 1877 976 οὗ-

1081 1008 1135 1030 τως
1151 1000 1229 1034 ὁρίσῃ
1253 998 1388 1025 δουλεύειν
1403 999 1476 1034 ἡμᾶς
1487 1018 1494 1030 ,
1513 998 1537 1024 οι
1550 997 1764 1031 καταδεξάμενοι
1790 1005 1878 1030 προσ-

1082 1045 1254 1079 κυνήσουσιν.
1289 1045 1386 1079 Ἡμεῖς
1410 1045 1438 1070 δὲ
1466 1045 1546 1071 πλέον
1574 1044 1624 1070 οὐκ
1653 1043 1756 1078 ἔχομεν
1782 1043 1876 1076 λέγειν

1081 1091 1150 1126 πρὸς
1165 1092 1214 1126 τὴν
1230 1091 1278 1126 σὴν
1293 1091 1436 1125 ἁγιότητα,
1461 1091 1484 1116 εί
1511 1090 1549 1125 μὴ
1564 1091 1604 1117 ὅτι
1619 1090 1647 1116 ἐν
1671 1091 1705 1124 τῇ
1724 1088 1875 1123 Ἐκκλησία

1081 1138 1127 1164 τοῦ
1143 1137 1209 1164 Θεοῦ
1221 1137 1267 1163 καὶ
1283 1136 1467 1171 ἐγεννήθημεν
1488 1137 1534 1162 καὶ
1546 1136 1705 1171 ἐτράφημεν
1716 1136 1762 1161 καὶ
1772 1134 1877 1168 ἐγηρά-

1081 1190 1184 1217 σαμεν,
1206 1182 1252 1208 καὶ
1269 1182 1297 1208 ἐν
1319 1183 1353 1216 τῇ
1373 1180 1522 1215 Ἐκκλησία
1547 1181 1628 1207 πάλιν
1656 1179 1790 1213 μενοῦμεν
1818 1179 1870 1204 καὶ

1080 1228 1150 1254 κατὰ
1166 1228 1196 1254 τὸ
1208 1227 1320 1254 δυνατὸν
1337 1228 1403 1262 ἡμῖν
1417 1226 1607 1260 δουλεύσομεν.
1629 1226 1662 1252 'H
1679 1225 1706 1251 δὲ
1730 1226 1763 1260 σὴ
1782 1225 1874 1258 ἁγιω-

1080 1275 1147 1310 σύνη
1159 1273 1227 1301 οἶδεν
1240 1275 1253 1300 ὅ
1269 1282 1294 1300 τι
1309 1274 1389 1304 ποιεῖ,
1401 1273 1441 1300 ὅτι
1454 1274 1500 1300 καὶ
1513 1273 1561 1299 ἐὰν
1574 1272 1620 1299 καί
1634 1280 1660 1298 τι
1674 1269 1874 1304 ἐναπολειφθὲν

1086 1370 1130 1391 aut
1143 1364 1184 1392 vis
1199 1363 1398 1391 autdiilicultas
1424 1362 1564 1397 temporis.
1589 1361 1657 1389 Tum
1682 1362 1798 1395 additur,
1813 1369 1877 1396 per-

1084 1415 1148 1446 gant
1164 1417 1228 1444 ergo
1238 1409 1400 1441 conﬂictari,
1413 1410 1558 1444 perdurent
1573 1409 1599 1435 in
1613 1408 1738 1440 miseria;
1754 1415 1880 1434 commu-

1083 1456 1108 1481 ni
1123 1455 1221 1489 quippe
1233 1461 1328 1481 omnes
1349 1461 1469 1481 aerumna
1495 1454 1655 1486 premimur.
1683 1453 1798 1486 Quando
1825 1460 1878 1480 au-

237 1505 289 1524 non
307 1498 418 1526 haberet
431 1499 550 1527 Ecclesia
566 1500 680 1534 clerum,
695 1502 735 1529 sic
752 1507 778 1530 te
804 1503 943 1532 nobiscum
969 1514 1028 1540 ges.
1042 1499 1062 1528 (Ξ
1080 1507 1133 1528 tem
1146 1501 1222 1528 adest
1237 1502 1302 1527 hora
1319 1500 1474 1532 ministerii,
1491 1505 1553 1527 tunc
1565 1500 1599 1526 ita
1613 1499 1754 1526 servitium
1767 1506 1782 1525 a
1795 1499 1877 1525 nobis

236 1544 306 1575 sisti,
323 1544 422 1571 nullam
440 1545 516 1579 plane
530 1553 621 1573 curam
642 1549 787 1575 ostendens
820 1555 867 1576 aut
896 1552 1027 1580 rationem

236 1589 339 1616 habens
352 1589 513 1624 cujusquam
541 1598 674 1624 nastrum,
698 1593 809 1626 majoris
837 1601 884 1623 aut
905 1597 1029 1624 minoris.

236 1631 299 1659 Hmc
314 1634 507 1666 praetermissio
523 1639 574 1662 tua:
586 1636 612 1662 in
629 1643 677 1664 nos
703 1640 879 1672 providentia:
903 1643 1032 1669 cessatio~

237 1685 299 1704 nem
320 1680 404 1705 suasit
421 1685 574 1707 nostrorum
585 1682 778 1716 obsequiorum
799 1690 827 1711 et
841 1686 1025 1714 remissionem

237 1723 407 1750 assiduitatis
422 1725 447 1750 in
458 1725 634 1754 ministrando
643 1733 743 1756 nostrae
758 1731 886 1764 pristinas,
899 1733 1026 1766 quoniam

238 1776 325 1802 neque
337 1777 370 1795 ex
388 1776 437 1796 usu
457 1769 536 1798 ollicii
557 1773 634 1799 nobis
650 1776 777 1809 adempto
795 1777 940 1810 quidquam
955 1786 1028 1806 cmo-

238 1813 348 1840 lumcnti
364 1816 538 1849 percipimus,
557 1825 643 1852 neque
669 1819 742 1847 aliud
767 1821 908 1857 undepiam
937 1825 1028 1852 subsi-

236 1860 310 1886 dium
325 1867 445 1895 apparet,
464 1863 526 1888 stati
546 1870 690 1897 proventus
702 1866 893 1894 authdnorarii
906 1870 1025 1901 nomine,

236 1906 307 1933 unde
324 1912 405 1933 Vllalll
421 1907 577 1936 toleremus.
595 1909 706 1944 Propter
727 1912 778 1939 hoc
805 1915 970 1942 recurritnus
993 1917 1026 1943 ad

235 1960 404 1980 (ιοιιιιιιυιιειη
426 1954 623 1982 benef-actorem
636 1961 663 1983 et
676 1957 812 1984 dominum
837 1966 958 1988 nostrum
974 1962 1026 1989 im-

236 2004 388 2032 peratorem
406 2006 540 2030 sanctum:
559 2010 574 2029 a
588 2010 642 2037 quo
656 2009 746 2032 autem
765 2006 891 2040 impedita
905 2009 1028 2043 sitquam

237 2046 300 2089 inde
325 2054 531 2081 speraveramus
553 2049 740 2084 beneﬁcentia,
768 2052 839 2079 Deus
855 2054 916 2082 scit.
948 2055 1030 2091 646

235 2091 335 2119 Tamen
349 2094 498 2128 praecepisti
522 2095 579 2122 dari
608 2097 684 2123 nobis
710 2098 850 2125 dimidium
876 2102 1029 2134 pensionis-

235 2137 312 2170 Quod
328 2139 473 2172 imperator
488 2148 582 2175 parum
597 2149 657 2168 essr-
669 2143 810 2176 judicavit,
830 2146 927 2173 merito
945 2154 1028 2174 sane:

236 2192 288 2210 non
307 2185 376 2210 enim
389 2193 435 2219 per
447 2187 496 2214 hoc
513 2192 567 2213 tam
581 2188 706 2222 exiguum
727 2189 752 2215 in
777 2190 912 2218 meliorem
934 2194 1025 2227 reponi

235 2230 415 2257 conditionem
443 2239 596 2265 possumus,
630 2238 676 2260 aut
702 2235 796 2269 gradui
824 2239 1025 2265 convenientem

235 2281 328 2302 nostro
345 2284 505 2311 recuperare
520 2279 688 2312 dignitatem;
718 2281 782 2315 quin
806 2290 855 2309 nec
881 2291 894 2310 a
927 2285 1026 2318 probro

236 2330 263 2356 in
279 2329 331 2354 quo
345 2329 440 2349 sumus
457 2330 489 2349 ac
499 2324 625 2357 despectu
643 2326 782 2353 vindicari.
805 2327 909 2360 Quanta
937 2335 1026 2356 autem

233 2373 268 2393 ex
281 2367 369 2400 inopia
382 2371 501 2394 extrema
514 2369 659 2401 patiamur,
681 2371 772 2397 testari
789 2370 869 2403 Deus,
883 2374 927 2407 qui
942 2375 1028 2411 novit,

234 2413 344 2447 poterit,
358 2417 384 2439 et
398 2413 506 2446 quidam
517 2414 664 2447 hominum,
679 2417 776 2450 quibus
789 2419 901 2452 contigit
921 2425 1029 2448 nostras

233 2466 369 2485 :crumnas
389 2459 574 2492 introspicere.
599 2468 651 2488 non
677 2464 734 2490 sine
763 2465 817 2490 acri
848 2465 1028 2495 miserationis

233 2513 327 2532 Sensu.
343 2504 444 2532 Deinde
459 2506 523 2540 quid
541 2506 576 2533 ita
593 2509 676 2534 visum
693 2514 733 2536 est
750 2512 886 2538 sanctitati
902 2518 954 2539 tua:
967 2515 1026 2540 ani-

234 2552 404 2578 madvertere
426 2553 452 2579 in
471 2560 530 2584 nos,
556 2554 633 2587 idque
657 2562 716 2582 cum
733 2558 906 2584 acerbitate!
926 2558 1027 2593 Expro-

233 2598 327 2624 bratnr
341 2599 412 2624 enim
430 2598 507 2625 nobis
519 2601 595 2633 quasi
609 2601 686 2627 avide
700 2608 890 2636 exspectemus
915 2603 1024 2632 Martius

233 2647 260 2669 et
275 2642 459 2677 Septembres.
477 2643 509 2670 Et
520 2652 600 2678 super
615 2646 656 2672 his
671 2647 812 2674 decantata
830 2648 955 2683 largitio:
977 2658 1025 2676 sex

234 2689 401 2724 llyperpyra,
421 2690 462 2717 vel
479 2691 561 2717 etiam
577 2697 650 2719 octo.
671 2692 725 2719 lleu
744 2693 807 2726 heu,
821 2694 940 2727 domine,
960 2696 1024 2730 quid

235 2744 313 2770 super
329 2737 370 2763 his
387 2738 487 2771 cogitat
500 2738 632 2766 Sanctitas
644 2743 689 2766 tua
701 2740 711 2766 '2
725 2739 821 2766 Mirum
840 2746 892 2774 est,
909 2749 957 2775 per
981 2749 1027 2768 ve-

234 2782 355 2815 ritatem,
373 2783 442 2816 quod
458 2791 520 2818 erga
537 2791 585 2812 nos
602 2784 667 2818 agit.
683 2784 752 2812 Dum
768 2786 842 2812 venit
853 2791 959 2820 tempus
970 2792 1027 2814 sta-

235 2833 268 2856 ta:
283 2829 445 2865 largitionis,
459 2831 592 2867 allegatur
606 2836 651 2859 aut
677 2833 826 2861 necessitas
855 2835 1023 2868 negotiorum

1077 1547 1173 1581 exigis,
1190 1546 1268 1580 quasi
1285 1545 1343 1580 ejus
1353 1550 1556 1573 auctoramenta
1563 1550 1590 1573 et
1598 1546 1709 1572 idoneas
1723 1546 1878 1577 mercedes,

1077 1593 1170 1621 solitas
1186 1593 1290 1620 scilicet
1302 1593 1366 1620 olim
1390 1592 1467 1619 nobis
1494 1591 1696 1619 subministrari
1719 1591 1879 1626 pensiones.

1080 1646 1152 1666 nunc
1168 1639 1348 1666 cummaxime
1365 1638 1538 1666 haberemus.
1560 1638 1626 1665 Cum
1647 1643 1735 1664 autem
1751 1638 1877 1664 occurri-

1080 1693 1140 1712 mus
1156 1685 1182 1711 in
1203 1692 1308 1711 sacram
1318 1684 1403 1711 adem
1423 1684 1538 1716 primum
1561 1688 1637 1710 torvo
1663 1682 1749 1714 vultu,
1779 1682 1878 1710 obtutu

1082 1730 1232 1757 truculento
1247 1729 1423 1764 despicimur.
1441 1728 1493 1755 Sed
1512 1733 1539 1755 et
1564 1728 1692 1763 praeclare
1709 1735 1803 1754 secum
1830 1727 1875 1761 agi

1081 1776 1207 1803 dominus
1223 1776 1281 1810 ipse
1297 1779 1389 1802 noster
1400 1775 1538 1809 Augustus
1551 1774 1695 1806 putaverit,
1713 1774 1736 1800 si
1751 1774 1775 1801 ei
1799 1773 1876 1800 l'rou-

1081 1827 1108 1850 te
1123 1822 1193 1848 forte
1206 1821 1347 1848 ainmniori
1365 1821 1452 1854 excipi
1468 1821 1618 1854 contingat.
1634 1820 1669 1848 At
1684 1827 1874 1847 vovemusnos

1080 1867 1188 1901 quidem
1198 1874 1236 1894 ac
1249 1873 1392 1901 precamur
1407 1865 1517 1893 liberari
1532 1872 1592 1892 eum
1606 1869 1650 1892 aut
1666 1864 1761 1892 saltem
1788 1865 1874 1891 levari

1079 1911 1177 1946 quibus
1192 1918 1262 1938 nunc
1277 1911 1407 1945 premitur
1421 1911 1608 1938 incommodis.
1634 1909 1710 1938 Tunc
1732 1910 1805 1937 enim
1831 1918 1876 1937 re-

1079 1964 1220 1984 curremus
1252 1957 1350 1984 iterum
1375 1957 1408 1984 ad
1435 1965 1541 1984 sacrant
1584 1957 1643 1992 ejus
1689 1957 1871 1992 tnajestatem,

1082 2007 1110 2030 et
1127 2002 1255 2037 quidquid
1279 2003 1395 2030 innuerlt
1418 2003 1507 2030 anima
1518 2003 1577 2037 ejus
1603 2007 1709 2034 sancta,
1731 2003 1796 2030 illud
1813 2004 1873 2030 iiet.

1083 2050 1131 2078 Vel
1145 2051 1167 2078 si
1184 2056 1238 2078 tam
1258 2050 1325 2078 dura
1352 2056 1381 2078 ut
1396 2051 1526 2078 hactenus
1552 2051 1656 2078 servire
1684 2051 1711 2077 in
1735 2055 1875 2084 posterum

1082 2104 1189 2132 quoque
1206 2104 1255 2124 nos
1269 2097 1424 2125 conditione
1439 2096 1600 2130 decreverit,
1614 2097 1660 2131 qtti
1676 2097 1727 2124 hoc
1750 2097 1786 2123 ita
1804 2104 1876 2131 pne-

1046 2163 1068 2191 Β
1083 2144 1212 2177 scripturn
1230 2143 1381 2176 admittent,
1408 2144 1518 2177 insuper
1532 2143 1614 2170 etiam
1642 2142 1802 2170 adorabunt.
1833 2141 1874 2169 De

1084 2191 1189 2226 reliquo
1220 2198 1273 2218 non
1303 2191 1434 2218 habemus
1458 2197 1529 2218 nunc
1552 2190 1617 2224 quid
1655 2190 1770 2225 amplius
1795 2190 1873 2217 dica-

1078 2245 1138 2265 mus
1191 2237 1326 2265 sanctitati
1371 2242 1432 2269 tum,
1450 2237 1501 2264 nisi
1528 2242 1556 2264 ct
1593 2238 1620 2264 in
1663 2236 1710 2264 Dei
1751 2236 1872 2263 Ecclesia

1077 2283 1158 2319 647
1185 2291 1234 2310 nos
1263 2288 1340 2310 natos
1353 2288 1379 2310 et
1396 2284 1525 2310 educatos
1535 2283 1629 2314 fuisse,
1640 2283 1666 2310 iu
1680 2283 1773 2310 eadem
1785 2282 1871 2309 etiam

1079 2330 1212 2361 senuisse,
1229 2337 1366 2363 porroque
1383 2330 1409 2356 in
1426 2337 1456 2356 ea
1472 2336 1668 2364 permansuros
1685 2335 1771 2363 usque
1784 2329 1817 2354 ad
1835 2329 1870 2355 li-

1076 2382 1151 2405 nem,
1168 2379 1195 2401 et
1208 2375 1295 2409 quoad
1319 2380 1412 2402 nostra
1429 2375 1544 2403 lacultas
1558 2383 1590 2403 ac
1606 2375 1678 2402 vires
1699 2374 1797 2406 ferent,
1811 2382 1871 2401 ser-

1078 2421 1190 2448 vituros.
1221 2420 1278 2448 Tua
1295 2429 1361 2448 vero
1378 2422 1511 2448 sanctitas
1529 2421 1583 2448 scit
1607 2422 1672 2455 quid
1698 2420 1791 2448 iaciat.
1815 2419 1871 2447 Nec

1081 2467 1200 2501 ignorat,
1224 2467 1246 2494 si
1270 2467 1334 2501 quid
1353 2473 1510 2494 nostrorum
1527 2472 1707 2502 proventuum
1724 2466 1758 2494 ab
1777 2467 1871 2494 hosdli

1081 2513 1169 2541 adhuc
1194 2515 1346 2540 vastatione
1376 2515 1496 2540 immune
1520 2514 1713 2549 permanserit,
1740 2519 1872 2547 tanquam

1081 2564 1156 2587 tuum
1175 2560 1262 2594 colligi
1280 2568 1295 2587 a
1312 2566 1490 2594 procuratore
1501 2561 1602 2593 jurium
1616 2565 1735 2587 tuorum.
1751 2559 1808 2587 lloc
1821 2569 1873 2586 au-

1081 2611 1133 2633 tem
1160 2615 1222 2633 num
1247 2614 1353 2641 aequum
1370 2607 1433 2634 est?
1456 2598 1588 2634 Caeterum
1616 2607 1666 2634 hoc
1692 2607 1789 2634 saltem
1806 2614 1872 2634 ora-

1082 2661 1152 2685 mus,
1181 2658 1211 2680 ut
1235 2653 1364 2688 quoniam
1382 2661 1449 2687 quas
1467 2654 1606 2688 scriptitas
1631 2653 1709 2680 nobis
1726 2655 1872 2681 censorias

1079 2699 1208 2733 epistolas
1228 2699 1336 2734 praelegi
1348 2699 1427 2734 jubes
1444 2700 1470 2726 in
1497 2699 1576 2734 plena
1591 2701 1706 2734 synodo,
1721 2705 1750 2727 et
1769 2700 1870 2726 fratres

1079 2745 1164 2772 nostri
1193 2746 1329 2779 praepositi
1357 2746 1584 2772 monasteriorum
1613 2746 1670 2772 suis
1687 2747 1870 2780 comprobant

1077 2791 1213 2825 sull‘ragiis
1230 2799 1398 2826 qumcuuquc
1415 2792 1553 2819 sanctitati
1574 2792 1638 2818 libet
1658 2797 1708 2818 tute
1731 2792 1825 2819 dicere
1837 2793 1871 2818 de

1081 2838 1169 2870 nobis,
1187 2843 1279 2867 nostra
1294 2839 1349 2866 haec
1361 2846 1468 2874 quoque
1485 2839 1616 2866 rccitctur
1630 2839 1745 2874 epistola
1757 2839 1811 2867 illis
1823 2847 1872 2866 au-
