1957 3066
114 110 168 141 709

603 109 651 138 DE
672 108 895 139 ANDRONICO
913 108 1145 140 PAL/EOIDGO
1161 109 1234 140 LlB.
1251 108 1320 140 VII.

1692 110 1744 140 710

113 165 200 204 ᾗτῶν
217 166 360 202 ἡμετέρων
377 165 540 201 οἰκονομιῶν
564 166 619 192 ἀπὸ
641 165 697 192 τῶν
721 165 841 201 ἐχθρῶν,
859 166 905 192 καὶ
921 169 943 197 Α
957 166 1121 199 πνεύματος.
1147 167 1240 193 Ταῦτα
1261 167 1342 201 ἡμεῖς
1357 166 1513 201 βιασθέντες
1535 167 1659 202 εῖπομεν,
1675 168 1745 202 πλὴν

113 213 181 239 αὐτὸ
206 212 384 247 περισυνὰγει
408 213 422 238 ὸ
446 211 498 238 τῶν
515 211 569 238 σῶν
592 211 704 238 δικαίων
719 211 825 247 ἔφορος.
850 212 905 238 Καὶ

113 257 195 284 τοῦτο
208 258 309 290 καλὸνς
338 257 408 292 [Ιλὴν
426 258 455 284 δὲ
480 256 560 283 τοῦτο
576 257 657 290 μόνον
680 256 904 291 παρακαλοῦμεν,

113 303 155 330 ὅτι
172 303 235 329 ἐπεὶ
252 303 302 334 τὰς
317 304 366 334 σὰς
385 302 494 337 γραφὰς
508 301 557 333 τὰς
582 302 650 337 πρὸς
664 302 737 336 ἡμᾶς
758 301 905 333 συνοδικῶς

113 349 297 383 προστάττεις
315 347 564 382 ἀναγινώσκεσθαι,
590 348 638 373 καὶ
661 348 686 373 οἱ
701 346 812 381 ἀδελφοὶ
824 347 904 381 ἡμῶν

114 395 158 430 [Ρ.
175 394 241 430 451]
254 396 279 420 οἱ
292 394 438 429 ἡγούμενοι
453 393 665 429 ἐπιψηφίζονται
677 394 745 428 ἡμῖν
755 394 789 420 τᾶ.
799 393 904 428 ¹ἀρεστὰ

113 443 148 475 τῇ
165 440 305 474 ἁγιωσύνῃ
322 448 380 470 σου,
397 439 440 466 ἵνα
455 439 617 475 ἀναγνωσθῇ
635 439 683 465 καὶ
696 438 794 473 αὖτηή
809 438 904 473 γραφὴ

114 487 206 520 ἡμῶν,
225 485 271 512 καὶ
291 486 305 511 ὃ
321 494 346 511 τι
365 485 398 511 ἂν
415 485 592 520 διακρίνωσιν
610 485 648 515 ὡς
664 484 834 520 Χριστιανοί.
851 484 905 510 Καὶ

114 532 180 557 ἄλλο
194 531 281 563 πιέζει
293 532 366 566 ἡμᾶς
377 531 538 566 δεινότερον,
554 531 584 557 τὸ
596 530 642 557 ἐπὶ
653 530 788 561 τοσούτοις
799 530 903 565 χρᾶνοις

113 577 335 612 ἁπροόιὸάστους
357 578 494 612 διαμένειν
512 576 597 611 ἡμᾶς.
615 575 708 608 Ἔδοξε
733 575 813 601 τοῦτο
828 576 903 610 ὑμῖν,

115 625 162 649 καὶ
180 623 261 649 ἔστω.
279 623 363 650 Ὅπου
388 624 404 657 ἡ
428 623 514 657 ζημία
539 622 645 653 πίπτει,
662 623 675 648 ό
698 621 807 652 συνετὸς
824 620 902 648 οἶδεν.

115 670 153 694 Τὸ
166 669 193 694 δὲ
209 669 256 695 aut
269 668 323 695 τῶν
340 669 479 703 προσόδων
501 668 556 694 τῶν
580 667 715 702 ὀφξρικίων
729 667 808 702 ἡμῶν
839 676 902 693 στε-

115 715 225 749 ρεῖσθαι
240 715 285 741 καὶ
296 714 351 741 ἀπὸ
361 714 441 750 λιμοῦ
454 714 647 749 ἀποθνήσκειν,
662 715 737 745 ποῖος
752 712 840 739 κανὼν
855 714 904 748 τῆς

120 759 311 794 Ἐκκλησίαςῆ
328 760 392 786 ποία
412 759 465 785 τῶν
489 759 617 793 Πατέρων
634 759 731 793 πρᾶξις
754 758 770 793 ἢ
787 759 851 784 ποῖα
867 758 905 784 δι-

113 805 262 839 καιώματα
275 805 400 838 δίδωσιν;
418 805 514 840 Ὅμως
527 805 596 831 ἔστω
609 806 656 830 καὶ
671 804 760 832 τοῦτο.
774 804 847 839 Πλὴν
862 805 905 830 ἵνα

115 852 154 887 μὴ
183 851 346 886 αὑτοφόνται
381 851 546 886 γενώμεθα,
574 851 623 882 τὰς
656 851 707 876 τῶν
733 850 905 886 Χριστιανῶν

113 897 336 932 περιορεξόμεοα
352 897 437 932 θύρας
463 898 511 923 καὶ
535 897 737 931 ὰπαιτήσομεν,
756 897 802 923 καὶ
826 895 906 929 μολο-

113 944 188 978 εροὶ,
200 943 272 977 οἴμοι
284 943 291 969 ί
304 943 329 969 οἱ
342 942 561 977 τῆςἘκκλησίας
579 942 706 977 τρόφιμοι
719 943 752 968 ὲκ
767 942 821 968 τῶν
835 943 904 976 Χρι-

114 990 232 1016 στιανῶν
259 989 349 1024 θυρῶν
373 989 584 1024 τραφησόμεθα,
603 988 700 1014 πλατεῖ
726 987 763 1022 τῷ
790 988 904 1022 στόματι

114 1034 363 1070 ὲκτραγῳδοῦντες,
376 1035 412 1066 ὡς
429 1035 514 1066 εἰκὸς,
527 1035 562 1060 τὰ
574 1034 708 1069 ἡμέτερα.
725 1033 903 1068 Παρακαλοῦ-

115 1091 165 1117 μεν
180 1081 373 1116 ἡσυχάζοντες.
386 1081 440 1108 Καὶ
455 1080 493 1116 μὴ
507 1082 538 1107 ὲκ
551 1080 606 1106 τῶν
624 1080 677 1106 σῶν
689 1079 802 1114 γραφῶν
819 1087 902 1113 παρο-

111 1127 288 1162 τρυνὼμεθα,
301 1127 348 1153 καὶ
361 1126 436 1153 ταῦτ’
452 1125 634 1158 ἀδικούμενοι.
646 1125 720 1154 Τέως
730 1124 757 1150 δὲ
768 1123 902 1150 δουλεύειν

114 1174 166 1208 μὲν
188 1173 320 1207 μέλλομεν
340 1172 411 1199 κατὰ
429 1172 563 1207 δύναμιν,
593 1171 638 1197 τὸν
661 1171 689 1197 δὲ
708 1170 804 1204 μισθὸν
822 1170 901 1205 ἡμῶν

113 1219 272 1254 θαρροῦμεν
285 1218 333 1250 ὡς,
353 1218 378 1244 ει
401 1217 469 1247 Θεὸς
484 1216 566 1248 θέλοι,
580 1217 630 1242 οὑκ
645 1216 825 1249 ἀπολέσομεν,
849 1215 902 1240 κᾶν

113 1265 239 1298 κάλαμον
266 1262 496 1298 συντετριμμένον
521 1261 665 1295 κατεάγειν
699 1261 750 1287 οὐκ
772 1261 900 1291 ἀποκνείς

113 1310 161 1336 καὶ
180 1309 227 1336 τοῦ
245 1308 342 1344 καιροῦ
357 1308 519 1345 δριμύτερος
533 1307 668 1341 γίνεσθαι.
689 1306 788 1340 Ἐχρῆν
804 1305 832 1332 δὲ
852 1305 902 1340 οὐχ

112 1355 185 1382 οὕτω
209 1354 257 1381 τοῦ
279 1354 383 1389 ἀγαθοῦ
413 1354 460 1381 καὶ
486 1352 676 1388 φιλανθρώπου
707 1351 902 1386 πιστευόμενον

114 1442 264 1475 dientibus,
277 1445 305 1469 et
322 1448 354 1469 ea
373 1440 510 1468 intellecta
535 1439 667 1473 iudicium
695 1439 728 1466 de
744 1445 827 1467 causa
853 1446 902 1466 no-

112 1494 168 1516 atra
190 1488 290 1520 ierant,
305 1496 336 1514 ea
369 1487 533 1515 rectitudine
548 1493 610 1520 qua:
626 1484 798 1512 Christianos
813 1485 900 1517 decet,

114 1534 182 1561 nihil
197 1533 347 1561 tribuentes
359 1532 522 1567 praeiudiciis
539 1519 585 1558 aut
600 1531 752 1565 acceptioni
770 1538 902 1566 persona-
913 1519 936 1548 θ

113 1588 185 1608 ruttt.
201 1580 281 1607 Aliud
302 1584 433 1614 praeterea
452 1580 546 1614 pungit
563 1587 612 1608 nos
626 1579 747 1614 gravius,
763 1578 834 1612 quod
845 1577 901 1612 jam

113 1630 154 1653 tot
166 1625 246 1652 anuis
260 1625 334 1651 nulla
350 1623 512 1658 cujusquam
538 1624 609 1651 facta
634 1622 770 1658 promotio
784 1627 834 1649 est.
857 1622 903 1650 Sic

113 1672 192 1699 vobis
207 1672 294 1699 visum
318 1675 368 1698 est.
385 1670 541 1698 Pet-feratur
565 1675 593 1697 et
617 1670 677 1696 hoc.
696 1669 755 1701 Quo
773 1669 902 1695 damnum

113 1719 173 1753 ejus
187 1718 342 1745 omissionis
373 1718 485 1749 recidat,
512 1717 631 1751 prudens
662 1715 751 1750 qttivis
765 1715 901 1750 intelligit.

114 1764 221 1791 l’rivari
237 1769 328 1790 autem
354 1770 404 1790 ttos
429 1763 608 1797 proventibus
624 1765 782 1788 nostrorum
800 1761 903 1788 olIicio-

113 1817 173 1837 rum
185 1815 212 1837 et
227 1809 299 1836 fame
313 1809 410 1842 emori,
423 1809 484 1843 quis
501 1802 586 1836 canon
612 1808 748 1841 Ecclesiae,
761 1807 823 1843 quis
837 1815 902 1834 usus

112 1856 237 1888 Patrttm,
256 1862 317 1889 qua:
340 1855 445 1890 justitia
475 1854 634 1889 permittit?
652 1861 746 1881 verum
776 1859 803 1880 et
831 1853 902 1880 istud

113 1909 224 1937 quoque
239 1902 378 1928 tolerelur.
392 1900 493 1927 Tamen
512 1907 545 1927 tte
563 1905 665 1927 nostrae
683 1900 745 1934 ipsi,
763 1899 835 1934 quod
848 1906 901 1925 non

113 1948 188 1980 licet,
210 1947 306 1974 mortis
334 1951 460 1974 auctores
489 1946 586 1979 simus,
600 1946 773 1972 cursabimus
798 1945 904 1971 mendi-

112 1994 203 2021 cando
229 1993 331 2020 circum
357 1992 576 2019 Christianorum
604 1991 686 2023 ostia,
707 1991 806 2018 misera
825 1991 903 2024 panis

113 2040 200 2067 frusta
215 2039 415 2074 conquirentes.
437 2038 469 2065 Et
495 2046 566 2065 nunc
585 2038 672 2064 lurida
704 2037 902 2069 mendicabula,

112 2086 182 2113 eheu
198 2086 205 2112 ι
219 2085 283 2112 οΙίιιι
302 2085 405 2112 alumni
433 2084 573 2116 Ecclesiae,
600 2083 740 2111 sordidum
756 2084 859 2110 victunt
876 2084 902 2110 in

955 214 993 245 ὡς
1015 213 1145 248 Ῥωμαῖοι
1161 215 1207 240 καὶ
1223 215 1252 239 ὲν
1263 213 1375 249 Χριστῷ
1393 213 1593 249 ἀπελεύθεροι,
1610 215 1640 240 οὐ
1660 223 1746 241 κατα-

955 258 1125 292 δουλούμενοι
1137 258 1186 294 τὴν
1202 259 1368 292 ἐλευθερίαν,
1386 259 1481 285 Καίτοι
1504 268 1536 293 γε
1553 259 1675 294 Σευήρου
1697 259 1744 286 καὶ

961 303 1120 331 Ἀντωνίνου
1145 303 1251 330 ἀσεϐῶν
1289 303 1421 338 βασιλέων
1447 305 1614 337 ἀντιγραφαὶ
1648 305 1741 336 καλῶς

955 349 1067 385 ἔχουσαι
1088 350 1135 376 καὶ
1163 350 1210 376 επ).
1233 350 1288 380 τοῖς
1305 349 1430 375 εὐσεϐέσι
1453 350 1621 384 κατέχονται,
1641 350 1678 381 dt;
1705 351 1742 385 μὴ

955 395 1157 429 ἀναγκάζεσθαι
1170 396 1245 430 παρὰ
1257 395 1371 429 δύναμιν
1388 396 1451 426 τοὺς
1465 395 1574 427 δούλους
1586 396 1638 422 κᾶν
1652 397 1743 422 ὁπωσ-

955 441 1066 476 δήποτε.
1081 439 1158 468 .Εῐτα
1180 442 1214 467 τὰ
1231 441 1402 475 δικαιώματα
1418 441 1464 467 τοῦ
1479 441 1546 467 Θεοῦ
1563 442 1600 473 ὡς
1618 443 1662 468 ἐπ’
1680 442 1744 468 Ἐκ-

955 487 1070 522 κλησίας
1092 487 1251 519 ἱσταμένους
1276 487 1354 517 ὅλους
1373 487 1580 522 ἐστηλωμένους
1597 485 1668 514 εἶναι
1683 487 1744 522 Θεῷ

955 531 1005 564 δεῖ,
1023 531 1106 567 μηδὲν
1119 532 1186 566 πρὸς
1198 531 1340 565 ἀλλήλους,
1353 531 1404 558 κᾶν
1420 533 1557 565 ἀναγκαία
1569 533 1743 567 παρεμπέσοι

955 577 1044 611 χρεία,
1064 577 1094 603 τὸ
1109 577 1212 603 οἱονοῦν
1229 577 1398 611 ὁμιλοῦντας,
1419 578 1465 604 καὶ
1482 577 1561 604 τοῦτο
1575 578 1679 613 ἔπρεπε
1696 579 1744 605 καὶ

955 618 1020 657 ἡμίν
1031 622 1165 656 γίνεσθαι,
1175 623 1312 656 ﬁssa-com;
1325 624 1349 649 εί
1363 624 1433 650 κατὰ
1450 625 1583 659 μοναχοὺς
1592 625 1639 651 καὶ
1650 625 1742 659 ἡμεῖς,

955 668 992 699 ὡς
1014 662 1113 694 ἐκεῖνοι
1142 668 1408 703 ὲκκληαιαζώμεθα,
1431 669 1501 696 ὥστε
1523 671 1559 704 μὴ
1578 670 1667 700 καλῶς
1685 671 1745 696 Em-

957 713 1076 747 φώσκειν
1090 715 1138 749 τὴν
1155 714 1261 749 ἡμέραν
1284 716 1330 740 καὶ
1348 715 1487 747 ἀπολύειν,
1509 716 1575 750 μηδέ
1596 724 1671 747 τινας
1690 716 1744 741 τῶν

957 755 1008 788 ἔξω
1021 759 1225 793 προσαπαντᾷν.
1245 758 1302 784 Νῦν
1322 758 1350 785 δὲ
1366 759 1398 784 ἐκ
1416 760 1595 794 μεσονυκτίου
1611 761 1638 792 ἐς
1658 760 1744 795 μέσην

923 799 943 827 Β
957 802 1063 837 ἡμέραν
1075 803 1220 838 ἱστάμεθα,
1237 804 1282 830 καὶ
1294 804 1357 835 λαὸς
1370 805 1416 830 καὶ
1429 805 1530 840 πλῆθος
1547 807 1593 832 καὶ
1607 806 1742 839 κώδωνες,

956 849 1002 874 καὶ
1015 848 1064 874 οὐκ
1081 848 1138 874 ἐστι
1153 849 1183 874 τὸ
1208 848 1403 883 ἐνεργούμενον
1429 851 1483 876 πᾶν
1509 851 1660 886 προσευχὴ,
1685 852 1742 877 ἀλλ’

956 893 1015 919 ἔστι
1031 894 1077 920 καὶ
1093 893 1258 927 καλλιφωνία
1274 894 1320 920 καὶ
1335 893 1538 928 ἁναγνώσματα
1554 896 1600 921 καὶ
1623 895 1745 930 καθέδρα

957 939 1003 965 καὶ
1017 939 1107 970 ἄνεσις
1122 939 1164 965 διὰ
1180 939 1273 973 μέσου,
1291 938 1352 965 καθ’
1367 939 1384 966 ἃ
1406 939 1500 971 ἄλλους
1516 941 1564 974 μὲν
1587 940 1676 972 ἔξεστι
1696 942 1743 967 καὶ

955 984 1045 1017 λέγειν
1055 985 1102 1010 καὶ
1117 985 1247 1019 πράττειν
1259 985 1289 1011 τὸ
1305 985 1507 1020 παριστάμενον
1526 986 1563 1016 ὠς
1581 987 1741 1019 ἀναγκαῖον.

955 1030 1022 1056 Οὐδὲ
1038 1030 1092 1064 γὰρ
1106 1031 1151 1056 καὶ
1167 1031 1247 1065 ἡμεῖς
1262 1031 1358 1063 ἄλλους
1375 1031 1438 1062 τοὺς
1455 1031 1615 1065 οἰκονόμους
1631 1032 1741 1066 ἔχομεν,

953 1075 991 1106 ὡς
1007 1074 1132 1101 ἐντεῦθεν
1145 1075 1346 1108 ἀπολυομένους
1375 1076 1527 1110 τραπέζαις
1552 1077 1677 1112 ἐτοίμαις
1692 1079 1742 1111 ἑφ-

953 1119 1090 1152 ίστασθαι,
1117 1120 1187 1146 ἀλλά
1215 1121 1296 1155 τυχδν
1325 1122 1357 1147 ἐκ
1386 1121 1591 1156 διαλειμμάτων
1617 1121 1687 1148 κατὰ
1711 1123 1742 1149 τὸ

954 1166 1027 1197 είκδ;
1039 1167 1229 1201 φροντίσομεν.
1247 1166 1291 1203 [Ρ.
1301 1166 1365 1203 452]
1379 1167 1424 1201 Μὴ
1437 1165 1482 1195 οὖν
1494 1169 1564 1194 κατὰ
1577 1168 1626 1204 τὴν
1638 1169 1744 1204 ὑψηλὴν

953 1213 1056 1248 ταύτην
1067 1213 1096 1239 δὲ
1115 1214 1162 1240 καὶ
1185 1214 1316 1248 μεγίστην
1332 1214 1381 1240 καὶ
1402 1214 1464 1245 τοὺς
1483 1214 1642 1250 χθαμαλοὺς
1668 1216 1744 1250 ἡμᾶς

956 1259 1003 1285 καὶ
1019 1259 1161 1294 βιωτικοὺς
1177 1259 1250 1295 ἔχειν
1265 1260 1336 1291 θέλε,
1358 1261 1406 1286 καὶ
1421 1261 1462 1291 εἰς
1479 1261 1651 1295 κατάγνωσιν
1670 1263 1743 1296 ἀμε-

955 1305 1030 1336 λείας
1060 1305 1130 1332 τίθει
1159 1306 1192 1332 τὰ
1221 1306 1268 1340 τῆς
1295 1306 1429 1339 ἀνάγκης.
1459 1307 1642 1342 Ἀτονήσομεν
1666 1308 1742 1343 γὰρ,

956 1351 1110 1377 πίστευσον.
1139 1351 1190 1377 Καὶ
1214 1351 1261 1377 ἐὰν
1290 1351 1433 1386 μέλλωμεν
1456 1352 1583 1378 ἐντεῦθεν
1610 1354 1744 1388 κατακρί-

957 1444 1005 1466 tes.
1029 1439 1107 1466 Enim
1125 1447 1190 1466 vero
1218 1439 1311 1467 Severi
1327 1445 1353 1468 et
1371 1440 1511 1474 Antonini,
1527 1443 1665 1476 gentilium
1682 1443 1745 1470 licet

957 1486 1161 1520 imperatorum,
1175 1486 1332 1521 praescripta
1351 1491 1470 1519 exstant,
1487 1488 1555 1514 bona
1579 1492 1607 1514 et
1632 1496 1648 1514 a
1665 1489 1745 1515 Citri-

953 1531 1047 1557 stianis
1076 1538 1184 1564 quoque
1221 1531 1389 1565 principibus
1419 1538 1447 1559 ιιι
1474 1532 1594 1559 salubria
1623 1538 1742 1565 retenta,

952 1576 1048 1611 quibus
1062 1580 1168 1603 velatur
1186 1585 1219 1603 ne
1236 1585 1249 1603 a
1273 1578 1360 1605 servis
1388 1585 1471 1612 opera
1487 1586 1570 1613 supra
1588 1579 1659 1606 vires
1685 1581 1744 1606 exi-

953 1623 1293 1658 gatur,autcujuscunque
1318 1625 1399 1652 sortis
1415 1626 1548 1660 mancipia
1576 1627 1744 1654 contendere

953 1675 1083 1703 cogantur
1099 1668 1168 1695 ultra
1184 1676 1264 1702 quam
1283 1670 1384 1697 valent.
1410 1670 1476 1703 Quae
1493 1677 1584 1698 autem
1603 1672 1662 1699 istae
1678 1676 1744 1699 sunt

953 1723 1020 1750 quas
1048 1716 1148 1749 allegas
1170 1714 1379 1750 justiﬁcationes
1396 1715 1456 1749 Dei,
1478 1717 1580 1751 quibus
1594 1717 1701 1744 scilicet
1715 1723 1744 1745 ut

953 1764 1134 1797 obtemperes,
1153 1770 1167 1789 a
1188 1763 1267 1790 nobis
1294 1763 1381 1797 exigis
1403 1754 1433 1790 ut
1457 1768 1561 1790 stemus
1587 1764 1613 1790 in
1629 1764 1743 1791 ecclesia

954 1807 1048 1839 erecti,
1066 1807 1229 1837 immobiles,
1242 1807 1327 1834 instar
1343 1807 1476 1835 columna:
1501 1807 1595 1840 dellxi,
1613 1809 1682 1835 nihil
1702 1809 1744 1835 hi-

953 1857 1059 1879 scentes
1070 1852 1103 1879 ad
1120 1860 1169 1879 nos
1181 1853 1309 1884 invicem,
1321 1854 1494 1887 quantumvis
1509 1861 1607 1887 urgens
1615 1854 1741 1888 cuiquam

954 1898 1080 1925 inciderit
1102 1899 1256 1926 necessitas
1273 1899 1415 1926 verbulttm
1437 1899 1512 1926 socio
1528 1899 1743 1925 iususurrandi?

955 1945 1052 1973 Utrum
1067 1950 1093 1973 et
1111 1946 1162 1972 hoc
1179 1946 1268 1972 decltit
1289 1950 1314 1973 te
1342 1946 1422 1973 nobis
1442 1945 1596 1980 injuugere,
1613 1945 1744 1972 domine?

953 1991 981 2018 Si
994 1991 1097 2026 legibus
1112 1992 1309 2018 monachorum
1329 1993 1413 2018 tetteri
1442 1999 1491 2019 nos
1503 2000 1610 2026 aequum
1627 1999 1737 2022 censes,

954 2037 989 2064 sit
1008 2037 1043 2063 ita
1069 2044 1155 2069 sane;
1180 2037 1349 2064 celebremus
1370 2044 1434 2072 ergo
1452 2045 1507 2072 quo
1529 2038 1565 2064 illi
1585 2038 1637 2064 ritu
1655 2038 1742 2064 eccle—

954 2082 1082 2109 siasticas
1101 2082 1218 2116 vigilias.
1236 2081 1285 2109 Ubi
1304 2083 1391 2117 primo
1406 2083 1526 2110 diluculo
1543 2083 1600 2110 dies
1626 2083 1742 2116 coeperit

112 2132 192 2159 ostiis
203 2131 423 2158 Christianorum
437 2129 719 2164 prccarioimpetrare
731 2130 900 2167 conabimur,
919 2128 1102 2159 Dalbescere,
1128 2135 1142 2154 a
1175 2128 1259 2155 choro
1288 2128 1474 2162 dimittantur;
1504 2129 1650 2162 neminem,
1674 2129 1738 2156 dmn

113 2177 201 2204 hianti
229 2176 411 2204 lamentantes
425 2183 472 2202 ore
489 2183 625 2202 summam
645 2175 829 2202 infelicitatem
854 2182 902 2201 no-

111 2228 210 2249 stram.
225 2220 342 2248 Oramus
364 2226 453 2247 autem
477 2226 505 2247 ut
527 2221 553 2246 in
569 2226 601 2247 co
627 2220 722 2247 saltent
746 2220 901 2246 miserrimo

112 2273 187 2295 statu
206 2275 300 2301 pacein
317 2275 349 2294 ex
365 2272 392 2295 te
412 2267 562 2294 habeamus
578 2267 762 2301 quiescentes,
778 2274 827 2293 nec
847 2268 899 2292 tuis

113 2312 274 2341 infestentur
286 2313 395 2343 litteris,
409 2313 436 2339 in
451 2313 588 2338 cumulum
604 2317 643 2338 tot
659 2311 786 2343 aliarum,
799 2310 900 2346 quibus

112 2359 305 2394 opprimimur,
328 2357 413 2393 648
439 2357 610 2392 injuriarum.
631 2357 668 2383 Dc
685 2362 784 2383 caetero
798 2356 901 2383 servie-

114 2413 175 2431 mus
191 2411 241 2431 ttos
263 2404 370 2438 quidem
388 2407 518 2437 quantum
547 2401 696 2435 poterimus
713 2411 720 2428 :
747 2402 899 2428 mercedem

113 2457 179 2476 vero
195 2453 316 2475 nostram
332 2447 505 2478 conﬁdimus,
520 2446 542 2473 si
557 2447 627 2474 Deus
642 2447 769 2478 voluerit,
786 2455 834 2473 nos
848 2455 899 2473 ttutt

113 2495 276 2526 amissuros,
292 2493 398 2520 etiamsi
423 2497 449 2519 ιιι
464 2491 599 2520 calamum
619 2492 766 2519 contritum
781 2492 900 2519 confrin-

114 2549 179 2577 gere
207 2548 261 2567 nOII
282 2539 430 2572 euncteris,
453 2545 480 2566 et
495 2539 548 2565 i5to
565 2541 615 2566 ltoc
644 2539 702 2572 ipso
727 2539 901 2565 aerumnosis-

114 2589 186 2615 simo
197 2591 335 2621 .tetnpore
359 2586 483 2620 asperior
506 2585 584 2612 nobis
606 2585 654 2611 sis.
680 2585 764 2619 Atqui
790 2593 841 2612 non
862 2587 903 2612 sic

113 2633 258 2669 oportebat
282 2640 363 2667 agere
391 2631 526 2659 hominem
544 2631 590 2664 qui
616 2631 690 2658 credi
708 2631 803 2665 dignus
830 2636 903 2658 esset

114 2687 129 2707 a
145 2679 218 2707 bono
232 2684 260 2706 et
276 2679 415 2706 hominum
429 2683 537 2704 amante
555 2677 702 2704 instinctus
719 2678 826 2711 spiritu.
840 2677 903 2704 llaec

83 2715 90 2720 ’
113 2734 166 2754 nos
180 2733 285 2753 sumttta
301 2725 325 2752 vi
341 2724 428 2752 adacti
445 2724 573 2756 diximus,
592 2731 687 2758 nempe
701 2728 729 2750 ut
746 2723 859 2751 Romani
875 2729 903 2750 et

114 2775 142 2800 in
157 2771 268 2799 Christo
283 2771 371 2803 liberi,
390 2777 440 2797 nec
459 2769 616 2805 cujusquam
644 2770 790 2797 obnoxiam
808 2777 901 2804 respe-

115 2819 169 2847 ctui
187 2817 342 2845 libertatem
360 2816 519 2844 enuntiandi
543 2824 603 2852 qua!
619 2817 753 2844 sentimus
780 2817 903 2844 retinen-

956 2180 1050 2208 preccs
1063 2178 1211 2200 nocturnas
1220 2174 1385 2209 peragimtts,
1398 2174 1519 2202 sinamus
1529 2181 1699 2201 externorum
1713 2175 1740 2201 iit

955 2220 1084 2253 templum
1096 2219 1212 2254 ingredi.
1222 2219 1301 2247 Nunc
1315 2220 1392 2247 nobis
1404 2229 1418 2247 ιι
1430 2227 1509 2247 nocte
1522 2221 1606 2247 media
1615 2222 1648 2247 ad
1659 2220 1741 2246 meri-

955 2266 1026 2292 diem
1038 2266 1162 2293 standum
1177 2271 1229 2299 est,
1241 2266 1355 2300 objectis
1367 2267 1452 2294 oculis
1463 2267 1551 2301 populi
1565 2268 1590 2293 in
1604 2274 1739 2293 concursu

955 2312 1135 2339 multitudinis
1155 2313 1250 2339 excita:
1264 2313 1504 2339 tintiunalmlornnt
1519 2320 1595 2339 sono.
1608 2312 1661 2339 Nec
1678 2319 1742 2339 vero

954 2358 1024 2392 quod
1048 2362 1122 2385 tanto
1137 2359 1263 2385 continuo
1279 2360 1368 2393 spatio
1384 2359 1409 2385 in
1422 2359 1535 2386 ecclesia
1550 2358 1590 2389 tit,
1601 2360 1687 2384 oratio
1699 2366 1743 2384 so-

955 2403 1009 2430 lum
1019 2407 1070 2430 est.
1082 2403 1150 2430 Sunt
1162 2404 1232 2430 vices
1244 2404 1298 2430 illic
1308 2403 1467 2430 ofﬁciorum.
1476 2403 1640 2437 Εειξῳιιιιιιιο
1650 2404 1743 2429 mmhb

954 2449 1162 2476 lalecnutanlttr
1173 2450 1293 2483 quaedam
1304 2457 1311 2482 ;
1322 2455 1362 2476 est
1371 2457 1431 2476 cum
1450 2450 1550 2483 aliquid
1577 2450 1740 2475 audiendum

957 2497 1167 2529 pronuntiatura
1181 2497 1300 2527 lectore;
1313 2500 1355 2523 est
1368 2496 1483 2530 denique
1496 2494 1606 2522 sedendi
1624 2499 1740 2529 tempus;

955 2541 1037 2576 649
1060 2547 1099 2568 est
1117 2546 1144 2568 et
1167 2542 1267 2568 inserta
1285 2541 1340 2569 illic
1358 2542 1524 2568 contentioni
1550 2542 1673 2576 quaedam
1700 2548 1742 2568 re-

957 2588 1060 2619 missio,
1093 2595 1138 2621 per
1163 2595 1243 2621 quam
1273 2588 1433 2615 conceditur
1459 2588 1512 2614 dici
1539 2588 1638 2622 agique
1670 2587 1742 2621 quod

957 2641 1075 2668 prtrsens
1091 2634 1159 2660 forte
1171 2641 1235 2660 usus
1249 2635 1413 2668 poposcerit.
1435 2634 1496 2660 Non
1510 2633 1583 2661 enim
1611 2640 1660 2660 nos
1673 2633 1743 2659 alios

957 2687 970 2706 ει
998 2679 1075 2706 uoltis
1106 2680 1245 2706 ministros
1274 2687 1365 2706 rerum
1391 2679 1564 2706 familiarium
1599 2679 1740 2711 habemus,

956 2732 1072 2759 quorum
1099 2733 1193 2760 opera,
1220 2725 1265 2752 ubi
1294 2726 1379 2752 choro
1403 2723 1610 2753 excesserintus,
1633 2729 1742 2749 nti-usas

956 2773 1104 2799 instructas
1122 2773 1195 2799 douti
1221 2771 1398 2805 rcpcriatttus.
1427 2770 1521 2804 Itaque
1549 2768 1705 2795 attbsecivas
1725 2775 1742 2795 θ

956 2817 1107 2846 ministerio
1133 2822 1188 2844 tam
1217 2817 1296 2852 longo
1323 2815 1469 2851 particulas
1493 2814 1580 2849 glibcri
1612 2815 1743 2848 temporis
