1957 3066
231 142 282 176 ’111

827 140 987 173 GEORGII
1010 142 1250 172 PACHYMER/E

1805 144 1860 176 712
1881 165 1886 169 -

231 198 337 228 νεοθαι,
357 197 436 224 πλέον
452 197 489 232 μὴ
505 196 620 232 ζητείτω
637 198 653 232 ἡ
668 196 809 232 ἁγιωσῦνη
827 206 873 224 σου
891 199 930 229 εἰς
943 197 1014 224 ἑτοί-
1030 199 1052 226 Α
1066 196 1096 222 τὺ
1111 197 1203 224 λοιπὸν
1219 197 1467 232 στρατολογοίμεθα
1478 206 1485 213 ·
1501 198 1603 233 ταύτην
1621 198 1650 225 δὲ
1671 199 1721 234 τὴν
1737 208 1861 234 πνευμα-

234 251 288 279 μην
313 243 496 276 κατάγνωσιν.
525 243 615 269 Καλὸν
643 243 729 275 τάξις,
757 243 840 270 καλὸν
869 243 1018 278 προσευχὴ,

233 289 315 316 καλὸν
330 288 468 320 εὐλάϐεια,
485 295 569 314 καΑον
589 287 643 314 τῶν
662 287 773 322 ἀγαθῶν
794 288 918 315 ἕκαστον.
939 288 1020 315 Ἀλλὰ

231 334 258 360 τί
272 334 357 360 ταῦτα.
373 335 429 365 τοῖς
444 334 708 368 κυμαγωγουμένοις
724 334 790 368 ἡμῖν
805 334 848 360 διὰ
873 334 922 368 τὴν
938 334 1019 368 ψῦξιν

231 379 281 413 τῆς
293 380 413 414 ἀγάπης,
434 380 471 410 ὡς
487 381 500 406 ὁ
517 379 619 414 Κύριος
629 379 746 414 ἓφησεν;
765 379 842 406 Ἔτι-τ’
853 380 885 406 ἂν
901 380 931 406 τὸ
951 381 1020 406 σκά-

233 431 282 458 φος
297 424 428 459 σώζηται,
443 426 503 451 τότε
517 425 570 461 χρὴ
587 426 634 452 καὶ
659 425 760 460 ναύτην
782 427 829 452 καὶ
846 426 1018 461 κυϐερνήτην

234 470 359 497 σπεύδειν
374 471 441 505 πρὸς
464 471 601 505 σωτηρίαν
619 471 666 497 τοῦ
684 470 926 505 κλυδωνιζομένου,
956 471 1020 498 ὅταν

232 517 255 544 δ’
271 517 287 551 ἡ
302 517 426 544 θάλασσα.
442 517 494 543 ὑπὸ
508 515 562 543 τῶν
575 516 707 551 κυμάτων
720 517 766 542 καὶ
783 518 930 551 συμφορῶν
943 525 1022 552 περι-

232 562 355 597 γένηται,
373 562 487 596 μάταιος
503 562 519 595 ἡ
534 561 648 596 σπουδή.
667 560 761 591 Ὅπως
772 561 799 587 at
811 562 1021 596 κατηντήσαμεν

232 607 292 638 νῦν,
306 609 351 634 καὶ
369 608 402 634 τὰ
417 608 538 643 ἡμέτερα
551 607 668 634 καλύὸια
682 607 916 641 μαρτυρήσουσιν.
926 607 1020 633 Ταῦτα,

232 654 296 687 γοῦν
306 655 522 688 προσαναφέρειν
532 654 662 688 μέλλομεν
671 653 709 688 τῷ
720 654 790 686 ἁγίῳ
801 653 878 688 ἡμῶν
900 653 943 679 δεει
950 655 1017 688 πύτῃ

231 701 279 726 καὶ
291 700 406 735 βασιλεῖ.
424 700 477 726 Καὶ
491 702 514 726 εί
531 701 579 734 μὲν
599 700 735 735 διακρινεί
753 700 768 733 ἡ
786 699 853 733 ἁγία
870 699 952 725 αὑτοῦ
967 700 1016 733 βα-

233 746 323 773 σιλεία
339 747 454 781 πάσχειν
478 747 552 781 ἡμᾶς
570 746 693 778 τοιαῦτα,
719 746 784 777 ἴσως
808 745 1019 780 ὺποστησόμεθα

231 793 279 818 καὶ
301 792 338 827 μὴ
354 792 487 824 Θέλοντες·
503 792 559 822 τοῖς
576 792 629 827 γὰρ
646 792 718 826 ζωῆς
738 792 784 818 καὶ
799 791 880 826 τιμῆς
896 791 1017 824 ἀναξίοις

1070 244 1150 278 τικὴν
1169 243 1324 278 στριτείαν,
1345 244 1369 269 εί
1395 243 1536 278 ὀρέγεσθε,
1552 244 1623 279 πλὴν
1645 245 1718 271 κατὰ
1739 246 1770 272 τὸ
1787 247 1863 273 ἐνδε-

1069 286 1184 320 χόμενον
1208 285 1258 320 τῆς
1282 286 1435 321 δυνάμεως,
1463 287 1509 313 καὶ
1527 287 1565 322 μὴ
1582 288 1766 321 ἀναγκαστῶς
1785 289 1861 316 οὕτω

1070 331 1117 357 καὶ
1129 332 1188 365 μετ’
1205 332 1401 367 ἐπιταγμάτων
1413 332 1556 367 μειζόνων·
1568 334 1659 369 πολλῷ
1672 334 1725 368 γὰρ
1737 335 1862 362 ἐλλεῖπον

1069 377 1137 412 πρὸς
1152 377 1200 404 τὰς
1215 379 1349 412 ἐπιταγὰς
1363 380 1408 404 καὶ
1430 379 1460 405 τὸ
1476 379 1657 413 δοθησόμενον
1679 380 1802 414 οῐδαμεν.
1821 381 1860 407 Ἦ

1069 423 1106 454 ὡς
1121 425 1321 450 κατασαπείσιν
1336 423 1385 459 ἤδη
1400 426 1432 460 τῇ
1453 425 1568 460 τοιαύτῃ
1584 426 1715 461 στρατείᾳ
1729 427 1776 452 καὶ
1790 427 1862 453 ἁπο-

1069 468 1182 501 τάκτοις
1206 471 1236 495 τὸ
1252 470 1369 504 γράμμα.
1395 471 1455 497 δότε
1473 470 1504 497 τὸ
1527 471 1577 505 τῆς
1599 471 1734 504 ἀφέσεως.
1758 472 1817 498 Κᾰν
1834 480 1862 498 τι

1071 515 1131 541 τότε
1147 516 1193 542 καὶ
1210 516 1303 542 διδῶτε
1319 517 1389 552 πρὸς
1404 517 1540 551 σιτισμδν,
1557 518 1594 552 μὴ
1610 517 1648 548 ὡς
1664 517 1762 552 μισθὸς
1785 518 1863 552 λογι-

1071 561 1169 593 ζέσθω,
1186 561 1223 592 ὡς
1247 562 1496 596 προσαπαιτεῖσθαι
1523 564 1644 598 μεγάλας
1661 564 1708 589 καὶ
1732 563 1781 595 τὰς
1797 564 1863 590 δου-

1071 606 1158 636 λείας,
1178 606 1208 632 οὺ
1236 607 1307 633 κατὰ
1327 607 1421 641 χρείαν
1444 608 1533 639 τόσον,
1552 608 1590 639 ὠς
1606 608 1730 642 οἰόμεθα,
1755 608 1772 643 ἢ
1799 608 1862 635 κατ’

1072 653 1216 686 ἐπήρειαν,
1244 653 1302 679 ἀλλ’
1325 653 1363 684 ὡς
1387 655 1628 693 προϋπηργμένων
1654 656 1744 681 πόνων
1764 664 1794 682 τε
1814 657 1863 682 καὶ.

1071 698 1204 737 κοιμᾴτων
1231 698 1419 735 πολυχρονίων
1445 701 1610 732 ἀντέκτισις.
1642 702 1756 732 Πάντως
1779 702 1809 727 δὲ
1829 710 1863 736 γε

1071 745 1118 770 καὶ
1135 744 1166 771 τὸ
1181 745 1320 781 ἀπόλεμον
1340 745 1428 781 γῆρας
1450 746 1481 773 ὲν
1494 748 1552 779 τοῖς
1567 747 1669 783 τιμίοις
1684 748 1729 775 διὰ
1739 748 1775 784 ξὰ
1790 747 1862 783 φθά-

1074 796 1170 818 σαντα.
1189 800 1199 816 )

231 838 283 865 οὐκ
300 838 454 883 ἀποθύμιος
469 838 529 864 οὐδὲ
543 839 557 864 ὸ
577 838 703 869 θάνατος.
722 839 753 865 El
770 838 799 865 δέ
813 847 840 864 τι
856 839 904 865 καὶ
925 839 1019 872 φιλαν-
1034 831 1055 858 Β
1071 845 1127 878 κς’.
1143 847 1209 879 Πῶς
1220 846 1347 881 διῆλθον
1365 848 1553 883 Ἆμοτάσαροι
1565 849 1614 876 καί
1626 850 1688 877 σὺν
1705 849 1859 883 Τούρκοις.

233 882 470 918 θρωπευθείημεν,
486 883 567 918 χάρις
583 884 631 917 μὲν
642 883 801 918 Θεῷ,χάρις
818 884 846 910 δὲ
863 884 910 910 καὶ
923 885 955 919 τῇ
970 884 1017 911 αὑ-

231 929 279 955 τοῦ
293 929 429 964 βασιλείᾳ.
445 929 602 964 Κεφάλαιον
614 929 669 956 τῶν
679 929 776 964 λόγων.
790 930 826 955 Ἦ
837 930 875 961 ὡς
887 929 1017 966 κληρονό-

231 983 301 1010 μους
314 975 509 1011 δυσωπήθητε,
521 976 569 1002 καὶ
588 975 718 1010 φροντίδα
739 975 812 1002 θέσθ’
827 976 901 1007 ὅπως
913 976 961 1003 καὶ
976 976 1016 1007 είς

231 1068 394 1095 necessariae
411 1075 484 1095 curre
503 1075 646 1102 corporum
665 1073 739 1096 recte
758 1068 951 1102 impendimus.
975 1068 1014 1096 Ne

231 1114 313 1149 igitur
329 1117 362 1141 ad
387 1119 460 1140 tuam
485 1113 566 1140 istam
591 1113 792 1140 institutionem
808 1114 870 1140 vitae
888 1119 1018 1147 austerae,

230 1159 356 1187 sublimis
385 1163 413 1186 et
440 1159 517 1194 longe
545 1159 692 1186 humanum
712 1167 898 1194 supergressa:
923 1159 1018 1186 modu-

231 1205 298 1237 lum,
332 1212 381 1232 nos
408 1205 482 1232 humi
509 1209 635 1239 repentes
660 1205 805 1232 stecnlares
826 1205 894 1232 velis
909 1206 1018 1240 exigere

231 1261 280 1287 per
305 1253 414 1285 omnia;
446 1257 474 1279 et
495 1259 556 1279 cum
576 1252 678 1279 severis
702 1252 762 1279 istis
784 1252 896 1287 jndiciis
919 1260 1018 1280 causas

232 1303 341 1326 nostras
369 1299 521 1326 absentium
544 1292 692 1332 expcndés,
724 1306 759 1326 ne
782 1299 859 1333 prius
886 1305 935 1326 nos
953 1306 1018 1326 con-

231 1344 332 1370 demua
361 1343 542 1378 negligentiae,
574 1350 654 1377 quam
686 1344 856 1370 necessitatis
883 1345 1016 1372 rationem

233 1388 371 1416 habueris.
389 1388 434 1416 Sic
450 1388 523 1415 enim
549 1387 597 1415 tibi
621 1389 780 1423 persuade:
801 1394 910 1417 utemur
934 1394 963 1417 et
989 1390 1016 1417 in

232 1440 372 1470 posterum
393 1440 425 1462 ut
450 1435 526 1470 prius
544 1435 706 1463 remissione
729 1435 893 1467 necessaria,
917 1441 1016 1463 utcun-

231 1489 285 1516 que
313 1489 362 1510 nos
387 1489 420 1509 eo
447 1481 545 1509 deinde
571 1482 681 1509 nomine
705 1490 720 1509 a
748 1486 774 1509 te
797 1482 954 1509 damnatum
982 1482 1014 1508 iri

1177 882 1225 909 καὶ
1237 883 1313 917 πρὸς
1324 882 1534 918 Κασάνδρειὰν
1553 885 1760 918 κατήντησαν.

1106 926 1150 963 [Ρ.
1167 927 1231 963 455]
1257 928 1338 955 Ἀλλὰ
1359 929 1447 956 ταῦτα
1463 930 1512 964 μὲν
1528 931 1557 961 ἐς
1572 930 1700 957 τοσοῦτον
1722 931 1763 961 είς
1776 930 1862 963 δεῖξιν

1072 973 1186 1008 μετρίαν
1202 974 1256 1001 τῶν
1287 975 1498 1002 καταλαῦουσῶν
1524 976 1589 1008 τοὺς
1612 976 1663 1011 τῆς
1692 975 1861 1010 Ἐκκλησίας

1073 1070 1146 1090 mum
1163 1063 1229 1096 Deo,
1245 1071 1307 1091 mox
1329 1064 1457 1093 benefica:
1479 1066 1611 1100 principis
1627 1066 1789 1093 humanitati
1808 1067 1860 1093 de-

1073 1110 1144 1137 bitas
1168 1111 1322 1138 reddemus.
1349 1112 1489 1139 Summam
1513 1112 1648 1140 dictorum
1664 1114 1690 1139 in
1707 1113 1765 1139 haec
1780 1113 1860 1140 colli-

1073 1155 1171 1189 gimus.
1210 1154 1238 1182 Si
1269 1163 1318 1183 nos
1351 1161 1380 1183 ut
1409 1155 1537 1184 Ecclesia:
1563 1157 1632 1184 iilios
1661 1157 1859 1192 participanda:

1072 1205 1203 1228 maternae
1236 1202 1403 1230 haereditatis
1442 1201 1486 1236 jus
1515 1195 1661 1231 habentes
1697 1204 1858 1238 agnoscitis.

1072 1249 1164 1272 curate
1191 1245 1270 1272 sultis
1298 1247 1464 1280 suppeditari
1498 1249 1653 1275 necessaria
1684 1249 1763 1275 nobis
1793 1248 1860 1276 huic

1071 1290 1218 1318 toleranda:
1233 1299 1264 1318 ac
1283 1293 1484 1326 continuandae,
1508 1294 1534 1321 in
1562 1301 1644 1329 quam
1667 1294 1766 1322 dudum
1783 1297 1857 1322 εει-ι-

1071 1338 1110 1372 pti
1127 1345 1234 1369 sumus,
1253 1338 1396 1373 spirituali'
1412 1339 1517 1367 militia
1531 1349 1538 1367 :
1555 1341 1603 1368 sed
1619 1345 1646 1367 et
1661 1340 1741 1374 hujus
1755 1347 1855 1368 neces-

1070 1384 1157 1411 sarias
1181 1384 1332 1413 functiones
1351 1393 1385 1413 ne
1402 1386 1557 1414 arbitrariis
1580 1387 1733 1421 aggravetis
1756 1391 1855 1414 aucta-

1070 1429 1129 1458 riis.
1147 1429 1186 1457 Ne
1203 1431 1262 1465 plus
1285 1430 1431 1466 imponatis
1446 1439 1525 1466 quam
1546 1431 1619 1459 ferre
1637 1438 1800 1467 possumus;
1819 1437 1856 1459 ne

1071 1477 1193 1511 imperiis
1224 1485 1274 1505 nos
1306 1477 1415 1505 acribus
1446 1483 1474 1506 et
1508 1479 1670 1506 dominante
1699 1479 1858 1508 obterentes

231 1533 432 1564 exspectemus.
450 1528 545 1563 Itaque
557 1528 578 1556 si
598 1528 645 1555 tibi
662 1533 766 1555 certum
782 1532 824 1555 est
841 1527 969 1562 deinceps
988 1531 1016 1554 ut

1071 1522 1211 1556 supercilio
1245 1523 1439 1558 ingenuitatem
1476 1524 1663 1552 cunculcando
1693 1524 1854 1560 deprimatis

233 1575 365 1602 hactenus
379 1574 528 1602 inﬁrmitati
545 1574 613 1601 nihil
627 1574 756 1607 compati,
772 1572 932 1608 exserejam
945 1581 1019 1601 nunc

231 1627 389 1647 mucronem
413 1627 535 1647 censurae
557 1619 695 1654 judicialis
719 1619 746 1646 in
765 1619 880 1646 crimina
898 1620 1017 1646 nondum

230 1663 295 1691 licet
318 1669 442 1699 patrata;
467 1671 516 1691 nec
537 1663 608 1690 aliud
635 1668 739 1698 quaerat
765 1668 810 1689 tua
833 1664 964 1690 sanctitas
985 1664 1017 1689 ad

233 1718 283 1737 nos
309 1711 364 1744 jam
391 1717 464 1737 nunc
488 1709 657 1736 damnandos
672 1708 707 1735 ob
723 1716 753 1735 ea
775 1716 834 1742 qua:
853 1716 914 1735 mox
932 1715 1016 1741 certo,

231 1757 331 1790 quippe
360 1756 560 1788 inevitabiliter,
586 1756 770 1789 peccabimus.
799 1755 916 1783 l‘ulclter
937 1756 1016 1788 ordo,

233 1803 304 1830 bona
322 1803 420 1833 oratio,
448 1802 562 1829 honesta
591 1801 697 1836 religio,
713 1802 786 1828 nulla
811 1809 864 1828 non
885 1802 1016 1828 honarum

234 1855 325 1874 rerum
353 1848 576 1875 commendabilis
603 1853 655 1876 est.
685 1847 738 1875 Sed
766 1848 829 1882 quid
854 1848 912 1875 haec
928 1849 1016 1882 nobis,

233 1894 295 1919 vitae
310 1893 433 1920 sollicita:
446 1901 478 1920 ac
493 1894 597 1928 egentis
612 1893 782 1926 necessariis,
797 1893 878 1920 {luctu
895 1895 1014 1928 agitatis,

231 1938 334 1965 idcirco
352 1939 432 1972 quod,
443 1938 590 1965 sicutdixit
608 1939 748 1970 Dominus.
760 1939 1016 1974 charitaslrefrixit?

231 1985 325 2015 Quoad
344 1985 443 2018 scapha
460 1990 536 2011 natat
553 1985 641 2012 adhuc
656 1992 705 2012 nec
717 1986 842 2020 depressa
856 1993 906 2012 nec
919 1986 1014 2017 fracta.

231 2034 341 2056 nautam
363 2035 391 2057 et
420 2031 631 2064 gubernatorem
655 2038 721 2057 sane
743 2032 871 2058 convenit
895 2036 1018 2066 satagere

231 2076 385 2110 (zonaritu
408 2081 539 2110 quantum
557 2077 627 2103 valet
651 2077 683 2103 ad
704 2077 817 2104 salutent
840 2077 1018 2112 periclitantis

231 2123 417 2149 asserendam.
443 2121 493 2149 Uhi
515 2131 614 2150 navem
641 2130 715 2150 mare
737 2123 858 2150 obruerit
877 2123 1013 2156 ﬂuctibus,

1069 1571 1191 1594 nostram
1220 1567 1247 1594 in
1279 1569 1431 1603 pudendam
1463 1570 1654 1597 necessitatem
1682 1571 1855 1606 mancipatus

1068 1613 1186 1641 servilis.
1216 1614 1323 1642 Etenim
1352 1615 1395 1643 his
1421 1622 1482 1650 quae
1510 1621 1639 1651 praestare
1669 1624 1718 1644 nos
1744 1622 1857 1651 paratos

1068 1659 1239 1691 profitentur,
1256 1662 1322 1688 satis
1337 1661 1438 1688 scimus
1456 1661 1665 1696 haudquaquam
1680 1662 1770 1690 debita
1795 1670 1859 1698 pro-

1068 1706 1192 1740 portione
1216 1713 1376 1740 responsura
1407 1714 1467 1741 qua:
1491 1707 1629 1735 dabuntur
1651 1709 1804 1742 stipendia;
1826 1714 1857 1735 nt

1067 1753 1109 1779 his
1124 1760 1186 1780 esse
1208 1753 1328 1780 contenti
1346 1753 1478 1781 debeatis.
1495 1753 1599 1787 Quodsi
1622 1759 1716 1782 nostra
1731 1755 1769 1783 uti
1787 1755 1857 1782 effe-

1067 1802 1155 1826 tornm
1185 1803 1212 1825 et
1236 1807 1293 1826 aevo
1321 1799 1462 1827 euervium
1483 1798 1540 1834 jam
1566 1801 1681 1828 militum
1713 1800 1739 1828 in
1768 1802 1857 1828 sacris

1066 1844 1142 1871 hisce
1170 1845 1269 1872 castris
1286 1846 1322 1871 uti
1343 1845 1473 1880 deinceps
1495 1853 1576 1880 opera
1596 1847 1720 1878 renuitis,
1746 1847 1788 1874 eia
1806 1848 1858 1882 igi-

1067 1895 1110 1918 tur
1127 1890 1263 1924 dimittitc,
1283 1892 1360 1924 cestu,
1390 1892 1508 1919 libellum
1523 1893 1757 1920 exauctorationis
1782 1893 1857 1924 date,

1069 1938 1168 1964 bonam
1185 1937 1310 1965 emeritis
1331 1943 1529 1973 repraesentate
1548 1939 1718 1967 missionem.
1738 1939 1767 1967 Si
1792 1941 1857 1976 quid

1069 1983 1108 2011 sic
1132 1984 1263 2019 ablegatis
1289 1985 1360 2011 unde
1389 1985 1542 2012 victitemus
1564 1985 1734 2019 adieceritis,
1751 1993 1805 2013 non
1829 1991 1860 2013 ut

1071 2028 1233 2062 stipendium
1258 2033 1409 2063 reputetnr,
1425 2036 1458 2055 ex
1480 2037 1536 2063 quo
1552 2030 1689 2057 ulterioris
1711 2031 1858 2058 ministerii

1071 2081 1140 2100 Onus
1156 2074 1234 2101 nobis
1257 2075 1416 2108 prmstandi,
1432 2075 1511 2103 vobis‘
1526 2076 1650 2110 exigendi
1661 2077 1706 2111 jus
1721 2078 1856 2112 pendeat;

1072 2120 1142 2147 unde
1181 2120 1285 2147 titulum
1314 2121 1415 2147 habere
1440 2128 1488 2148 vos
1515 2123 1617 2156 putetis
1644 2123 1742 2149 iterum
1777 2124 1858 2150 nobis

233 2168 278 2192 ubi
309 2168 364 2201 jam
389 2169 442 2196 vita
473 2170 602 2196 agr-“mnis
633 2177 761 2204 oppressa
798 2170 823 2196 in
854 2169 1015 2204 profundum
1033 2185 1057 2213 υ
1071 2167 1168 2192 acerbe
1190 2166 1344 2200 injtmgendi
1366 2166 1476 2193 servitia
1493 2161 1654 2202 incongrua,
1675 2176 1727 2195 non
1747 2174 1801 2196 tam
1823 2171 1858 2196 :Itl

232 2213 374 2247 absorpta,
395 2215 476 2241 stulta
499 2216 535 2242 sit
555 2216 644 2243 onmis
666 2216 804 2242 contentio
821 2223 934 2242 servare
946 2216 1016 2249 quod

230 2257 287 2292 jam
310 2259 390 2292 periit
422 2260 599 2287 studentium.
647 2260 705 2293 Quu
736 2261 866 2287 malorum
895 2265 1017 2288 extrema

232 2311 306 2331 nunc
327 2305 443 2339 denique
459 2306 580 2333 omnium
608 2306 697 2340 inopia
715 2306 918 2338 devenerimus,
936 2311 1018 2333 testa-

187 2383 191 2387 _
231 2350 333 2377 buntur
349 2351 454 2386 tuguria
471 2357 563 2378 nostra
578 2352 700 2378 funditus
719 2352 869 2384 exinanita,
886 2359 901 2379 e
915 2353 1016 2388 quibus

231 2395 360 2430 reliquias
381 2396 488 2422 ultimas
512 2397 660 2429 absumpta:
685 2396 762 2430 longa
792 2396 861 2423 fante
883 2397 924 2423 vel
947 2404 1015 2431 pau-

231 2443 346 2474 pertina:
364 2441 541 2474 supellectilis
555 2442 669 2468 delaturi
691 2448 783 2468 sancto
795 2447 890 2468 nustro
904 2442 1015 2469 domino

232 2487 390 2521 imperatori
405 2494 510 2518 sumus,
527 2488 553 2514 iu
569 2488 706 2522 specimen
720 2489 835 2514 miseria:
852 2489 920 2516 infra
934 2496 1014 2523 quam

232 2532 300 2558 nihil
316 2533 362 2559 sit.
377 2533 411 2558 At
423 2534 444 2559 si
460 2534 568 2567 quidem
591 2541 667 2560 sacra
692 2533 753 2568 ejus
778 2532 917 2568 maiestas,
935 2533 1015 2561 intel-

232 2578 303 2605 lecto
331 2578 365 2606 ad
392 2586 460 2613 quas
484 2579 569 2606 simus
594 2579 692 2607 incitas
717 2579 832 2612 redacti,
851 2579 948 2614 dignos
966 2580 1014 2614 qui

232 2626 368 2658 patiamur
386 2625 458 2658 talia,
476 2626 580 2653 cunctis
596 2626 748 2660 perpensis,
769 2634 816 2653 nos
836 2625 1012 2660 iudicaverit,

232 2670 436 2705 ucquiescemus
450 2672 551 2704 animo,
567 2678 704 2707 utcunque
724 2677 820 2698 natura
835 2677 1011 2707 repugnante,

229 2717 314 2752 65o
335 2723 362 2744 et
376 2724 474 2744 sortem
491 2718 553 2745 boni
576 2719 757 2749 consulemus,
776 2726 835 2752 qua:
851 2719 927 2745 nobis
943 2719 1014 2746 obti-

232 2765 281 2797 git,
310 2764 470 2798 pessimam:
489 2772 551 2791 nam
574 2765 619 2799 qui
647 2765 702 2791 vita
726 2769 753 2791 et
783 2765 884 2791 honore
912 2765 1014 2798 indigni

229 2809 398 2842 iudicantur,
426 2810 458 2837 iis
474 2818 559 2844 neque
580 2818 652 2837 tnors
673 2810 824 2837 recusanda
846 2815 896 2837 est.
911 2810 1013 2842 Quodsi

232 2854 332 2889 aliquid
357 2856 503 2884 miseratus
527 2857 675 2891 indulgebit
709 2855 796 2887 nobis,
825 2856 928 2890 gratias
961 2856 1014 2890 pri-

1071 2219 1150 2239 usum
1182 2212 1341 2245 publicum,
1371 2217 1400 2238 ut
1429 2218 1572 2247 putamus,
1604 2214 1686 2241 ullum
1714 2222 1797 2249 quain
1823 2217 1857 2243 ad

1070 2264 1193 2284 nostram
1232 2258 1425 2285 contumeliam
1453 2260 1628 2292 pertinentia.
1669 2260 1722 2288 Sed
1751 2261 1774 2288 si
1801 2269 1857 2296 quo

1070 2304 1201 2331 abeuntes
1226 2304 1352 2330 donativo
1384 2305 1599 2338 prosequemini,
1617 2306 1653 2332 sit
1671 2307 1696 2333 id
1712 2307 1855 2341 longorum

1070 2356 1146 2384 grata
1161 2349 1282 2383 qttaedam
1294 2350 1490 2384 Iremuueratio
1510 2350 1633 2378 laborum
1649 2359 1656 2377 :
1675 2359 1736 2378 nam
1752 2357 1780 2380 et
1801 2354 1856 2380 int--

1070 2395 1140 2422 belle
1163 2396 1267 2422 senium
1295 2400 1354 2430 post
1365 2397 1448 2422 vitam
1479 2397 1609 2424 honorata
1638 2399 1731 2426 militia
1750 2407 1855 2434 expen-

1070 2448 1139 2472 sam,
1165 2440 1289 2468 clementi
1319 2442 1414 2468 ducum
1436 2442 1550 2475 judicio,
1574 2444 1684 2478 dignum
1706 2444 1853 2474 honorat-io

1069 2490 1206 2517 censetur,
1236 2485 1425 2514 recordatione
1449 2490 1628 2515 certaminum
1646 2489 1709 2516 olitn
1729 2492 1853 2518 exantla-

1069 2536 1169 2560 torum.
1188 2541 1196 2557 ι

1070 2588 1115 2617 56.
1137 2588 1170 2616 Ut
1180 2589 1297 2625 digressi
1316 2591 1368 2616 sint
1388 2592 1546 2625 Amognburi
1568 2601 1626 2619 cum
1652 2592 1755 2623 Turris.
1774 2599 1798 2622 et
1818 2596 1854 2622 ad

1166 2624 1347 2651 Casandrum
1368 2626 1395 2651 in
1415 2634 1442 2652 se
1456 2624 1551 2653 inuluo
1568 2630 1760 2656 concurrerint.

1104 2669 1167 2697 Nate
1193 2669 1348 2697 describere
1376 2679 1465 2705 operm
1491 2673 1607 2705 pretium
1631 2678 1674 2700 est
1697 2675 1796 2707 visum,
1825 2681 1855 2702 ut

1068 2722 1161 2743 essent
1190 2716 1231 2742 vel
1256 2715 1382 2748 exiguum
1414 2717 1550 2750 specimen
1576 2726 1758 2746 aerumnarum
1783 2728 1855 2755 quas

1067 2767 1131 2789 tunc
1163 2762 1341 2789 ecclesiastici
1361 2762 1394 2789 ah
1418 2764 1568 2791 Athanasio
1597 2766 1749 2799 patriarcha
1771 2775 1854 2801 pera-

1068 2809 1163 2834 cerbas
1180 2808 1252 2842 passi
1270 2813 1343 2834 sunt.
1363 2808 1444 2836 Nobis
1470 2814 1559 2836 autem
1579 2818 1633 2844 jam
1652 2812 1696 2838 hic
1711 2819 1808 2841 cursus
1827 2815 1853 2841 in

1069 2859 1146 2888 portu
1160 2859 1210 2886 est,
1225 2859 1251 2882 ct
1266 2854 1383 2881 laborem
1398 2856 1450 2882 alia
1467 2861 1588 2884 nostrum
1605 2864 1712 2888 vocant.
1728 2859 1852 2893 historia,
