1957 3066
233 97 286 128 715

684 94 718 125 Ρ,
741 94 894 124 POSSlNl
913 93 1242 130 OBSERVATIONUM
1271 94 1346 124 LIB.
1373 93 1399 123 Ι.

1806 95 1864 128 716

229 152 344 186 ’Δγοιτο
367 152 396 179 δὲ
427 153 485 178 κατ’
513 151 621 180 ἐλπλει,
641 151 762 186 lgna-ri;
774 171 781 181 ,
807 151 854 176 καὶ
879 150 916 181 ὡς
937 151 953 184 ἡ
971 149 1016 176 τοῦ
1032 153 1055 182 Α
1069 159 1115 181 τος
1131 150 1213 185 μόνον
1226 150 1406 184 πεντήκοντα,
1423 149 1484 176 καθ’
1497 149 1527 176 ὅν
1543 149 1637 186 καιρὸν
1649 151 1717 178 καὶὸ
1730 150 1863 186 βασιλεὺς

227 197 393 233 κρατοῦντος
411 198 469 233 ἔχει
489 198 662 232 πεποίθησις.
683 196 716 222 Ἥ
744 195 835 231 μέντοι
860 203 892 229 γε
915 195 1014 231 συνόλη

197 243 202 252 ’
229 245 336 279 ἱστορία
349 244 404 271 τῶν
418 243 570 279 δεκατριῶν
585 243 674 276 λόγων
685 242 807 278 περιέχει
818 241 931 278 χρόνους
941 241 1016 268 δέονο

229 342 332 367 rerum,
355 338 385 362 ut
401 340 463 361 erro
479 338 506 361 et
525 332 649 368 captivus
664 332 811 368 quispiam,
838 335 871 362 ad
888 334 1019 362 domesti-

228 388 290 409 cum
316 387 400 415 prope
428 379 582 407 Xantbeam
603 379 799 415 transiugerit;
829 388 844 407 a
871 387 925 415 quo
946 388 1017 415 aegre

228 425 337 461 agnitus
365 429 500 452 servatur.
546 424 597 458 Qui
621 424 707 459 praelii
728 425 895 453 carniﬁcinae
919 432 1016 459 super-

229 471 315 502 incre,
331 471 364 497 ad
388 474 479 504 partes
495 468 646 497 Romol'orti
663 477 693 498 se
705 470 899 506 adjunxeruut.
916 471 1017 506 Sicque

229 515 279 544 ille
293 521 408 544 cunctos
422 516 473 544 sub
490 523 521 544 se
539 515 642 544 habens
658 523 728 544 unus
741 516 798 551 jam
812 517 866 544 dux
887 516 914 544 in
930 517 1017 545 Thes-

229 563 325 590 saliam
358 562 452 589 movit.
470 561 570 590 Verum
598 563 655 591 hac
679 570 732 599 qua
754 564 811 592 Deo
835 563 911 591 cordi
934 563 1018 590 fuerit

231 608 361 635 iurantur.
384 607 492 636 Utinam
509 614 599 636 autem
615 609 651 636 illi
667 609 773 644 placeat
790 610 939 638 secundum
956 616 1018 644 spes

1071 194 1242 231 ’Δνδρόνικος
1264 194 1310 221 τὸν
1331 193 1412 221 αὑτὸν
1428 194 1477 230 τῆς
1495 195 1604 231 ἡλικίας
1616 196 1777 232 παρίππευε
1792 197 1863 232 χρό-

1072 249 1128 268 νον.

1070 337 1179 362 nostras
1194 333 1308 362 meliora
1329 333 1382 362 sibi
1399 333 1568 371 despondere
1585 340 1662 361 ursas
1679 338 1777 362 cuncta
1792 334 1864 361 diri-

1069 387 1144 416 gere,
1169 387 1202 407 ac
1228 387 1283 415 quo
1297 385 1361 408 vota
1390 384 1418 407 et
1448 379 1546 408 ﬁducia
1571 383 1700 407 constans
1725 379 1863 415 principis

1068 425 1156 453 nostri
1178 426 1282 453 dudum
1311 425 1484 454 incumbunt.
1513 425 1630 453 Historia
1653 425 1711 453 haec
1731 425 1863 452 universa
1890 435 1896 440 -

1069 472 1199 501 tredecim
1220 471 1363 504 librorum,
1387 479 1474 499 annos
1486 471 1680 507 complectitur
1694 478 1753 510 uno.
1764 471 1863 499 minus

1067 517 1276 553 quinquaginta,
1291 524 1409 552 aequaeva
1432 521 1530 544 exacte
1555 516 1713 544 Andronico
1739 516 1863 551 impera-

1067 563 1120 590 tori
1139 571 1147 590 :
1167 570 1229 589 nam
1257 562 1283 590 is
1310 569 1364 596 quo
1389 561 1434 588 illa
1457 561 1557 589 desinit
1582 566 1726 597 tempore.
1755 562 1865 597 pariter

1068 608 1396 644 undequinquagesimum
1412 607 1500 636 atatis
1515 608 1614 644 agebat
1629 615 1741 635 annum.

231 768 1855 788 Μ

657 875 953 941 PETRI
1036 874 1425 939 POSSINI

861 1008 887 1038 E
909 1006 1131 1040 SOCIETATE
1149 1008 1242 1039 JESU

338 1115 948 1175 OBSERVATIONUM
1008 1115 1738 1175 PACHYMEBIANARUM

953 1272 968 1283 λ
1024 1261 1066 1283 ΑΒ

227 1358 458 1392 HISTORIAM
475 1358 617 1391 RERUM
632 1359 684 1391 AB
701 1356 931 1390 ANDRONICO
947 1358 1205 1390 PALEOLOGO
1220 1357 1394 1391 SENIORE
1404 1358 1445 1391 lN
1456 1358 1628 1392 IMPEBJO
1641 1357 1866 1393 ρΕςΤΑΒσΜ

863 1507 1029 1553 LIBRI
1067 1506 1239 1555 TBES-

1032 1649 1069 1660 .-

604 1748 625 1775 1.
634 1747 860 1776 σιοεεωυκ.
872 1760 902 1767 -
909 1747 944 1773 Ἡ.
959 1747 1046 1775 NON

1092 1759 1123 1766 —
1141 1747 1183 1773 III.
1208 1746 1497 1774 CHRONOLOGIGUS.

762 1991 977 2050 LIBER
1038 1989 1327 2049 PRIMUS.

916 2140 1182 2173 GLOSSARIUM.

793 2210 814 2222 ’θ

400 2264 559 2297 (Remi-stur
571 2264 651 2290 lector
662 2269 713 2289 nou
725 2263 755 2290 ad
765 2264 893 2290 columnas
902 2266 1011 2295 nostras,
1022 2263 1068 2289 sed
1083 2264 1114 2289 ad
1128 2269 1246 2290 numeros
1260 2264 1406 2295 grandiores
1416 2263 1448 2297 ju
1459 2266 1534 2292 textu
1544 2265 1697 2297 expressos.)

272 2441 354 2479 655
369 2441 412 2478 [P.
433 2440 498 2478 ιδη
516 2440 666 2476 Ἅγνωνες
690 2449 718 2476 p.
748 2441 811 2469 5N.
837 2441 934 2469 Telum
960 2443 1022 2477 ejus
1041 2445 1063 2473 Β
1076 2442 1110 2470 ad
1123 2423 1229 2471 sarculis
1240 2442 1345 2477 aliquot
1358 2443 1512 2471 anteriores
1526 2443 1696 2479 Pacbymere
1710 2441 1869 2477 Byzantina:

239 2489 329 2519 simile
354 2488 428 2523 quod
453 2487 540 2515 Medis
567 2487 632 2514 olim
660 2488 796 2515 iamiliare
821 2487 978 2523 Xenophon
999 2488 1027 2515 in

239 2534 304 2569 Cyri
318 2533 405 2569 pardis
422 2534 522 2560 παλτὸν
535 2533 696 2567 appellavit,
713 2540 776 2560 cum
796 2538 965 2568 usurparent
980 2541 1028 2568 po-

239 2586 298 2609 stea
314 2580 395 2608 bellis
410 2584 506 2607 contra
520 2580 631 2608 Graecos
646 2584 694 2606 aut
716 2579 787 2607 alios
800 2580 917 2614 populos
931 2579 1029 2607 Oricn-

241 2627 311 2655 tales
326 2626 435 2659 Franci,
449 2627 562 2661 αγγωνα
578 2626 629 2661 ipsi
641 2625 792 2658 vocabant;
809 2626 882 2653 unde
897 2630 925 2653 et
944 2634 988 2653 res
1002 2630 1030 2653 et

241 2680 342 2701 nomen
360 2672 464 2700 Grecis
484 2671 687 2700 recentioribus
712 2671 841 2699 innotuit.
869 2671 928 2698 Non
954 2671 1029 2698 enim

240 2719 309 2747 illud
337 2719 368 2746 τδ
391 2719 508 2746 παλαιὺν
535 2718 623 2746 nostri
647 2718 700 2746 hoc
718 2718 779 2746 loco
805 2717 981 2753 Pacbymeris
994 2717 1028 2744 ad

242 2765 368 2794 ultimam
387 2765 582 2794 vetustissimae
596 2763 710 2793 Gracia:
723 2764 767 2800 [P.
783 2763 846 2799 458]
861 2767 908 2790 aut
924 2763 1028 2790 ﬂoren-

241 2810 311 2840 tium
334 2811 504 2840 Athenarum
527 2810 690 2839 memoriam
717 2807 892 2837 referendum
910 2814 961 2840 est,
979 2808 1025 2835 sed

1077 2489 1190 2517 Graeciae
1214 2489 1375 2524 scriptores.
1395 2489 1435 2517 Ex
1449 2490 1551 2524 quibus
1563 2494 1591 2517 et
1604 2489 1704 2517 Suidas
1725 2492 1754 2516 et
1767 2484 1872 2518 ἧκ’-ειε-

1079 2535 1153 2562 thius
1182 2535 1336 2563 istiusmodi
1374 2535 1422 2563 teli
1454 2535 1670 2571 descriptionem
1703 2535 1870 2562 hauserunt.

1078 2581 1157 2608 l’rtor
1187 2581 1227 2608 sic
1253 2580 1376 2616 loquitur
1399 2582 1567 2615 ε’Δγγωνες
1599 2581 1738 2616 ἐπιχώρια.
1765 2580 1869 2616 δόρατα

1078 2626 1154 2661 παρὰ
1179 2626 1326 2661 Φράγκοις.
1343 2625 1443 2660 Quem,
1462 2632 1492 2655 ut
1515 2627 1605 2660 vides,
1622 2627 1805 2663 Pachymeres
1823 2626 1872 2654 de~

1082 2671 1203 2706 scripsit.
1219 2671 1338 2699 Francos
1354 2675 1459 2699 tantum
1474 2679 1529 2699 non
1547 2679 1713 2704 memorans.
1724 2671 1798 2706 quod
1813 2670 1869 2698 Ita-

1081 2725 1112 2744 os
1124 2717 1163 2744 ibi
1187 2721 1250 2745 ante
1266 2717 1424 2745 nominatos
1446 2717 1479 2746 iis
1492 2725 1659 2754 synonymos
1672 2718 1798 2746 duceret.
1814 2717 1869 2745 Re-

1081 2771 1146 2790 vera
1161 2763 1234 2791 enim
1251 2771 1267 2790 a
1282 2771 1423 2791 sacrarum
1445 2764 1599 2799 prmaertim
1617 2764 1826 2799 expeditionum
1843 2763 1871 2790 in

1081 2809 1195 2838 Terram
1227 2809 1552 2846 sanctamtemporibus
1575 2809 1671 2838 Asiani
1699 2809 1870 2838 Francorum
