1957 3066
94 157 149 191 ’117

784 149 806 179 G
815 143 952 178 LOSSAR
961 147 1028 177 lliM

1674 141 1728 175 718

94 215 234 245 vocabulo
264 211 461 241 transmarinas
493 216 589 238 omnes
622 208 736 243 Europae
763 207 888 234 nationes
902 206 925 236 Α
941 212 1054 240 ιιειιτρςιι
1068 210 1164 231 auctor
1179 204 1206 230 in
1227 203 1336 230 notione
1361 202 1395 229 ab
1414 201 1549 237 llosyrhio
1571 201 1727 231 observata.

95 259 378 296 comprehendebant.
397 256 560 284 Eustathius
577 262 687 290 quoque
700 254 733 281 ad
758 253 855 288 Odyss.
874 260 888 278 τ

95 307 151 337 sub
173 306 284 334 initium
303 305 427 338 ε’Ᾱγγον
453 303 523 338 (lege
542 301 664 336 Ἀγγων)
682 299 752 332 εῐδος
776 300 890 334 δόρατος

96 352 256 389 Φραγγικοῦ
271 351 333 377 οὔτε
348 350 408 376 λίαν
430 347 542 384 μικροῦ,
558 347 654 382 φασὶν,
678 346 740 372 οὕτε
758 345 888 380 μεγάλου,

97 394 129 425 οὗ
140 398 170 424 τὸ
186 397 314 423 πλεῖστον
331 395 434 430 σιδήρῳ
451 394 620 428 περιέχεται,
635 393 666 418 οὐ
687 391 758 418 κατὰ
771 389 890 429 τὸιπαρᾶ

99 443 258 476 Λυκόφρονι
278 441 410 475 σῐγυμνον
424 448 430 456 ·
445 440 534 466 ἐκεῖνο
549 438 604 474 γὰρ
617 438 782 472 ὁλοσίδηρον.
796 437 890 472 Angon

98 491 198 527 species
212 491 294 517 hasne
311 487 449 516 Francius
459 495 542 522 neque
558 487 637 514 nimis
649 493 749 521 parum,
763 490 791 512 ut
802 486 890 517 aiunt,

100 544 183 570 neque
199 543 321 570 magni»;
344 542 403 570 quis
420 534 475 569 [ere
490 537 545 560 tota
559 532 630 567 ferro
648 531 889 566 comprehenditur,

99 585 130 611 in
151 583 198 610 hoc
220 581 354 609 dissimilis
371 585 517 607 memorato
539 579 610 615 apud
634 578 832 614 Lycopltranem
859 578 892 604 εἰ·

101 631 198 666 ﬁymno
211 637 220 656 :
235 630 283 656 Itoc
295 629 365 656 enim
377 628 457 654 telum
476 631 514 654 est
535 630 618 653 totum
631 625 757 660 ferreum.
774 623 889 651 Videtur

101 680 200 702 auctor
215 673 395 710 Etymologiei
409 673 566 701 existimare
582 679 684 699 nomen
697 671 749 698 hoc
763 670 797 698 ab
809 671 891 697 ἀκον-

100 721 188 754 τίζειν
217 721 342 751 ductum,
369 723 400 747 ut
422 718 553 754 quoniam
578 717 733 746 istiusmodi
753 717 807 752 pila
836 723 891 743 non

101 767 177 802 longi
205 765 346 793 manubrii
373 773 429 792 non
446 764 528 792 modo
547 771 630 791 manu
646 770 746 798 quassa
769 762 893 789 vibrata-

100 820 155 847 que
181 812 287 838 hostem
312 809 440 838 cominus
457 808 599 836 admotum
625 807 762 839 foderent,
788 807 836 834 sed
865 810 891 834 et

101 858 188 886 habili
206 857 339 885 brevitate
359 856 393 893 ad
414 855 610 891 jaculationem
639 859 701 889 apta
728 854 839 881 eminus
863 853 890 880 in

102 909 226 932 remotos
247 904 434 934 mitterentur,
463 902 590 935 ἄγγωνες
615 901 688 928 dicta
718 900 785 928 sint.
801 899 893 927 Verba

101 951 163 986 ejus
177 948 321 984 scriptoris
338 949 396 976 haec
409 951 474 975 sunt
491 955 498 974 :
514 948 656 981 Ἀγγωνες
667 946 780 982 δοράτια
790 946 820 972 οὐ
833 945 894 972 λιαν

103 996 221 1031 σμικρὰ,
228 994 376 1031 θξθράλκ
385 993 445 1020 οὑδὲ
454 992 631 1028 μεγάλα,ἀλλ’
638 993 700 1019 ὅσον
707 990 894 1024 ἀκοντίζεσθαι

102 1042 173 1068 ὅπου
184 1042 287 1075 δεήσοι.
300 1039 355 1067 Sed
369 1047 482 1070 vanum,
498 1038 608 1074 opinor,
623 1038 658 1066 sit
673 1045 797 1073 quaerere
811 1036 895 1073 origi—

102 1097 167 1116 nem
182 1087 309 1115 vocabuli
325 1086 450 1114 Francici
468 1086 495 1113 in
507 1085 602 1121 lingua
614 1084 720 1112 Graeca.

147 1132 317 1168 Ἀγρώτιὸες
350 1140 378 1167 p.
408 1131 470 1159 269.
498 1131 582 1158 Casas
613 1130 732 1158 rusticas
758 1137 791 1157 ac
816 1133 897 1165 tugu-

104 1181 146 1208 ria
160 1180 255 1208 aestiva
269 1186 422 1206 messorum
437 1177 595 1212 manipulus
607 1176 635 1204 iu
649 1177 723 1204 areis
735 1176 896 1207 terentium.

104 1226 218 1261 opinor,
233 1224 378 1259 intelligit;
396 1230 466 1258 quas
479 1230 494 1249 a
511 1221 699 1249 fundamentis
716 1221 825 1249 avulsas
840 1220 899 1248 elu-

106 1273 163 1305 vie,
180 1278 209 1300 et
237 1270 310 1306 quod
329 1271 387 1298 fere
405 1269 507 1297 tabulis
530 1276 562 1296 ac
588 1268 703 1296 materia
728 1271 897 1301 constarent,

107 1322 234 1347 torrente
245 1317 376 1351 abreptas
386 1315 523 1351 signiﬁcat
535 1314 692 1341 innatantes
703 1313 792 1348 aquis,
806 1313 898 1348 quoad

107 1366 235 1400 impacta:
250 1363 390 1391 mcenibus
416 1361 492 1388 urbis
517 1361 597 1388 allisu
614 1360 828 1395 dissiparentur.
847 1359 898 1399 Δεῖ

107 1417 200 1438 autem
233 1409 407 1445 potissimum
440 1407 475 1435 de
503 1406 679 1441 temporariis
710 1405 897 1433 tabernaculis

106 1458 213 1485 circum
234 1463 314 1483 areas
336 1455 461 1490 frugibus
475 1453 569 1489 plenas
585 1452 684 1488 positis
696 1452 730 1480 ad
743 1452 900 1480 custodiam

107 1506 303 1538 congestarum
330 1500 386 1528 illic
414 1500 442 1527 in
468 1499 556 1526 moles
579 1497 710 1525 frumenti
740 1497 899 1532 spicarum,

107 1556 177 1583 quas
197 1547 290 1575 excuti
306 1551 334 1574 et
350 1554 383 1574 ex
399 1545 433 1573 iis
451 1552 567 1580 granum
585 1543 704 1575 secerni,
719 1550 804 1578 opera
828 1543 899 1570 mul-

109 1599 200 1622 torum
214 1594 390 1621 continenter
403 1591 511 1619 dierum
525 1590 648 1618 laborem
663 1590 801 1625 exigente,
818 1597 899 1624 opor-

108 1640 196 1671 tebat,
227 1639 324 1666 suadet
358 1638 488 1672 temporis
513 1636 647 1664 articulus
666 1635 718 1663 sub
743 1639 897 1663 extremum

107 1688 262 1721 Augustum
292 1689 320 1712 et
341 1684 471 1720 adjuncta
498 1682 602 1716 mentio
625 1681 715 1717 ἔργων
732 1681 836 1716 αἰζηῶν
849 1682 898 1707 ἀν-

107 1731 190 1766 δρῶν,
206 1738 313 1766 operum
334 1730 458 1763 iuuenum
475 1729 602 1759 virorum.
615 1728 668 1755 hoc
684 1731 728 1755 est
747 1727 898 1754 valentium

108 1785 273 1806 messorum.
293 1777 383 1811 Ἔργα
408 1776 481 1804 enim
505 1775 660 1803 universim
686 1782 770 1809 opera
796 1773 899 1801 rustica

106 1824 182 1852 circa
203 1823 295 1857 fruges
318 1825 463 1852 vocantur,
487 1826 604 1848 extenso
624 1819 707 1847 etiam
735 1819 796 1854 ejus
824 1818 900 1846 vocis

107 1865 266 1902 signiﬁcatu
280 1865 315 1892 ad
334 1864 442 1892 fructus
459 1865 533 1899 ipsos
546 1864 606 1891 istis
620 1863 763 1891 laboribus
772 1868 898 1898 paratos;

107 1920 164 1947 quo
178 1918 263 1938 sensu
277 1910 360 1938 etiam
380 1910 451 1938 Psal.
470 1917 571 1941 csxvn,
595 1909 623 1941 2,
641 1909 751 1936 labores
767 1916 900 1936 manuum

107 1965 222 1986 suarum
247 1957 414 1984 manducare
432 1955 568 1987 homines,
585 1962 684 1990 nempe
706 1954 842 1990 agricolae,
859 1954 901 1982 di-

107 2008 221 2031 cuntur.
249 2002 414 2030 Corroborat
428 2006 520 2029 autem
536 2000 734 2035 conjecturam,
747 2000 821 2035 quod
837 2007 901 2027 mox

108 2050 296 2085 Pachymeres
319 2048 347 2075 in
375 2047 499 2075 membro
524 2047 631 2082 periodi
656 2046 839 2082 respondente
857 2046 901 2074 his

109 2095 213 2127 verbis.
239 2094 344 2129 αἰζηῶν
357 2093 464 2128 ἀνδρῶν
478 2093 559 2127 ἔργα,
575 2092 717 2128 subiungit
732 2092 767 2119 τὰ
785 2092 807 2119 δ’
831 2092 902 2127 ἁφα-

109 2141 234 2173 νίζεσθαι
245 2142 305 2173 ταῖς
319 2139 485 2176 προχώσεσι,
501 2139 614 2174 disiecta
629 2142 657 2166 et
676 2138 830 2173 disperdita
848 2138 900 2165 ista

109 2196 193 2223 opera
207 2187 304 2214 dicens
321 2194 384 2214 cum
397 2186 521 2215 molibus
537 2190 585 2213 aut
600 2185 683 2213 metis
696 2185 900 2218 frumentariis,

940 251 1004 278 dum
1021 250 1140 285 ἁδηρίτῳ
1161 258 1210 284 pro
1231 248 1390 284 synonymis
1404 247 1512 282 copulat
1527 246 1643 281 ἄμαχον,
1661 246 1731 272 ἀκα-

940 297 1109 331 ταμὰχητον,
1129 297 1267 326 invictum,
1297 294 1472 321 ineluctabile.
1498 293 1588 326 Quare
1613 292 1729 318 verbum

941 342 1076 376 διέφερον,
1097 341 1169 375 quod
1188 349 1248 366 mox
1272 340 1410 370 subditur,
1430 339 1534 364 uullttm
1560 345 1655 364 eorum
1672 337 1730 362 cle-

941 390 1064 425 gantium
1078 389 1281 424 significatuum
1304 387 1348 414 hic
1360 387 1477 414 obtinet.
1496 384 1597 420 quibus
1616 384 1731 419 insigni-

944 440 988 462 tur
1014 435 1042 461 in
1070 435 1210 469 plerisque
1239 433 1407 459 dist-rtorum
1434 438 1549 466 operum
1574 430 1663 462 libris,
1681 429 1730 456 sed

942 481 1105 516 simpliciter
1125 484 1203 507 sonat
1219 479 1348 513 forabunt.

983 526 1134 559 Ἀηΐλαγαί.
1153 533 1179 560 p.
1206 525 1267 553 496,
1293 524 1393 551 Τοῦτην
1425 522 1550 557 βασιλεὺς
1573 521 1632 556 μετ’
1651 521 1733 554 εὐμε-

942 572 1017 602 νείας
1040 571 1146 606 δέχεται
1171 573 1218 597 καὶ
1241 571 1373 604 ἀλλαγαῖς
1396 568 1512 603 ἀγάλλει
1540 568 1570 596 Ῐδ.
1589 575 1654 594 vero
1669 567 1730 600 498,

943 618 977 645 de
1008 617 1173 653 Mpyrigerio
1205 617 1244 644 sie
1268 617 1364 644 scribit
1391 625 1397 643 :
1426 616 1479 642 Kal.
1505 614 1649 640 ἐκυδνοῦτο
1674 615 1732 645 ταῖς

945 666 1057 699 συχναῖς
1096 663 1240 698 ἀλλαγαῖς.
1271 663 1424 698 Hesychius
1464 661 1587 699 ᾴλλαγὴν
1621 659 1733 695 exponit

944 709 1072 745 ἀμοιΰὴν,
1096 709 1143 737 sed
1162 717 1222 737 eam
1243 709 1399 744 generalem
1417 698 1560 734 notionem
1585 705 1629 732 his
1646 705 1731 731 nostri

943 755 1012 783 locis
1026 754 1099 782 haud
1120 755 1257 790 quadrare
1272 761 1352 781 nemo
1367 761 1422 780 non
1438 751 1523 778 ridet.
1538 750 1624 778 Multo
1643 750 1735 776 minus

944 806 1088 829 cantemus
1107 800 1242 835 quispiam
1267 807 1328 827 esse
1357 798 1443 833 possit
1465 805 1497 824 ea
1524 804 1607 831 quam
1631 795 1735 822 Eusta.

945 847 1021 874 thius
1043 847 1228 882 παρεκεολαῖς
1251 845 1284 872 ad
1305 844 1381 872 Iliad.
1414 853 1437 875 ε,
1456 852 1483 878 p.
1508 843 1557 870 551
1587 841 1631 869 ed.
1650 841 1732 868 Rom.

945 897 1058 920 annolat
1077 893 1121 920 bis
1135 892 1227 919 verbis
1243 900 1250 919 :
1271 892 1304 918 Ai
1318 891 1347 918 δὲ
1364 891 1480 925 ἱστορίαι
1497 888 1635 923 σταθμοὺς
1646 888 1735 913 oram

946 939 1037 973 λέγειν
1050 940 1096 965 καὶ
1112 939 1161 970 τὰς
1172 937 1341 973 ὡρισμένας,
1362 936 1413 963 εῖτ*
1423 935 1469 962 οὖν
1481 934 1665 969 τεταγμένας,
1681 933 1736 957 Evo-

946 985 1018 1017 Blau;
1132 984 1292 1016 ἀναπαύλας
1308 985 1363 1014 τοῖς
1382 982 1440 1008 εἴτε
1464 980 1594 1007 ἱππεῦσιν
1611 979 1666 1006 εἴτε
1688 986 1736 1004 πε-

947 1031 1100 1066 ζοδρόμοις,
1125 1030 1158 1062 ἃς
1184 1030 1231 1056 καὶ
1251 1029 1371 1062 ἀλλαγὰς
1392 1026 1486 1061 ἔλεγόν
1500 1034 1584 1057 τινες.
1604 1024 1633 1052 1η
1649 1031 1730 1059 quam

947 1076 1111 1105 sententiam
1132 1077 1187 1104 duo
1205 1075 1340 1104 Meursius
1359 1073 1517 1101 testimonia
1533 1072 1643 1105 allegat,
1668 1069 1733 1097 alte-

947 1131 1009 1150 rum
1028 1123 1164 1164 Basilicon
1186 1121 1278 1157 Eclog.
1294 1121 1328 1147 58
1342 1130 1348 1147 :
1369 1120 1431 1146 Ἐάν
1445 1128 1486 1150 τις
1502 1117 1650 1152 παρελάσῃ
1671 1115 1737 1150 μίαν

948 1169 1014 1204 γοῦν
1026 1161 1160 1204 ἀλλαγὴν,
1176 1167 1206 1194 τὺ
1219 1166 1419 1202 τετραπλάσιον
1431 1165 1481 1200 τῆς
1494 1163 1540 1190 τοῦ
1565 1162 1636 1195 ζώου
1654 1161 1738 1196 τιμῆς

947 1214 1053 1246 διδότω,
1066 1214 1184 1241 alterum
1205 1220 1220 1240 e
1233 1211 1331 1247 glossis
1352 1209 1502 1241 veteribus,
1530 1207 1649 1241 σταθμὸς
1667 1205 1738 1238 ζῶον

948 1259 1079 1296 δρομικὸν
1093 1259 1174 1295 (forte
1189 1258 1338 1294 legendum
1355 1255 1475 1291 σταθμὸς
1491 1253 1569 1286 ζώων
1585 1252 1738 1289 δρομικῶν)

948 1307 978 1337 ὃς
1005 1305 1116 1341 λέγεται
1145 1305 1194 1332 νῦν
1221 1304 1339 1339 ἀλλαγὴ.
1360 1303 1463 1331 Verum
1488 1300 1557 1328 nihil
1574 1301 1637 1328 hinc
1656 1299 1740 1326 elicio

949 1351 1023 1388 quod
1041 1349 1223 1379 declarationi
1236 1349 1355 1377 duorum
1381 1355 1442 1384 quae
1462 1346 1593 1382 proposui
1613 1345 1738 1372 locorum

950 1398 1078 1427 sufﬁciat.
1101 1397 1221 1433 Reperio
1249 1395 1369 1429 ἀλλαγὰς
1401 1399 1533 1430 praeterea
1559 1397 1651 1419 vestes
1682 1391 1739 1418 dici

951 1444 1146 1480 speciosiores,
1176 1445 1292 1470 Ornatus
1312 1440 1405 1476 potius
1434 1439 1462 1466 in
1489 1438 1560 1466 festo
1574 1442 1621 1465 aut
1640 1444 1740 1472 pompa

951 1498 1032 1525 quam
1051 1488 1226 1517 necessitatis
1244 1491 1292 1515 aut
1309 1494 1376 1514 usus
1394 1484 1484 1513 civilis
1497 1483 1583 1519 gratia
1605 1485 1676 1510 sumi
1693 1490 1739 1510 so-

951 1537 1024 1564 litas.
1042 1535 1174 1566 Codinus,
1191 1534 1241 1562 lib.
1252 1533 1291 1561 De
1302 1532 1374 1568 ofﬁc.
1389 1540 1415 1560 c.
1438 1531 1481 1564 i0,
1497 1539 1524 1557 η.
1542 1531 1558 1557 7
1574 1539 1580 1557 :
1595 1529 1712 1556 Ἔπειτα
1726 1530 1741 1555 ὁ

952 1582 1139 1618 πατριάρχης,
1161 1580 1264 1617 μᾶλλον
1281 1579 1310 1606 δὲ
1329 1579 1354 1606 oi
1371 1578 1554 1612 πατριάρχαι,
1569 1576 1593 1602 si
1606 1575 1741 1610 παρόντες

951 1629 1032 1662 εἶσιν,
1066 1625 1237 1662 ἐνδεδυμένοι
1263 1625 1313 1657 τὰς
1339 1623 1460 1658 ἀλλαγὰς
1485 1622 1587 1649 αὐτῶν.
1620 1621 1683 1656 Agit.
1707 1621 1742 1647 de

951 1681 1052 1709 pompa
1068 1673 1123 1700 diei
1140 1673 1306 1699 Palmarum.
1331 1671 1428 1698 Vestes
1452 1676 1564 1704 quoque
1581 1667 1742 1702 imperatori

951 1720 1049 1748 eadem
1064 1718 1239 1747 solemnitate
1257 1718 1381 1749 usitatas,
1401 1724 1428 1744 n.
1449 1717 1476 1747 5,
1500 1720 1647 1742 vocaverat
1663 1713 1744 1740 ὰ).λά-

951 1774 1058 1801 γματα,
1078 1765 1117 1792 uti
1137 1769 1165 1793 et
1178 1773 1206 1792 n.
1223 1764 1240 1791 4
1254 1763 1417 1791 vestimenta
1432 1762 1488 1789 τῶν
1507 1761 1647 1796 ἀρχόντων
1669 1760 1744 1794 priu-

951 1814 1043 1849 cipum
1066 1817 1115 1840 aut
1135 1811 1338 1847 prmcipuorum
1363 1810 1584 1845 magistratuum,
1609 1815 1743 1843 apparere

951 1858 1115 1887 caeremonia
1142 1857 1188 1885 tali
1205 1857 1350 1892 splendido
1368 1856 1461 1884 habitu
1488 1862 1520 1881 ex
1538 1861 1614 1882 more
1639 1853 1743 1881 deben-

952 1905 1031 1938 tium,
1048 1904 1211 1940 ἀλλάγματα
1234 1904 1337 1939 pariter
1354 1902 1471 1930 dixerat.
1491 1901 1604 1929 Videtur
1618 1901 1675 1928 haec
1695 1908 1743 1934 ap-

951 1951 1063 1988 pellatio
1087 1950 1211 1979 derivata
1238 1958 1253 1977 e
1270 1949 1356 1977 sacris
1372 1948 1495 1978 Litteris.
1511 1948 1556 1974 ubi
1578 1947 1743 1974 vestimenta

952 1998 1078 2034 quaedam
1099 1996 1251 2032 insigniora
1267 1998 1424 2031 comparata
1459 1993 1552 2029 potius
1570 1992 1604 2020 ad
1621 1993 1741 2034 speciem

952 2031 1034 2081 quam
1048 2045 1083 2072 ad
1104 2031 1244 2079 vulearem
1256 2050 1335 2071 usum
1357 2040 1458 2072 mnt‘m
1471 2048 1486 2068 a
1507 2040 1592 2068 verba
1612 2031 1668 2082 ἾΒΠ
1686 2047 1742 2065 ηιιι·

954 2096 1013 2118 tare
1030 2091 1174 2122 dicuntur,
1196 2089 1231 2117 lV
1248 2088 1314 2123 Reg.
1343 2096 1368 2118 γ,
1385 2088 1402 2115 5
1421 2092 1448 2115 et
1463 2087 1509 2114 29..
1522 2086 1599 2113 Isaiae
1617 2093 1683 2112 vero
1703 2092 1743 2116 tu,

953 2136 1000 2168 22,
1020 2141 1048 2163 et
1063 2135 1203 2162 Zacharia:
1221 2135 1287 2162 item
1303 2141 1343 2166 ut,
1361 2133 1389 2166 4,
1409 2138 1555 2162 vocantur.
1573 2135 1624 2160 n13
1633 2136 1689 2162 πω.
1709 2130 1743 2156 ad

954 2191 1015 2218 qua:
1032 2182 1122 2209 omnia
1142 2181 1202 2208 loca
1221 2180 1403 2215 Hieronymus
1418 2178 1561 2205 mutatoria
1582 2177 1745 2211 interpreta-

109 2234 235 2261 struibus
254 2232 380 2260 videlicet
403 2232 522 2267 aggestis
539 2232 744 2266 manipulorum
763 2231 847 2259 tritici
869 2239 902 2259 ac
918 2237 939 2262 ι)
956 2234 1012 2257 tur.
1038 2228 1150 2256 Duobus
1166 2235 1231 2255 vero
1247 2225 1388 2261 prioribus
1408 2225 1477 2252 locis
1502 2223 1677 2267 septuaginta
1701 2230 1746 2250 sr-

109 2279 221 2314 frugum
249 2283 424 2312 exterarum,
450 2285 512 2313 quas
539 2277 630 2305 solent
660 2286 709 2313 per
726 2282 848 2305 aestatem
872 2277 899 2304 in

110 2326 184 2353 areis
213 2329 333 2352 exstare.
362 2324 447 2352 Favet
475 2324 518 2352 his
544 2325 712 2359 coniecturis
737 2325 857 2360 cpitome
873 2325 899 2352 in

110 2373 186 2399 hunc
201 2372 292 2398 locum
308 2371 449 2401 Vaticana,
463 2378 545 2406 quam
562 2370 625 2398 ride
643 2371 785 2399 recitatum
803 2371 830 2398 in
850 2371 902 2398 hoc

110 2416 247 2452 glossario
262 2415 335 2443 infra
354 2415 437 2443 verbo
460 2416 625 2450 προχώσεις.
641 2416 719 2448 Quod
747 2416 801 2443 huc
817 2417 902 2451 perti-

110 2467 169 2495 net,
185 2462 321 2490 admoueo
337 2461 405 2489 satis
423 2469 516 2488 rarum
529 2461 618 2489 videri
635 2462 798 2490 vocabulum
813 2462 902 2496 ἀγρώ-

108 2508 182 2540 τιδες
197 2514 261 2535 cum
287 2516 309 2534 ω
325 2507 459 2542 scriptum
475 2516 482 2534 ε
499 2515 562 2534 nam
577 2508 659 2542 vulgo
683 2508 804 2543 ἁγρότης
822 2509 903 2535 rusti-

109 2563 155 2582 cus
167 2555 312 2582 scribitur.
328 2553 381 2581 Sed
397 2553 514 2581 fortasse
531 2559 624 2581 noster
642 2562 674 2581 ex
689 2555 789 2582 usitato
804 2554 902 2582 eadem

109 2601 226 2628 notione
241 2599 327 2627 verbo
343 2599 509 2635 ἀγροιώτης,
526 2599 597 2626 crasi
612 2600 741 2634 quadam,
763 2601 835 2627 hanc
853 2607 902 2627 vo-

110 2655 170 2675 cem
198 2646 379 2680 formaverit;
394 2650 442 2675 aut
466 2647 549 2673 etiam
571 2646 597 2673 iu
621 2651 712 2674 mente
731 2647 860 2674 habuerit
874 2651 902 2674 et

110 2693 256 2729 scriptioui
268 2699 336 2725 sum,
349 2698 380 2720 ut
394 2692 534 2720 interdum
550 2691 628 2725 solet,
648 2693 798 2720 inseruerit
809 2693 900 2720 locum

109 2747 198 2774 poetae
221 2738 375 2774 cujusdam.
407 2738 487 2766 Certe
520 2739 578 2766 haec
607 2744 716 2771 cuncta,
748 2739 900 2774 praesertim

109 2794 176 2814 vero
201 2785 308 2820 αἰζηῶν
334 2785 439 2821 ἀνδρῶν
454 2785 535 2820 ἔργα,
561 2785 662 2819 poetici
687 2786 748 2821 styli
776 2793 901 2820 saporem

108 2833 226 2861 habent.

143 2879 185 2916 [Ρ.
201 2878 265 2915 459]
288 2878 446 2912 ’Λδήριτον
468 2886 494 2913 p.
512 2878 573 2905 152.
591 2878 691 2906 Vocem
717 2877 845 2912 ᾲδήριτον
859 2876 903 2905 hic

954 2276 1046 2303 niorcs
1073 2273 1278 2308 ἀλλασσομένας
1297 2272 1393 2302 στολὰς
1415 2279 1462 2306 pro
1483 2262 1584 2301 mat'an
1601 2269 1720 2297 reddunt
1737 2277 1745 2296 :

952 2321 1067 2349 Genesis
1086 2328 1151 2348 vero
1179 2328 1240 2351 XLV,
1264 2319 1298 2346 22
1318 2319 1363 2352 (de
1389 2326 1444 2352 quo
1464 2318 1524 2345 loco
1543 2325 1604 2344 mox
1619 2316 1744 2352 agemus)

953 2363 1174 2399 ὲξαλλαὺπυύςας
1198 2365 1307 2396 στολάς.
1325 2365 1388 2392 Haec
1414 2372 1464 2391 nos
1484 2368 1595 2391 movent
1617 2367 1646 2390 ut.
1665 2363 1745 2390 initio

953 2413 1103 2448 propositis
1121 2412 1247 2440 historici
1273 2411 1360 2438 nostri
1389 2410 1457 2438 locis
1480 2417 1595 2437 munera
1612 2409 1745 2444 pretiosa-

953 2467 1015 2486 rum
1039 2459 1158 2486 vestium
1172 2458 1206 2486 ab
1223 2457 1380 2486 Andronico
1399 2456 1568 2484 honorandis
1588 2455 1745 2491 hospitibus

954 2506 1078 2540 impensa
1097 2505 1151 2532 dici
1172 2504 1293 2538 ἀλλαγὰς
1308 2508 1449 2539 putemus.
1475 2503 1547 2530 Sane
1562 2502 1746 2538 perantiquus

954 2561 1014 2582 mos
1028 2553 1184 2589 principum
1192 2553 1292 2580 charos
1309 2552 1428 2579 advenas
1441 2550 1571 2579 donativo
1588 2549 1746 2585 splendida-

954 2608 1015 2628 rum
1032 2601 1150 2627 vestium
1165 2598 1338 2630 demerendi,
1355 2598 1410 2632 jam
1430 2597 1492 2624 inde
1507 2604 1522 2624 a
1539 2595 1651 2631 Josephi
1666 2594 1748 2630 Egy-

955 2650 1002 2680 pto
1017 2645 1156 2680 praepositi
1184 2644 1413 2679 temporibuS'cst
1435 2643 1555 2670 celeber.
1581 2640 1628 2668 ille
1642 2640 1743 2675 quippe

954 2693 1015 2720 loco
1046 2692 1129 2719 tnodo
1152 2695 1304 2719 memorato
1329 2690 1430 2718 Gencs.
1467 2697 1528 2721 xnv,
1558 2688 1603 2718 22,
1635 2687 1700 2713 dum
1716 2693 1746 2713 se

955 2737 1159 2774 agnoscendum
1189 2737 1322 2767 fratribus
1350 2735 1487 2770 praebuit,
1517 2731 1629 2768 singulis
1655 2739 1746 2758 eorum

955 2784 1050 2820 (verba
1071 2787 1136 2811 sunt
1163 2783 1250 2811 sancti
1280 2781 1439 2817 iliorouymi
1468 2779 1590 2814 Vulgata:
1613 2776 1746 2810 auctoris)

955 2831 1071 2867 proferri
1092 2830 1173 2864 jussit
1191 2829 1267 2856 binus
1281 2828 1374 2856 stolas.
1392 2826 1537 2859 Beniamin
1565 2832 1625 2851 vero
1638 2823 1746 2858 (utique

955 2884 1086 2913 germano
1105 2884 1160 2911 pra:
1189 2875 1295 2904 ueteris
1319 2872 1432 2908 dilecto)
1460 2871 1531 2899 dedit
1556 2873 1685 2899 trecentos
1703 2876 1748 2896 ar-
