1957 3066
220 106 277 135 .710

679 105 712 135 P.
733 104 883 135 POSSINI
904 104 1231 137 OBSERVATIONUM
1253 106 1327 136 LIB.
1348 107 1372 139 Ῑ.

1787 109 1841 139 720

221 169 325 198 genteos
341 172 398 190 cum
409 163 524 197 quinque
544 162 615 189 stolis
633 163 747 198 optimis.
767 164 796 190 lu
813 164 927 191 historia
942 171 1009 198 quo—
1023 165 1045 194 Α
1060 162 1219 189 diuturnam
1244 163 1407 198 probassent
1422 171 1545 199 operam,
1571 164 1635 192 inde
1648 165 1756 192 emeriti
1783 174 1848 198 ιπηι-

222 217 275 242 que
295 209 416 243 Augusta
431 210 570 235 Romanos
586 208 767 243 imperatores
780 210 919 236 munerari
936 210 1004 237 soli-

222 260 266 281 tos
289 255 416 289 pretiosis
433 256 553 281 vestibus
578 263 646 289 quos
673 255 775 282 vellent
793 255 941 285 honorare.
972 255 1006 283 de

221 302 375 328 Alexandro
391 301 493 328 Severo
510 301 629 327 refertur
643 308 658 327 a
679 300 847 335 Lampridio,
865 300 899 327 de
915 301 1006 328 Probo

220 355 234 374 a
249 347 341 374 Flavio
361 347 487 380 Vopisco.
503 346 590 378 Quem
610 346 673 373 olim
695 354 799 373 morem
814 346 841 372 in
858 347 919 373 aula
934 345 1006 374 Con-

218 393 465 426 stantiuopolitaua
495 392 675 420 Orientalium
706 392 845 419 Caesarum
869 393 1004 427 viguisse,

219 443 402 473 praeterquam
429 439 455 465 hi
482 439 661 473 Pachymcris
687 438 740 465 loci
770 437 902 467 indicant,
923 438 1004 464 etiam

217 488 310 517 potest
325 484 439 518 intelligi
457 491 489 510 ex
502 483 702 511 consuetudine
716 483 871 510 'Turcarum
887 483 942 510 illic
957 483 1005 509 ho-

218 530 266 555 die
285 529 476 564 regnantium;
493 537 562 564 quos
579 529 605 556 in
620 529 833 555 admissionibus
852 529 1003 563 legatorum

221 574 405 607 iusiguiumve
422 581 599 608 personarum
629 573 768 600 donativis
794 574 893 601 talibus
916 579 1004 601 uesta-

219 630 292 651 rum,
310 625 340 647 ut
365 621 447 656 vulgo
464 626 573 653 vorant,
590 622 692 656 passim
708 621 748 647 uti
764 627 934 656 compertum
951 625 1003 648 est.

219 666 252 692 Et
270 666 405 692 Andream
429 666 512 701 igitur
543 670 570 693 et
592 665 787 701 Mpyrigerium
811 666 1001 700 Pachymcres,

219 713 283 739 duin
300 712 432 746 ἀλλαγαῖς
457 713 491 739 ab
505 713 664 741 Andronico
683 713 832 740 honoratos
845 713 952 742 scribit,
967 713 1004 740 si-

217 757 329 792 gnificat
341 757 422 784 donis
435 758 618 792 pretiosarum
641 763 668 785 et
685 759 870 793 speciosarum
885 759 1001 785 vestium

218 810 272 829 non
285 803 369 830 semel
378 804 478 830 cultos.
489 804 551 830 llarc
561 803 693 831 hactenus
706 804 881 838 seripseram,
893 805 1003 838 quando

218 849 289 876 forte
307 850 334 875 in
360 849 451 876 locum
475 850 558 876 incidi
586 850 773 885 paraphrastis
797 850 920 878 Vaticani
947 859 1001 885 quo

210 894 375 921 declaratur
399 895 488 929 ipsum
515 896 541 922 in
558 896 653 923 eadem
681 903 786 923 mecum
810 896 843 923 de
868 901 1002 930 potestate

217 940 292 966 vocis
323 941 429 975 ἀλλαγὴ
455 941 590 968 sententia
620 942 716 974 fuisse,
737 942 874 976 siquidem
905 942 929 970 is
956 943 1002 970 illa

214 985 300 1012 verba
325 985 502 1021 Pachymeris
525 987 608 1021 658
641 995 667 1021 p.
695 986 757 1019 542,
783 987 844 1018 Τοῖς
868 987 917 1022 μὲν
936 996 1002 1015 ναυ-

217 1033 312 1066 άρχοις
342 1032 377 1058 τὰ
404 1031 458 1057 τῶν
481 1033 638 1064 ἀναϐολῶν,
662 1033 698 1064 ὡς
722 1031 803 1067 εἶχον,
832 1033 901 1070 πρὸς
923 1033 1002 1069 βασι-

216 1076 284 1106 λέως
301 1076 343 1112 [Ρ.
360 1076 422 1112 l£60]
441 1076 648 1111 φιλοτιμότερον
674 1078 877 1113 μετημφὶαστο,
896 1079 935 1105 sic
956 1086 1003 1105 ex-

215 1122 332 1157 primit:
350 1123 380 1148 Oi
409 1123 542 1158 vcttiapxot
571 1123 727 1150 Γεννουῖται
760 1124 894 1158 τιμῶνται
925 1125 1001 1158 παρὰ

217 1169 264 1194 τοῦ
283 1169 416 1201 βαςιλέω;
440 1169 570 1202 ἀλλαγαῖς
590 1171 704 1203 ἱματίων
720 1170 866 1204 λαμπρῶν.
888 1170 926 1197 Ita
940 1171 998 1202 ille;

217 1215 245 1241 in
261 1214 364 1249 quibus
382 1223 435 1241 non
453 1220 556 1242 temere
571 1216 696 1250 suspicor
717 1224 810 1243 vocem
831 1216 944 1251 quidem
961 1216 1002 1251 ip-

211 1268 278 1287 sum
292 1260 418 1293 ἀλλαγῶν
428 1268 461 1287 ex
475 1260 548 1288 hisce
559 1269 619 1296 quae
637 1262 717 1288 modo
731 1266 880 1289 tractamus
899 1262 1003 1298 Pachy-

218 1306 302 1333 meris
316 1305 384 1333 locis
407 1306 558 1341 accepisse,
584 1307 649 1342 quid
666 1312 758 1334 autem
774 1315 805 1335 ea
827 1315 877 1335 suo
895 1309 1002 1344 judicio

216 1351 337 1384 valeret,
368 1352 557 1379 demonstrare
587 1353 726 1381 studuisse
757 1354 933 1388 adjunctionc
968 1355 1002 1382 ad

204 1397 291 1424 'illam
310 1398 451 1431 exegetica
477 1398 597 1432 ἱματίων
622 1399 769 1434 λαμπρῶν.
784 1400 843 1427 Νοη
858 1400 1002 1427 omittatur

217 1442 250 1468 ad
281 1446 445 1475 extremum,
465 1442 530 1470 hinc
558 1442 673 1471 fortasse
699 1443 908 1478 originationem
938 1444 1002 1471 duci

217 1488 434 1522 plausibiliorem
463 1496 544 1523 posse
571 1489 697 1516 vocabuli
716 1489 845 1523 ἀλλὰγιον
869 1497 899 1516 ea
919 1497 1000 1524 quam

209 1534 301 1567 priori
327 1538 420 1561 nostro
445 1534 584 1561 Glossario
618 1535 800 1562 haesitabundi
827 1535 999 1569 proponeba-

216 1587 288 1605 mus.
302 1580 371 1611 Quid
395 1581 418 1606 si
444 1581 517 1607 enim
536 1580 654 1614 ἀλὶάγια
677 1587 807 1614 putemus
825 1581 898 1607 dicta
916 1581 1000 1608 fuisse

217 1626 331 1660 collegia
355 1633 402 1652 seu
422 1633 537 1660 corpora
563 1626 680 1654 militum
709 1627 813 1661 ἀλλαγῇ
837 1626 931 1658 simili,
948 1626 1000 1654 hoc

216 1676 258 1698 est
283 1677 369 1702 veste,
385 1672 539 1698 utentium?
558 1679 618 1706 qua:
640 1673 796 1699 communio
812 1672 891 1699 facile
908 1673 999 1700 coale-

213 1723 294 1742 scere
311 1716 382 1743 inter
398 1717 520 1751 ejusdem
533 1717 651 1744 nationis
667 1722 788 1744 armatos
806 1718 905 1751 potuit.
920 1717 1000 1744 Certe

217 1761 243 1787 id
260 1762 422 1788 convenisse
434 1763 546 1796 proprio
560 1762 712 1796 praesertim
729 1763 903 1796 imperatoris
919 1762 999 1789 ἀλλα-

216 1807 268 1842 γίῳ
283 1807 444 1834 nominatim
456 1809 489 1835 ab
502 1808 659 1843 Acropolita
671 1813 830 1840 memorato,
845 1808 901 1836 sive
912 1808 999 1841 τάξει,

215 1860 297 1887 quam
312 1853 382 1880 idem
396 1861 489 1880 vocem
506 1862 556 1889 pro
572 1854 645 1882 illius
661 1854 776 1881 alterius
787 1862 937 1890 synonyma
951 1863 1000 1890 po-

216 1899 267 1931 nit,
281 1900 485 1926 verisimillimc
508 1901 673 1935 cogitabitur
690 1908 722 1928 ex
741 1909 790 1928 usu
814 1909 924 1936 quoque
948 1902 999 1929 ho-

216 1945 314 1971 «iicrno
332 1945 520 1980 distinguendi
544 1953 620 1974 certo
639 1955 739 1980 genere
756 1947 866 1979 coloris,
884 1947 998 1982 insignis

216 1990 329 2018 habitus
357 1994 405 2017 aut
421 1991 570 2025 peculiaris
596 1992 748 2027 chlamydis
774 1996 866 2020 certos
885 1993 998 2021 ordines

215 2036 344 2067 militum.
358 2037 473 2072 principi
490 2037 600 2065 nomine
617 2038 676 2072 ipso
695 2046 727 2066 ac
741 2039 871 2074 singulari
888 2039 998 2066 delectu

203 2082 396 2110 vaddictorum.
415 2083 479 2111 Post
503 2083 561 2112 haec
579 2085 672 2111 omnia
692 2084 794 2119 scripta
815 2085 998 2113 animadverti

214 2127 303 2154 locum
330 2128 413 2155 alium
442 2129 497 2157 huc
528 2131 712 2164 pertinentem
746 2131 835 2158 nostri
864 2131 996 2163 auctoris,

213 2182 295 2207 quem
307 2175 368 2202 vide
382 2183 408 2209 p.
424 2176 467 2202 81.

250 2221 481 2253 ’AJJtrptérdsra,
505 2229 529 2255 p.
553 2217 597 2247 95'.
617 2222 655 2248 lla
674 2221 777 2256 optime
791 2222 912 2249 omnium
929 2223 996 2250 Bar-

203 2266 327 2293 ‘berinus
344 2267 441 2298 codex,
463 2275 523 2293 cum
542 2267 694 2294 Allatiauus
711 2268 910 2302 ἁλληθενδεχτὰ
927 2270 996 2296 scri-

213 2314 270 2343 hat,
296 2313 445 2340 Vaticanus
476 2319 567 2340 autem
586 2313 778 2348 ἀλληλενδοτὰ,
794 2313 839 2341 ille
857 2315 996 2348 vitiosius,

202 2359 257 2385 'hic
273 2358 454 2392 propinquius
471 2366 545 2384 vero.
564 2358 662 2384 Notum
681 2363 723 2386 est
739 2358 815 2385 δετδν
830 2359 953 2387 vinctum
969 2365 996 2388 et

212 2412 310 2431 nexum
337 2411 446 2433 sonare.
473 2413 487 2430 a
504 2404 555 2430 δέω
572 2404 634 2439 ligo.
658 2404 706 2431 Est
721 2412 784 2439 ergo
803 2405 996 2438 ἀλληλένδετον

210 2451 321 2476 invicem
352 2457 459 2481 iterum,
490 2455 519 2476 ut
554 2450 588 2476 sit
617 2449 781 2484 ἰσοδύναμον
813 2451 852 2485 τῷ
879 2451 995 2486 ἀλληλὸ-

212 2497 302 2522 πλσκα
317 2505 378 2522 mox
402 2497 501 2530 posito,
518 2497 659 2530 aptissima
684 2498 796 2524 notione
814 2498 847 2523 ad
864 2497 917 2524 loci
935 2505 998 2525 sen-

212 2543 337 2571 tentiam,
354 2547 384 2568 ut
399 2541 486 2568 lcctor
500 2542 626 2569 oculatus
641 2543 732 2569 statim
751 2547 854 2570 cernet.

247 2587 459 2621 ᾺμαγεΙρευτοι
487 2595 514 2621 p.
532 2587 576 2614 88.
605 2587 656 2620 Qui
681 2592 846 2614 vocarentur
860 2588 912 2614 hoc
936 2589 996 2616 loco

211 2635 228 2658 ἀ
242 2633 406 2667 ιαγείρευτοι
438 2641 500 2659 cum
522 2633 593 2660 foret
614 2633 741 2660 divinare
764 2635 951 2661 necessarium
967 2634 996 2661 in

210 2679 323 2706 silentio
348 2679 524 2713 scriptorum,
544 2687 599 2705 non
627 2680 748 2706 occurrit
764 2680 836 2713 quod
859 2679 998 2706 verisimi-

216 2727 268 2753 lius
280 2726 401 2752 dicerem
423 2733 504 2760 quam
518 2725 591 2759 quod
613 2726 640 2752 in
662 2725 889 2760 interpretatione
904 2725 995 2760 posui,

208 2772 250 2798 sic
268 2779 367 2805 nempe
391 2775 503 2802 vocatos
531 2778 579 2797 cos
606 2771 652 2805 qui
681 2776 825 2805 postquam
847 2771 875 2797 in
905 2771 997 2805 aliqua

208 2821 288 2847 parte
305 2815 450 2844 ministerii
465 2820 512 2843 aut
529 2816 700 2850 praefectum
717 2816 844 2851 coquinze
867 2815 996 2843 Palatina:

1014 1502 1036 1530 α
1054 1491 1104 1517 rici
1128 1490 1249 1525 suspicio
1271 1496 1314 1518 est
1338 1491 1418 1525 plane
1439 1491 1628 1518 inverisimilis
1651 1501 1659 1518 τ

1060 209 1241 236 movebantur
1262 210 1289 236 in
1304 211 1472 247 speciosiora
1488 211 1586 242 oflicia.
1607 216 1636 237 ut
1653 211 1698 238 hic
1715 211 1848 239 Nicolaus

1059 253 1092 280 ad
1109 253 1311 288 episcopatum,
1338 263 1497 290 quanquam
1516 264 1550 283 nc
1566 257 1677 290 ἀμέσως
1701 265 1799 284 manus
1832 267 1847 282 e

1057 299 1148 325 culina
1171 300 1297 327 sordidas
1314 301 1347 327 ad
1362 309 1424 329 aras
1449 301 1545 333 ferret,
1567 303 1742 336 professione
1768 303 1847 337 prius

1058 344 1209 371 monastica
1241 350 1372 381 purgatus
1399 347 1486 374 videri
1515 348 1617 382 potuit,
1641 356 1741 375 nomen
1761 356 1794 376 ex
1811 358 1845 376 ea

1057 394 1209 425 sumptum,
1225 392 1372 428 Neophyti,
1389 393 1526 420 cathedra:
1544 395 1675 421 Prusensi
1699 395 1846 422 honestius

1056 434 1190 462 inferens.
1207 437 1266 464 Etsi
1284 442 1376 464 autem
1399 439 1428 465 in
1446 438 1549 466 Graecis
1574 440 1730 473 originibus
1745 441 1846 468 culina!

1057 480 1102 507 hic
1117 481 1247 510 Palatinae
1273 483 1348 510 nulla
1371 483 1503 511 iudicatio
1518 489 1570 516 est,
1598 493 1642 512 res
1669 491 1759 513 tamen
1783 487 1845 521 ipsa

1056 527 1185 560 p'rudcnti
1215 529 1402 563 conjecturam
1437 531 1575 565 suggerit,
1609 531 1690 558 talem
1727 532 1843 567 intelligi

1056 577 1195 607 oportere,
1215 574 1268 601 hoc
1285 575 1344 609 ipso
1365 575 1438 610 quod
1461 577 1553 602 culina
1571 583 1750 604 memoratur.
1775 578 1845 605 Nam

1054 618 1081 645 id
1098 627 1146 653 per
1159 627 1188 647 se
1215 624 1268 647 tam
1296 621 1350 648 vile
1372 622 1559 649 ministerium
1585 623 1638 650 nisi
1663 631 1678 650 e
1697 624 1843 658 principali

1055 665 1135 691 domo
1148 665 1303 699 splendoris
1317 667 1420 700 aliquid
1436 667 1563 702 accipiat,
1579 668 1732 697 obsoletius
1743 669 1846 696 obscu-

1055 710 1169 744 riusque
1186 718 1235 745 per
1255 718 1284 738 se
1300 712 1336 738 sit
1350 719 1432 746 quam
1455 717 1486 739 ut
1505 713 1532 740 in
1556 713 1659 748 scripto
1674 714 1784 748 publico
1798 722 1844 741 re-

1054 760 1098 782 cte
1115 760 1279 783 ostentetur.
1305 756 1492 791 Praeterquam
1517 757 1641 785 favorem
1669 759 1839 794 principum,

1053 802 1116 829 sine
1144 810 1199 836 quo
1223 803 1273 830 istc
1304 803 1465 839 Neophytus
1494 812 1549 831 non
1580 811 1791 840 promoveretur
1815 807 1843 833 iu

1054 848 1244 883 episcopatum
1263 849 1340 875 urbis
1356 849 1482 882 illustris,
1507 858 1624 885 pronum
1640 851 1778 879 aestimatu
1799 859 1843 880 cst

1055 902 1110 921 non
1131 895 1184 921 alia
1203 895 1288 929 gratia
1313 895 1378 922 huic
1394 896 1530 931 aspirasse
1548 905 1629 931 quam
1648 905 1682 925 ex
1699 906 1842 926 commen-

1055 940 1164 967 datione
1191 940 1279 967 intimi
1310 941 1456 970 ministerii
1486 942 1551 969 olim
1583 945 1764 978 regnantibus
1789 945 1844 972 im-

1053 985 1142 1020 pensi.
1169 984 1303 1020 Cungruit
1329 991 1420 1013 autem
1446 979 1581 1022 analogia,
1619 992 1649 1014 ut
1677 988 1841 1016 missionem

1053 1029 1135 1064 659
1150 1036 1247 1057 nactus
1261 1030 1360 1057 bonam
1385 1039 1400 1058 a
1416 1032 1587 1066 coquinariis
1613 1033 1772 1066 imperatori
1790 1042 1842 1061 ex-

1054 1075 1183 1103 hibendis
1210 1076 1352 1111 obsequiis
1377 1077 1417 1104 sic
1434 1078 1636 1112 ἀμαγείρευτης
1661 1084 1784 1112 vOCetur,
1810 1087 1841 1108 ut

1053 1120 1236 1155 ἀστράτευτος
1248 1122 1349 1149 dicitur
1363 1123 1409 1157 qui
1424 1123 1524 1150 bonam
1541 1132 1556 1151 a
1569 1125 1665 1152 militia
1679 1126 1840 1154 missionem

1053 1167 1185 1193 emeruit.

1092 1212 1135 1249 [P.
1161 1213 1225 1250 46l]
1242 1214 1445 1250 Ἀμογ-άόαροι,
1461 1223 1488 1251 p.
1506 1215 1569 1244 595.
1585 1215 1648 1244 Haec
1661 1217 1749 1252 prima
1762 1218 1839 1252 quod

1053 1260 1227 1287 meminerim
1252 1261 1279 1287 in
1308 1261 1359 1288 hac
1385 1262 1500 1290 historia
1523 1263 1627 1290 mentio
1654 1268 1696 1290 est
1719 1263 1840 1298 Amoga-

1053 1305 1194 1338 barorum,
1207 1314 1277 1340 quos
1298 1307 1363 1334 alibi
1383 1313 1485 1339 uoster,
1502 1316 1600 1342 nempe
1617 1317 1645 1343 p.
1658 1308 1721 1339 416,
1740 1309 1780 1335 sic
1796 1310 1839 1336 di-

1053 1356 1112 1378 ctos
1137 1356 1214 1386 putat
1245 1353 1318 1386 quod
1345 1353 1478 1388 originem
1511 1353 1654 1380 traherent
1681 1362 1714 1380 ex
1742 1354 1843 1381 Avaris

1054 1399 1111 1424 sive
1140 1399 1286 1431 Avaribus,
1304 1400 1465 1427 Borealibus
1484 1401 1613 1427 videlicet
1641 1401 1709 1437 Asim
1731 1401 1841 1435 populis

1053 1445 1126 1471 circa
1141 1444 1293 1472 Caucasum
1321 1445 1406 1473 sedes
1417 1445 1593 1473 habentibus.
1622 1445 1674 1473 Sed
1693 1454 1724 1472 ea
1750 1446 1841 1473 histo-

1681 1491 1746 1526 quid
1763 1492 1839 1519 enim

1054 1535 1189 1564 Avaribus
1219 1536 1395 1563 Hamaxobiis
1424 1544 1457 1563 ex
1491 1537 1620 1572 Scythico
1653 1544 1753 1571 genere
1776 1545 1840 1563 rem

1054 1583 1130 1610 hisce
1152 1582 1291 1609 Catelanis
1316 1590 1377 1610 esse
1408 1590 1554 1609 commune
1579 1583 1667 1616 potuit
1682 1590 1717 1609 ex
1744 1582 1841 1610 Sicilia

1054 1627 1193 1662 profectis,
1211 1635 1265 1662 quo
1282 1627 1358 1662 prius
1373 1634 1405 1654 ex
1421 1626 1549 1662 Hispania
1565 1627 1750 1654 transierant?
1762 1627 1841 1661 plau-

1053 1673 1163 1700 sibilius
1191 1673 1219 1700 hi
1241 1680 1341 1709 nomen
1364 1672 1475 1700 duxisse
1492 1672 1578 1699 videri
1597 1675 1725 1707 poterant
1742 1679 1757 1698 a
1773 1679 1841 1705 pro-

1054 1718 1193 1746 montorio
1220 1718 1438 1745 Tarraconensis
1468 1718 1616 1752 Hispanias,
1646 1717 1720 1752 quod
1749 1717 1842 1743 Ptole-

1054 1772 1139 1791 nueus
1156 1763 1263 1798 Δῦιρον
1293 1764 1414 1791 Auarum
1439 1768 1568 1790 vocatum
1595 1763 1700 1789 scribit.
1720 1762 1840 1796 Reperio

1054 1810 1125 1844 apud
1142 1809 1302 1840 Mariauam,
1321 1810 1340 1836 l.
1357 1817 1403 1842 xu,
1429 1817 1453 1836 c.
1471 1810 1514 1842 Π,
1533 1808 1570 1835 De
1593 1809 1669 1836 rebus
1692 1808 1839 1842 Hispanie,

1055 1855 1244 1890 Almogaraeet
1262 1855 1318 1882 illic
1345 1855 1496 1890 appellatos
1523 1859 1668 1882 veteranos
1697 1854 1800 1881 milites
1825 1861 1840 1880 e

1054 1906 1134 1937 gente
1149 1901 1278 1929 Maurica.
1296 1902 1399 1929 Horum
1421 1902 1524 1929 multos
1548 1901 1681 1928 admistos
1698 1900 1840 1927 Catelauis

1053 1946 1179 1974 subsidio
1194 1946 1292 1973 missos
1307 1946 1446 1974 Friderico
1461 1947 1564 1974 bellum
1579 1947 1605 1974 in
1621 1946 1713 1974 Sicilia
1728 1947 1839 1981 gerenti

1053 1999 1068 2018 a
1082 1992 1168 2018 fratre
1184 1991 1271 2026 ipsius
1283 1999 1345 2027 rege
1361 1992 1504 2027 Aragonia:
1517 1993 1648 2024 arbitror,
1660 1998 1687 2019 et
1703 1992 1754 2019 hos
1766 1992 1840 2019 bello

1053 2037 1144 2064 Siculo
1158 2045 1224 2071 pace
1247 2037 1317 2065 facta
1343 2038 1501 2071 terminato,
1519 2038 1589 2065 duce
1606 2038 1724 2072 Rogerio
1748 2037 1838 2064 Brun-

1052 2083 1163 2114 dusino,
1177 2091 1258 2117 quem
1274 2089 1368 2110 noster
1379 2083 1556 2111 Rontzerium
1574 2089 1663 2116 vocat,
1679 2083 1841 2110 Constanti—

1052 2129 1173 2163 nopolim
1192 2130 1310 2156 venisse.
1334 2129 1429 2163 Itaque
1450 2130 1509 2164 pari
1536 2130 1647 2157 licentia
1670 2137 1723 2164 qua
1741 2129 1838 2156 Fride-

1014 2175 1140 2203 Dricum
1167 2175 1194 2202 in
1225 2175 1460 2207 Theuderichum,
1490 2176 1636 2210 Rogerium
1666 2176 1692 2202 iu
1718 2175 1840 2202 Rontze—

1052 2221 1136 2253 rium,
1150 2221 1333 2256 Pachymeres
1349 2221 1493 2251 deformat,
1508 2222 1591 2248 etiam
1612 2222 1639 2248 in
1660 2221 1838 2255 Amogabaris

1053 2266 1222 2298 balbutierit.
1251 2266 1291 2294 sic
1306 2274 1355 2294 eos
1385 2274 1433 2300 pro
1466 2267 1649 2301 Almogaravis
1679 2268 1836 2293 nominans.

1051 2311 1137 2338 liabet
1151 2320 1183 2338 ea
1199 2320 1250 2339 vox
1266 2312 1341 2339 haud
1356 2312 1471 2339 dubium
1484 2313 1584 2347 linguae
1598 2313 1720 2339 Arabicae
1735 2312 1839 2339 Mauris

1051 2356 1196 2383 familiaris
1222 2357 1422 2384 characterem.
1449 2357 1541 2392 Itaque
1568 2358 1666 2392 placet,
1685 2365 1766 2391 quam
1794 2358 1838 2383 vir

1051 2403 1228 2437 pereruditus
1255 2403 1378 2437 mihique
1395 2403 1579 2430 amicissimus
1605 2403 1764 2430 Dominicus
1778 2403 1838 2430 Ma-

1050 2449 1125 2483 grius
1138 2456 1153 2476 e
1165 2450 1245 2483 patrii
1261 2449 1411 2477 Melitensis
1423 2449 1561 2477 idiomatis
1579 2457 1628 2478 usu
1645 2455 1673 2476 et
1686 2450 1838 2478 domestica

1051 2494 1148 2521 notitia
1173 2495 1304 2530 suggerit,
1333 2496 1480 2530 originatio
1512 2496 1588 2523 vocis
1620 2497 1711 2531 hujus.
1740 2496 1785 2523 Ait
1814 2496 1838 2524 is

1050 2539 1194 2566 Africanos
1207 2541 1336 2575 Algharbi
1352 2541 1448 2568 Melita:
1464 2542 1567 2574 vocari,
1582 2542 1654 2576 quod
1670 2542 1835 2569 vocabulum

1050 2585 1228 2613 Orcidentales
1259 2592 1347 2618 sonat,
1383 2588 1514 2622 quoniam
1544 2587 1578 2614 ab
1607 2587 1712 2616 Occasu
1741 2588 1835 2616 Melita

1049 2632 1167 2660 Africam
1184 2633 1306 2668 respicit.
1323 2633 1458 2661 Inseritur
1473 2639 1565 2661 autem
1583 2635 1655 2662 inter
1672 2635 1788 2669 primatu
1809 2640 1838 2663 et

1050 2679 1198 2706 secundam
1212 2679 1344 2714 syllabam
1358 2680 1485 2707 vocabuli
1501 2680 1631 2715 Algharbi
1646 2681 1778 2715 particula
1795 2689 1839 2708 ma

1050 2723 1154 2752 Latina:
1179 2726 1366 2761 praepositioni
1388 2734 1420 2753 em
1445 2727 1622 2761 aequivalens,
1641 2727 1751 2762 quoties
1765 2727 1840 2754 desi-

1047 2779 1133 2806 gnare
1150 2780 1219 2806 opus
1231 2777 1273 2799 est
1286 2772 1406 2807 aliquem
1421 2780 1454 2800 ex
1471 2773 1562 2800 Africa
1576 2774 1634 2801 sive
1657 2774 1708 2800 alia
1723 2773 1838 2808 regione

1050 2816 1171 2844 Occidua
1198 2817 1352 2852 profectum
1376 2819 1461 2846 :talis
1479 2819 1555 2847 enim
1580 2819 1637 2847 illic
1662 2819 1839 2854 Almoglmrbi
