1957 3066
126 144 184 176 721

821 154 842 182 G
848 153 962 182 LOSSA
968 154 1078 184 RIUM.

1711 149 1766 183 722"

128 211 249 244 dicitur,
268 212 321 240 hoc
344 217 386 241 est
403 215 449 249 qui
465 222 496 242 ea:
513 216 602 250 Africa
621 217 679 244 sive
701 217 815 245 Occiduo
838 223 925 245 tractu

983 213 1085 235 tantutn
1106 209 1188 236 liabet
1204 217 1210 236 :
1229 210 1280 235 Καὶ
1295 209 1384 235 πάντα
1404 210 1554 244 ἀνέτρεπον
1571 209 1617 235 καὶ
1629 209 1758 242 συνέχεον

127 260 254 286 venerit.
274 260 329 287 Nec
343 265 386 288 est
411 262 574 289 incredibile
591 271 624 290 ex
637 268 729 300 etymo
743 266 879 300 ejusmodi
897 266 923 292 in

127 305 265 340 Hispania
295 315 406 342 quoque
434 317 532 335 nomen
561 310 633 336 istud
666 300 811 338 inolevisse
831 321 837 339 :
860 320 922 339 nam

127 351 246 378 Mauros
261 360 359 380 omnes
382 359 490 380 certum
514 360 555 381 est
573 364 605 382 ex
627 356 717 384 Africa
736 358 878 393 trajecisse
897 358 924 385 in

126 398 264 431 lberiam,
286 406 313 426 et
331 407 364 427 ex
377 400 459 435 hujus
473 400 601 428 Occiduis
623 402 750 436 partibus
768 403 796 430 in
812 409 925 430 caeteras

127 443 308 470 dominatum
330 445 500 475 extendisse.
520 446 592 473 unde
617 447 699 474 isthic
721 456 832 483 quoque
849 453 925 475 recte

129 489 309 524 Almogharbi
323 489 378 517 dici
399 491 552 524 potuerint,
572 497 619 518 aut
636 493 770 521 vocabulo
790 494 817 521 in
835 502 924 529 popu-

128 534 220 562 larem
238 543 336 562 sonum
356 535 468 562 detorto
493 536 663 571 Almogabari
686 546 745 567 seu.
771 544 853 573 prout
868 539 925 566 Ma-

130 582 214 608 riana
230 581 338 613 scribit,
355 582 553 617 Almogaraves,
570 582 656 610 Mauri
672 584 773 611 milites
785 592 819 612 ex
834 585 926 612 Africa

130 633 162 654 et
189 627 320 654 Occiduis
346 628 482 655 tractibus
511 628 664 655 venientes.
696 630 842 664 Postquam
867 630 927 658 lucc

131 674 313 707 scripseram,
332 671 387 700 vidi
412 681 472 707 qua:
497 673 595 700 Petrus
613 674 846 702 d‘Outreinaunus
874 683 925 703 no-

130 724 204 751 ster,
221 720 249 746 in
272 719 344 746 notis
360 719 393 746 ad
410 727 436 746 c.
459 719 475 745 3
489 719 554 746 libri
575 720 619 746 sui
640 720 674 747 de
695 721 804 748 excidio
816 721 926 748 Graeco-

132 773 210 797 rum,
229 765 302 792 circa
319 772 415 792 vocem
435 765 595 800 Amagabarj
612 765 707 794 tradit.
727 767 764 793 Ea
781 766 849 793 nihil
866 775 926 793 mu-

132 810 251 837 tandum
269 810 296 837 in
320 809 354 836 iis
370 817 430 844 quae
450 817 533 844 supra
553 811 632 845 posui
654 811 781 838 suadent.
796 811 927 839 Indican-

975 253 1019 280 διὰ
1043 255 1092 288 τὴν
1107 255 1289 289 νομιζομένην
1315 255 1473 289 ἀκρίϐειαν.
1499 254 1601 282 llabuit
1624 259 1716 281 autctn
1736 253 1763 279 in

976 300 1070 327 animo
1094 300 1151 327 haec
1172 301 1296 327 scribens
1319 301 1500 336 Pachymeres
1517 301 1625 328 initium
1645 299 1763 326 celebris

976 346 1067 380 operis
1098 345 1132 372 ab
1150 345 1310 381 Anaxagora
1344 346 1378 373 de
1405 354 1497 374 rerum
1529 352 1626 372 natura
1655 345 1762 380 scripti.

977 393 1124 419 recitatum
1145 401 1160 420 a
1179 394 1298 429 Diogene
1314 394 1424 421 Laertio
1445 395 1472 422 in
1488 396 1548 430 ejus
1564 395 1624 421 Vita
1638 394 1682 420 his
1702 400 1765 419 ver-

977 438 1020 465 bis
1037 447 1042 464 :
1062 439 1153 465 Πάντα
1177 440 1308 475 χρήματα
1332 438 1365 475 ἦν
1393 440 1478 475 ὁμοῦ·
1506 440 1565 467 εἶτα
1592 439 1654 470 νοῦς
1680 439 1765 466 ἐλθὼν

977 484 1047 510 αὐτὰ
1073 485 1250 520 διεκόσμησε.
1269 485 1364 513 Omnes
1391 495 1431 513 res
1457 491 1535 513 erant
1551 486 1649 518 simul;
1672 485 1766 511 deinde

977 539 1049 557 tuens
1062 531 1166 558 veniens
1180 533 1250 566 ipsas
1265 537 1359 559 ornate
1373 533 1510 568 disposuit.

1019 578 1215 604 Ἀποσκίπτω.
1231 579 1318 613 Hujus
1331 586 1442 613 quoque
1456 586 1593 612 nusquam
1610 579 1676 606 alibi
1694 587 1708 605 a
1728 584 1768 606 tot

977 621 1198 656 diligentissimis
1224 623 1422 650 vocabulorum
1437 623 1635 650 collectoribns
1662 626 1766 658 reperti

977 668 1055 694 verbi
1073 668 1193 702 aliquatn
1209 669 1235 695 in
1259 669 1312 696 hoc
1326 669 1418 696 minus
1434 670 1579 696 obviorum
1602 677 1685 696 censu
1707 671 1768 698 ﬁeri

978 714 1146 741 rnentionem
1175 722 1283 748 aequum
1297 720 1355 747 est;
1374 716 1454 750 cujus
1479 717 1651 750 przeteritum
1675 717 1770 743 inlini-

979 761 1026 788 tivi
1046 761 1146 796 passivi
1159 766 1254 787 noster
1267 766 1381 795 usurpat
1394 761 1459 788 dum
1479 762 1520 789 sic
1535 762 1642 794 scribit,
1659 770 1685 796 p.
1698 763 1768 790 269:

978 808 1024 842 Μὴ
1067 807 1116 838 τῆς
1158 808 1245 841 φορᾶς
1287 807 1425 841 inveniar;
1468 809 1534 843 πρὶν
1574 809 1608 835 ἂν
1650 810 1769 835 ἀπεσκίη

133 853 202 880 dum
225 858 316 880 tamen
341 853 430 880 locum
445 854 539 888 putavi
566 854 691 882 studioso
708 856 814 888 leclori,
831 861 860 883 ut
881 865 925 887 eo.

983 852 1045 886 φθειι
1068 852 1106 886 τῷ
1131 853 1215 887 τείχει
1246 862 1297 887 της
1315 855 1431 885 πόλεως.
1451 853 1511 880 Non
1533 858 1649 881 cessante
1669 855 1768 890 impetu

132 898 157 924 si
177 898 229 932 ipsi
249 898 400 930 videbitur,
417 897 504 930 adito,
520 899 604 934 eligat
622 907 655 926 ex
675 900 805 928 otnnibus
819 908 869 935 pro
885 909 928 929 ar-

133 943 223 971 bitrio
241 952 300 978 qua-
314 945 401 978 magis
421 945 591 979 probaverit.

172 990 382 1024 Ἀμφιδρόμια,
406 998 433 1025 p.
450 991 514 1018 282.
530 991 596 1018 Οὐδὲ
613 992 668 1027 γὰρ
680 993 754 1024 εἰκὸς
769 1008 804 1012 -
820 993 868 1020 καὶ
883 994 929 1020 εὑ-

134 1037 239 1069 ὶογεῑν.
256 1036 460 1063 Perobscurum
491 1037 525 1064 de
547 1045 623 1065 more
642 1038 766 1065 auctoris
790 1038 864 1066 hunc
889 1039 930 1066 lo-

134 1089 212 1114 cum,
238 1082 284 1116 qui
311 1082 404 1109 Graeca
420 1083 502 1118 660
518 1083 657 1118 inspiciet,
677 1085 807 1118 reperiet.
824 1085 852 1111 ni
877 1085 928 1112 fal-

134 1129 191 1155 lor.
220 1128 286 1155 Mihi
317 1129 429 1163 quidem
466 1129 540 1156 haud
572 1137 669 1164 parum
700 1130 805 1165 negotii
842 1130 928 1163 dedit,

135 1174 229 1208 quoad
246 1175 377 1202 omnibus
391 1175 514 1209 pensatis
531 1183 613 1210 quam
631 1176 821 1211 interpretatio
837 1178 930 1212 expri-

136 1220 189 1246 mit
216 1221 354 1255 exsculpsi
379 1222 557 1248 sententiam.
585 1222 720 1250 Cmtcrum
753 1225 930 1259 ἀρχαιολογία

137 1265 184 1293 hic
209 1266 328 1292 notanda
346 1266 372 1292 in
389 1266 474 1292 verbo
498 1266 670 1302 ἀμφιδρόμια
689 1268 763 1302 quod
789 1273 883 1296 noster
896 1277 930 1296 cx

139 1320 192 1339 suo
206 1317 348 1338 mutuatur
363 1312 511 1347 llesychio,
540 1313 579 1340 sic
596 1314 732 1341 scribente
754 1324 760 1342 :
782 1316 930 1351 Ἀμφιδρό-

141 1367 192 1392 μια.
214 1359 306 1393 ἡμέρα
328 1360 450 1393 ἀγομένη
474 1361 530 1390 τοῖς
548 1361 681 1393 παιδίοις,
703 1358 761 1397 ὲνῇ
785 1362 814 1388 τὸ
831 1362 931 1396 βρέφος

139 1405 208 1439 περὶ
221 1405 270 1430 τὶν
287 1405 380 1430 ἑστίαν
392 1404 491 1439 ἔφερον
507 1406 653 1440 τρέχοντες
672 1407 778 1441 κύκλῳ,
803 1408 850 1434 καὶ
865 1409 930 1434 ἐπε-

139 1451 255 1475 τίθεσαν
283 1450 364 1486 (forte
389 1451 583 1486 corrigendum
602 1453 648 1478 καὶ
675 1453 830 1486 ὲπετίθουν)
855 1453 929 1489 αὑτῷ

139 1497 227 1530 ὄνομα
252 1497 296 1522 ὅτε
323 1497 374 1522 ὑπὸ
389 1497 444 1522 τῶν
460 1497 570 1524 οἰκείων
593 1499 639 1524 καὶ
654 1498 740 1533 φίλων
756 1499 831 1535 δῶρα
845 1501 929 1535 ἐπέμ-
944 1518 964 1547 c

141 1551 218 1568 πετο.
254 1543 337 1569 Paulo
364 1543 522 1570 distinctius
545 1544 657 1576 Suidas,
688 1546 734 1579 qui
760 1554 858 1573 nomen
878 1546 931 1573 hoc

144 1589 287 1624 singulare
307 1589 469 1616 femininum
494 1590 559 1617 facit
578 1600 584 1617 :
608 1592 806 1627 Ἀμφιδρομία,
828 1593 929 1627 inquit,

139 1638 174 1670 ἢν
190 1637 322 1670 πέμπτην
342 1635 459 1669 ἄγουσιν
478 1637 526 1663 ἐπὶ
545 1638 603 1668 τοῖς
621 1638 762 1673 βρέφεσιν,
781 1636 840 1675 ὲνῇ
860 1640 931 1666 ἀπο-

141 1682 324 1717 κ-ιθαιρονται
342 1682 390 1713 τὰς
406 1683 502 1717 χεῖρας
515 1684 543 1710 at
559 1683 755 1719 συναψάμεναι
776 1684 827 1719 τῆς
842 1683 932 1719 μαιώ-

142 1737 222 1760 σεως,
236 1728 266 1754 τὸ
278 1727 379 1763 βρέφος
395 1731 579 1764 περιφέρουσι
598 1730 647 1766 τὴν
665 1731 758 1758 ἑστίαν
770 1732 930 1767 τρέχοντες,

141 1775 192 1800 καὶ
217 1774 292 1808 δῶρα
314 1775 472 1809 πέμπουσιν
497 1776 521 1801 οἱ
553 1776 742 1811 προσήκοντες
765 1777 802 1808 ὡς
831 1777 879 1803 ἐπὶ
902 1776 933 1804 τὸ

142 1819 272 1844 πλεῖστον
297 1819 452 1850 πολύποδας
477 1821 525 1846 καὶ
559 1820 673 1855 σηπίας,
703 1823 736 1856 τῇ
755 1821 858 1856 δεκάτῃ
884 1821 933 1847 καὶ

141 1863 264 1898 τοῦνομα
285 1864 416 1891 τίθενται.
442 1864 499 1891 Hoc
523 1868 588 1891 cst:
617 1865 829 1900 Antp/iidrumia,
853 1873 932 1900 quant

143 1910 213 1936 diem
230 1910 362 1936 celebrant
382 1911 503 1945 quintam
517 1919 531 1937 a
548 1912 618 1938 nalis
635 1912 790 1946 infantibus,
807 1919 857 1946 qua
870 1919 934 1945 pur-

141 1959 207 1990 gant
236 1964 330 1982 manus
347 1963 405 1990 quia
428 1955 633 1983 obstetricationi
659 1964 766 1990 operum
792 1957 932 1989 dederunt,

141 2001 273 2035 infantem
294 2002 391 2028 circum
408 2002 494 2036 fucum
513 2007 616 2037 gestant
642 2008 788 2035 currentes,
821 2008 845 2029 et
864 2003 933 2030 dona

145 2048 252 2074 mittunt
270 2048 421 2082 propinqui,
440 2048 584 2083 polypodas
606 2048 759 2084 plerumque
779 2057 810 2076 ac
830 2049 933 2083 sepius;

143 2093 245 2119 decima
259 2100 317 2119 vero
331 2101 423 2120 nomen
442 2095 591 2128 imponunt.
610 2093 648 2120 Ex
665 2093 708 2120 his
721 2099 834 2129 apparet
847 2102 934 2121 exrc-

143 2140 265 2166 moniam
285 2145 405 2167 veterem
424 2145 518 2175 aptare
534 2140 673 2167 studuisse
689 2141 854 2167 Cbrisdanis
872 2140 933 2169 riti-
950 2137 971 2164 Ι)

145 2186 195 2212 bus
226 2185 422 2221 Pachymerent
442 2195 448 2213 :
465 2190 492 2213 et
516 2186 587 2212 forte
611 2186 633 2212 is
663 2187 751 2213 voluit
772 2187 824 2213 isto
848 2188 932 2214 verbo

145 2232 273 2266 baptismi
291 2233 447 2267 panegyrim
461 2231 502 2268 [P.
516 2231 580 2268 462]
593 2232 757 2266 exprimere.
771 2232 827 2266 Ego
842 2237 933 2260 tamen

145 2280 309 2313 conjectura:
325 2279 397 2305 docti
415 2279 529 2307 lectoris
553 2278 754 2306 divinationem
777 2279 934 2307 istiusmodi

147 2326 318 2359 relinquens,
346 2325 413 2352 satis
444 2325 528 2352 habui
558 2325 683 2360 quintam
710 2325 744 2352 ab
773 2330 835 2352 ortu
861 2325 933 2352 diem

147 2372 312 2406 exprimere,
326 2375 439 2406 quotam
453 2379 520 2398 \‘oce
533 2368 718 2406 ἀμφιδρομίςι,
728 2372 772 2398 cui
784 2378 934 2406 synonyma

147 2421 302 2444 consonant
313 2417 346 2443 τὰ
362 2417 547 2452 ἀμφιδρὸμια,
564 2417 701 2452 designari
718 2417 831 2445 Suidam
852 2419 933 2446 retuli

148 2463 305 2490 ducentum.

182 2509 361 2542 Ἀνάγωγος,
389 2516 416 2544 p.
444 2509 507 2537 557.
535 2509 617 2537 Vocis
643 2510 786 2544 ἀνάγωγος
811 2519 872 2546 quae
889 2512 934 2540 hic

149 2559 296 2589 usurpatur
314 2555 389 2582 notio
407 2555 558 2589 repetenda
584 2563 618 2583 ex
634 2555 769 2592 Hesychio
792 2562 844 2589 est,
862 2558 935 2593 apud

148 2609 228 2635 quem
257 2600 397 2635 legimus:
422 2601 577 2635 ’Δνάγωγος
605 2601 747 2637 ὑῦριστὴς,
777 2604 791 2629 ὁ
817 2603 854 2640 μὴ
885 2605 935 2640 τῆς

149 2646 261 2680 δεοὺςης
278 2647 390 2681 ἀγωγῆς
407 2650 575 2682 τετυχηκώς.

183 2692 396 2727 Ἀναξαγόρειοι
418 2693 568 2728 χρήματα,
595 2703 621 2729 p.
641 2695 700 2722 150.
717 2696 810 2722 Πάντα
834 2696 856 2723 δ’
872 2696 934 2724 ἀνέ-

149 2747 250 2772 τρεπον
277 2740 325 2766 καὶ
343 2740 471 2775 συνέχεον
502 2741 547 2767 διὰ
576 2742 624 2777 τὴν
642 2743 827 2777 νομιζομένην
855 2743 936 2780 ἀκρι-

149 2787 237 2816 εειιν,
265 2786 336 2813 κατὰ
354 2787 388 2813 τὰ
412 2787 610 2822 ἰδναξαγὸρεια
640 2789 782 2824 χρήματα.
807 2789 852 2817 Sic
878 2789 933 2817 duo

148 2830 228 2857 codl.
248 2832 344 2865 optimi
360 2832 536 2860 concorditer
551 2833 570 2860 Β
590 2839 617 2860 et
633 2835 664 2861 Α.
685 2835 833 2862 Vaticanus
849 2837 934 2863 inter~

150 2877 267 2912 lolator,
295 2886 344 2912 pro
369 2887 420 2907 suo
447 2887 522 2906 more
547 2879 663 2907 obscura
686 2881 868 2914 transiliendi,
895 2883 935 2911 sic

979 898 1135 933 priusquam
1151 899 1316 926 il-‘idereutnr
1336 908 1411 926 muro
1431 901 1555 926 cit-italis.
1571 900 1632 934 Agit
1647 900 1682 927 de
1697 901 1769 927 casis

979 943 1147 970 rusticorum
1171 943 1299 970 cluvione
1324 944 1429 970 avulsis
1446 950 1473 971 et
1496 950 1618 971 torrente
1634 945 1766 979 abreptis.

979 987 1058 1020 Quod
1077 988 1192 1015 verbum
1215 990 1296 1024 vulgo
1314 989 1447 1016 scribitur
1469 990 1593 1024 σκήπτω,
1609 991 1678 1017 alias
1694 998 1743 1024 per
1761 1001 1768 1017 t

979 1034 1063 1061 scribi
1081 1035 1204 1067 solitum,
1226 1043 1281 1062 non
1301 1036 1419 1063 obseura
1442 1038 1555 1070 vestigia
1571 1041 1722 1071 supersunt
1740 1037 1766 1064 in

980 1080 1094 1107 vocibus
1121 1080 1184 1108 inde
1211 1081 1352 1113 derivatis,
1372 1082 1487 1113 σκίπων,
1515 1090 1596 1116 quam
1614 1083 1769 1117 Hesychius

980 1126 1093 1160 exponit
1106 1127 1255 1161 βακτηρῖα,
1274 1127 1384 1160 ῥάϐδος,
1411 1132 1439 1154 et
1455 1128 1583 1160 σκιπίων,
1610 1136 1693 1163 quam
1711 1129 1767 1162 jam

980 1172 1059 1207 661
1080 1172 1144 1199 olim
1158 1172 1248 1200 Latini
1265 1173 1454 1207 arripuerunt,
1469 1173 1620 1208 scipionem
1636 1174 1766 1201 baculum

982 1219 1117 1246 dicentes.
1136 1218 1207 1251 Quin
1225 1223 1252 1245 ct
1278 1219 1379 1254 ipsum.
1397 1219 1444 1246 sed
1461 1220 1602 1246 ἐπενοέσει
1623 1220 1668 1246 τοῦ
1685 1230 1703 1255 μ
1718 1230 1769 1248 au—

981 1271 1056 1293 ctum
1072 1266 1209 1299 reperitur
1232 1265 1347 1292 verbum
1364 1265 1494 1300 σκίμπτω
1517 1265 1656 1301 Hesycbio
1668 1268 1769 1302 saepius

982 1317 1163 1339 memoratum
1184 1322 1191 1340 :
1210 1320 1273 1339 nam
1304 1312 1377 1345 apud
1395 1313 1469 1339 lruuc
1491 1313 1593 1348 legitur
1621 1314 1766 1350 σκίμπτει,

982 1358 1161 1392 σκίμπτεται,
1185 1359 1356 1393 χαλεπαίνει,
1383 1359 1530 1393 ἐρείδεται,
1560 1360 1716 1392 ἐπιπίπτει,
1737 1365 1766 1387 et

983 1403 1102 1437 σκίμψαι
1118 1403 1289 1438 ἐμπαγῆναι,
1301 1403 1517 1438 ἐμπελασθῆναι,
1533 1403 1654 1439 denique
1670 1409 1700 1431 ut
1715 1405 1773 1431 alia.

981 1449 1118 1480 omittam,
1138 1449 1272 1484 σκιμφθῇ,
1284 1449 1400 1482 ἐγγίσει,
1419 1449 1616 1484 προσπελάπει.
1632 1450 1769 1480 Beneba-

982 1494 1040 1528 bet,
1074 1495 1147 1522 dicet
1176 1495 1295 1530 aliquis:
1313 1496 1360 1522 sed
1383 1496 1412 1521 τὸ
1439 1496 1494 1522 ἀπὸ
1515 1497 1554 1530 τῇ
1579 1497 1767 1531 σκιμπτεσϐιι

982 1542 1159 1575 ρι-ωμοεὶιιιιιη
1182 1541 1409 1576 signiﬁcationem
1434 1542 1461 1568 in
1478 1543 1649 1569 contrarium
1675 1544 1768 1570 vertit.

982 1586 1052 1613 lluic
1066 1595 1116 1621 ego
1130 1587 1301 1614 sic'occurro
1315 1593 1344 1614 ut
1364 1588 1435 1614 ultro
1460 1588 1592 1615 confitear
1608 1589 1771 1623 plerumque

983 1632 1145 1666 στερητικὸν
1163 1641 1223 1659 esse
1246 1633 1275 1658 τὸ
1292 1633 1344 1659 ἀπὸ
1363 1633 1388 1660 in
1404 1635 1605 1668 compositione
1623 1635 1771 1661 verborqu

982 1684 1030 1706 aut
1055 1679 1211 1706 nominum.
1226 1679 1271 1706 Sic
1297 1680 1430 1707 ἀπανθεῖν
1444 1685 1485 1707 cst
1501 1681 1681 1716 deﬂorescere.
1701 1681 1769 1707 ἁπά-

984 1723 1040 1755 Ero;
1063 1725 1197 1759 indignus.
1217 1733 1248 1752 ac
1261 1726 1362 1752 similia
1377 1727 1478 1761 passi-11
1494 1727 1572 1754 obvia
1586 1732 1725 1755 sexcenta.
1741 1727 1771 1754 ln

983 1770 1085 1805 quibus
1117 1772 1196 1806 juvat
1225 1772 1315 1800 obiter
1342 1781 1496 1801 memorare
1528 1781 1623 1801 vocem
1656 1775 1770 1809 ἀπαρτι-

983 1819 1062 1849 τιὶκος
1076 1818 1279 1852 elegantissime
1305 1821 1485 1854 compositam
1508 1819 1542 1847 ab
1573 1827 1686 1848 aucore
1713 1821 1768 1855 pul-

984 1863 1114 1890 cherrimi
1146 1865 1351 1898 epigrammatis
1376 1865 1410 1892 ab
1436 1865 1627 1893 eruditissimo
1656 1866 1774 1893 Octavio

985 1908 1144 1936 Falconerio
1157 1910 1288 1944 descripti
1303 1918 1318 1937 e
1330 1911 1388 1937 basi
1404 1918 1557 1938 marmorea
1574 1919 1662 1946 nuper
1675 1912 1772 1940 effossa

985 1960 1012 1982 et
1032 1963 1094 1982 cum
1110 1956 1184 1982 notis
1198 1956 1320 1991 ejusdem
1334 1957 1503 1984 doctissimis
1516 1957 1594 1984 editi.
1615 1952 1774 1985 Sustinebat

985 2001 1050 2027 olim
1079 2008 1110 2028 ea
1133 2001 1207 2028 basis
1236 2002 1343 2036 signum
1372 2001 1546 2036 Esculapii,
1571 2007 1775 2037 reprwscntans

986 2046 1062 2073 illum
1089 2052 1118 2074 ut
1140 2047 1271 2074 infantem
1295 2055 1393 2075 recens
1416 2053 1522 2076 natutn.
1549 2049 1627 2078 Unde
1654 2049 1774 2083 primum

986 2092 1124 2119 distichon
1140 2093 1180 2120 sic
1192 2093 1276 2120 habet
1291 2102 1299 2120 .-

1041 2149 1098 2177 Τὰν
1115 2151 1223 2184 παιδὸς
1238 2151 1410 2178 καλλίσταν
1425 2152 1495 2179 εἰκὼ
1512 2152 1602 2179 τάνδε
1621 2153 1700 2180 θεοῖο

1109 2185 1241 2219 Παιᾶνος
1260 2188 1371 2220 κούρου
1389 2188 1500 2221 ματρὸς
1515 2188 1731 2222 ἀπαρτιτόκου.

992 2230 1156 2263 Ἀρτιτόκον,
1174 2231 1226 2258 hoc
1237 2237 1278 2258 est
1291 2239 1378 2259 recent
1392 2234 1508 2266 enixam,
1524 2233 1676 2268 jEsculapii
1692 2234 1773 2260 modo

985 2275 1042 2302 nati
1058 2277 1220 2310 genitricem
1232 2276 1296 2305 vere
1310 2278 1448 2313 appellare
1463 2279 1627 2306 Nicormdes
1637 2280 1774 2314 epigram—

987 2326 1070 2352 matis
1087 2325 1205 2359 scriptor
1223 2332 1278 2351 uon
1298 2325 1407 2358 potuit,
1423 2325 1554 2359 quoniam
1581 2333 1641 2352 eam
1669 2326 1775 2352 sciebat

985 2379 1127 2406 nunquam
1140 2370 1291 2405 peperisse,
1306 2371 1402 2405 utique
1416 2378 1470 2398 non
1488 2371 1618 2405 ignorans
1641 2371 1773 2406 vulgaris-

986 2417 1083 2444 simant
1109 2420 1136 2443 et
1151 2415 1375 2443 constantissime
1399 2416 1694 2448 creditamlabulam,
1721 2424 1773 2450 qua

986 2469 1158 2497 quacunque
1184 2462 1294 2489 Intulerit
1322 2462 1406 2490 fuerit
1422 2467 1511 2489 mater
1532 2462 1685 2498 Aﬂsculapii
1700 2465 1772 2498 (nam

986 2509 1034 2537 alii
1046 2509 1195 2542 Coronide,
1207 2510 1325 2537 Arsinoe
1338 2510 1385 2537 alii
1400 2515 1496 2536 natutn
1511 2512 1680 2545 autumant),
1697 2511 1774 2545 prius

986 2561 1093 2584 mortua
1122 2564 1205 2591 quam
1236 2562 1345 2591 pareret
1379 2557 1523 2588 asseritur,
1550 2565 1584 2584 ex
1606 2558 1681 2584 illius
1708 2565 1774 2584 vero

986 2603 1080 2629 statim
1102 2607 1212 2629 exsecto
1230 2608 1309 2630 utero
1331 2604 1424 2630 vivum
1454 2611 1568 2638 puerum
1585 2603 1773 2636 Esculapium

986 2653 1149 2676 extractum.
1167 2648 1257 2681 Quare
1273 2649 1296 2676 is
1315 2648 1414 2676 merit.)
1429 2654 1543 2676 vocatur
1556 2649 1653 2683 κοῦρος
1670 2650 1774 2683 ματρὸς

985 2696 1170 2730 ἅπαρτιτόκου
1200 2695 1273 2730 ﬁlius
1300 2697 1392 2722 matris
1416 2704 1468 2722 non
1493 2703 1646 2730 pucrperm,
1670 2696 1773 2729 quippe

986 2750 1047 2778 qua:
1073 2743 1151 2770 illum
1173 2742 1308 2768 duntaxat
1332 2741 1373 2778 [P.
1393 2741 1454 2777 465]
1481 2742 1542 2768 alvo
1569 2741 1729 2774 conceperit
1745 2746 1774 2768 et

988 2788 1159 2821 formaverit,
1173 2789 1253 2815 enixa
1274 2788 1300 2814 in
1314 2788 1403 2815 lucem
1425 2795 1564 2820 nunquam
1577 2786 1673 2816 fuerit.
1687 2791 1775 2813 mone

990 2839 1096 2870 partum
1127 2839 1347 2869 prmoccupante.
1367 2834 1440 2860 lnest
1468 2841 1534 2866 ergo
1551 2833 1612 2859 sine
1637 2832 1721 2859 dubio
1747 2832 1774 2858 in

990 2881 1192 2916 compositione
1203 2880 1244 2907 vis
1259 2880 1376 2915 negandi
1387 2879 1424 2914 τῷ
1439 2879 1494 2906 ἀπὸ
1507 2887 1514 2908 ι
1529 2879 1577 2906 sed
1597 2886 1652 2905 non
1665 2885 1775 2914 semper
