1957 3066
196 101 250 135 723

655 106 689 138 Ρ.
710 107 861 140 POSSINI
882 109 1208 144 OBSERVATIONUM
1226 113 1300 144 LIB.
1320 113 1347 145 Ῑ.

1767 112 1821 144 ’124

193 157 262 186 Nam
275 158 343 187 adv.
358 158 411 186 773
422 158 518 187 Iliadis
534 160 559 196 β,
579 159 625 188 ubi
638 161 739 196 legitur
751 163 784 191 de
794 164 901 192 Achille
914 165 981 192 κεῖτ’
996 167 1019 196 Α
1032 167 1252 200 denominatum.
1266 171 1329 195 cum
1344 173 1422 196 antea
1435 169 1575 203 γουστεῖον
1590 173 1737 198 vocaretur
1746 190 1753 202 ,
1766 170 1821 198 hoc

192 205 379 240 ἀπομηνίσας,
395 205 435 233 sic
449 211 564 234 annotat
578 207 742 237 Eustathius
759 218 766 237 :
789 209 834 236 ‘Ev
854 211 903 245 μὲν
924 212 982 242 τοῖς

193 252 259 287 ἑξῆς
273 252 444 287 άπομηνῖσαι
458 253 504 280 τὸν
520 253 644 289 Ἀχιλλέα
655 255 669 281 ὸ
687 255 803 291 ποιητὴς
822 257 890 292 ἐρεῖ,
901 266 982 284 τουτ-

193 300 268 327 έστιν
297 300 448 327 ἀποθέσθαι
471 300 520 336 τὴν
547 301 645 336 μῆνιν·
665 302 784 329 ἐντιῦοα
801 302 830 329 δὲ
845 303 930 329 εἰπὼν
941 304 982 331 ὅτι

194 349 224 375 ὲν
245 348 356 384 νήεσσιν
385 347 476 374 ἔκειτο
503 347 678 382 ἀπομηνίσας
714 347 916 383 Ἀγαμέμνονι,
932 349 981 385 τὴν

193 394 330 429 ἐπιμονὴν
357 394 436 429 δηλοῖ
460 394 510 429 τῆς
532 394 653 429 μήνιδος.
675 395 773 430 [Sciret
795 395 852 432 γὰρ
881 395 898 430 ἡ
926 395 982 423 ἀπό

192 440 328 476 πρόθεσις
352 439 438 475 ἀργὴ,
455 438 493 471 ὡς
512 439 560 466 καὶ
584 440 694 472 hanc
720 439 794 474 λέγει
819 441 982 476 ἀπομνημο-

192 486 283 513 νεύειν
300 487 423 522 χάριτος.
439 486 470 519 ἐξ
491 482 522 512 οὗ
538 486 626 512 καὶτὸ
640 486 890 522 ἀπομνημόνευμα.
904 486 983 514 Οὕτω

193 533 221 560 δὲ
238 533 326 560 καὶτὸ
350 533 474 568 ἀπαντᾷν
500 532 648 568 ἀδιάφορον
679 533 747 569 πρὸς
776 533 807 560 τὺ
829 533 924 569 ἀντᾷν.
949 533 982 561 In

190 580 407 615 contequentibus
427 580 493 607 dicet
504 583 582 615 poeta
589 579 717 607 Achillem
731 580 918 615 ἀπομηνϊσαι,
934 581 982 608 hac

191 629 228 652 est
243 626 391 661 deposuisse
398 627 478 653 iram.
491 626 541 653 llic
555 634 614 654 vero
623 626 710 654 dicens
722 626 792 662 quod
802 627 824 654 is
835 627 863 654 in
872 627 980 654 navibus

187 671 305 707 jacuerit
332 672 505 707 ἀπομηνίσας
523 672 728 708 Agamemnoni,
755 673 981 708 persevcrantiam

189 718 237 746 ine
243 719 386 754 signiﬁcat.
392 719 544 755 Prteposilio
550 721 619 747 enim
626 721 678 747 ἀπό
686 722 726 748 hic
734 722 817 748 otiosa
820 722 904 757 jacet.
913 722 981 748 sicut

189 769 215 791 et
226 765 332 799 quando
351 766 408 800 quis
424 765 487 792 dicit
508 766 747 801 ἀπομνημονεύειν
763 768 875 803 χάριτος
891 775 980 795 recor-

190 811 251 837 dari
268 819 295 837 se
308 811 417 846 gratiae;
431 811 501 838 unde
515 815 554 838 est
572 816 595 838 et
612 820 708 839 nomen
726 808 978 848 ἀπομνημόνευμα.

189 855 317 892 Ejusdem
345 857 437 891 [omne
464 866 496 884 ac
519 858 634 885 nationis
657 859 765 886 verbum
780 859 915 895 ἀπαντᾷν,
937 867 980 887 oc-

188 912 304 936 currere,
319 905 388 932 idem
402 905 492 933 ualens
509 914 540 933 ac
556 906 668 942 simplex
687 908 780 943 ἀντᾷν,
797 912 851 936 etc.
874 908 979 937 Doctri-

188 958 251 978 nam
265 950 346 987 hujus
363 951 487 987 magistri
502 952 535 979 ad
552 960 609 980 rem
636 961 688 988 ego
716 961 804 981 meam
832 956 979 983 conferens

187 997 233 1024 aio
249 997 277 1024 in
293 997 347 1025 hoc
373 1002 470 1025 nostro
495 998 582 1025 verbo
607 999 848 1034 ἀποσκίμπτεσθαι
874 1003 903 1028 τὸ
925 1001 978 1028 ἀπό

187 1051 297 1077 vacare,
320 1048 349 1071 et
373 1044 446 1071 idem
469 1045 563 1071 valere
592 1045 775 1080 compositum
793 1053 826 1074 ac
850 1046 976 1082 simplex,

188 1089 336 1124 σκίμπτειν
352 1091 399 1117 καὶ
412 1091 627 1125 ἀποσκίμπτειν,
640 1091 693 1118 nisi
717 1091 740 1118 si
761 1099 844 1126 quam
866 1093 977 1128 majoris

186 1136 270 1171 662
294 1135 415 1171 impetus
437 1137 590 1172 emphasim
616 1137 782 1172 compositio
802 1139 925 1175 adjiciat,
948 1144 978 1167 ut

186 1190 248 1210 cum
259 1182 443 1217 σκίμπτεσοαι
452 1183 488 1209 sit
499 1183 588 1210 solum
598 1183 766 1215 ἐπιπίπτειν,
776 1184 901 1216 incidere,
911 1186 978 1212 ἁπο-

187 1225 374 1260 σκίμπτεσοαι
392 1226 428 1253 sit
444 1226 623 1255 vehementer
650 1227 783 1261 incidere,
803 1229 856 1256 hoc
877 1234 930 1263 est,
948 1233 977 1257 ut

186 1271 333 1303 vertimus,
350 1270 429 1298 illidi.

228 1331 519 1366 Ἀρματοφυλάκιον,
539 1341 566 1368 p.
585 1333 648 1361 155.
667 1334 767 1369 ¹Εν’τῷ
785 1334 870 1362 πάλαι
883 1335 976 1371 ἁρμα-

186 1379 354 1414 τοφυλακίῳ.
367 1380 503 1407 Nimirum
520 1380 547 1407 in
560 1380 646 1408 veteri
658 1382 885 1410 armamentario.
897 1382 975 1411 Unde

184 1425 386 1453 conﬁrmantur
413 1434 474 1461 qua:
500 1427 528 1454 in
552 1426 692 1455 Glossario
709 1427 796 1462 priori
810 1428 844 1456 de
860 1429 975 1456 notione

183 1473 261 1500 vocis
276 1473 354 1508 ἅρμα
378 1474 449 1508 apud
475 1472 584 1501 Graecos
610 1474 780 1509 posteriores
800 1475 973 1509 notavimus;

183 1518 288 1553 quibus
322 1519 395 1546 addo
425 1519 614 1547 testimonium
650 1525 775 1548 veterum
814 1520 973 1548 Glossarum

183 1564 269 1597 Juris,
285 1565 331 1593 ubi
344 1565 446 1600 legitur
457 1574 466 1593 :
478 1566 573 1601 Ἅρμα.
584 1566 768 1601 παρ”Ἐλλησι
778 1567 828 1602 μὲν
836 1567 867 1594 τὺ
877 1567 975 1601 ζεῦγος

184 1611 265 1646 βοῶν,
283 1611 360 1646 παρὰ
375 1612 403 1638 δὲ
425 1611 574 1647 Ῥωμαίοις
596 1613 648 1648 τὴν
676 1613 816 1648 καροῦχαν
845 1614 974 1648 σημαίνει

183 1659 234 1684 καὶ
246 1658 340 1685 ὅπλον,

222 1720 459 1754 Λὺιιυιιστεῶνος
487 1721 610 1753 ablata,
639 1729 666 1756 p.
694 1721 755 1748 196.
778 1723 839 1757 Agit
856 1722 889 1750 de
908 1729 975 1749 con»

184 1774 268 1794 cursu
286 1766 473 1793 multitudinis
487 1767 606 1801 ingentis
617 1775 677 1802 qua:
692 1767 781 1795 forum
795 1773 842 1795 aut
856 1769 973 1803 plateam

185 1812 325 1848 propylan
351 1812 444 1847 templi
458 1811 487 1840 S.
503 1812 613 1848 Sophia:
633 1814 790 1849 contiguam
813 1815 975 1849 impleverat

185 1859 280 1886 studio
294 1858 416 1887 viscndze
433 1860 605 1887 c:cremonite
619 1860 840 1893 inaugurationis
855 1860 971 1888 Michae-

183 1903 219 1931 lis
241 1911 255 1930 a
283 1909 359 1938 patre
383 1904 540 1931 Andronico
560 1905 585 1931 in
608 1905 716 1940 imperii
742 1906 874 1940 collegam
897 1914 974 1933 assu-

183 1949 288 1982 mendi,
307 1954 336 1978 et
348 1950 510 1977 solemniter
525 1950 687 1978 coronandi.
706 1951 728 1978 A
744 1957 910 1986 congregata
926 1951 971 1979 tali

183 1995 330 2023 occasiOue
345 1996 423 2023 turba
440 1995 590 2024 confertam
602 1997 711 2032 stipatis
725 1996 888 2032 corporibus
901 2001 928 2024 et
943 2004 973 2024 se

182 2046 242 2069 arte
265 2042 513 2077 comprimentibus
531 2042 615 2070 fuisse
634 2043 672 2070 ait
694 2043 905 2077 Αὑγουστεῶνος
924 2043 972 2069 αὺ-

181 2087 272 2120 λαίαν,
301 2087 375 2122 quod
407 2092 555 2122 utrumque
581 2088 745 2116 vocabulum
774 2088 970 2116 declarandum

181 2137 235 2161 est.
247 2133 414 2168 Incipiamus
430 2141 445 2160 a
459 2134 556 2168 priori.
571 2134 631 2161 Non
644 2134 755 2161 videtur
772 2133 888 2161 dubium
904 2135 970 2169 quin

1033 217 1075 241 est
1101 213 1265 248 ὀψοπὼλιον.
1288 214 1325 242 De
1345 215 1407 242 foro
1423 214 1521 242 eodem
1537 215 1595 243 haec
1607 215 1691 247 habet
1713 215 1819 245 Proco-

1033 259 1106 293 pius,
1134 259 1153 286 1.
1177 266 1196 291 ι,
1216 259 1253 286 De
1267 258 1394 293 «adiﬁciis,
1411 267 1436 287 c.
1454 260 1472 286 ‘2
1488 269 1495 288 :
1518 260 1621 296 Ἀγορά
1638 269 1682 293 τις
1704 261 1758 288 ἀπὸ
1771 261 1822 289 τοῦ

1034 305 1227 340 βουλευτηρίου
1263 305 1415 340 ἐτύγχανεν
1438 305 1516 339 οὖσα,
1541 306 1656 334 καλοῦσι.
1671 306 1699 334 δὲ
1713 299 1822 342 Αὐγου-

1034 350 1128 376 σταϊον
1150 350 1201 385 τὴν
1220 350 1325 386 ἀγορὰν
1338 351 1362 377 οί
1381 350 1537 383 Βυζάντιοι.
1552 351 1610 378 Hoc
1627 356 1669 379 est
1689 360 1721 379 ex
1737 353 1824 381 inter-

1032 396 1188 431 pretatione
1204 396 1320 424 Maltreti
1337 405 1344 424 :
1359 396 1413 424 Pro
1441 398 1517 425 curia
1536 396 1623 432 forum
1645 402 1699 432 est,
1722 400 1823 426 dictum

1032 441 1170 477 Byzantiis
1191 441 1375 477 Augustceum.
1403 441 1498 470 Fuisse
1523 442 1576 470 hoc
1603 443 1713 476 lorum,
1743 444 1820 479 quod

1033 486 1208 522 Pachymeris
1226 488 1348 515 narratio
1366 487 1460 523 exigit,
1472 496 1558 523 prope
1577 490 1708 523 templum
1723 489 1752 517 S.
1767 490 1823 518 So-

1032 532 1114 568 phiae,
1129 532 1262 560 suadetur
1277 541 1312 560 ex
1326 533 1360 561 iis
1376 541 1437 568 quae
1450 533 1547 561 scribit
1563 534 1662 562 Petrus
1672 534 1771 563 Gillius
1785 535 1823 563 de

1032 579 1153 615 Topogr.
1167 580 1340 608 Constantin.
1361 581 1380 608 Ι.
1397 589 1428 613 ιι,
1444 588 1469 608 c.
1486 581 1531 614 17,
1554 581 1599 609 his
1614 582 1707 610 verbis
1726 591 1732 609 :
1753 582 1824 610 Pro-

1032 627 1121 656 copius
1147 626 1233 659 (orum
1251 626 1321 660 quod
1335 625 1628 662 Constmttinopolitani
1646 626 1820 661 Augustwum

1027 670 1182 702 nominant,
1198 671 1319 698 declarat
1341 675 1404 698 ante
1429 671 1516 706 regias
1539 672 1620 698 situm
1644 671 1722 705 (uisse
1743 671 1821 698 colu-

1032 716 1100 743 mnis
1122 717 1324 744 circumdatum.
1343 717 1419 744 Nunc
1438 725 1534 744 nomen
1553 725 1606 743 non
1625 718 1703 744 modo
1718 717 1821 750 amisit,

1031 762 1077 789 sed
1092 770 1123 789 ne
1138 763 1227 798 forum
1241 763 1346 798 quidem
1370 767 1469 794 exstat,
1489 767 1573 790 totum
1596 763 1650 797 fere
1667 762 1821 796 exwdiﬁca-

1032 813 1098 836 tum.
1134 807 1222 844 Regia:
1240 809 1350 836 ‘dudum
1386 808 1479 836 deletw
1509 812 1581 836 sunt.
1610 807 1702 835 Fuisse
1728 813 1820 835 tamen

1030 853 1201 890 Augustarum
1226 855 1270 882 ubi
1293 863 1364 882 nunc
1384 855 1503 881 cernitur
1524 862 1595 890 aqua
1607 853 1688 890 663
1703 854 1818 886 saliens,

1031 908 1083 927 non
1103 901 1179 936 longe
1203 909 1219 928 a
1234 900 1338 936 Sophia:
1357 900 1457 936 angulo
1477 901 1512 928 ad
1529 900 1656 928 Occasum
1681 906 1818 936 vergente,

1030 955 1154 982 assequar
1172 954 1204 973 ea:
1216 946 1354 981 stylobata
1364 946 1446 981 paulo
1460 951 1521 973 ante
1539 951 1659 973 exstante
1686 947 1819 975 columntz

1027 993 1174 1020 Iustiniani
1193 1001 1209 1019 a
1234 992 1323 1020 Turcis
1337 992 1459 1024 sublata',
1476 1001 1556 1028 quam
1573 992 1718 1028 Procopius
1733 995 1821 1022 tradit

1027 1038 1209 1065 Justinianum
1237 1038 1265 1064 in
1293 1038 1433 1073 Augustteo
1459 1038 1530 1073 foro,
1557 1037 1679 1074 Zonaras
1696 1039 1723 1066 in
1752 1039 1819 1066 aula

1029 1087 1090 1110 ante
1108 1083 1188 1109 adem
1206 1081 1310 1117 Sophia:
1326 1083 1463 1110 excitasse.
1482 1081 1578 1110 Suidas
1593 1083 1668 1110 addit
1687 1083 1821 1112 Iustinia-

1028 1137 1107 1162 num,
1134 1137 1192 1156 cum
1218 1128 1322 1164 Sophia:
1349 1128 1476 1164 templum
1488 1129 1663 1161 condidisset,
1690 1138 1820 1165 purgasse

1028 1175 1121 1202 aulam
1143 1179 1167 1202 et
1183 1183 1316 1202 marmore
1329 1175 1464 1207 stravisse,
1485 1175 1651 1210 appellatam
1668 1177 1743 1210 prius
1762 1176 1819 1203 Αιι-

1027 1226 1157 1258 gustinum
1181 1222 1280 1257 forum.
1307 1221 1447 1249 Hactenus
1469 1221 1577 1249 Gillius.
1605 1221 1703 1249 Suidas
1730 1221 1818 1249 verbo

1026 1268 1182 1302 Αῠγουστος
1197 1268 1323 1295 meminit
1336 1267 1489 1303 ὀψοπωλίου
1513 1269 1554 1299 εἰς
1576 1268 1752 1303 αὐγουστεῖον
1768 1276 1819 1303 με·

1026 1316 1253 1349 τωνομασμένου.
1270 1315 1324 1342 Sed
1346 1315 1459 1342 videtur
1475 1322 1556 1350 agere
1575 1315 1610 1342 de
1629 1315 1690 1342 loco
1712 1314 1818 1342 veteris

1027 1361 1121 1389 Romae
1143 1361 1183 1388 sic
1201 1361 1286 1394 dicto,
1304 1368 1404 1395 nempe
1430 1360 1465 1388 de
1489 1360 1550 1388 l'oro
1569 1360 1696 1395 Augusti.
1724 1360 1816 1388 Verba

1027 1407 1088 1440 eius
1103 1411 1168 1435 sunt
1190 1416 1196 1434 :
1222 1407 1254 1433 Ol
1272 1407 1460 1441 ῥεγεωνάρχαι
1483 1406 1530 1432 καὶ
1547 1405 1739 1441 σεϐαστοφόρα
1754 1407 1818 1441 ἑχό-

1028 1461 1108 1489 ριυον
1125 1454 1154 1480 ὲν
1170 1452 1208 1488 τῷ
1228 1452 1413 1487 Αὐγουστείῳ,
1428 1449 1484 1478 οἷον
1505 1452 1534 1478 ἐν
1549 1452 1589 1487 τῷ
1607 1452 1764 1487 ὀψοπωλίῳ,
1776 1454 1818 1483 εἰς

988 1507 1010 1536 c
1027 1499 1110 1535 τιμὴν
1133 1499 1270 1534 Τιϐερίου.
1288 1499 1340 1525 Τὸν
1359 1499 1388 1525 δὶ
1405 1498 1528 1525 τοιοῦτον
1548 1499 1632 1525 τόπον
1647 1499 1735 1530 οὕτως
1748 1499 1817 1527 ἑκά-

1026 1544 1110 1571 λεσαν
1135 1544 1189 1570 ἀπὸ
1213 1544 1260 1571 τοῦ
1286 1543 1455 1578 Αὐγούστου.
1473 1543 1511 1571 Ita
1540 1544 1656 1577 Suidas,
1682 1545 1817 1572 continue

1027 1591 1196 1626 subjungens
1213 1599 1220 1617 :
1235 1591 1353 1626 Ἔστησε
1369 1591 1397 1617 δὲ
1413 1591 1460 1618 καὶ
1474 1591 1487 1617 ό
1505 1591 1593 1626 μέγας
1606 1591 1816 1623 Κωνσταντῖνος

1025 1638 1065 1669 είς
1082 1637 1113 1664 τὸ
1129 1637 1251 1668 ἁσκεπὲς
1269 1637 1318 1672 τῆς
1337 1637 1442 1672 δάφνης
1462 1637 1563 1672 στήλην
1581 1637 1631 1673 τῆς
1648 1637 1746 1664 ἑαυτοῦ
1762 1646 1817 1673 μη-

1026 1683 1100 1718 τρὸς,
1116 1682 1146 1715 ἐξ
1162 1680 1195 1718 ἦς
1208 1671 1334 1718 ὠνόμασε
1353 1682 1399 1708 τὸν
1420 1671 1715 1716 λιόπονλύγουέτεῐον.
1734 1671 1817 1709 Forte

1024 1729 1083 1755 vult
1121 1729 1278 1764 signiﬁcare
1303 1728 1517 1756 Constantinum
1543 1728 1700 1756 studentem
1716 1735 1816 1754 novam

1025 1782 1107 1809 quam
1125 1775 1262 1802 condebat
1285 1775 1401 1802 Romam
1416 1775 1503 1802 veteri
1520 1782 1568 1809 per
1587 1775 1679 1802 omnia
1694 1773 1814 1802 similent

1025 1820 1134 1852 facere,
1158 1820 1209 1847 fori
1232 1820 1315 1847 eliam
1341 1820 1492 1856 Augustei,
1523 1820 1603 1856 cujus
1630 1820 1702 1854 apud
1742 1819 1817 1847 auti-

1025 1874 1106 1901 quatn
1133 1865 1245 1893 Romam
1277 1866 1380 1893 dudutn
1412 1866 1462 1893 visi
1492 1866 1678 1898 meminisset,
1700 1865 1816 1893 simula-

1024 1918 1102 1938 crum
1115 1911 1210 1938 eadem
1226 1911 1412 1946 appellatione
1426 1911 1550 1947 Byzantii
1568 1910 1814 1942 fecisse,etloeum

1024 1957 1102 1992 prius
1129 1956 1296 1992 Strategium
1320 1958 1566 1990 vocat’um,erecta
1583 1956 1622 1984 ibi
1639 1957 1735 1983 matris
1757 1964 1818 1984 sua

1024 2003 1154 2039 Augustae
1175 2008 1276 2035 statua,
1296 2003 1475 2038 Augustzeum
1507 2010 1693 2038 nuncupasse.
1722 2003 1817 2037 Atque

1024 2048 1090 2076 hinc
1111 2048 1180 2076 forte
1207 2049 1355 2084 repetenda
1382 2048 1453 2076 ratio
1474 2049 1558 2076 fuerit
1582 2057 1632 2076 cur
1648 2048 1771 2076 Codinus
1787 2053 1818 2076 et

1024 2094 1175 2129 Procopius
1184 2094 1275 2122 lorum
1291 2095 1344 2122 hoc
1356 2094 1694 2130 Constantinopolitanum
1709 2095 1817 2129 Αὐγου-

1026 2140 1118 2166 σταίον
1136 2147 1184 2175 per
1197 2148 1224 2166 αι
1240 2139 1372 2172 scribant,
1390 2139 1489 2167 Suidas
1506 2147 1571 2167 vero
1587 2140 1676 2167 [orum
1694 2140 1818 2174 antiqua:

180 2179 363 2213 Αὐγουστεὼν
379 2179 469 2207 forum
484 2180 520 2207 sit
540 2179 612 2207 idem
630 2180 703 2214 quod
720 2180 842 2208 Codinus
860 2181 969 2215 Παρεκ-

1027 2185 1119 2212 Βοηιτιε
1147 2185 1329 2219 Δὺγουστεϊον
1354 2192 1403 2219 per
1426 2193 1462 2217 ει,
1488 2185 1620 2212 nimirum
1641 2185 1714 2220 quod
1729 2185 1784 2213 hoc
1800 2192 1816 2213 a

181 2225 274 2257 σολαῖς
292 2226 358 2261 περὶ
372 2226 427 2252 τῶν
443 2223 569 2261 πατρίων
585 2226 634 2262 τῆς
652 2227 970 2259 Κωνσταντινουπόλεως

180 2273 262 2300 docet
284 2278 412 2300 vocatum
430 2273 516 2301 fuisse
541 2273 726 2306 Αὐγουσταῖον
746 2281 760 2300 a
777 2273 968 2305 Constantino,

178 2327 241 2347 cum
251 2326 331 2347 antea
344 2321 510 2355 στρατήγιον
519 2320 668 2347 diceretur.
680 2319 769 2348 Verba
779 2320 876 2347 tiodini
886 2325 969 2347 sunt:

180 2366 210 2391 ἐν
233 2366 271 2401 τῷ
295 2366 456 2401 στρατηγίῳ
477 2366 617 2401 λεγομένῳ
645 2365 736 2400 φόβῳ,
761 2365 826 2392 ἔνθα.
857 2367 922 2392 ποτε
945 2367 969 2392 οἱ

180 2412 400 2447 στρατηγοῦντες
417 2413 466 2443 τὰς
476 2413 560 2447 τιμὰς
575 2412 667 2439 αὐτῶν
681 2413 855 2447 ἀπεδέχοντο,
873 2412 969 2438 ἑαυτὸν

179 2459 228 2486 ἐπὶ
253 2459 358 2493 λιθίνης
384 2459 524 2493 ἀνέγραψε
550 2459 712 2495 στήλης.....
739 2459 788 2486 καὶ
815 2459 861 2485 τὸν
886 2459 969 2486 τόπον

179 2505 311 2532 ὲκάλεσεν
326 2505 522 2532 Λὺνουπταῖον,
547 2505 578 2532 In
599 2506 655 2541 {oro
678 2506 805 2540 strntegio
825 2506 903 2536 dicto,
925 2505 969 2532 ubi

179 2552 310 2579 militares
350 2551 523 2586 magistratus
555 2559 614 2578 suos
645 2552 755 2578 honores
793 2551 966 2586 accipiebant,

178 2607 256 2626 suam
272 2599 353 2633 ipsius
367 2601 485 2625 statuam
502 2598 614 2632 lapideae
634 2597 763 2624 columna:
784 2598 967 2633 imposuit.....

179 2650 205 2673 et
222 2645 309 2672 locum
326 2646 495 2680 Augusta‘um
517 2645 674 2671 nominavit.
701 2644 738 2671 Ita
755 2644 877 2672 Codinus
891 2645 967 2679 juxta

177 2692 329 2720 editionem
345 2692 455 2726 ‘lcorgii
469 2692 567 2718 Douza:
588 2700 661 2718 anno
679 2691 757 2718 1596.
771 2691 858 2718 Aliter
877 2697 966 2718 tamen

176 2739 316 2771 eumdem,
352 2743 371 2766 tt
398 2741 528 2772 apparet,
558 2737 648 2765 locum
682 2738 818 2764 Meursius
846 2737 886 2773 [Ρ.
904 2737 966 2773 £64]

177 2786 287 2818 recitat,
315 2785 401 2812 verbo
429 2785 591 2818 yousrsiov,
617 2792 651 2811 ex
679 2784 775 2812 Codini
808 2783 967 2818 Originibus

177 2831 428 2867 (.oustnutinrupnls
440 2832 561 2858 referet-.5
574 2832 662 2858 lorum
677 2831 749 2858 istud
768 2830 966 2863 Αὐγονπτίῶνα

1025 2231 1137 2258 nomine
1158 2230 1333 2265 imperatoris
1355 2230 1470 2265 Augusti
1492 2230 1704 2266 appellationem
1738 2237 1818 2258 sum-

1025 2277 1122 2312 pserit,
1136 2284 1170 2304 ex
1185 2284 1240 2313 quo
1264 2277 1341 2312 juxta
1364 2276 1518 2312 analogiam
1546 2276 1660 2304 formari
1683 2276 1815 2304 debuerit

1025 2322 1195 2355 αὑγυστεῖον,
1209 2321 1275 2349 illud
1296 2329 1360 2358 νᾳο
1374 2329 1408 2348 ex
1426 2322 1548 2357 AuguSIa
1564 2320 1666 2349 Helena
1685 2321 1816 2349 denomi-

1025 2372 1120 2395 natum
1144 2375 1205 2394 eum
1227 2375 1255 2394 αι
1270 2367 1352 2394 scribi
1368 2367 1505 2394 debuerit.
1530 2367 1597 2395 Utut
1611 2369 1658 2400 sit,
1679 2367 1775 2402 positae
1788 2367 1818 2396 in

1025 2415 1076 2441 hoc
1089 2413 1328 2448 Constantinopoli
1350 2418 1426 2440 tanto
1447 2413 1508 2440 foro
1526 2421 1541 2440 a
1559 2421 1658 2449 magno
1678 2413 1816 2441 Constan-

1025 2461 1083 2487 tino
1105 2466 1204 2495 praeter
1226 2460 1366 2495 propriam
1392 2464 1512 2488 statuam
1528 2461 1611 2487 etiam
1627 2460 1743 2487 alterius
1758 2465 1815 2487 sta-

1024 2512 1077 2534 tua:
1093 2506 1188 2533 matris
1203 2513 1259 2533 Sita:
1276 2505 1396 2536 llelenze.
1416 2506 1543 2533 meminit
1562 2510 1674 2541 qttoque
1691 2505 1816 2533 Codinus

1024 2553 1085 2581 loco
1111 2553 1238 2587 superius
1267 2552 1400 2584 indicato,
1422 2552 1450 2578 in
1474 2560 1529 2587 quo
1545 2552 1657 2579 videtur
1672 2552 1816 2579 successio

1025 2599 1155 2635 temporis
1171 2599 1267 2629 fuisse,
1281 2604 1308 2626 ut
1339 2599 1430 2633 primo
1445 2606 1523 2625 suam
1549 2604 1665 2625 matrem
1692 2599 1815 2625 honora-

1023 2646 1094 2673 verit
1118 2645 1266 2672 simulacro
1300 2645 1374 2671 illius
1397 2644 1453 2671 illic
1483 2648 1577 2671 erecto
1598 2650 1627 2671 et
1649 2647 1709 2671 loco
1732 2651 1766 2671 ex
1782 2651 1816 2672 ca

1022 2692 1174 2721 nominato.
1188 2690 1288 2718 deinde
1300 2690 1407 2724 signum
1426 2697 1535 2725 quoque
1549 2697 1578 2717 se
1591 2690 1679 2724 ipsum
1693 2690 1817 2718 referens

1024 2738 1125 2765 ibidem
1152 2742 1261 2764 exstare
1290 2737 1420 2763 voluerit.
1441 2737 1528 2764 Porro
1552 2738 1629 2771 lapsu
1656 2741 1814 2770 temporum

1024 2783 1172 2810 invaluisse
1184 2787 1213 2809 ut
1223 2783 1301 2809 locus
1312 2781 1389 2816 prius
1403 2781 1703 2815 αἰσίως-Αὐγουσταῑον,
1716 2785 1814 2815 postea

1022 2835 1100 2857 male
1112 2829 1286 2865 Pat'liymcris
1299 2830 1374 2864 iulgo
1390 2830 1557 2856 vocitaretur
1575 2827 1763 2861 Λύγουπτεὼν,
1779 2835 1815 2855 cx
