1957 3066
82 124 147 157 ’125

780 129 1037 163 GLOSSARIUM.

1670 129 1726 162 τῃ

86 182 147 209 hoc
175 182 257 211 istius
276 183 407 211 Historici
431 183 588 212 testimonio
617 190 703 219 recte,
720 190 750 212 ut
776 186 885 221 opinor,
905 194 923 221 Α
940 191 1039 214 statem
1056 188 1251 216 vocabulorum
1267 188 1363 223 lingua:
1378 189 1506 223 propriae,
1528 187 1556 215 in
1578 187 1656 223 cujus
1683 187 1720 213 sit

83 230 262 265 Colligimus.

126 275 228 302 Restat
244 276 391 303 videndum
408 277 474 311 quid
498 277 613 305 αὐλαίαν
632 277 703 305 idern
724 283 814 307 vocet.
831 280 885 306 Αὑ-

85 322 154 349 λειία
171 327 215 349 est
231 322 261 348 τὸ
276 322 326 357 τῆς
341 323 445 358 σκηνῆς
461 324 680 360 παραπέτασμα,
696 326 884 359 prosccnium,

87 369 187 395 velum
201 368 341 404 objectum
355 369 444 396 oculis
457 375 645 404 spectatorum
663 372 755 399 mimis
772 379 884 407 operam

88 415 236 442 dantium.
253 414 408 450 Hesychius
423 420 522 450 praeter
542 417 623 443 istam
643 417 784 445 notionem
804 418 886 445 aliam

87 461 179 488 etiam
198 460 313 496 subjicit
329 461 391 488 voci
409 461 490 494 huic,
513 461 579 489 dum
599 462 698 490 scribit
714 471 721 490 τ
737 463 842 490 Αὑλαία
857 464 886 490 ὲν

88 507 126 531 ab
147 507 163 540 ῇ
188 502 376 540 διατρίὸουσα.
406 506 582 541 Disquiratur
607 515 675 542 ergo
698 508 766 543 quid
782 508 818 535 sit
834 508 885 535 αὐ-

88 550 144 584 λής
165 551 240 585 quod
258 551 436 578 vocabulum
466 552 494 578 in
523 552 606 588 hujus
631 553 719 588 ipsius
747 554 886 581 mentione

90 597 148 624 loci
169 601 307 632 usurpant
331 602 360 624 et
384 597 516 630 Zonaras,
535 603 563 626 et
580 598 680 627 Snidas
704 607 786 633 supra
808 599 886 626 citati

89 652 104 671 α
134 644 220 671 Petro
252 643 346 671 Gillio.
380 644 528 672 Atheneus
569 645 642 680 (lib.
669 653 685 672 v
711 647 888 679 Δειπνοσοφι-

92 690 169 716 στῶν
190 698 218 724 p.
238 690 288 718 189
302 690 347 717 ed.
364 690 529 717 Commelini
545 691 609 718 anni
628 691 707 725 1597)
725 691 758 717 ad
775 699 886 718 versum

90 735 250 763 Aristarchi

108 783 208 814 Ζηνός
224 789 283 808 που
298 781 399 815 τοιήδε
413 782 439 816 τ’
457 781 622 816 Ὀλυμπίου
641 781 766 808 ἔνδοθεν
780 780 870 814 αὐλή.

89 828 132 863 sic;
148 828 272 861 disputat
285 826 320 854 de
334 827 491 862 signiﬁcatu
508 828 583 855 vocis
600 827 699 861 hujus:
721 828 781 853 Ἔτι
797 827 886 854 τοίνυν

937 233 1118 260 meditatione
1145 234 1353 261 accuratissime
1380 238 1515 267 versatus,
1538 241 1620 268 quam
1646 238 1721 260 recte

935 279 1009 306 credi
1034 279 1068 306 de
1094 280 1149 307 ttllo
1173 281 1278 307 recenti
1297 285 1381 316 queat
1403 281 1581 313 quantumvis
1597 279 1721 314 diligenti
1759 293 1760 296 η

935 324 1099 352 litteratore.
1137 325 1203 352 Illud
1234 331 1360 360 potuerat
1384 326 1537 361 elegantius
1566 325 1721 352 illustrator

936 370 1061 398 Athenaei
1079 372 1105 397 in
1126 371 1186 405 ejus
1204 372 1355 406 interprete
1378 372 1500 406 culpare,
1524 370 1598 406 quod
1621 370 1648 397 in
1674 371 1721 397 illo
1766 391 1768 399 τ

935 415 1089 442 Aristarchi
1105 423 1185 442 versu
1210 415 1306 442 Latine
1323 415 1463 442 reddendo
1485 415 1650 442 vocabulum
1668 414 1720 441 La—

936 461 1024 488 tinnm
1053 462 1150 488 atrium
1183 466 1311 496 tanquam
1339 461 1435 489 Graeco
1460 462 1528 496 αὐλὴ
1546 461 1722 495 ἰσοδυναμοῦν

936 507 1110 534 adhibuerit.
1131 507 1239 534 Atrium
1255 508 1341 539 enim,
1370 514 1451 542 prout
1476 507 1583 534 erudite
1606 507 1722 534 demort-

935 556 1004 579 strat
1026 551 1175 579 Famianus
1201 552 1350 579 Nardinius
1376 552 1403 578 in
1429 559 1477 579 sua
1500 551 1584 578 Roma
1599 551 1722 586 antiqua.

935 596 955 623 1.
972 604 1014 628 ιιι,
1032 604 1057 623 c.
1083 596 1127 628 l3,
1155 596 1235 631 plane
1260 596 1427 624 contrariam
1442 596 1522 630 αὐλῇ,
1547 596 1599 623 hoc
1620 600 1675 628 est,
1694 601 1723 623 ut

935 642 1066 674 vidimus,
1087 643 1148 670 loco
1161 643 1286 678 ὑπαίθρῳ
1302 647 1330 670 et
1346 643 1407 670 sine
1422 650 1564 670 murorum
1595 643 1725 670 obicibus

937 687 1084 723 perﬂabili,
1102 689 1242 716 notionetn
1267 689 1339 724 apud
1356 689 1470 717 Latinos
1498 693 1606 718 veteres
1627 690 1724 717 habuit

935 734 1095 769 signiﬁcans
1113 734 1244 761 nimirum
1260 739 1366 769 partem
1390 735 1492 762 aedium
1517 735 1633 763 structis
1649 735 1731 763 omni

935 787 969 807 ex
987 783 1063 814 parte
1087 775 1220 807 lateribus
1246 787 1390 807 murorum
1412 785 1439 807 et
1462 780 1586 815 laqueari
1603 788 1729 815 superne

938 824 1069 859 imposito
1097 829 1260 859 protectum.
1285 825 1364 853 Unde
1388 825 1529 853 Ausonius
1553 825 1582 853 in
1610 825 1731 853 Mosella

89 873 148 899 026'
164 874 181 906 ἡ
198 872 268 906 αὐλὴ
290 873 421 908 ἁρμόττει
450 873 495 899 ἐπὶ
524 874 573 899 τοῦ
600 874 687 900 οἴκου.
709 873 739 900 Ὀ
759 873 812 908 γὰρ
828 873 885 899 δια-

942 869 1056 905 laqueati
1071 870 1233 905 adjunctum
1255 871 1325 898 atrio
1345 875 1441 906 aptat;
1465 876 1493 899 et
1508 872 1644 906 Apuleius
1672 872 1725 900 de-

91 918 246 951 πνεόμενος
261 918 342 950 τόπος
362 918 432 953 αὐλὴ
449 919 568 952 λέγεται.
585 919 668 955 664
685 918 818 946 Prteterca
837 927 886 945 nos;

91 964 164 998 αὐλὴ
178 964 276 990 a‘dibus
289 972 341 991 non
354 965 474 999 congruit
489 972 497 992 :
512 969 618 1000 apertus
628 967 695 992 enim
711 966 888 1000 per/latusque

93 1010 169 1037 locns
185 1010 253 1045 αὐλὴ
271 1010 378 1037 dicitur.
397 1010 479 1038 Notat
492 1011 565 1038 hunc
576 1011 666 1038 locum
682 1011 888 1038 animadverso:

93 1057 234 1088 Athenaei,
251 1064 380 1089 censura,
403 1057 432 1084 ni
447 1057 538 1088 fallor.
563 1065 659 1092 parum
684 1057 766 1091 digna
788 1061 888 1084 caetero

93 1105 156 1138 ejus
172 1103 300 1130 acumine
320 1104 429 1131 critico.
449 1103 494 1131 Sic
510 1103 618 1135 scribit,
637 1112 661 1130 (ε.
685 1103 711 1134 5,
733 1104 751 1131 1,
770 1112 783 1129 v
803 1113 808 1130 :
825 1104 889 1129 Hau;

95 1150 237 1177 Athenians
259 1157 268 1176 :
286 1150 331 1176 sed
345 1158 424 1183 quam
441 1150 490 1176 ista
518 1149 584 1177 levia
594 1151 615 1176 7.
628 1169 636 1177 .
651 1170 658 1177 .
675 1149 737 1184 quid
751 1150 820 1176 enim
843 1157 886 1175 ve-

96 1199 136 1221 lat
152 1203 200 1229 per
213 1195 298 1229 αὐλὴν
310 1200 334 1221 et
346 1195 477 1229 palatium
494 1195 660 1231 intelligere?
671 1195 704 1222 Et
718 1196 799 1230 paulo
808 1199 886 1230 post:

98 1240 121 1267 Ε
144 1242 279 1284 contrario
301 1241 467 1276 afﬁrmamus
495 1249 541 1268 nos
569 1241 628 1271 Διὸς
642 1241 728 1275 αὐλὴν
745 1241 889 1268 Homerum

97 1285 251 1320 appellasse
268 1286 338 1313 Iovis
356 1286 499 1322 palatium.
522 1286 565 1313 Sic
585 1287 654 1313 enim
679 1287 750 1321 loqui
765 1287 887 1314 obserua-

97 1340 156 1358 mu:
182 1332 396 1366 antiquissimum
427 1336 541 1368 poetam,
581 1332 623 1368 [Ρ.
653 1332 716 1369 ισδ]
738 1337 761 1360 et
779 1333 848 1368 quod
862 1334 889 1360 in

97 1377 192 1411 primis
216 1378 251 1403 ad
276 1386 329 1404 rem
347 1378 420 1412 facit,
447 1386 579 1404 summum
601 1378 708 1405 Homeri
728 1379 888 1405 imitatorem

97 1421 263 1457 Eschylum,
296 1423 372 1457 cujus
401 1428 437 1449 est
466 1423 534 1449 illud
555 1424 582 1450 in
608 1423 761 1450 Prometheo
775 1425 888 1450 vincto:

97 1468 156 1494 ὅσοι
170 1468 219 1502 τὴν
234 1467 294 1498 Arb;
306 1467 390 1502 αὐλὴν
402 1468 534 1502 οἱχνεῠσι.
549 1468 688 1495 Hactenus
698 1468 889 1500 Casaubonns,

938 915 1087 943 scribendo
1108 916 1209 943 atrium
1234 917 1316 951 regia:
1330 917 1461 952 Psyches,
1488 925 1593 944 summa
1613 918 1673 952 ejus
1686 917 1727 944 la—

938 961 1048 995 quearia
1059 961 1125 988 citro
1143 967 1167 988 et
1184 961 1260 989 ebore
1271 962 1352 997 665
1363 962 1464 989 curiose
1478 968 1574 990 cavata
1593 963 1724 990 sustineri

939 1006 977 1032 ait
994 1007 1082 1033 aureis
1099 1007 1239 1034 columnis.
1259 1008 1311 1034 Sed
1332 1014 1359 1035 et
1387 1016 1452 1035 usus
1473 1008 1545 1043 apud
1561 1013 1668 1036 veteres
1684 1013 1725 1036 at-

940 1052 1036 1079 tributi
1052 1053 1124 1079 atrio
1138 1057 1241 1081 tectum
1257 1054 1325 1081 illud
1340 1053 1425 1081 fuisse
1449 1054 1651 1082 demonstrant.
1668 1055 1726 1082 Illic

938 1098 1013 1125 enim
1029 1107 1063 1125 ex
1077 1099 1177 1132 l‘linio,
1196 1099 1214 1126 1.
1232 1108 1312 1130 nm.
1328 1107 1352 1127 (ι.
1374 1100 1402 1132 2,
1420 1099 1533 1136 Polybio
1553 1100 1571 1127 l.
1591 1107 1628 1133 vt,
1643 1100 1726 1127 Juve-

938 1145 1001 1172 nale
1019 1145 1077 1172 Sat.
1094 1146 1110 1173 8
1129 1151 1157 1173 et
1178 1145 1251 1178 aliis,
1270 1146 1404 1181 imagines
1420 1147 1554 1182 majorum
1576 1146 1726 1174 servaban-

940 1195 996 1224 tur,
1021 1199 1089 1226 quas
1115 1192 1143 1219 in
1165 1191 1226 1219 loco
1245 1192 1318 1219 acris
1336 1192 1445 1227 injuriis
1464 1192 1591 1226 exposito
1613 1200 1667 1220 non
1684 1197 1727 1220 est

939 1237 1079 1265 versimile
1103 1238 1222 1272 relinqui
1247 1238 1352 1265 solitas.
1379 1238 1419 1265 Ex
1437 1237 1533 1266 Servio
1553 1237 1587 1265 ad
1605 1239 1729 1273 primum

939 1283 1072 1311 Aineidos
1092 1284 1119 1310 in
1139 1284 1217 1312 atriis
1239 1284 1410 1317 cmuabatur,
1432 1284 1466 1311 ad
1484 1285 1557 1319 quod
1573 1284 1728 1312 subdivalis

940 1329 1028 1362 locus,
1047 1335 1130 1357 noctu
1170 1331 1333 1365 praesertim,
1350 1331 1461 1365 ineptus
1485 1335 1537 1358 cst.
1564 1329 1668 1358 Ibidem
1693 1337 1728 1357 ex

940 1376 1038 1403 eodem
1058 1377 1154 1403 Servio
1176 1377 1209 1403 ad
1233 1376 1266 1402 XI
1290 1376 1421 1404 [Eneidos
1447 1382 1561 1404 senatus
1586 1376 1726 1403 interdum

941 1422 1103 1450 habebatur;
1122 1423 1171 1453 lbi,
1191 1427 1220 1449 ut
1233 1423 1312 1449 docet
1328 1423 1490 1457 Corrippus,
1506 1423 1525 1449 l.
1550 1431 1580 1449 Ill
1608 1422 1646 1449 De
1668 1421 1728 1449 lau-

941 1469 1014 1496 dibus
1028 1468 1126 1496 Justini
1145 1468 1266 1500 Minoris,
1287 1469 1368 1503 legati
1380 1470 1501 1503 gentium
1516 1474 1673 1496 exterarum
1693 1468 1727 1495 ab

99 1521 183 1548 quem
207 1521 274 1540 sane
299 1513 384 1540 miror
408 1513 434 1540 id
462 1514 552 1548 ipsum
569 1522 618 1548 pro
641 1519 805 1548 argumento
824 1514 890 1540 alle-
903 1531 925 1562 Ο
943 1515 1156 1550 imperatoribus
1169 1515 1396 1542 admittebantur.
1412 1515 1472 1542 Illic
1485 1515 1618 1549 denique.
1638 1519 1669 1541 ut
1693 1522 1727 1541 ex

99 1567 165 1595 gare
181 1559 256 1594 quod
273 1559 334 1594 ejus
345 1567 458 1586 causam
477 1559 560 1586 unice
575 1560 691 1594 jugulat.
707 1560 785 1587 itane
806 1560 891 1586 vero?

98 1614 130 1633 ex
149 1613 183 1632 eo
198 1605 271 1640 quod
288 1605 424 1632 Homerus
440 1609 469 1632 ct
490 1605 636 1641 [Eschylus
654 1606 713 1637 Διὺς
732 1606 817 1640 αὐλὴν
834 1613 890 1632 me-

98 1657 219 1682 morent.
249 1652 375 1686 sequitur
401 1659 450 1678 eos
478 1651 560 1678 aliatn
596 1652 657 1679 Iovi
691 1652 889 1679 habitationem

97 1698 254 1733 assignasse
273 1705 354 1732 quam
380 1697 488 1732 qualem
516 1697 602 1731 αὐλῆς
623 1698 756 1725 vocabulo
773 1697 890 1733 exprimi

98 1743 245 1772 contendit
259 1744 417 1775 Athena-us.
429 1744 560 1771 inlectam
574 1749 600 1771 et
619 1751 684 1770 aura
702 1744 892 1778 perﬂabilem?

100 1790 165 1825 quin
192 1789 286 1824 potius
309 1796 343 1816 ex
368 1789 454 1822 Jovis,
482 1790 528 1824 qui
556 1789 654 1817 (Ether
676 1791 733 1824 ipse
751 1796 793 1817 est
813 1791 891 1826 juxta

101 1836 166 1863 Illud
183 1835 265 1863 Ennii
281 1837 367 1869 aspice
390 1837 436 1862 hoc
459 1835 569 1862 sublime
592 1836 706 1863 candens
728 1845 803 1871 quem
817 1837 891 1863 inuo-

101 1888 162 1910 cant
188 1891 278 1909 omnes
294 1881 404 1914 Jovem;
429 1890 463 1910 ex
486 1882 562 1910 Jovis
584 1882 695 1916 inqttatn
713 1887 810 1909 natura
827 1890 891 1916 pru-

102 1930 170 1957 dens
195 1929 287 1963 quivis
311 1928 424 1955 llomeri
449 1933 476 1956 et
501 1927 621 1963 Aiachyli
648 1928 734 1955 lector
758 1928 893 1963 intelligat

103 1976 156 2003 tale
180 1975 279 2010 utique
296 1974 335 2002 illi
358 1974 492 2009 assignari
514 1974 699 2002 diversorium
716 1974 806 2008 qualis
833 1974 892 2008 ipse

102 2027 154 2054 est.
180 2021 241 2049 sine
267 2029 411 2048 murorum
436 2020 580 2052 lateribus,
606 2020 665 2048 sine
691 2020 754 2048 tecti
771 2020 892 2055 fastigio,

103 2075 201 2105 patens
227 2076 338 2096 omnem
365 2068 393 2095 in
415 2072 520 2103 partem
546 2073 629 2103 atque
656 2067 808 2103 perﬂabile.
826 2068 893 2101 Quis

104 2119 196 2148 legens
221 2113 294 2149 apud
319 2113 464 2148 Virgilium
490 2121 656 2148 annosasque
680 2114 769 2140 domos
793 2114 892 2145 avium,

103 2165 151 2188 aut
169 2160 203 2187 de
220 2159 336 2186 Aristaeo
353 2159 424 2186 intra
446 2159 550 2186 ﬂuenta
568 2159 652 2187 Penei
669 2159 758 2186 amnis
773 2159 894 2187 admisso

59 2233 63 2240 ε
104 2207 209 2240 iamque
242 2206 348 2232 domum
379 2206 480 2232 mirans
506 2206 641 2240 genitricis
670 2210 694 2232 et
718 2206 825 2233 [tumida
854 2207 933 2236 re-D

105 2260 167 2286 qna,
185 2250 315 2285 subjiciat
332 2249 423 2277 animo
445 2249 519 2277 azdes
534 2249 567 2277 ad
590 2249 742 2277 humanum
758 2258 836 2277 usum
851 2249 892 2277 la-

57 2323 60 2333 ,
106 2297 168 2332 pide
191 2304 224 2324 ac
240 2300 374 2324 ca'meuto
393 2300 526 2330 structas,
553 2301 638 2324 tectas
655 2296 844 2331 laquearibus.
867 2299 894 2323 et

107 2352 159 2370 non
182 2343 276 2378 potius
299 2342 390 2370 domus
409 2343 576 2370 vocabulum
593 2342 743 2377 utrobique
756 2342 895 2377 accipien-

107 2390 170 2417 dum
191 2394 269 2424 putet
285 2395 470 2416 consentance
482 2389 515 2416 ad
530 2388 706 2416 conditiones
718 2396 809 2416 rerum
827 2396 895 2423 qua-

108 2445 165 2463 rum
181 2441 224 2463 cst
250 2436 305 2463 illic
317 2436 431 2467 mentio,
448 2438 590 2462 volucrum
609 2436 636 2462 in
655 2436 739 2463 ramis
753 2435 894 2468 arborum,

109 2483 295 2518 Nympharum
311 2482 361 2508 sub
380 2482 459 2515 aquis
477 2481 657 2515 degentium?
671 2480 807 2516 Equidem
831 2480 895 2507 inde

110 2530 200 2563 potius
225 2528 351 2563 suspicor
374 2528 432 2555 sola
458 2533 595 2555 terrarum
620 2527 751 2562 patentia,
776 2533 896 2561 superne

109 2575 211 2602 intecta
227 2574 287 2601 loca
308 2573 362 2600 dici
387 2573 519 2608 ὕπαιθρα,
533 2573 680 2604 subdialia,
696 2573 746 2600 sub
760 2571 827 2599 Jove
846 2571 896 2598 fri-

109 2622 170 2658 gido
188 2622 288 2656 posita,
314 2620 386 2655 quod
412 2620 472 2651 Διὸς
496 2619 568 2646 Jovis
594 2619 683 2654 ipsius
708 2619 896 2646 hahitaculntn

109 2665 242 2701 ejusmodi
267 2673 327 2692 esse
353 2664 435 2699 vulgo
457 2664 642 2691 existimetur.
668 2663 758 2695 Quare
775 2662 844 2689 nihil
869 2662 896 2688 in

110 2712 238 2740 adductis
253 2719 267 2738 a
284 2711 448 2738 Casaubono
469 2709 550 2737 video
568 2709 640 2744 quod
664 2716 707 2736 me
733 2712 842 2735 moveat
863 2707 897 2735 ad

113 2757 194 2785 ﬁdem
213 2756 365 2791 negandam
379 2755 490 2783 docenti
507 2763 602 2782 verum
620 2754 806 2789 signiﬁcatum
821 2754 898 2782 vocis

112 2804 178 2838 οὐλὴ
198 2798 393 2836 antiquissimo
406 2801 594 2837 grammatico,
611 2800 683 2827 haud
700 2800 793 2835 paulo,
812 2804 843 2826 ut
856 2804 898 2827 cst

112 2849 272 2881 verisimic.
298 2847 515 2882 pcrspcctiorcm
543 2846 654 2874 habenti
672 2846 790 2874 nativam
819 2850 897 2880 pote-

942 1560 1071 1588 concordi
1090 1559 1246 1587 testimonio
1270 1559 1513 1594 evangelistarum,
1531 1560 1623 1592 Marci,
1637 1560 1726 1591 Lucae.

941 1605 1055 1633 Joannis
1071 1609 1188 1636 constat,
1206 1604 1277 1640 ignis
1293 1604 1482 1639 excitabatur;
1499 1607 1571 1633 unde
1585 1607 1668 1633 etiam
1682 1606 1728 1633 lsi-

942 1651 1027 1678 dorus
1045 1652 1119 1678 vocis
1130 1655 1240 1686 etymon
1260 1652 1439 1688 repetendum
1454 1656 1543 1687 putat.
1561 1653 1659 1679 atrium
1671 1652 1728 1679 θλί-

942 1698 1056 1725 stimans
1075 1697 1178 1725 dictum
1195 1700 1271 1733 quasi
1284 1699 1315 1726 ab
1331 1701 1389 1735 igne
1410 1704 1435 1725 et
1450 1699 1522 1734 fumo
1538 1703 1637 1726 atrum.
1653 1699 1727 1726 Nihil

942 1741 1041 1772 ho'rum
1064 1744 1209 1771 commode
1232 1745 1293 1772 loco
1309 1749 1412 1780 aperto.
1426 1753 1458 1773 ac
1480 1745 1614 1780 perﬂabili
1640 1745 1727 1773 licret.

943 1791 996 1818 Sed
1014 1790 1072 1817 ha‘c
1089 1789 1189 1817 obiter.
1203 1791 1243 1818 Ad
1258 1792 1353 1819 orbem
1370 1791 1488 1819 instituti
1510 1791 1666 1822 redeamus.
1683 1792 1730 1819 de-

944 1835 1126 1870 ﬂniamusque
1149 1836 1215 1870 quid
1234 1837 1347 1868 αὐλαίας
1366 1836 1452 1864 verbo
1463 1836 1609 1872 designare
1625 1836 1731 1870 Pachy-

944 1891 1033 1911 mercs
1055 1884 1106 1911 hoc
1125 1892 1206 1918 quem
1233 1889 1384 1911 tractamus
1405 1884 1467 1919 lo_co
1495 1884 1623 1911 voluerit.
1647 1884 1730 1918 Equi-

943 1928 1004 1954 dem
1036 1936 1089 1955 non
1118 1929 1214 1955 dubito
1239 1928 1308 1963 quin
1336 1928 1360 1955 is
1389 1926 1503 1954 αὐλαίαν
1521 1928 1555 1955 ah
1574 1928 1654 1963 αὐλῇ,
1675 1929 1729 1963 jam

944 1980 1075 2008 expressa
1091 1974 1204 2000 notione
1223 1973 1373 2005 intellecta,
1391 1973 1545 2004 deﬂexerit,
1566 1981 1599 2000 ac
1616 1972 1732 2000 studue-

945 2018 981 2045 rit
997 2017 1119 2046 indicare
1139 2019 1307 2046 subdivalem
1323 2026 1414 2046 aream
1438 2019 1575 2054 Augustini
1589 2018 1650 2050 fori,
1668 2026 1731 2053 spa-

945 2064 1014 2091 tium
1036 2064 1167 2091 videlicet
1187 2068 1265 2092 extra
1288 2064 1417 2092 laterales
1440 2065 1504 2091 hinc
1521 2064 1585 2091 inde
1608 2064 1735 2098 porticus

945 2108 973 2134 in
988 2108 1080 2136 medio
1095 2116 1195 2143 purum
1213 2116 1245 2136 ac
1259 2108 1312 2136 late
1325 2116 1455 2141 vacuum,
1471 2109 1544 2143 quod
1565 2108 1651 2136 densa
1665 2116 1732 2136 tunc

946 2154 1092 2181 multitudo
1106 2154 1298 2189 compleverit.
1478 2171 1482 2173 -

981 2199 1023 2235 [P.
1045 2199 1110 2235 466]
1135 2200 1435 2233 Αὐτοπροσκοπίτης,
1461 2208 1488 2235 p.
1518 2201 1581 2228 6‘15.
1610 2200 1673 2235 Agit
1699 2200 1733 2228 de

946 2247 1096 2274 Athanasio
1118 2245 1274 2281 patriarcha
1301 2252 1434 2274 consueta
1458 2246 1509 2274 sibi
1534 2252 1616 2281 atque
1640 2246 1733 2273 innata

947 2293 1107 2320 morositate
1123 2296 1240 2319 cunctos
1255 2292 1315 2320 sine
1331 2292 1493 2319 discrimine
1505 2292 1647 2320 oﬂ‘endere
1665 2292 1734 2320 nihil

946 2338 1022 2374 pensi
1042 2338 1167 2365 habente.
1190 2337 1341 2364 Divinanda
1356 2342 1400 2364 est
1415 2338 1492 2373 origo
1510 2343 1539 2365 et
1559 2338 1636 2365 notio
1653 2337 1736 2372 hujus

947 2385 1074 2411 vocabuli
1095 2384 1161 2410 mihi
1176 2384 1287 2417 quidem
1299 2384 1366 2411 alibi
1380 2392 1434 2410 non
1452 2385 1525 2411 lecti.
1546 2383 1623 2411 Unde
1642 2389 1734 2410 autem

946 2429 1126 2456 verisimilius
1149 2428 1212 2456 duci
1234 2433 1327 2463 putem
1352 2436 1434 2463 quam
1456 2437 1471 2456 a
1495 2429 1640 2464 προσκοπή
1667 2436 1735 2456 voce

946 2475 1129 2502 ecclesiastici
1153 2483 1220 2502 usus
1245 2482 1279 2502 ex
1307 2474 1434 2508 epistolis
1462 2475 1539 2502 Pauli
1570 2473 1735 2502 notissima?

948 2522 968 2549 11
981 2521 1014 2549 ad
1029 2521 1092 2549 Cor.
1108 2529 1132 2549 c.
1145 2530 1172 2548 VI
1189 2529 1197 2549 :
1215 2521 1361 2555 Μηδεμίαν
1375 2522 1403 2547 ἐν
1419 2521 1515 2556 μηδενὶ
1525 2521 1641 2552 διδόιτες
1651 2529 1737 2554 προσ-

947 2568 1048 2602 κοπήν,
1068 2568 1167 2594 nemini
1187 2567 1281 2594 dantes
1299 2566 1385 2594 ullam
1408 2568 1588 2602 offensionem,
1615 2575 1648 2593 ex
1680 2573 1735 2601 qua

949 2614 1021 2641 idem
1039 2619 1150 2641 sanctus
1174 2607 1315 2648 apostolus
1337 2614 1530 2648 appellativum
1546 2613 1623 2640 alibi'
1636 2612 1737 2639 format

947 2660 1133 2695 ἀπρόσκοπος.
1148 2659 1158 2686 Ι
1175 2659 1208 2686 ad
1225 2659 1288 2687 Cor.
1308 2668 1335 2693 ι,
1348 2660 1382 2688 52
1401 2669 1408 2687 :
1430 2660 1612 2694 ’Λπρόσκηποι
1628 2657 1735 2692 γίνεσθε

949 2707 996 2733 καὶ
1025 2706 1162 2737 Ἰουδαίοις
1177 2706 1226 2732 καὶ
1243 2706 1356 2741 Ἕλλησι
1382 2706 1430 2732 καὶ
1455 2707 1487 2740 τῇ
1515 2704 1663 2738 Ἐκκλησία
1688 2703 1737 2729 τοῦ

948 2752 1029 2779 Θεοῦ.
1048 2752 1083 2780 Ut
1105 2756 1170 2787 ergo
1194 2752 1332 2787 signiﬁcet
1354 2752 1536 2786 Pachymeres
1556 2749 1736 2777 Athanasium

949 2807 1004 2827 non
1019 2798 1101 2826 modo
1113 2806 1166 2826 non
1181 2799 1297 2830 cavisse,
1314 2803 1344 2825 ut
1359 2802 1530 2832 oportuerat.
1548 2804 1580 2823 nc
1599 2795 1667 2823 actis
1679 2803 1693 2821 a
1708 2802 1737 2822 se

950 2846 1022 2873 aliud
1049 2850 1206 2880 spectante,
1230 2845 1303 2872 bono
1328 2845 1410 2871 etiam
1436 2843 1539 2874 animo,
1566 2841 1739 2875 contingeret
