1957 3066
230 141 284 172 727

686 137 718 167 P.
740 135 891 166 POSSINI
911 131 1236 164 OBSERVATIONUM
1257 130 1331 160 LIB.
1350 128 1377 158 Ι.

1803 121 1863 151 ττδ

230 197 337 232 aliquos
353 195 466 226 offendi.
493 194 539 221 Sed
557 194 593 220 ita
613 200 642 220 se
659 191 777 227 gessisse
803 195 833 217 ut
851 197 920 225 pene
940 189 1016 216 vide-
1032 190 1053 217 Δ
1069 186 1120 213 ἀνά
1137 185 1262 220 στρατόν,
1279 191 1326 219 per
1347 182 1498 209 exercitum.
1517 179 1639 232 A'liorum
1655 183 1766 213 quoque
1781 176 1864 232 sivi:

231 247 308 269 retur
323 241 357 268 de
373 240 508 268 industria
524 245 647 274 quaerere
669 245 702 264 ac
721 241 831 271 captare
856 235 1016 262 occasiones

231 287 387 315 oll'endendi
402 294 483 314 omne
498 293 584 321 genus
604 284 757 316 hominum,
781 290 844 310 eum
866 282 1018 316 αὐτοπροσ-

237 343 269 360 κ’)
280 333 367 367 πίτην
384 333 434 360 hoc
452 333 511 359 loco
529 335 617 358 vocat.

266 380 428 414 Βλαχνιόν,
447 387 472 414 p.
490 378 550 405 106.
560 378 722 412 Congruunt
737 384 798 412 quae
810 377 856 403 hic
868 375 1018 411 Pachyme-

232 435 276 454 res
291 427 325 454 de
348 430 429 461 gente
453 425 579 452 Blachica
599 424 705 456 scribit,
726 431 788 450 cum
809 423 843 450 iis
862 430 922 457 qua:
939 421 1017 456 prius

231 475 309 500 Anna
325 472 464 500 Comnena
489 471 517 498 in
538 469 668 498 Alexiade
684 470 717 497 dc
732 469 841 497 Blachis
857 468 1017 503 scripserat,

231 520 250 546 l.
264 527 323 552 vm,
340 527 368 554 p.
386 518 439 545 227
458 527 464 545 :
480 518 534 543 Καὶ
546 517 639 544 ὁπόσοι.
652 517 698 542 τὸν
713 515 816 550 νθμάδα
832 515 889 549 βίον
905 514 1017 545 εἴλθντο,

231 566 349 600 Βλάχους
370 565 506 598 τούτουςή
525 563 600 597 κοινὴ
624 563 717 589 καὶεῖν
738 559 791 588 οἶδε
811 561 962 590 διάλεκτος.
982 558 1018 586 De

231 612 334 646 quibus
343 610 447 645 juverit
455 610 548 637 videre
561 616 621 644 quae
633 609 659 635 in
669 612 764 635 nostro
777 606 915 635 Glossario
923 605 1018 640 primae

231 656 372 684 Alexiadis
386 655 502 683 editioni
517 655 663 690 subjuncto
678 653 785 689 pridem
813 650 1016 678 annotavimus.

268 702 468 736 Βοηδρομιὼν.
487 701 544 729 Etsi
565 708 673 735 semper
688 698 753 726 alibi
770 697 952 733 Paehymeres
966 696 1019 723 hoe

232 749 368 777 vocabulo
385 756 506 775 mensem
524 747 643 781 Aprilem
662 745 774 776 indicat,
790 749 891 774 tamen,
905 746 1019 777 propter

232 795 352 822 rationes
371 802 386 821 a
404 802 445 821 me
469 794 486 820 Ι.
509 801 538 820 ιιι
556 792 660 820 Observ.
678 799 703 819 c.
721 791 737 819 6
754 799 781 817 n.
798 791 824 822 9,
849 789 954 821 allatas,
970 796 1018 815 ne-

233 841 353 869 cessario
373 840 520 868 dicendum
544 844 585 866 est
608 846 683 870 cum,
705 846 732 872 p.
757 837 819 868 5'25,
838 836 888 863 hoc
908 834 1018 862 nomine

233 888 390 922 designasse
407 887 535 914 Martium
557 893 690 913 mensem.
710 885 766 912 Nec
781 891 882 911 novum
907 886 949 910 est
972 889 1018 908 va-

233 934 307 960 riare
334 934 420 969 666
443 933 519 960 illum
549 933 576 960 iu
604 931 825 959 nomenclatione
853 930 988 957 mensium
1011 937 1018 954 ι

233 979 296 1006 vide
314 987 375 1014 qua:
397 979 482 1006 verbo
506 978 633 1013 Ληναιών
646 982 674 1006 et.
695 976 779 1004 verbo
795 974 1019 1011 Μαιμακτηριών

234 1025 286 1051 hoc
301 1025 361 1059 ipso
374 1024 513 1052 Glossario
530 1029 667 1051 notamus.

271 1071 410 1104 Βοῑντζον,
431 1079 458 1106 p.
486 1071 549 1098 599.
574 1070 648 1103 Quid
675 1070 730 1097 sint
753 1069 806 1096 hoc
829 1068 890 1095 loco
919 1066 1018 1102 βοῦτζα

233 1118 377 1154 quaeritur.
394 1118 463 1145 Puto
488 1118 558 1144 idem
572 1117 644 1152 quod
660 1116 771 1151 βουτςαι
791 1120 819 1143 et
836 1114 957 1150 βουτζία.
972 1121 1020 1140 vo-

234 1164 329 1191 cahula
342 1163 445 1190 dudum
459 1162 593 1196 explicata
611 1170 626 1189 a
652 1161 783 1193 Meursio,
799 1161 871 1188 dolia
891 1160 1020 1187 videlicet

236 1209 343 1236 vinaria
357 1209 446 1244 lignea
460 1208 587 1239 rotunda,
603 1208 725 1242 qualium
749 1207 854 1242 liquore
870 1213 1019 1234 vacuorum

236 1261 264 1283 et
278 1261 350 1282 Ierra
366 1256 539 1290 oppletorum
563 1263 629 1282 usus
652 1258 694 1281 cst
716 1254 846 1288 frequens
870 1253 897 1280 in
920 1252 1020 1280 subitis

236 1301 484 1332 obvallationibus;
512 1308 581 1335 quas
603 1299 672 1327 Galli
696 1299 777 1326 hodie
801 1299 951 1326 barricades
974 1306 1021 1325 vo-

237 1347 389 1381 cant.quia
413 1346 486 1373 dolia
512 1346 618 1373 vinaria
646 1345 774 1377 barricas,
793 1346 861 1376 sive.
879 1349 908 1372 ιιι
931 1345 1021 1372 solent

238 1392 371 1424 scribere,
389 1392 534 1427 barriques,
548 1392 696 1426 appellant.
710 1392 785 1419 Italis
796 1391 930 1426 ejusmodi
948 1390 1021 1417 dolia

238 1439 308 1465 boue
323 1438 463 1469 dicuntur,
480 1445 547 1465 voce
561 1438 677 1472 propius
708 1437 856 1465 accedente
871 1436 904 1463 ad
922 1443 1020 1463 sonum

237 1485 318 1517 bulzi,
336 1485 416 1519 cujus
437 1484 619 1519 signiﬁcatum
647 1483 754 1511 obtinet
767 1487 795 1510 et
814 1483 928 1510 fortasse
944 1482 1021 1516 origo

237 1535 290 1557 est.

275 1578 399 1610 I‘szirq
411 1577 521 1611 ἀγκών,
536 1585 562 1611 p.
579 1577 655 1605 MJn
670 1577 753 1610 hujus
767 1574 942 1603 enarratione
959 1573 1022 1601 ada-

237 1622 274 1657 gii
296 1623 432 1650 dissident
458 1623 576 1650 invicem
599 1622 770 1657 grammatici
790 1620 935 1648 sententiis
957 1627 1023 1647 con—

239 1668 321 1695 trarie
339 1668 503 1695 commissis.
521 1667 658 1694 Zenobius
671 1672 746 1695 cent.
763 1667 791 1699 2,
810 1675 836 1694 n.
856 1666 900 1696 92,
917 1665 1024 1699 Anony-

240 1720 302 1740 mus
317 1713 480 1740 Vaticanus.
493 1717 566 1740 cent.
583 1713 593 1739 1
613 1721 640 1739 n.
658 1713 702 1740 55.
728 1712 890 1739 Eustathius
905 1711 946 1747 [Ρ.
960 1710 1022 1746 467]

240 1759 272 1785 ad
288 1758 366 1786 Iliad.
384 1768 410 1791 κ,
430 1767 456 1794 p.
472 1759 518 1786 791
531 1759 579 1787 ed.
598 1759 666 1786 Rom
682 1779 689 1791 ,
702 1759 873 1786 contendunt
887 1766 936 1793 per
953 1757 1024 1785 anti-

241 1804 363 1838 phrasim
380 1805 434 1832 dici
448 1805 482 1832 de
498 1813 527 1832 re
548 1805 674 1832 molesta.
695 1804 795 1831 Suidas
811 1809 906 1831 contra
919 1804 1024 1838 judicat

240 1855 313 1877 cent.
329 1850 356 1882 4,
373 1859 401 1878 n.
413 1850 457 1883 94,
473 1851 514 1878 sic
533 1851 605 1877 enim
621 1851 719 1878 scribit
736 1859 742 1877 :
762 1850 867 1881 Γλυκὺς
883 1850 976 1884 ἀγκὼν
993 1850 1024 1876 οὺ

241 1897 302 1923 κατ’
323 1898 509 1935 ἐναντίωτινή
528 1897 673 1931 παροιμία.
704 1897 785 1924 ’Λλλὰ
811 1896 975 1931 βουλόμενος
988 1897 1026 1923 sl-

242 1943 315 1974 πεϊν,
333 1939 354 1976 ᾧ
369 1943 472 1977 γλυκέα
498 1943 551 1978 ἤθη
581 1943 717 1978 ἐχρήσατο
747 1942 858 1969 Πλάτων
872 1942 886 1968 ὸ
903 1941 1024 1976 κωμικὸς

241 1992 272 2015 ἐν
287 1990 325 2024 τῷ
336 1990 436 2017 Φάωνι.
454 1990 544 2025 Γέρων
566 1989 588 2016 δ’
604 1989 677 2024 αὐτῷ
692 1989 837 2016 ὑπόκειται
857 1988 928 2024 ὲρῶν
943 1989 1026 2023 αὑλη-

241 2036 342 2070 τρίδος,
360 2032 381 2070 ᾧ
396 2036 514 2071 χρυσοῦν
531 2036 658 2070 ὰνάδημα
673 2058 677 2061 .
691 2056 698 2062 .
710 2056 733 2063 ..
751 2033 773 2062 ὧ
791 2035 894 2070 γλυκὺς
919 2035 1024 2069 ἀγκών.

242 2082 334 2110 Suidae
356 2083 538 2118 Pachymeres
560 2083 694 2110 accedens
717 2082 824 2110 facilem
855 2082 887 2109 ad
917 2081 1026 2117 quidvis

243 2129 332 2156 cuivis
359 2129 567 2164 gratificandum
597 2129 727 2164 Cczylcni
752 2129 874 2164 episcopi
903 2129 1024 2156 animum

244 2175 295 2202 hac
309 2175 426 2202 formula
438 2175 584 2208 expressit.

279 2221 385 2253 Δεῐεις,
420 2229 448 2255 ιι.
472 2221 534 2248 524.
560 2220 630 2253 Quid
657 2221 694 2247 sit
720 2221 770 2247 hoc
790 2220 850 2247 loco
867 2219 960 2252 δεῖξις.
979 2220 1026 2247 diu

243 2265 367 2300 qumsivi.
385 2265 441 2292 Nec
456 2265 576 2300 vulgaris
591 2265 666 2291 notio
680 2265 845 2292 ostensionis
870 2265 911 2292 vel
935 2270 1026 2292 osten-

246 2312 427 2343 t.ntionis,nec
441 2311 586 2345 peculiaris
597 2317 678 2345 quam
692 2314 767 2337 notat
782 2310 1027 2342 Plutarchus,Con-

245 2357 374 2384 vivah‘um
385 2365 535 2383 sermonum
550 2356 570 2383 1.
580 2363 640 2389 VIII,
649 2360 746 2390 quaest.
757 2356 800 2388 15,
813 2356 914 2383 docens
927 2357 966 2384 sic
978 2364 1027 2383 vo-

245 2404 302 2430 cari
316 2402 436 2437 speciem
460 2406 507 2429 aut
524 2406 629 2437 partem
654 2402 799 2437 quamdam
814 2403 954 2438 ὀρχήσεως
971 2403 1028 2429 sal-

247 2449 422 2480 tu:ioni:,huc
433 2448 580 2483 quidquam
592 2448 861 2484 faciunt.Aliquando
872 2450 1029 2484 suspicabar

248 2495 331 2527 δεῖξιν
345 2499 472 2534 vocatum
485 2503 608 2528 campum
625 2495 770 2530 quemdam
785 2496 973 2523 suburbanum
984 2505 1029 2523 ur-

247 2541 275 2568 ];i
285 2540 474 2575 Adrianopoli,
491 2540 517 2566 in
532 2547 586 2575 qua
597 2545 662 2567 tunc
673 2541 861 2568 divcrsabatur
880 2541 1029 2575 imperator

249 2587 376 2620 Michael,
400 2587 564 2617 exercitum,
590 2591 619 2613 ιιι
641 2586 711 2613 solet
729 2586 798 2618 ﬁeri,
820 2587 846 2613 in
866 2587 964 2613 castris
979 2586 1028 2613 ha-

250 2633 317 2660 bens
329 2632 498 2659 suburbanis
515 2632 575 2658 loco
589 2631 670 2664 δεῖξις
685 2636 781 2658 vocato
799 2632 906 2666 positis,
920 2632 952 2658 ad
968 2639 1029 2666 qua:

248 2687 277 2708 se
292 2680 339 2707 ille
352 2685 408 2706 tum
420 2679 491 2706 forte
509 2677 672 2705 contulisset
688 2686 750 2705 cum
765 2679 906 2705 nuntiatus
922 2682 963 2705 est
981 2678 1027 2705 ad-

248 2732 347 2753 ventus
363 2725 490 2753 Casaris.
510 2724 566 2752 Nec
583 2724 729 2751 abluderet
745 2731 810 2751 usus
830 2723 1030 2758 praepositionis

248 2772 308 2805 ἀνὰ,
327 2780 388 2807 qua:
400 2778 471 2805 saepe
486 2770 631 2806 :equivalet
646 2770 749 2797 Latinae
763 2779 819 2805 per,
836 2775 862 2797 et
878 2771 966 2797 locum
984 2778 1032 2804 pcr

247 2826 328 2853 quem
352 2813 407 2845 itur
423 2818 546 2844 denotat.
565 2816 611 2843 Sic
634 2816 769 2844 Homerus
785 2816 867 2842 habet
887 2816 976 2842 Ὀδυσ.
994 2816 1007 2847 ξ
1023 2824 1029 2842 :

245 2864 336 2899 χιῖιρον
359 2865 398 2891 ἀν’
423 2865 551 2899 ὑλήεντα,
578 2872 624 2898 ρει·
649 2863 730 2890 locutu
758 2863 941 2899 aylrosum,ct
967 2863 1029 2890 alibi

1068 237 1178 267 ptorum
1195 230 1373 257 classicorum
1399 225 1556 255 testimonia
1579 225 1606 252 in
1632 227 1773 259 promptu.
1801 222 1864 249 Sed

1069 277 1149 311 figere
1176 274 1339 302 sententiam
1365 273 1392 300 in
1422 272 1580 306 conjectura
1608 276 1682 296 mera
1708 276 1764 295 non
1793 274 1864 293 sum

1068 330 1162 354 ausus,
1183 321 1272 348 donec
1288 319 1441 347 auctoritas
1455 326 1498 345 me
1520 317 1633 344 doceret
1645 315 1742 342 idonea
1759 314 1863 340 locum

1068 368 1105 395 ita
1131 367 1303 394 nominatum
1328 372 1413 400 prope
1439 362 1646 396 Adrianopolim
1664 361 1758 387 fuisse.
1781 359 1864 386 Illud

1069 411 1097 437 in
1112 410 1165 438 hoc
1184 410 1267 436 dubio
1281 409 1356 444 quod
1371 409 1463 435 minus
1485 406 1704 434 inverisimiliter
1720 411 1866 439 sequerer

1068 464 1097 484 se
1115 464 1202 483 unum
1221 455 1332 488 obtulit,
1352 458 1482 482 novatum
1504 453 1531 480 in
1548 460 1599 479 usu
1615 451 1690 478 vocis
1709 451 1792 484 hujus
1813 449 1865 477 hic

1068 502 1172 537 aliquid
1197 508 1348 536 agnoscere
1372 508 1405 527 ex
1429 499 1614 534 posteriorum
1637 497 1752 524 militari
1768 496 1865 523 disci-

1069 547 1142 582 plina
1173 551 1340 581 temporum.
1366 545 1469 578 Nempe
1488 542 1597 573 Frauci,
1626 542 1673 576 qui
1698 548 1748 575 per
1760 539 1865 566 Asiam

1070 591 1140 618 sacri
1155 590 1220 617 belli
1233 597 1315 617 causa
1331 589 1377 616 diu
1392 588 1588 617 militaverant,
1606 593 1708 613 census
1722 584 1864 616 militum,

1069 637 1164 671 quales
1178 637 1296 663 maxime
1316 634 1512 663 solvendorum
1529 633 1630 667 cuique
1651 631 1862 673 stipendiorum

1069 681 1215 708 occasione
1233 689 1248 707 ιι
1270 681 1340 708 duce
1359 680 1418 714 ipso
1438 685 1566 712 supremo
1576 674 1645 712 'rege
1664 681 1711 703 aut
1735 676 1864 710 impera-

1070 730 1130 752 tore
1154 725 1343 757 celebrantur,
1358 729 1473 751 montres
1491 723 1629 757 hodieque
1650 726 1759 752 vocant,
1774 721 1863 756 quasi

1070 770 1178 797 diceres
1206 771 1375 802 ostensiones,
1407 769 1508 804 quibus
1531 768 1636 795 scilicet
1663 767 1864 801 unusquisque

1070 816 1186 843 militum
1208 816 1241 843 ad
1262 823 1364 843 nomen
1378 815 1479 842 citatus
1495 822 1524 842 se
1543 813 1663 841 ostendit
1677 817 1761 846 atque
1775 812 1863 839 exhi-

1033 852 1055 881 Β
1070 861 1125 888 bet.
1144 861 1314 888 Manifestum
1330 867 1421 887 autem
1435 866 1487 892 est,
1505 860 1527 886 si
1540 860 1601 894 quis
1614 866 1708 886 vocem
1723 857 1863 885 Gallicam

1071 911 1172 933 meum:
1187 906 1282 934 Graeco
1304 906 1439 934 vocabulo
1458 905 1524 932 velit
1552 904 1677 935 reddere,
1701 911 1756 930 non
1779 903 1862 930 aliud

1069 951 1160 986 aptius
1178 956 1349 986 reperturum
1362 951 1443 985 667
1463 950 1574 977 nomine
1591 949 1682 981 δεῖξις.
1696 948 1749 976 Res
1762 952 1862 975 autem

1069 997 1127 1031 ipsa
1141 996 1290 1023 narrationi
1313 996 1453 1030 aptissime
1473 994 1608 1028 congruit.
1627 997 1657 1020 ιιι
1671 993 1791 1025 dicatur,
1808 993 1863 1019 im-

1070 1044 1224 1074 peratorem
1240 1048 1272 1067 ex
1290 1040 1357 1067 urbe
1374 1040 1401 1066 in
1418 1039 1507 1067 vicina
1519 1042 1607 1066 castra
1616 1045 1714 1066 census
1727 1037 1861 1065 militaris

1069 1090 1098 1113 et
1114 1085 1260 1113 solutionis
1277 1085 1478 1120 stipendiorum
1493 1092 1576 1112 causa
1590 1084 1735 1119 prodiisse.
1759 1083 1860 1118 ibique

1070 1138 1211 1167 repertum
1232 1140 1294 1159 cum
1309 1132 1334 1159 ei
1357 1131 1501 1159 nuntiatus
1513 1138 1639 1158 accessus
1653 1130 1687 1157 ad
1700 1138 1763 1157 eum
1789 1130 1859 1156 novi

1070 1181 1113 1203 est
1126 1176 1250 1203 CiuSﬂl‘iS.

1106 1220 1312 1253 Δεφενδεύειγ,
1342 1227 1368 1254 p.
1393 1219 1456 1246 {75.
1481 1218 1657 1253 Δεφενδεὺειν
1695 1217 1777 1253 plane
1805 1225 1860 1253 pro

1072 1264 1149 1297 tueri,
1171 1270 1316 1300 protegere,
1333 1265 1472 1299 defendere
1493 1265 1617 1299 ponitur.
1634 1264 1688 1291 Nec
1710 1263 1862 1298 nune‘pri-

1071 1317 1145 1336 mum
1171 1310 1222 1337 hoc
1251 1310 1365 1337 verbum
1389 1317 1404 1336 e
1429 1309 1509 1336 Latio
1533 1309 1632 1336 transit
1654 1309 1680 1335 in
1703 1308 1858 1336 llelladem.

1071 1353 1174 1382 Glosste
1197 1355 1378 1382 Basilicorum
1393 1354 1584 1389 δεφενδεύεται
1605 1353 1743 1387 explicant
1760 1352 1860 1384 ὲεκου-

1073 1400 1192 1429 σεύετιιι,
1209 1400 1368 1427 ὲχδικεῖται,
1385 1399 1438 1427 Sed
1459 1399 1517 1426 hac
1530 1398 1653 1425 defensio
1663 1397 1804 1432 judicialis
1816 1401 1860 1424 est

1072 1450 1249 1479 patronorum
1275 1449 1322 1473 aut
1341 1446 1537 1473 advocatorum
1564 1452 1627 1472 reos
1647 1443 1856 1476 excusantium,

1073 1496 1120 1519 aut
1135 1492 1168 1519 ab
1181 1491 1215 1518 iis
1227 1491 1342 1518 crimina
1360 1491 1465 1526 objecta
1485 1490 1636 1518 refellendo
1647 1489 1858 1524 depellentium.

1035 1525 1057 1552 Ο
1073 1537 1157 1571 Magis
1165 1536 1218 1563 huc
1229 1536 1292 1564 facit
1303 1525 1468 1564 declaratum
1480 1536 1576 1563 iisdem
1588 1536 1686 1571 glossis
1694 1536 1858 1563 vocabulum

1072 1583 1241 1618 δεςρένσωρες
1256 1583 1282 1609 in
1295 1583 1367 1609 hunc
1381 1583 1491 1610 modum
1508 1592 1514 1609 :
1528 1583 1559 1608 Oi
1578 1581 1648 1617 μετὰ
1657 1582 1717 1613 τοὺς
1731 1582 1858 1616 κουρσῶ-

1074 1636 1122 1663 ρας
1135 1628 1195 1662 ἦτοι
1210 1628 1367 1662 προμάχους
1380 1626 1624 1657 ἐπακολουθοῦντες
1640 1626 1705 1659 πρὸς
1719 1625 1860 1660 ἐκδίκησιν

1074 1673 1174 1700 αὐτῶν.
1195 1673 1287 1701 Utitur
1311 1677 1339 1700 et
1362 1672 1427 1699 alibi
1453 1677 1548 1699 noster
1570 1672 1623 1699 hoc
1646 1671 1741 1703 verbo,
1758 1678 1858 1706 nempe

1074 1717 1094 1744 l.
1114 1725 1152 1750 ιιι,
1171 1725 1197 1745 c.
1214 1717 1246 1744 18
1260 1717 1311 1745 sub
1327 1717 1419 1748 finem.
1435 1717 1475 1744 sic
1490 1717 1615 1745 scribens
1629 1726 1635 1744 :
1651 1718 1706 1742 Καὶ
1729 1717 1784 1750 γὰρ
1810 1716 1857 1743 καὶ

1075 1764 1124 1794 τὰς
1148 1764 1201 1790 τῶν
1227 1763 1334 1790 Ἰταλῶν
1362 1763 1485 1798 (οἰκίας)
1504 1762 1592 1798 χρεὼν
1618 1760 1651 1797 ἦν
1674 1761 1855 1796 δεφενδεύειν.

1077 1808 1181 1836 Etenim
1199 1813 1224 1836 et
1238 1810 1326 1836 domos
1346 1808 1480 1835 Italorum
1507 1809 1644 1843 defendere
1672 1807 1858 1843 imperatorem

1077 1855 1225 1889 oportebat,
1254 1854 1306 1881 hoc
1324 1858 1377 1886 est.
1395 1854 1429 1880 ab
1447 1853 1547 1888 injuria
1575 1858 1648 1880 tutas
1666 1858 1806 1888 pra-stare,
1831 1858 1857 1880 et

1077 1900 1217 1927 vindicare
1232 1899 1254 1927 si
1270 1900 1334 1935 quid
1349 1900 1447 1927 fuisset
1469 1899 1495 1926 in
1512 1907 1559 1927 eas
1574 1904 1669 1926 contra
1684 1900 1729 1934 jus
1743 1899 1856 1926 factum.

1078 1946 1141 1979 Agit
1168 1946 1202 1973 de
1226 1946 1353 1973 domibus
1374 1945 1562 1973 Genuensium
1595 1945 1695 1972 Galata:
1723 1945 1858 1979 permissu

1078 1992 1254 2027 imperatoris
1269 1991 1470 2023 habitantium;
1485 1999 1554 2026 quas
1568 1999 1630 2018 cum
1641 1991 1738 2019 Veneti
1752 1991 1858 2018 ﬂamma

1078 2039 1178 2074 injecta
1204 2038 1403 2071 corrupissent,
1428 2037 1513 2063 multa
1537 2036 1570 2063 iis
1596 2044 1645 2071 per
1666 2036 1858 2070 imperatorem

1079 2086 1179 2113 indicta
1199 2086 1327 2113 damnum
1350 2092 1478 2119 reparare
1494 2087 1558 2111 sunt
1570 2083 1715 2118 compulsi.

1114 2132 1155 2167 [P.
1171 2130 1236 2167 4681
1258 2131 1484 2165 Διακινήσιμος,
1506 2137 1531 2164 p.
1550 2129 1594 2157 50.
1615 2129 1655 2164 Τῇ
1672 2130 1725 2163 γὰρ
1746 2128 1859 2163 δευτέρᾳ

1043 2189 1064 2215 ι)
1079 2177 1224 2212 ὲὸδομάδος
1243 2176 1311 2211 μετὰ
1326 2176 1375 2210 τὴν
1394 2175 1592 2209 haesitatum,
1607 2175 1640 2207 ἣν
1660 2174 1692 2209 δὴ
1714 2174 1760 2200 καὶ
1775 2174 1860 2200 sum.

1081 2225 1195 2258 νήσιμον
1211 2222 1345 2256 λέγουπιν.
1365 2222 1519 2257 Legebatur
1535 2222 1563 2248 in
1580 2229 1630 2248 ms.
1647 2221 1789 2252 mendose,
1803 2220 1859 2254 opi-

1080 2278 1142 2301 nor,
1160 2270 1209 2305 τῆς
1224 2269 1278 2304 γὰρ
1301 2269 1441 2303 δευτέρας,
1465 2268 1543 2302 quasi
1570 2267 1720 2294 referretur
1738 2267 1771 2294 ad
1787 2267 1859 2293 £660-

1082 2315 1174 2349 μάδος.
1191 2315 1267 2348 Quod
1283 2323 1299 2342 a
1314 2319 1390 2341 recto
1412 2314 1523 2341 aberrat
1539 2323 1545 2340 :
1563 2321 1617 2340 non
1637 2313 1710 2339 cnim
1737 2311 1859 2339 meminit

1080 2360 1208 2386 secundae
1222 2359 1375 2394 cujuspiam
1400 2357 1589 2389 hebdomadis,
1606 2356 1654 2384 sed
1676 2356 1750 2383 feria:
1763 2364 1859 2383 secun-

1080 2405 1121 2433 da:
1137 2405 1321 2432 hebdomadis
1332 2404 1483 2434 Paschalis.
1499 2412 1561 2438 qua:
1584 2404 1653 2431 feria
1675 2402 1748 2430 diem
1772 2410 1859 2429 resur-

1080 2452 1212 2478 rectionis
1224 2451 1332 2478 Domitii
1345 2450 1453 2484 ἁμέσιιις
1466 2450 1602 2484 sequitur,
1615 2449 1651 2475 ita
1665 2453 1694 2475 ut
1711 2448 1737 2474 in
1749 2448 1860 2483 δευτέρᾳ

1081 2497 1248 2531 intelligatur
1269 2496 1372 2531 ἡμέρᾳ,
1397 2495 1512 2530 el|dum
1535 2494 1584 2530 τὴν
1606 2495 1792 2528 ἁναστὰσεμον
1813 2501 1859 2527 ap-

1081 2543 1175 2577 pellat,
1196 2550 1250 2569 non
1265 2542 1399 2576 ὲὸδομάδα
1415 2540 1613 2574 subintelligat,
1629 2539 1676 2565 scd
1694 2539 1802 2573 ἡμέραν
1816 2542 1860 2566 aut

1081 2588 1188 2622 ἑορτὴν,
1209 2588 1260 2614 hoc
1280 2592 1322 2614 est
1339 2586 1504 2613 dominicam
1523 2586 1609 2620 ipsam
1636 2585 1757 2616 Pascha»,
1783 2593 1858 2619 quam

1083 2634 1226 2661 Vaticanus
1258 2633 1451 2667 paraphraslcs
1474 2636 1554 2658 vocat
1579 2631 1632 2657 hoc
1647 2630 1707 2656 loco
1727 2630 1858 2663 κυριακὴν

1081 2682 1154 2712 νέαν,
1183 2681 1255 2708 diem
1278 2680 1407 2707 nimirum
1427 2688 1507 2714 quam
1533 2678 1597 2706 fecit
1615 2678 1758 2705 Dominus.
1773 2676 1855 2704 Graeci

1081 2728 1153 2754 enim
1182 2727 1379 2754 hebdomadem
1402 2733 1462 2761 quae
1486 2725 1584 2760 incipit
1606 2732 1621 2751 a
1643 2724 1687 2751 die
1708 2723 1799 2750 statim
1819 2731 1858 2750 se-

1083 2778 1183 2807 quente
1196 2774 1267 2800 diem
1286 2773 1407 2803 Paschau,
1424 2773 1472 2806 τὴν
1487 2771 1679 2805 διακινήσιμον
1694 2775 1856 2803 nuncupant,

1084 2820 1123 2845 uti
1136 2824 1163 2846 et
1174 2827 1233 2845 eam
1249 2827 1309 2852 qua:
1324 2819 1469 2844 inchoatur
1484 2816 1617 2851 postridie
1637 2821 1739 2842 octavae
1754 2815 1857 2842 Pascha:

1083 2866 1224 2892 neminem
1247 2864 1380 2900 ἑϐδομάδα
1404 2864 1450 2890 τίιῦ
1476 2863 1570 2898 Θωμᾶ,
1597 2862 1668 2898 quod
1685 2861 1722 2888 illi
1743 2868 1854 2896 quoque,
