1957 3066
113 177 168 210 729

798 178 1059 209 GLOSSARIUM.

1689 178 1744 209 730

112 241 145 274 ut
163 236 266 270 Latini,
284 237 309 263 in
329 236 411 264 missa
434 243 537 264 octavae
559 237 671 264 Pascha:
688 236 805 264 recitent
823 245 906 264 evan-
922 241 944 270 Α
959 245 991 264 ex
1012 237 1091 271 cquis
1107 235 1208 262 milites
1230 234 1371 270 colligant,
1397 239 1534 267 recreent,
1550 235 1697 270 dcportcnt
1721 237 1750 263 in

112 284 216 319 gelium
235 283 262 310 in
279 291 335 318 quo
348 288 476 310 narratur
500 283 612 310 Thema:
628 283 747 317 apostoli
766 282 906 310 correctio

111 336 141 358 et
170 330 326 363 confessio;
354 330 433 364 cujus
463 329 645 357 hebdomadas
676 329 787 356 Thomas
806 329 833 355 in
856 328 907 356 hac

112 384 225 412 quoque
251 380 345 403 nostra
368 375 488 409 historia
521 375 550 403 fit
571 375 687 406 mentio,
714 375 732 402 l.
755 382 792 406 vr,
810 382 835 401 c.
862 374 905 406 15,

113 427 187 450 recte
205 421 340 456 siquidem
367 420 486 448 Jacobns
510 421 583 449 Goar
599 420 631 448 Ο.
647 421 677 448 Ρ.
694 421 720 448 in
739 419 907 455 Eucliologio

112 477 142 504 p.
166 469 220 496 935
244 469 302 495 haec
333 468 416 495 verba
437 469 470 503 τῇ
501 468 614 503 πέμπτῃ
638 467 687 502 τῆς
715 466 906 500 διακινησὶμου

112 514 199 541 vertit
229 514 295 549 feria
321 515 414 549 quinta
447 517 504 548 post
536 513 648 540 Pascha.
678 513 712 541 Ut
745 517 836 539 autem
852 512 908 539 illic

112 561 228 595 πέμπτη
243 560 351 591 feriant,
366 560 405 587 sic
417 560 468 587 hoc
484 561 544 587 loco
561 559 675 594 δευτέρα
689 567 743 586 non
756 558 908 585 hebdoma-

112 607 189 639 dcm,
204 610 233 633 ut
247 607 350 637 monuiI
366 606 414 634 sed
434 605 613 632 hebdomadis
640 605 712 632 diem
737 604 851 636 indicat,
869 603 908 630 fc-

113 653 185 679 riam
200 652 329 680 videlicet
348 652 509 684 secundam,
526 659 579 686 qua
608 651 692 678 fuerit
714 650 846 680 edictum.
873 649 908 676 de

114 705 170 733 quo
210 698 255 726 hic
280 698 381 733 agitur,
410 698 623 733 promulgatum.
652 697 689 723 Ex
718 696 761 723 his
799 695 908 723 confido

113 745 302 779 apparituram
326 744 520 772 necessitatem
552 744 754 771 emendatiOnis
786 743 839 770 loci
855 742 908 768 liti-

110 791 157 826 jus
178 798 194 817 a
221 798 264 817 me
293 791 380 818 factae.
405 790 531 817 Rcstaret
562 790 728 818 excutienda
760 789 908 816 diversitas

112 836 260 871 scripturae
275 837 302 864 in
315 844 381 864 voce
396 837 598 871 διακινήσιμος,
623 844 704 871 quam
729 835 774 863 alii
802 835 909 861 διακαι-

113 884 241 917 νήσιμος,
271 883 398 910 nonnulli
422 883 505 910 etiam
541 883 738 917 διακενήσιμος
768 881 905 910 scribunt.

113 928 170 955 Nos
183 928 326 955 codicibus
340 928 513 956 adbmremus
528 929 631 956 nostris
643 929 683 956 sic
697 934 867 960 constanter,
879 933 909 956 ut

115 979 358 1010 repratsenlamus,
374 975 572 1003 scribentibus.
586 975 672 1011 idque
687 975 812 1003 sufﬁcere
824 975 909 1010 668

115 1029 194 1048 nunc
213 1021 326 1056 quidem
347 1021 474 1049 ducimus
492 1031 499 1048 :
517 1030 567 1049 nec
589 1023 663 1049 enim
681 1028 760 1049 vacat
774 1026 821 1048 ant
836 1020 906 1048 tanti

113 1073 157 1094 est
175 1068 203 1094 in
228 1067 335 1095 ratione
356 1068 418 1095 talis
439 1068 633 1102 appellationis
646 1072 694 1095 aut
717 1073 809 1103 etymo
832 1067 908 1094 vocis

114 1113 273 1148 indagando
289 1113 455 1140 conﬂictari.

147 1160 333 1191 Διασωσται,
348 1168 376 1194 p.
404 1160 468 1187 507.
494 1160 557 1195 Agit
576 1160 610 1187 dc
634 1159 728 1186 Alanis
745 1159 818 1193 Noga
843 1157 907 1185 sub-

112 1207 180 1238 lato,
207 1205 252 1233 cui
275 1206 471 1237 militaverant.
494 1206 567 1233 ultro
590 1214 618 1234 se
639 1205 822 1233 offerentibus
850 1205 907 1231 An-

111 1252 240 1284 dronico,
263 1252 310 1286 qui
335 1259 383 1279 eos
407 1252 482 1279 velut
503 1251 637 1279 divinitus
664 1252 763 1278 missos
790 1251 905 1285 accepit,

111 1305 249 1325 summam
272 1298 312 1325 eis
337 1298 378 1326 rei
401 1298 528 1325 militaris
551 1298 724 1332 permittens,
749 1297 906 1324 adsciscens

112 1345 140 1370 in
154 1344 248 1371 locum
263 1345 405 1379 copiarum
430 1344 627 1377 Romanarum,
645 1344 714 1371 adeo
737 1349 767 1370 ut
792 1342 906 1371 delectis

112 1399 146 1418 cx
162 1391 217 1418 isto
232 1398 333 1425 genere
347 1391 394 1426 qui
414 1391 539 1425 equitatu
556 1398 668 1425 operam
685 1390 812 1417 navaturi
829 1389 907 1417 vide-

114 1441 223 1467 rentur.
238 1436 377 1463 detractos
393 1437 513 1471 propriis
529 1437 670 1471 equitibus
683 1443 769 1471 equos
784 1435 907 1470 assigna-

114 1483 198 1514 verit,
229 1482 304 1516 ipsos
338 1489 449 1516 quoque
478 1482 616 1509 Romanos
644 1482 742 1509 horum
770 1481 905 1508 Barbaro-

115 1536 175 1554 rum
189 1528 333 1562 obsequiis
350 1527 523 1562 mancipans.
536 1528 603 1555 Nam
625 1535 687 1554 cum
705 1531 779 1554 esset
791 1526 906 1562 jampri-

959 288 1059 310 tntum.
1074 279 1143 309 Tum
1163 282 1196 308 iis
1208 281 1276 308 solvi
1293 281 1416 316 praecipit
1430 289 1479 316 pro
1495 282 1620 316 quolibet
1638 287 1748 308 servato

959 329 1046 356 milite
1060 336 1203 355 nummum
1220 336 1305 354 utinm
1319 347 1326 358 ,
1345 327 1437 362 §vcro
1453 328 1487 354 Si
1500 328 1572 354 idem
1589 327 1642 354 Leo
1660 327 1750 361 impc-

959 381 1000 402 rat
1024 376 1051 401 in
1074 382 1154 401 usum
1177 374 1291 401 istorum
1314 373 1508 408 deputatorum
1526 373 1588 400 addi
1610 373 1748 407 ephippiis

959 422 1121 449 militarium
1143 429 1278 455 equorum
1302 421 1402 447 scalam
1427 420 1561 455 geminam
1584 420 1617 446 ad
1640 421 1746 450 laevam.

959 473 990 496 ut
1004 464 1102 494 harum
1118 467 1203 494 altera
1223 467 1383 501 deputatus,
1401 466 1510 500 quoties
1533 474 1601 500 opus
1617 465 1700 492 fuerit
1714 465 1747 492 ad

959 512 1114 540 subsidium
1132 512 1236 546 equitis
1261 511 1453 545 periclitantis.
1468 511 1591 543 adjuvari
1612 511 1699 545 possit
1714 516 1747 537 au

959 559 1147 588 scandendnm
1164 559 1191 586 in
1213 566 1327 593 equum.
1350 557 1440 584 Verba
1457 557 1558 584 Leonis
1575 562 1639 584 sunt
1656 558 1749 591 εῐιρέ-

960 615 1009 633 που
1025 607 1100 633 ἐστὶν
1110 606 1154 632 ἴνα
1169 606 1182 631 ὁ
1193 605 1342 635 Beato-raise;
1353 605 1403 635 τὰς
1417 604 1465 630 δύο
1477 603 1578 636 σκάλας
1594 605 1632 634 εἰς
1648 604 1678 629 τὸ
1689 605 1750 638 ἀρι-

961 653 1056 688 στερὸν
1074 653 1156 687 μέρος
1169 653 1218 686 τῆς
1232 651 1310 682 σέλας
1327 651 1387 686 ἔχῃ.
1406 650 1489 677 Addit
1504 650 1623 685 denique
1636 649 1748 677 eosdem

960 699 1107 734 deputatos
1123 698 1225 725 dcbcrc
1240 698 1288 724 καὶ
1313 697 1353 728 εἰς
1368 695 1489 731 φλάσκια
1507 696 1580 732 ὕδωρ
1603 695 1750 731 βαστάζειν

959 745 1003 772 διὰ
1017 746 1080 776 τοὺς
1095 744 1225 774 πολλάκις
1239 742 1474 777 λειποουμοῦντας
1488 743 1671 777 τραυματίας,
1696 742 1750 769 cir-

961 792 1100 821 cumferre
1115 799 1214 826 aquam
1230 791 1256 818 in
1270 790 1385 825 lagenis,
1404 790 1476 817 unde
1492 794 1622 817 revocent
1635 789 1669 815 ad
1685 796 1750 816 sen-

960 847 1020 867 sum
1036 839 1145 866 saucios
1158 845 1230 872 saepe
1253 845 1286 864 cx
1310 837 1407 863 dolore
1422 836 1567 862 \‘ttincrum
1584 840 1630 862 aut
1642 835 1750 869 jactura

960 885 1102 921 sanguinis
1119 884 1273 919 deliquium
1289 883 1438 917 patientes.
1458 882 1553 909 Obiter
1575 882 1693 908 observo
1716 888 1750 907 cx

960 931 1095 958 hactenus
1108 930 1202 957 rclatis
1217 938 1224 956 :
1241 929 1315 963 quod
1331 928 1358 955 hi
1376 928 1494 962 deputati
1510 926 1610 953 Leonis
1630 927 1750 960 impera-

960 977 1028 1004 toris
1043 980 1179 1011 tempere,
1202 979 1231 1002 ut
1246 974 1306 1009 ipse
1323 977 1452 1002 testatur.
1471 972 1604 998 scribones
1619 970 1751 998 diceban-

960 1027 1015 1054 tur,
1033 1031 1095 1058 quaa
1107 1022 1195 1049 afﬁnis
1213 1021 1334 1048 notionis
1347 1028 1399 1047 vox
1414 1024 1457 1047 cst
1474 1019 1608 1050 actuario,
1625 1017 1693 1044 satis
1705 1016 1750 1043 in-

959 1069 1031 1096 dicat
1049 1074 1077 1096 et
1096 1069 1146 1095 hos
1166 1068 1250 1103 669
1268 1076 1301 1095 ex
1324 1067 1511 1094 actuariorunt
1526 1072 1626 1100 genere
1651 1064 1748 1093 fuisse.

958 1115 1005 1150 qui
1023 1114 1115 1145 multi.
1131 1118 1211 1148 prout
1224 1113 1396 1140 ostendimus
1416 1113 1442 1139 in
1459 1119 1491 1139 ea
1508 1119 1576 1138 voce
1591 1111 1679 1144 primo
1695 1116 1744 1135 no-

958 1167 1017 1189 stro
1035 1161 1187 1192 Glossario,
1205 1164 1294 1187 castra
1315 1159 1380 1186 olim
1404 1159 1526 1186 ltomsna
1550 1156 1747 1191 sequebamur.

958 1209 996 1235 Ac
1014 1208 1086 1242 quod
1109 1207 1147 1234 ibi
1167 1206 1289 1234 diximus
1314 1205 1436 1232 medicos
1459 1212 1580 1238 quoque,
1604 1203 1749 1235 chirurgos

957 1257 986 1280 et
1000 1253 1166 1287 νοσοκόμους
1184 1252 1328 1279 universos
1348 1259 1382 1279 eo
1407 1250 1541 1278 vocabulo
1564 1249 1667 1284 pariter
1683 1255 1749 1274 cen-

957 1298 1024 1331 seri,
1042 1298 1187 1326 conﬁrmat
1202 1298 1258 1325 Leo
1273 1297 1345 1325 idem
1358 1297 1498 1332 Augustus
1515 1295 1610 1324 Const.
1628 1296 1654 1325 5,
1672 1294 1685 1329 §
1703 1294 1747 1326 15,

957 1345 1022 1371 dum
1037 1345 1081 1371 his
1105 1344 1266 1374 δεποτάτοις
1291 1343 1464 1370 medicorum
1483 1346 1574 1376 partes
1601 1340 1676 1367 clare
1699 1338 1748 1366 tri-

959 1390 1032 1422 buit,
1051 1391 1092 1417 sic
1106 1390 1139 1416 de
1153 1390 1207 1416 illis
1223 1389 1350 1416 scribens
1366 1398 1372 1416 :
1390 1387 1496 1419 Οἵῑινες
1512 1385 1749 1421 παρακολουθοῦν-

956 1445 1002 1468 τες
1020 1437 1052 1471 τῇ
1074 1435 1225 1470 παρατάξει
1249 1437 1312 1466 τοὺς
1329 1436 1357 1461 ἐν
1376 1436 1409 1469 τῇ
1424 1434 1496 1469 μάχῃ
1513 1432 1685 1467 τραυματίας
1706 1439 1751 1465 γι-

956 1481 1327 1518 νομένουςἀναλαμϐάνονται
1345 1481 1382 1512 ὡς
1398 1480 1485 1515 ἰατροὶ
1502 1480 1550 1506 καὶ
1575 1487 1675 1513 περιτιο
1687 1477 1750 1504 οὖνο

955 1537 1011 1555 ται.
1033 1527 1102 1554 llinc
1126 1527 1192 1554 istos
1216 1527 1268 1554 hoc
1288 1527 1350 1553 loco
1376 1532 1468 1553 uoster
1486 1530 1564 1552 vocat
1580 1524 1745 1554 διασωστάς,

113 1575 176 1600 dem
197 1574 224 1600 in
239 1573 371 1601 Orientali
387 1574 511 1609 equestri
525 1573 624 1601 militia
642 1573 775 1601 usitatum
789 1577 820 1600 ut
830 1577 904 1600 cata-
917 1582 939 1611 ο
956 1568 1115 1604 servatores.
1125 1579 1171 1600 seu
1180 1573 1336 1599 δεποτάτων
1347 1579 1443 1599 vocem
1453 1571 1591 1602 usitatam,
1601 1569 1672 1604 quod
1684 1569 1749 1596 alic-

113 1619 238 1654 phractis
258 1619 400 1654 equitibus
417 1620 546 1647 adessent
563 1620 589 1646 in
613 1619 714 1654 prmliis
731 1619 843 1654 quidam
859 1626 906 1653 pe-

113 1666 195 1697 dites,
215 1666 262 1700 qui
277 1673 335 1699 eos,
352 1667 374 1693 si
387 1664 470 1699 forte,
482 1667 643 1694 vulneratos
653 1670 700 1693 aut
714 1666 768 1693 alio
782 1673 846 1693 casu
859 1672 906 1700 pe-

115 1712 268 1739 riclitantes
281 1713 412 1748 jnvarent
426 1717 637 1748 servarentque.
654 1713 722 1740 tales
738 1713 798 1740 istis
821 1711 905 1739 mini-

113 1762 203 1785 strare
219 1758 345 1786 homines
371 1759 509 1786 Romanos
533 1760 624 1795 jussit.
646 1759 701 1786 Hoc
718 1767 806 1792 genus
821 1765 903 1794 eque-

115 1801 215 1831 slrium
235 1804 426 1832 ministrorum
451 1810 547 1833 noster
571 1805 625 1833 hoc
652 1806 711 1833 loco
739 1805 904 1837 διασωστάς,

113 1851 192 1886 quasi
208 1850 282 1878 dicat
300 1856 510 1882 conservatores.
532 1856 622 1879 vocat.
655 1852 828 1883 Δεποτάτους
846 1851 904 1879 sive

111 1896 306 1928 ὀιαπωτάτους
334 1897 520 1932 appellaverat
549 1897 701 1925 Mauricius
726 1897 860 1924 recitatus
888 1903 904 1923 a

113 1942 233 1977 Rigaltio
250 1943 276 1969 in
292 1942 443 1975 Glossario,
465 1942 505 1970 sic
519 1943 650 1971 continuo
673 1950 769 1978 eorum
784 1942 904 1970 ofﬁcium

111 1987 276 2015 describens
302 1997 310 2015 :
337 1989 368 2015 Oi
393 1987 664 2023 παρακολουθοῦντες
694 1990 727 2024 τῇ
754 1988 830 2021 τάξει
856 1987 905 2014 καὶ

113 2034 177 2065 τοὺς
199 2034 229 2060 ὲν
251 2035 285 2069 νῇ
311 2035 385 2070 μάχῃ
407 2035 580 2069 τραυματίας
595 2034 759 2068 γενομένους
775 2033 905 2068 ἀνακομι-

112 2079 208 2111 (om;
219 2088 247 2105 τε
264 2080 312 2106 καὶ
331 2079 568 2114 περιποιούμενοι.
590 2079 721 2114 Adiungit
743 2079 788 2106 hic
812 2078 906 2106 erudi-

113 2125 239 2152 tissimus
254 2124 389 2159 Rigaltius
409 2124 468 2152 loca
490 2124 565 2152 varia
586 2124 820 2152 Constitutionum
836 2123 905 2151 Leo-

112 2172 155 2198 nis
167 2171 203 2198 de
220 2171 273 2198 hoc
296 2179 395 2207 genere
416 2171 648 2199 subsidiariorum
665 2171 750 2198 multa
764 2170 903 2199 docentia.

112 2217 219 2243 [lorum
233 2216 260 2243 in
274 2224 329 2244 uno
341 2225 374 2243 ex
390 2217 509 2244 Constit.
523 2217 576 2252 3,§
591 2217 633 2250 15,
653 2217 756 2244 dicitur
771 2218 838 2245 istos
858 2225 904 2244 as-

960 1628 1002 1646 nze
1017 1623 1091 1647 esset
1105 1618 1232 1654 originis,
1248 1626 1313 1645 vere
1335 1617 1430 1645 Gratoa
1444 1621 1566 1647 mutans,
1589 1621 1619 1642 ut
1637 1616 1706 1642 solet
1720 1615 1748 1642 in

959 1665 1120 1694 nominibus
1154 1665 1290 1693 mensium
1320 1669 1349 1691 ct
1383 1663 1579 1691 occasionibus
1611 1661 1750 1689 similibus

960 1713 1043 1749 (nam
1066 1716 1094 1739 et
1120 1719 1189 1746 quas
1213 1710 1316 1742 σκάλας
1342 1710 1424 1737 modo
1453 1705 1593 1743 descripto
1609 1708 1670 1735 loco
1693 1707 1750 1734 Leo

960 1760 1113 1795 imperator
1131 1758 1212 1790 dixit,
1235 1758 1361 1792 stapedas
1381 1756 1541 1791 designans,
1567 1755 1750 1790 Pachymeres

959 1805 1016 1833 vol;
1030 1805 1051 1836 Ι,
1065 1813 1093 1840 p.
1106 1804 1170 1834 411,
1191 1803 1328 1838 κλίμακας
1340 1802 1437 1830 maluit
1453 1801 1568 1835 dicere).
1594 1801 1652 1828 sive
1673 1799 1746 1834 quod

958 1851 1031 1879 forte
1057 1856 1124 1877 tunc
1150 1849 1191 1877 sic
1209 1857 1275 1877 usus
1298 1849 1470 1880 invaluissel,
1495 1852 1525 1874 ut
1544 1847 1590 1882 qui
1606 1846 1749 1873 δεποτάτοι

958 1897 1089 1932 appellati
1105 1897 1227 1927 fuerant,
1255 1901 1313 1922 tum
1337 1896 1418 1930 vulgo
1441 1895 1569 1922 audirent
1586 1893 1748 1919 διασωσταί.

964 1945 1100 1972 Caeterum
1125 1943 1176 1970 hos
1188 1942 1342 1973 διασωστάς
1355 1942 1452 1969 solitos
1475 1941 1572 1972 fuisse,
1586 1939 1684 1967 saltem
1698 1938 1749 1966 Pa-

958 1991 1097 2026 chymeris
1119 1994 1254 2024 tempore,
1276 1987 1417 2016 interdum
1439 1987 1539 2014 armari
1560 1985 1748 2014 etmilitarem

958 2041 1089 2072 praestare
1102 2042 1214 2070 operam
1230 2039 1289 2061 tuto
1310 2033 1483 2061 deducendis
1497 2041 1546 2068 per
1558 2034 1615 2060 vias
1635 2032 1749 2064 infestas

957 2082 1120 2114 viatoribus,
1138 2081 1219 2108 docet
1234 2088 1284 2107 nos
1301 2080 1378 2107 locus
1391 2087 1424 2107 ex
1446 2088 1473 2115 p.
1492 2080 1543 2107 L29
1562 2080 1645 2115 hujus
1659 2079 1748 2106 histo-

957 2128 1016 2160 τίω,
1031 2127 1079 2154 ubi
1093 2126 1214 2154 refertur
1226 2125 1405 2153 Bontzcrium
1421 2133 1548 2161 magnum
1561 2125 1670 2157 ducem,
1684 2132 1747 2151 cum

957 2173 1094 2208 Magnesia
1118 2171 1386 2206 Constantinopolim
1411 2171 1620 2199 Cannaburinm
1651 2178 1748 2205 quam

958 2221 1021 2249 dam
1042 2221 1172 2252 mitteret.
1200 2219 1341 2251 Nostongo
1362 2220 1513 2255 provincia:
1537 2220 1594 2246 illic
1618 2219 1748 2254 praefecto

111 2262 200 2289 seclas
215 2262 396 2297 ctadjutores
412 2264 535 2297 equitum
555 2263 619 2289 olim
642 2263 781 2298 deputatas
800 2263 900 2297 dictos,
920 2265 941 2293 D
960 2267 1107 2295 mandasse
1129 2271 1160 2294 ut
1178 2267 1203 2294 ei
1221 2265 1374 2297 διασωστάς
1395 2274 1411 2294 e
1437 2266 1496 2294 suis
1518 2266 1606 2302 copiis
1622 2266 1749 2292 comites

111 2309 216 2336 Leonis
234 2308 348 2344 Augusti
368 2313 491 2344 tempore
516 2309 649 2344 appellari
672 2310 769 2337 solitos
786 2310 904 2346 ακριόω-

110 2365 172 2388 νας,
188 2356 328 2383 scribones.
344 2356 373 2383 In
393 2356 481 2383 altero
503 2365 537 2383 ex
548 2357 665 2385 Constit.
683 2357 726 2388 l2.
744 2357 815 2392 s52,
839 2362 905 2384 noto

111 2403 231 2436 glossam
256 2402 338 2435 hanc,
362 2403 425 2434 τοὺς
450 2402 615 2438 λεγομένους
631 2403 809 2437 δεποτάτιυς,
832 2403 905 2430 τοῦτ’

110 2448 171 2474 ἔστι
190 2447 255 2479 τοῦξ
269 2448 439 2483 ἐπιμελητὰς
462 2449 517 2475 τῶν
537 2450 804 2485 τραυματιζομένων
821 2458 906 2485 στρα-

111 2493 230 2521 ττωτῶν.
249 2493 408 2521 Praescribit
429 2494 561 2529 deinceps
585 2494 686 2522 ibidem
703 2495 759 2523 Leo
777 2496 904 2531 quaedam

110 2540 185 2567 circa
200 2547 346 2567 numerum
363 2544 391 2568 et
413 2540 550 2568 delectum
576 2540 676 2568 horum
698 2541 904 2576 deputatorum,

109 2585 213 2620 jubens
230 2585 362 2612 constitui
382 2585 415 2613 ad
436 2594 517 2613 omne
543 2587 648 2621 signum
667 2587 772 2622 {Graece
797 2587 904 2622 βάνδοιι,

112 2639 213 2667 nempe
229 2637 347 2659 turmam
363 2637 409 2659 aut
422 2633 493 2660 alam
508 2633 634 2667 equitum
658 2633 709 2660 sub
725 2641 780 2660 uno
804 2633 904 2661 vexillo

111 2679 291 2710 merentium.
304 2679 401 2713 quales
412 2679 480 2706 Galli
495 2684 626 2706 cornettes
644 2682 751 2714 v0cant)
774 2685 836 2707 octo
858 2685 905 2708 aut

112 2725 145 2762 [P
172 2724 238 2761 469]
253 2725 348 2752 decem
368 2733 402 2752 ex
429 2725 624 2760 deputatorum
650 2726 747 2753 ordine
768 2726 904 2762 ἐλαφροὺς

109 2773 158 2799 καὶ
189 2771 308 2806 γοργοὺς
335 2771 399 2797 ἄνευ
426 2771 526 2804 ὃπλων,
546 2771 629 2807 agiles
654 2778 677 2799 et
703 2776 824 2800 strenuos
850 2775 905 2801 sine

109 2819 203 2850 armis,
219 2818 266 2852 qui
282 2818 403 2845 debeant
420 2823 524 2846 turmas
539 2819 641 2854 quibus
654 2819 808 2847 inserviunt
821 2820 905 2848 inter-

108 2865 183 2891 vallo
203 2869 315 2892 centum
334 2864 433 2898 pedum
452 2869 527 2891 retro
553 2865 673 2901 insequi,
697 2871 726 2893 ut
749 2865 776 2893 in
803 2867 904 2901 prtciiis

109 2911 269 2944 periculose
282 2910 391 2938 saucios
410 2915 456 2937 aut
475 2919 640 2946 quocunque
664 2920 726 2940 casu
745 2911 903 2940 dclabcntcs

956 2313 1048 2346 daret,
1075 2320 1195 2348 quorum
1219 2316 1296 2340 tutus
1320 2312 1450 2347 prasidio
1474 2320 1571 2340 secure
1598 2312 1651 2339 iter
1674 2311 1748 2339 istud

956 2359 1107 2387 conﬁceret
1135 2368 1143 2388 ς
1172 2359 1285 2395 Πέμπει
1308 2358 1377 2394 πρὸς
1401 2358 1446 2385 τὸν
1473 2358 1629 2392 Mum-{av
1645 2366 1749 2392 παρεγ-

956 2406 1031 2440 γυῶν
1054 2405 1190 2433 ἰκανῶσαι
1217 2405 1384 2436 διασωσταῖς
1411 2405 1444 2431 ὲκ
1467 2404 1515 2431 τοῦ
1547 2402 1747 2440 στρατιωτικοῦ

957 2452 1002 2478 τὶν
1020 2450 1268 2485 ἁποστελλόμενον.
1282 2449 1422 2485 Additqne
1438 2457 1503 2477 mox
1526 2449 1676 2477 historicus
1690 2448 1747 2476 Νο-

956 2502 1088 2531 stnngnm
1112 2495 1259 2524 ostendere
1280 2495 1455 2523 all‘ectantem
1481 2495 1626 2523 abundans
1649 2495 1750 2530 gratiﬁ-

956 2543 1114 2571 candiduci
1135 2550 1234 2578 ntagno
1255 2542 1390 2576 studium,
1416 2542 1478 2578 plus
1500 2551 1583 2577 quatit
1600 2542 1748 2577 rogabatur

956 2590 1054 2617 fecisse
1070 2597 1077 2618 :
1096 2589 1218 2617 obivisse
1240 2589 1314 2617 enim
1332 2588 1421 2623 ipsum
1445 2597 1508 2616 cum
1532 2589 1591 2616 suis
1607 2587 1748 2623 praetoria-

956 2635 1000 2663 nis
1021 2635 1048 2663 id
1069 2627 1200 2668 officium,
1228 2639 1256 2662 et
1279 2635 1487 2663 Cannaburiuin
1511 2636 1541 2662 in
1567 2634 1663 2661 urbem
1686 2641 1749 2668 pcr-

956 2681 1067 2709 duxisse

992 2727 1215 2761 Διειὶμϐουλεν,
1233 2735 1294 2763 pag.
1318 2727 1380 2755 £86.
1399 2727 1470 2760 Quid
1486 2727 1594 2754 dicatur
1617 2725 1670 2752 hoc
1686 2725 1749 2752 loco

955 2774 1152 2809 διῦάμϐουλον,
1170 2775 1364 2808 dibambulum,
1378 2783 1411 2803 eo
1437 2775 1506 2802 mihi
1525 2773 1687 2809 diligentius
1704 2776 1747 2799 est

956 2821 1155 2856 quaerendum,
1179 2830 1234 2857 quo
1259 2822 1483 2850 doctissimorum
1509 2821 1651 2848 hominum
1667 2819 1748 2846 edita:

957 2868 1090 2895 hactenus
1115 2868 1150 2895 de
1180 2868 1263 2904 hujus
1279 2869 1404 2896 vocabuli
1423 2868 1534 2895 notione
1561 2866 1703 2894 sententia:
1730 2874 1748 2894 ει

956 2922 1022 2942 vero
1037 2914 1165 2943 aberrare
1191 2915 1234 2942 vel
1258 2922 1292 2943 ex
1313 2914 1364 2942 hoc
1381 2914 1440 2949 ipso
1461 2913 1585 2942 historici
1602 2912 1687 2940 nostri
1706 2916 1748 2938 tc-
