1957 3066
222 168 274 202 731

684 169 717 200 P.
738 168 890 200 POSSINI
910 168 1234 200 OBSERVATIONUM
1255 172 1326 202 LIB.
1349 172 1374 202 Ι.

1794 173 1849 206 732

222 227 355 255 stimonio
373 226 516 254 manifeste
531 225 789 261 deprehenduntur.
800 225 1050 271 Eruditissimus}
1063 226 1125 258 mis,
1145 226 1184 254 sic
1208 227 1234 254 in
1253 228 1305 255 hoc
1319 236 1334 255 a
1350 228 1450 255 Graeca:
1464 228 1560 256 usibus
1576 229 1758 265 discrepasse.
1776 232 1849 259 San-

175 272 180 276 ”
222 273 343 302 Jacobus
363 274 503 301 Pontanus
531 277 626 300 noster
653 272 681 298 in
709 271 823 303 Latina,
847 279 928 306 quam
952 272 1011 298 sine

223 319 318 347 Gra:co
332 324 461 347 contextu
475 320 559 347 solam
571 318 669 351 edidit,
686 318 913 352 interpretatione
923 317 1012 344 Chro-

224 366 279 392 nici
300 365 410 401 Georgii
431 365 575 393 Phrautzis
594 364 812 400 protevestiarii,
825 364 875 391 lib.
894 371 933 395 Ill,
949 371 1009 398 cap.

225 412 269 444 19,
295 419 356 447 pag.
377 412 426 438 197
443 411 488 438 ed.
508 411 659 446 lngolstadt
694 419 758 438 ann.
783 411 868 442 1604.
889 410 1012 437 referens

225 458 309 484 ritum
338 465 393 492 quo
425 457 582 490 patriarcha
606 456 932 492 Constantinopolitauus
952 455 1013 490 ejus

224 503 368 537 dignitatis
387 503 458 530 inire
486 503 688 537 possessionem
713 507 772 531 erat
805 503 914 534 solitus,
940 501 1013 529 inter

225 548 278 576 alia
296 549 353 576 hate
373 548 456 576 habet
480 548 657 576 :Secundum
688 550 743 576 Ιιωο
771 548 924 584 patriarcha
952 555 1012 573 cum

225 594 394 629 lampadibus
425 594 461 621 ad
486 595 631 622 diababula
644 596 698 622 sive
713 596 814 622 atrium
830 593 1010 620 descendebat.

224 640 264 668 Ita
283 641 330 668 ibi.
350 641 434 668 Recte
458 649 551 675 porro,
569 646 599 668 ut
612 642 721 676 opinor,
741 641 877 668 Meursius
890 640 917 667 in
934 639 1011 667 Glos-

223 687 300 715 sario
323 687 408 714 verbo
424 687 597 722 Διδάμὸυλον
609 708 617 720 ,
636 692 664 715 et
686 694 720 714 ex
739 695 772 715 eo
787 685 871 713 verba
891 686 948 720 ipsa
965 685 1013 712 de-

224 733 351 762 scribens
363 735 477 762 Mathias
491 734 636 762 Martinius
653 734 680 761 in
702 741 753 762 suo
773 734 872 761 Lexico
891 732 1012 760 Philolo-

223 779 286 815 gico
300 780 386 808 verbo
408 780 644 808 Monobambulum
667 788 719 816 pro
737 780 879 807 diababula
904 779 1012 807 dibam-

224 824 289 852 bula
319 824 366 852 illo
393 825 535 853 Phrantzaa
560 825 622 853 loco
651 825 767 853 rescribi
784 825 886 852 debere
900 829 1013 859 putave-

224 874 301 897 runt.
317 869 359 905 [P.
373 869 437 906 470]
453 869 512 897 Non
528 875 602 897 recte
616 875 720 902 autem,
731 873 865 904 quantum
881 868 1010 900 arbitror,

224 916 359 951 glossema
375 916 460 949 illud,
484 916 538 943 sive
561 916 674 949 atrium,
698 923 748 951 pro
771 922 837 943 vera
854 914 930 942 vocis
953 914 1013 949 ejus
1029 904 1048 931 Β

223 962 397 997 expositione
413 966 589 997 receperunt.
610 961 655 990 Sic
670 961 745 989 enim
760 966 876 996 uterque
894 960 1011 988 scribit:

224 1008 443 1043 Μονοὸάμσυλον
455 1008 568 1043 simplex
580 1008 703 1035 conclaue
720 1008 816 1043 palatii
833 1007 969 1038 secretius,
986 1006 1013 1033 in

222 1061 275 1088 qua
287 1048 498 1089 congregabatur
511 1054 596 1081 clerus
610 1050 791 1089 patriarcham
803 1061 900 1080 nouum
915 1051 1014 1079 electu-

223 1107 279 1126 rus.
295 1099 411 1127 Codinus
429 1101 485 1135 ejus
501 1100 621 1127 meminit
638 1108 647 1127 :
665 1099 770 1135 6670
783 1098 910 1134 δεύτερος
923 1097 1014 1124 besid-

226 1153 283 1179 ριος
298 1145 409 1180 κρατῶν
427 1146 456 1172 τὸ
473 1145 690 1181 μονοϐάμῧυλον.
703 1145 770 1172 Ante
787 1145 834 1172 hoc
851 1148 909 1171 erat
927 1143 1011 1177 aliud,

225 1194 252 1221 in
269 1192 340 1226 quod
354 1192 503 1226 promiscue
525 1191 711 1218 conveniebant
727 1198 814 1218 omnes
828 1191 872 1226 qui
890 1193 1014 1225 cuperent

223 1241 291 1267 scire
307 1246 384 1273 quem
395 1238 481 1264 clerus
497 1237 679 1272 patriarclmni
696 1241 831 1267 creasset;
850 1239 875 1262 et
891 1234 958 1262 illud
975 1235 1015 1261 δι-

225 1284 365 1320 σὰμῦυλον
385 1283 532 1310 dicebatur.
545 1283 583 1310 ita
598 1283 637 1310 illi
653 1282 751 1316 ambo;
770 1286 798 1310 et
817 1282 870 1310 hoc
883 1282 1013 1309 continue

225 1331 345 1366 probant
360 1330 478 1365 prolato,
507 1337 589 1364 quem
604 1336 687 1363 supra
703 1327 850 1363 descripsi,
867 1327 1013 1355 Phrantzae

225 1379 274 1403 aut
299 1376 390 1410 potius
415 1375 532 1402 Pontani
555 1374 628 1401 loco.
656 1373 710 1401 Sed
734 1373 762 1400 in
783 1373 837 1401 hoc
861 1377 1012 1408 utrumque

223 1421 280 1449 falli
296 1429 351 1448 non
372 1420 544 1451 dillitcbitur,
558 1419 605 1454 qui
631 1417 782 1446 attenderit
797 1426 880 1453 quam
895 1417 1012 1445 ridicule

223 1467 364 1495 diceretur
380 1473 395 1493 a
413 1465 520 1493 Codino
543 1465 669 1500 δεύτερος
691 1464 830 1499 ὀστιάριος
856 1464 967 1498 κρατῶν
982 1464 1012 1489 τὺ

224 1511 442 1548 μονοὸάμΰυλον,
455 1511 584 1538 secundus
605 1511 729 1537 ostiarius
749 1517 831 1537 manu
847 1508 942 1536 tenens
955 1509 1011 1536 Mo—

1062 277 1122 300 ctus
1149 273 1304 301 Bernardus
1334 282 1416 302 serm.
1445 274 1470 301 in
1497 274 1580 302 C(ena
1608 276 1715 303 Domini
1737 284 1744 303 :
1763 277 1852 305 Varia

1062 324 1133 352 sunt,
1159 321 1259 355 inquit,
1284 322 1449 349 inveslilurw
1476 322 1617 349 secundum
1649 331 1680 350 ea
1701 323 1732 350 de
1755 325 1851 358 quibus

1062 369 1226 395 invenimur.
1257 368 1331 396 Verbi
1357 370 1446 404 gratia
1471 370 1611 396 invenitur
1637 371 1779 398 canonicus
1805 380 1853 405 per

1063 413 1170 448 librum,
1190 415 1269 442 abbas
1299 423 1346 450 per
1367 415 1501 448 baculum,
1520 416 1652 450 cpiscopus
1669 424 1715 450 per
1725 415 1852 443 baculum

1063 465 1086 487 et
1113 460 1243 488 annulum
1272 461 1363 488 simul.
1389 461 1429 488 Ita
1455 461 1511 488 ille.
1529 461 1652 488 Ecclesia
1676 461 1769 489 Grzeca
1794 462 1852 489 duo

1062 506 1174 541 quidem
1201 510 1229 533 et
1250 507 1308 542 ipsa
1331 507 1501 541 coniunctim
1525 507 1652 534 adhibuit
1680 507 1804 542 symbola
1823 508 1852 535 in

1062 552 1229 580 conferenda
1254 553 1350 580 electis
1371 552 1528 588 pastoribus
1543 557 1571 580 et
1590 553 1699 588 sponsis
1717 554 1856 581 ecclesia-

1063 605 1124 624 rum
1144 597 1310 633 episcopalis
1324 598 1497 633 possessione
1518 598 1673 633 dignitatis,
1689 607 1751 633 quae
1769 599 1853 626 simi-

1062 643 1127 671 liter
1144 644 1346 678 responderent
1361 644 1470 672 duobus
1485 646 1647 672 memoratis
1660 645 1748 672 titulis
1762 650 1854 680 pasto-

1063 691 1099 717 ris
1120 695 1148 718 et
1167 692 1268 726 sponsi.
1293 692 1329 718 At
1357 691 1385 718 in
1413 694 1502 727 primo
1516 691 1651 719 duntaxat
1666 700 1728 720 cum
1745 692 1854 719 Latinis

1063 736 1150 764 (ἔτωεί
1162 737 1373 770 convenientes,
1389 737 1417 764 in
1438 738 1585 773 posteriori
1601 738 1755 772 lampadem
1768 745 1855 773 spon-

1063 783 1101 811 sis
1121 784 1242 819 praeferri
1258 784 1365 811 solitam
1380 792 1415 812 ex
1427 784 1584 819 evangelica
1602 784 1733 819 parabola
1749 789 1778 812 et
1799 793 1852 812 usu

1063 829 1244 858 Orientalium
1271 831 1425 863 nationum,
1440 830 1475 857 ad
1496 830 1647 865 nuptialem
1659 831 1853 858 ceremoniam

1063 877 1386 908 accommodatissimam,
1412 876 1516 904 annulo
1541 876 1744 911 praetulerunt,
1769 884 1854 910 quem

1066 925 1156 949 tamen
1171 921 1356 950 Occidentalis
1372 921 1405 949 ad
1420 922 1445 948 id
1462 920 1556 956 potius
1577 920 1705 948 adhibuit
1716 921 1853 952 Ecclesia,

1064 972 1095 995 ut
1109 967 1234 1003 populari
1252 967 1323 995 forte
1348 968 1471 1003 gentium
1487 967 1684 1001 Europmarum
1704 967 1774 994 mori
1788 975 1856 994 con-

1064 1013 1209 1048 gruentius
1222 1013 1375 1048 coniugalis
1393 1012 1606 1040 necessitudinis
1623 1012 1742 1047 signum.
1761 1011 1851 1045 Quid-

1064 1059 1131 1094 quid
1151 1067 1233 1094 porro
1247 1059 1320 1087 circa
1341 1059 1394 1087 hoc
1420 1061 1448 1086 in
1472 1059 1673 1087 consuetudine
1690 1058 1853 1086 Latinorum

1064 1104 1158 1136 fuerit,
1174 1105 1290 1132 Asianos
1308 1104 1420 1139 quidem
1435 1105 1581 1139 episcopos
1604 1104 1736 1138 lampadis
1756 1104 1855 1139 praela-

1065 1151 1139 1178 tione
1154 1150 1312 1186 auspicatos
1324 1151 1404 1186 671
1423 1151 1597 1186 dignitatem,
1612 1155 1798 1186 praeterquam
1813 1151 1855 1177 in-

1064 1195 1158 1222 dicant
1182 1203 1243 1230 quae
1272 1195 1340 1223 alias
1369 1195 1462 1223 notavi
1490 1195 1720 1223 Observationibus
1746 1196 1804 1223 vol.
1831 1195 1853 1227 ἰ,

1064 1246 1092 1273 p.
1117 1239 1180 1272 638,
1197 1240 1280 1267 etiam
1299 1240 1400 1267 astruit
1419 1239 1517 1268 Codini
1535 1241 1614 1268 locus
1632 1241 1665 1268 de
1679 1240 1776 1276 Ofﬁciis
1790 1248 1817 1268 e.
1839 1241 1850 1268 l

1063 1284 1092 1312 in
1119 1290 1194 1313 sexta
1223 1286 1364 1317 Pentade.
1385 1286 1433 1313 ubi
1456 1294 1541 1322 agens
1563 1286 1597 1314 de
1628 1286 1855 1315 ordinationibus

1062 1331 1255 1366 episcoporum
1276 1332 1367 1359 solitis
1378 1339 1393 1359 a
1409 1332 1563 1367 patriarcha
1576 1332 1709 1360 celebrari
1725 1332 1764 1368 (id
1778 1332 1854 1360 enim

1063 1375 1186 1404 indicant
1200 1377 1245 1404 illa
1268 1377 1328 1413 ejus
1343 1378 1427 1405 verba
1444 1378 1484 1409 εἰς
1503 1377 1552 1409 τὰς
1569 1382 1749 1413 χειροτονίας.
1762 1378 1856 1414 expli-

1062 1422 1151 1449 cantia
1171 1423 1235 1457 quid
1255 1424 1359 1458 primus
1370 1429 1398 1452 et
1421 1424 1561 1452 secundus
1589 1424 1721 1452 ostiarius
1741 1425 1850 1459 proprii

1063 1467 1115 1494 sibi
1132 1468 1249 1502 quisque
1272 1469 1419 1497 ministerii
1445 1473 1554 1504 gereret
1576 1470 1604 1496 in
1629 1477 1661 1496 ea
1676 1469 1853 1504 caeremonia)

1062 1513 1102 1540 sic
1117 1513 1214 1540 scribit
1230 1521 1237 1540 :
1260 1513 1289 1540 '0
1315 1515 1424 1550 πρῶτος
1446 1514 1586 1549 ὀστιάριος
1604 1514 1713 1548 νρατῶν
1736 1514 1786 1545 τὰς
1802 1514 1853 1541 θῦ-

223 1557 433 1590 nobambulum,
464 1557 487 1584 si
520 1556 764 1584 Monobambulum
795 1556 897 1583 atrium
926 1560 1009 1588 esset,

1063 1567 1159 1595 ρας....
1176 1561 1191 1587 ὸ
1213 1560 1342 1596 δεύτερος
1358 1561 1469 1596 κρατῶν
1484 1560 1515 1587 τὸ
1533 1560 1773 1595 μονσὸάμδουλον·
1793 1560 1853 1596 pri-

222 1605 304 1639 quale
320 1604 416 1638 utique
440 1611 521 1630 manu
545 1607 632 1629 tenere
646 1603 709 1637 (hoc
727 1602 802 1629 enim
819 1607 863 1629 est
888 1600 1009 1638 κρατεῖν)

222 1657 306 1676 nemo
325 1657 397 1675 unus
412 1652 512 1683 potest.
531 1647 610 1675 Unde
624 1647 799 1674 manifestum
814 1650 856 1674 est
871 1654 904 1675 ex
919 1651 1010 1674 mente

222 1693 320 1722 Codini
339 1693 580 1721 Monobambulum
609 1692 695 1720 fuisse
717 1700 774 1720 rem
791 1693 911 1727 aliquam
928 1700 1010 1719 manu

223 1741 395 1776 gestabilem.
411 1740 449 1767 Ac
467 1739 583 1774 paritate
609 1739 765 1774 argumenti
788 1738 860 1766 idem
885 1738 937 1767 erit
956 1743 1012 1766 sta-

223 1786 358 1814 tuendum
381 1786 414 1813 de
431 1785 612 1816 Dibambulo,
630 1784 705 1820 quod
719 1784 844 1821 ejusdem
866 1784 962 1812 formae
979 1792 1012 1812 ac

223 1833 333 1868 generis
347 1840 407 1859 esse
422 1836 565 1866 gestamen
579 1831 707 1858 debuisse
728 1835 756 1858 et
769 1830 839 1858 ratio
855 1831 1012 1859 communis

223 1879 308 1915 ctymi
329 1883 357 1906 et
383 1878 470 1906 series
495 1877 553 1912 ipsa
569 1875 738 1904 narrationis
762 1876 918 1909 Phrantzaa,
931 1881 959 1905 et
980 1882 1011 1904 ut

223 1925 256 1952 ad
278 1932 336 1952 rem
359 1931 447 1951 meam
473 1924 596 1957 redeam,
611 1922 656 1950 hic
668 1921 843 1958 Pachymeris
856 1923 934 1950 locus
949 1927 1011 1950 tan-

223 1975 282 1999 tum
300 1979 353 1999 non
372 1970 582 1998 evidentissime
605 1969 806 1997 demonstrant.
833 1969 920 2002 Quem
935 1970 1010 1997 enim

222 2025 315 2052 quasso
329 2022 442 2052 possent
465 2023 576 2044 sensum
608 2015 778 2043 tolerabilem
803 2015 906 2042 habere
927 2015 1011 2042 verba

223 2063 282 2090 haec
295 2062 383 2090 nostri
400 2063 532 2094 auctoris,
547 2063 700 2098 patriarcha
721 2063 851 2097 pastorali
870 2062 963 2090 baculo
978 2063 1010 2089 ab

221 2109 380 2143 imperatore
397 2112 511 2143 accepto,
528 2108 676 2135 honoratur
691 2113 715 2135 et
732 2108 894 2140 dibambulo,
918 2108 940 2135 si
961 2108 1007 2135 Di-

223 2153 376 2181 bnmbulum
396 2154 497 2181 atrium
517 2158 592 2181 esset
607 2153 750 2181 exterius?
768 2154 903 2186 Quidnam
927 2153 1011 2189 igitur

222 2200 269 2228 hic
288 2200 443 2236 signiﬁcare
457 2200 640 2235 Pacliymeres
663 2200 749 2227 voluit
762 2201 844 2228 verbo
868 2200 1010 2228 Dibambu-

1063 1612 1124 1632 mus
1144 1605 1273 1633 videlicet
1296 1606 1440 1637 ostiarius.
1466 1606 1577 1633 interim
1595 1606 1660 1633 dum
1682 1606 1854 1641 patriarcha,

1061 1655 1109 1677 aut
1128 1651 1174 1678 alii
1194 1652 1255 1686 ejus
1270 1659 1403 1680 concessu
1420 1653 1555 1688 episcopi,
1571 1661 1672 1680 novum
1691 1653 1852 1688 episcopum

1062 1696 1134 1723 intra
1158 1697 1360 1733 presbyterium
1386 1698 1444 1726 sive
1461 1698 1535 1734 βῆμα
1558 1703 1764 1729 consecrareut,
1779 1698 1855 1726 fores

1061 1740 1143 1767 solea:
1159 1748 1240 1767 manu
1265 1741 1385 1773 tenebat,
1400 1746 1430 1769 ut
1446 1742 1539 1768 statim
1551 1749 1598 1769 eas
1615 1742 1750 1777 panderet
1767 1747 1854 1777 atque

1061 1784 1183 1819 perfecta
1210 1786 1286 1813 intus
1305 1786 1393 1814 solitis
1420 1787 1522 1815 ritibus
1550 1787 1726 1822 inauguratio
1742 1788 1852 1816 fuisset.

1061 1829 1140 1857 Tunc
1156 1830 1228 1857 enim
1253 1831 1367 1865 produci
1392 1840 1480 1860 novus
1496 1833 1612 1861 antistes
1635 1838 1664 1861 et
1677 1834 1787 1862 ostendi
1804 1842 1854 1869 po-

1061 1875 1125 1910 pulo
1148 1876 1274 1904 debebat.
1292 1877 1360 1910 Quia
1379 1885 1444 1906 vero
1464 1879 1575 1914 prodire
1596 1879 1619 1907 is
1635 1880 1744 1907 beniate
1759 1880 1848 1908 debe-

1061 1921 1108 1948 bat
1134 1923 1234 1956 pricvia
1261 1922 1398 1958 lampade,
1423 1924 1456 1951 ad
1483 1925 1553 1952 hanc
1579 1925 1618 1952 illi
1647 1925 1850 1960 praeferendam

1060 1968 1199 1995 secundus
1213 1968 1344 1996 ostiarius
1355 1970 1496 1998 accinctus
1512 1971 1604 1999 stabat
1618 1972 1728 2006 κριτῶν
1744 1973 1776 1998 τὺ
1798 1982 1850 2007 μιν⁴

1061 2014 1228 2048 νάμπουὶον,
1254 2015 1308 2048 vel,
1330 2019 1360 2042 ut
1377 2016 1427 2043 alia
1443 2021 1484 2044 est
1508 2017 1601 2051 lectio,
1617 2017 1649 2044 τὸ
1676 2018 1854 2053 μονοὸάμόυ-

1060 2059 1116 2093 λον,
1133 2059 1175 2096 [Ρ.
1196 2060 1260 2096 471]
1284 2068 1366 2088 manu
1384 2065 1482 2089 tenens
1499 2068 1640 2097 gestamen
1666 2064 1709 2091 cui
1724 2071 1786 2092 erat
1805 2065 1853 2092 in-

1060 2111 1133 2134 serta
1159 2107 1263 2142 lampas
1281 2116 1351 2141 una;
1370 2117 1432 2136 nam
1450 2109 1642 2144 μονάμπουΜν
1662 2117 1678 2137 a
1702 2111 1770 2146 μόνη
1792 2113 1849 2146 ἄμ-

1061 2152 1175 2179 manu.
1200 2153 1269 2186 Quid
1301 2153 1336 2181 sit
1361 2158 1452 2181 autem
1478 2155 1624 2189 ἂμπουλλα
1652 2155 1754 2183 docent
1773 2156 1848 2185 Aetii

1062 2198 1145 2225 verba
1175 2198 1219 2226 illa
1240 2199 1288 2226 lib.
1318 2207 1355 2226 vn
1379 2201 1583 2235 ε’Δμπουλλαν
1615 2201 1723 2236 ὑελίνην
1741 2202 1852 2238 πλήσας

222 2247 301 2274 tam?
326 2246 400 2274 ldem
417 2246 477 2273 sine
501 2245 586 2272 dubio
601 2245 675 2280 quod
691 2246 758 2273 alias
770 2247 870 2273 clarius
896 2254 1007 2282 expreS-
1024 2245 1047 2275 D
1061 2244 1163 2276 ἐλαίου,
1182 2245 1330 2280 ampullam
1357 2246 1466 2273 vitream
1483 2246 1528 2272 ubi
1548 2243 1690 2281 repleveris
1718 2247 1786 2274 oleo.
1804 2247 1855 2275 Est

219 2293 266 2326 sit,
291 2292 357 2320 dum
387 2292 472 2320 refert
499 2291 564 2326 (vol.
594 2291 615 2325 Ι,
638 2300 665 2327 p.
690 2292 752 2327 112)
769 2293 903 2321 sollicitos
934 2293 1008 2320 anti-

220 2338 300 2366 stites
329 2346 363 2365 eo
390 2338 463 2372 quod
489 2338 621 2366 Arsenius
646 2345 662 2365 e
693 2339 861 2373 patriarchio
896 2339 924 2366 in
947 2347 1008 2367 mo-

220 2386 372 2412 nasterium
385 2389 483 2419 sponte
496 2384 628 2420 profugus
639 2385 742 2420 scripto
755 2393 912 2420 expressam
931 2386 1009 2413 abdi-

221 2430 359 2458 cationem
384 2431 448 2458 dare
477 2436 589 2465 rogatus
603 2435 768 2465 recusasset,
794 2437 823 2458 ut
838 2432 940 2467 aliquid
958 2432 1008 2460 ha-

221 2478 319 2506 berent
342 2473 459 2512 svriptae'
477 2478 596 2505 cessioni
623 2478 801 2513 aaquivalens.
818 2478 851 2506 ab
867 2487 900 2506 eo
919 2481 1007 2514 repeti

220 2531 332 2551 curasse
359 2520 510 2559 βιὲτηρίαν
538 2523 585 2550 καὶ
612 2523 815 2559 λαμπαδοῦχον,
832 2523 955 2550 baculum
981 2528 1008 2551 et

220 2569 420 2601 candelabrum,
444 2569 495 2596 rati
519 2570 542 2597 si
562 2578 594 2597 ea
610 2570 776 2598 reddidisset
791 2578 838 2605 per
852 2577 911 2604 quae
932 2570 1008 2597 inve-

220 2617 303 2643 stitus
317 2614 503 2650 patriarchatu
531 2614 630 2648 fuerat,
646 2616 700 2642 hoc
716 2615 776 2650 ipso
789 2615 858 2642 satis
871 2614 1008 2642 indicatu-

221 2669 283 2688 rum
309 2661 367 2688 sedi
393 2669 421 2688 se
438 2661 606 2692 renuntiare.
621 2669 654 2688 ac
667 2661 781 2688 liberam
795 2661 900 2695 synodo
918 2660 1006 2687 factu-

221 2715 282 2734 rum
307 2706 341 2734 ad
363 2713 461 2733 novam
481 2706 644 2741 patriarchae
664 2705 826 2733 electionem
841 2705 1007 2740 procedendi

219 2757 395 2788 potestatem.
412 2751 463 2779 Hie
479 2751 634 2779 necessario
651 2751 684 2778 de
699 2751 810 2786 antiqua
827 2750 914 2777 forma
930 2750 1008 2778 inau-

219 2798 374 2834 gurationis
387 2798 578 2832 episcoporum
596 2796 776 2832 repetendum
787 2803 802 2823 e
820 2795 1006 2824 monumentis

218 2844 413 2872 ecclesiasticis
427 2843 530 2877 aliquid
549 2848 605 2871 est.
619 2843 741 2870 Primum
761 2847 853 2869 autem
868 2842 1006 2870 admoneo

221 2890 448 2918 consuetudinem
466 2890 596 2918 Ecclesia:
617 2889 733 2921 Latinae,
752 2893 781 2916 ut
795 2889 822 2916 iu
839 2888 899 2916 aliis
917 2888 1005 2923 pluri-

1062 2298 1128 2326 crgo
1143 2291 1286 2326 ἀμπουλλα
1302 2292 1415 2326 lampas,
1432 2297 1459 2319 et
1475 2292 1668 2327 μονάμπουλον
1683 2293 1853 2320 instrumen-

1063 2341 1119 2364 tum
1133 2337 1272 2369 portatile,
1287 2337 1330 2364 cui
1348 2341 1422 2364 esset
1438 2345 1491 2364 una
1513 2337 1616 2372 lampas
1629 2337 1727 2366 indita.
1744 2338 1849 2366 Verum

1063 2383 1107 2410 ubi
1132 2383 1288 2418 patriarcha
1309 2383 1636 2418 Ceiistantinopolitanus
1662 2384 1854 2419 inauguraba-

1062 2434 1117 2461 tur,
1132 2429 1199 2456 satis
1211 2429 1333 2464 prudens
1345 2429 1437 2464 quivis
1456 2429 1584 2465 intelligit
1599 2430 1704 2465 aliquid
1724 2431 1764 2458 illi
1781 2439 1852 2466 pra:-

1061 2474 1135 2509 cipui
1158 2474 1273 2502 honoris
1299 2482 1380 2509 supra
1410 2475 1556 2510 episcopos
1579 2475 1675 2503 haberi
1704 2476 1849 2505 debuisse.

1061 2520 1197 2548 Nimirum
1218 2520 1282 2548 huic
1308 2521 1453 2555 prodeunti
1477 2520 1509 2547 ad
1525 2522 1656 2556 populum
1671 2530 1726 2550 non
1744 2522 1851 2558 μονάμ-

1062 2567 1161 2594 πουλον
1185 2571 1232 2594 aut
1252 2567 1459 2601 μονηῆάμϐυλον
1475 2567 1683 2602 praeferebatur,
1710 2568 1757 2595 scd
1775 2569 1851 2603 quod

1062 2618 1156 2640 noster
1181 2613 1227 2640 hic
1250 2613 1331 2640 dooct
1351 2617 1447 2640 auctor
1464 2614 1660 2648 6-6ἀμὸουλθν.
1680 2614 1716 2641 De
1732 2614 1785 2642 hoc
1803 2623 1851 2642 vo-

1061 2658 1158 2686 cabulo
1185 2658 1252 2692 quid
1284 2666 1334 2685 nos
1357 2658 1454 2685 doceat
1483 2659 1615 2690 Codinus.
1645 2659 1800 2687 videamus.
1826 2660 1851 2689 Is

1060 2704 1132 2732 libro
1161 2704 1200 2731 De
1229 2705 1328 2740 oﬁiciis,
1354 2712 1379 2732 c.
1399 2705 1431 2732 l0
1456 2704 1490 2732 de
1517 2704 1614 2737 festis,
1645 2705 1710 2732 dum
1729 2705 1852 2740 explicat

1060 2751 1200 2787 quomodo
1219 2758 1318 2786 pompa
1347 2750 1534 2778 instrueretur
1559 2759 1613 2786 qua
1639 2751 1790 2786 imperator
1816 2752 1851 2780 ad

1060 2797 1257 2825 celebrandum
1271 2796 1374 2825 Christi
1392 2797 1487 2825 Natale
1507 2798 1602 2825 venire
1631 2797 1797 2833 admittique
1821 2799 1852 2826 in

1060 2844 1204 2871 ecclesiam
1232 2842 1347 2875 solebat,
1364 2843 1403 2870 ait
1419 2848 1545 2878 paratum
1571 2843 1709 2871 adstitisse
1735 2843 1851 2879 lampa—

1060 2890 1164 2917 darium
1180 2898 1239 2917 cum
1261 2889 1410 2917 dibumlvulo
1427 2898 1507 2916 aureo
1526 2890 1552 2917 in
1570 2898 1660 2917 manu.
1678 2889 1767 2917 Verba
1781 2895 1849 2918 sunt
