1957 3066
78 164 133 197 733

743 138 1000 195 CLOSSARIUM.

1664 165 1719 202 734.

77 221 204 250 Cadini:
223 218 422 256 Λαμπαδάριος
448 218 559 255 κρατῶν
585 219 615 246 τὸ
636 218 754 255 χρυσοῦν
774 219 871 254 διὸάμ-

924 222 1005 245 antea
1021 216 1089 244 solis
1103 216 1236 252 Augustis
1253 222 1411 246 reservatus
1436 217 1533 252 honos)
1552 223 1615 247 ante
1643 220 1718 256 ipsos

79 266 190 294 ϐουλον.
203 266 274 300 Quid
287 266 325 294 ita
336 273 414 300 vero,
429 265 484 293 nisi
503 265 568 300 quia
584 265 660 293 hunc
672 265 771 301 prmire
787 273 870 300 opor-

78 311 157 340 tebat
172 319 339 347 processura
351 320 401 347 per
424 312 556 346 templum
576 312 719 347 Augusto?
743 311 820 345 Quod
833 312 869 343 si.

80 363 111 386 ut
122 357 256 391 vidimus,
271 357 490 393 μονοδάμΰουλον
500 361 640 393 gestamen
650 362 710 386 erat
718 357 873 392 lampadem

79 404 193 431 unicam
207 404 340 432 insertam
354 404 470 437 habens,
480 404 547 439 quid
564 409 648 432 restat
662 405 716 432 nisi
734 409 764 431 ut
774 405 873 438 διὸάμ-

80 450 179 476 ὁουλον
194 447 380 484 intelligamus
393 454 440 477 aut
457 449 593 477 lucernam
610 450 696 478 fuisse
716 450 873 486 bilychnem,

80 495 172 529 qualis
200 495 328 522 meminit
355 496 503 524 Petronius
529 497 557 524 in
586 504 676 531 nuper
700 496 775 523 edito
801 497 874 532 frag-

80 544 176 567 mento
192 540 382 575 Traguriensi,
406 546 454 569 aut
480 542 694 571 instrumentum
716 543 790 570 aliud
813 543 874 570 bifi-

80 586 148 613 dum
163 586 190 614 in
205 586 317 615 duobus
337 588 401 615 hinc
417 587 481 616 inde
494 589 633 623 protensis
647 589 732 616 ramis
747 590 873 625 geminas

80 631 223 666 lampades
249 633 379 660 ardentes
402 633 532 660 habens“!
552 633 623 662 Sane
639 634 873 669 opportunissime

79 677 113 704 ad
123 677 194 705 hattc
202 685 258 704 rem
273 678 403 706 admonet
413 678 567 711 Balsamon,
581 679 754 714 imperatori.
762 679 873 714 quando

80 721 108 748 in
124 722 349 750 solemnitatibus
372 723 522 751 accedebat
545 724 578 751 ad
605 725 763 756 ecclesiam,
779 725 871 760 dupli-

79 773 140 793 cem
169 766 325 801 lampadem
351 767 692 802 praeferri-consuevisse;
714 770 871 797 ministrum

78 819 191 846 quoque
207 817 373 847 gestatorem
390 815 450 849 ejus
475 814 593 849 duplicis
617 815 751 850 lampadis
766 815 872 850 [autpa-

79 859 190 885 darium
218 864 358 887 vocatum.
377 860 464 895 Igitur
477 862 550 896 quod
566 861 673 889 Codino
690 862 872 890 dibambutum

78 913 191 932 aureum
211 905 328 938 dicitur,
340 914 388 934 vas
404 911 448 934 est
467 907 544 943 juxta
557 908 746 935 Balsamonem
763 910 871 943 gemina

79 950 209 985 lampade
236 951 353 987 insigne.
370 951 461 985 Quare
488 953 530 981 his
558 954 719 981 auctoribus
735 962 790 982 non
806 962 873 983 sane

77 995 132 1030 jam
145 995 298 1023 reformido
309 997 368 1025 falsi
382 998 470 1025 dicam
481 999 631 1034 impingere
644 999 741 1026 Latino
753 999 874 1028 Phrant-

78 1049 126 1073 πε,
144 1042 299 1070 dibambula
314 1051 361 1077 per
377 1045 478 1070 atrium
492 1047 653 1079 exponenti.
669 1046 778 1074 Utinam
793 1047 872 1082 copia

79 1087 246 1121 inspiciendi
273 1088 386 1116 daretur
407 1090 547 1126 archetypi
573 1096 725 1118 contextus.
754 1092 872 1125 Quaesivi

79 1130 128 1158 diu
159 1136 188 1159 et
221 1132 350 1165 sollicite,
377 1134 426 1162 sed
452 1134 564 1163 frustra.
583 1135 697 1164 Confido
726 1141 818 1164 tamen
844 1137 872 1165 in

78 1177 184 1210 Greca.
201 1178 224 1206 si
250 1179 355 1214 uspiam
371 1179 471 1214 exstet,
488 1183 614 1210 oratione
638 1184 740 1211 nullam
759 1192 873 1219 prorsus

77 1224 161 1260 672
174 1226 365 1259 reperiendam
377 1228 440 1254 atrii
458 1229 635 1256 mentionem.
646 1230 760 1265 thuod
770 1231 874 1258 Phran-

82 1275 141 1298 tzcs
162 1271 316 1298 dibambula
344 1273 370 1299 in
395 1273 492 1306 plurali
517 1275 619 1308 posuit,
635 1275 789 1310 signiﬁcare
807 1280 873 1310 puto

80 1318 204 1345 voluisse
222 1319 331 1353 gemina
344 1319 503 1347 candelabri
522 1321 644 1352 brachia.
659 1329 777 1357 quorum
793 1329 871 1350 suam

80 1363 301 1398 unumquodque
327 1364 481 1392 sustineret
508 1366 672 1401 lampadem.
700 1367 767 1400 Quis
796 1368 870 1395 enim

78 1412 161 1443 neget
179 1414 294 1443 perapte
317 1402 416 1437 cadere
441 1418 551 1438 sensum
567 1412 650 1439 istum
667 1412 693 1440 in
709 1413 767 1440 hmc
788 1414 870 1441 verba

78 1463 137 1481 cum
152 1454 322 1489 lampadibus
341 1456 376 1482 ad
395 1456 570 1484 dibambula?

112 1502 223 1537 Opponi
240 1503 375 1531 adversus
397 1503 455 1531 haec
477 1509 570 1538 posset
594 1511 627 1531 ex
653 1505 734 1531 modo
759 1505 871 1532 laudato

925 268 1034 299 portata
1059 263 1204 298 conspicui
1236 264 1414 292 ambularent
1443 265 1470 292 in
1498 265 1638 299 ecclesia,
1660 271 1716 293 tam

925 309 1013 344 prima
1029 308 1176 344 potestatis
1194 309 1374 344 usurpatione
1400 318 1482 344 quam
1499 310 1641 344 deinceps.
1659 310 1716 338 Eli-

925 359 972 390 gat
1001 355 1086 390 igitur
1114 362 1210 389 mquus
1240 355 1326 382 lector
1356 361 1449 383 utrum
1476 356 1562 389 malit,
1582 364 1616 383 an
1635 361 1714 383 attate

925 408 1037 436 quoque
1053 401 1226 430 Balsamonis
1249 401 1574 436 Constantinopolitanos
1591 402 1632 438 ιν.
1648 402 1714 439 472]

925 446 1097 481 patriarchas
1119 446 1145 474 in
1172 439 1260 482 prima
1289 448 1500 475 consecratione
1527 455 1590 475 usos
1607 449 1715 476 dibam—

924 492 1001 523 bulo,
1023 493 1049 519 in
1067 493 1184 527 reliquo,
1203 493 1285 520 etiatn
1308 493 1514 520 solemnitalum
1538 502 1713 529 magnarum,

924 546 973 573 per
991 539 1137 566 ecclesiam
1165 539 1275 567 incessu
1307 539 1523 567 monobambulo
1549 545 1712 571 contentos;

923 593 958 612 an
975 589 1104 612 neutrum
1133 585 1197 612 dum
1226 585 1371 613 Balsamou
1397 586 1534 613 scriberet
1549 593 1710 612 concessum

924 631 1002 666 ipsis,
1017 636 1178 666 utrumque,
1195 637 1243 659 aut
1260 633 1356 660 saltem
1372 633 1462 668 prius,
1478 637 1543 660 ante
1567 633 1636 659 hanc
1652 633 1714 660 edi—

924 682 979 705 tam
995 686 1009 704 a
1026 678 1197 713 Pachymere
1212 678 1356 705 historiam
1373 678 1530 712 Byzantinis
1545 678 1630 705 fuisse
1646 677 1715 705 anti-

923 724 1036 751 stitibus
1049 731 1098 759 per
1118 732 1184 752 suos
1202 725 1343 759 principes
1366 724 1513 751 indultum.
1527 723 1714 751 Confirmatur

923 770 1002 805 prior
1023 770 1167 805 responsio
1187 778 1220 797 ex
1234 778 1267 798 eo
1288 770 1361 805 quod
1378 770 1416 797 ait
1434 769 1591 801 Balsamon,
1605 770 1715 804 episcoa-

923 816 966 850 pis
981 820 1082 850 praeter
1093 815 1277 851 patriarcltam
1289 820 1317 843 et
1330 822 1431 850 paucos
1440 815 1541 842 eximie
1554 815 1714 848 honoratos,

924 865 956 888 ut
972 860 1055 897 Cypri
1074 866 1102 888 et
1117 861 1250 896 Bulgaria:
1265 861 1506 896 archiepiscopus,
1529 860 1616 888 fuisse
1631 865 1712 888 caste-

925 906 963 933 ris
986 910 1113 940 negatam
1135 906 1163 933 in
1191 914 1322 942 processu
1339 915 1388 941 per
1401 907 1556 937 ecclesiam,
1580 906 1712 933 solemni—

924 951 976 978 bus
992 951 1074 979 etiam
1103 952 1212 984 diebus,
1234 952 1316 979 unius
1344 952 1532 986 praelationem
1559 951 1712 986 lampadis;

924 1005 976 1032 qua
1001 1002 1092 1024 tamen
1111 998 1173 1025 illos
1202 998 1229 1024 in
1259 998 1349 1033 prima
1376 998 1473 1025 saltem
1503 997 1714 1032 inauguratione

924 1043 1007 1070 fuisse
1032 1043 1228 1070 cohonestalos
1253 1043 1297 1070 vix
1328 1047 1419 1077 potest
1440 1043 1475 1069 ob
1492 1042 1622 1077 superius
1640 1041 1712 1068 dicta

924 1088 1056 1116 dubitari.
1081 1088 1182 1120 Quidni
1205 1096 1273 1123 ergo
1300 1088 1340 1115 sic
1367 1088 1477 1115 dicatur
1496 1088 1529 1115 de
1557 1087 1713 1122 patri.:rcha

924 1133 1085 1168 quoque.in
1102 1134 1189 1169 prima
1219 1134 1257 1161 illi
1285 1134 1501 1169 inauguratione
1521 1132 1712 1160 dibambulutn

924 1188 1105 1213 concessum;
1127 1181 1156 1208 in
1178 1181 1293 1216 reliquis
1319 1181 1493 1208 caeremoniis
1514 1180 1713 1208 monobamhu-

923 1226 981 1254 lum
1010 1226 1168 1254 duntaxat?
1185 1227 1320 1262 Superest
1342 1231 1373 1254 ut
1400 1227 1587 1261 veriloquium
1614 1234 1711 1253 vocuo

924 1273 1038 1301 istarum
1064 1273 1146 1308 673
1175 1273 1396 1308 μωοϐἀμῦουλον
1421 1277 1450 1300 et
1467 1271 1650 1308 6t6ip6ou7.ov
1670 1273 1712 1298 in~

924 1319 1076 1353 quiremus.
1098 1319 1168 1346 Puto
1180 1319 1310 1354 equident
1333 1327 1348 1346 e
1365 1319 1463 1346 Latina
1475 1326 1542 1346 voce
1555 1317 1712 1344 obambulus

924 1364 1036 1396 deduci,
1048 1369 1074 1391 et
1089 1369 1118 1391 ut
1132 1372 1201 1397 rem,
1221 1366 1256 1392 ita
1270 1372 1369 1392 nomen
1386 1365 1513 1392 ittaulam
1529 1363 1620 1391 Roma'
1636 1369 1714 1390 nova:

922 1418 938 1438 e
962 1410 1049 1437 veteri
1073 1410 1218 1446 migrasse.
1245 1410 1274 1437 In
1301 1411 1392 1438 aulam
1408 1410 1482 1442 dico,
1503 1418 1558 1437 non
1577 1410 1603 1436 in
1622 1409 1711 1436 ecclc-

922 1455 1004 1483 siam.
1018 1455 1086 1483 Nam
1101 1455 1274 1489 praelationes
1294 1455 1452 1490 lampadum
1467 1456 1606 1490 episcopis
1624 1462 1711 1489 usque

922 1502 957 1529 ab
977 1502 1140 1537 apostolicis
1163 1502 1190 1529 in
1212 1502 1276 1529 Asia
1307 1502 1423 1530 usitatas
1452 1501 1622 1536 temporibus
1641 1500 1710 1527 scio.

77 1549 252 1582 Balsamone,
269 1549 436 1584 singularem
460 1550 639 1585 imperatoris
655 1551 740 1578 fuisse
764 1559 869 1586 praero-
885 1551 906 1580 C
922 1548 1053 1582 Αυειηῑὶθ
1076 1548 1188 1583 quidem
1217 1549 1309 1583 ignem
1343 1549 1484 1582 Prxlulum
1514 1548 1591 1582 prius
1616 1546 1711 1574 Βυῐηίε

77 1596 200 1631 gativam
231 1596 341 1630 praeviis
368 1595 476 1623 duabus
504 1602 552 1631 per
580 1598 725 1625 ecclesiam
742 1597 871 1626 incedere

77 1641 266 1677 lampadibus,
286 1642 377 1676 qualis
399 1650 451 1670 nec
468 1643 632 1677 patriarchae
647 1651 679 1670 ac
695 1651 730 1671 ne
746 1643 797 1678 ipsi
809 1645 872 1678 qui—

77 1687 140 1714 dem
157 1686 328 1722 imperatrici
344 1687 529 1714 tribuebatur.
546 1687 595 1715 His
608 1687 682 1714 enim
705 1688 790 1715 tradit
810 1688 873 1715 Bal-

77 1740 176 1760 samon
188 1732 313 1767 singulas
329 1736 434 1760 tantunt
458 1733 580 1768 praeferri
604 1733 701 1761 solitas
721 1733 870 1768 lampades.

77 1777 118 1804 Ad
133 1777 189 1804 hoc
203 1776 304 1812 duplex
321 1778 466 1812 responsio
478 1786 538 1805 mea
550 1783 602 1805 est.
621 1777 700 1805 Prior
716 1786 723 1804 :
741 1786 795 1806 non
810 1787 872 1806 om-

77 1823 124 1850 nia
140 1830 204 1858 qua!
221 1823 320 1858 primis
344 1824 477 1859 auspiciis
502 1823 630 1851 ineundae
650 1824 794 1859 dignitatis
811 1825 872 1859 qui-

78 1869 196 1897 busdam
215 1869 422 1904 magistratibus
447 1870 570 1906 legitime
599 1870 748 1903 dabantur,
773 1871 870 1898 eadem

78 1915 176 1943 itidem
196 1915 360 1950 quotidiano
374 1916 436 1943 vitae
454 1924 505 1944 usu
531 1916 629 1944 tribui.
650 1916 723 1949 Quot
738 1924 872 1944 caeremo-

77 1962 131 1989 niae
161 1961 402 1996 imperatoribus,
430 1962 563 1997 regibus,
605 1963 668 1990 aliis
696 1962 872 1998 principibus

79 2007 284 2043 inaugurandis
316 2007 506 2039 adhibentur,
536 2016 605 2044 quas
632 2008 709 2036 nefas
733 2013 776 2036 est
799 2008 871 2035 ultra

79 2053 156 2081 illum
178 2053 253 2080 diem
276 2053 383 2088 repeti?
398 2053 443 2081 Sic
458 2060 485 2081 et
503 2054 530 2081 in
549 2054 713 2089 patriarchis
735 2053 872 2082 Constan-

78 2098 274 2133 tinopolitauis
303 2099 460 2127 institutum
489 2100 576 2127 fuisse
604 2101 695 2135 potuit
719 2105 751 2127 ut
783 2100 872 2134 prima

78 2144 216 2171 duntaxat
246 2144 423 2172 ordinatione
449 2145 613 2173 dibambulo
641 2145 870 2179 bonorarentur,

78 2191 186 2225 reliqua
206 2191 264 2218 vita
287 2199 350 2218 cum
385 2191 531 2226 prodirent
560 2199 609 2226 per
636 2191 794 2223 ecclesiam,
814 2199 871 2218 non

922 1602 1004 1629 quam
1019 1594 1262 1630 Constantinopoli
1280 1595 1358 1622 fateri
1381 1602 1493 1622 necesse
1514 1600 1566 1624 est.
1580 1601 1644 1621 cum
1655 1593 1711 1628 jam

921 1641 1063 1668 Commodi
1078 1645 1159 1668 aetate
1188 1641 1312 1668 solemne
1328 1641 1421 1668 Romae
1447 1644 1521 1668 esset
1538 1640 1629 1675 ignem
1656 1640 1712 1666 Au-

922 1688 1009 1722 gustis
1030 1687 1166 1722 praeferri.
1187 1687 1370 1720 llerodianus,
1387 1687 1406 1714 l.
1428 1695 1436 1714 ι
1450 1695 1456 1712 :
1473 1686 1610 1714 Λῦυκίλλα
1627 1683 1660 1721 ἦν
1673 1685 1711 1719 τῷ

923 1734 1060 1769 Κομμόδῳ
1084 1734 1261 1768 πρεσϐυτάτη
1279 1734 1389 1761 πάντων
1409 1733 1524 1767 ἀδελφή.
1545 1732 1621 1766 Αὕτη
1640 1731 1709 1765 πρι-

921 1788 1001 1814 τερον
1016 1779 1124 1814 Λουκὶῳ
1148 1779 1231 1815 Βήρῳ
1254 1779 1441 1815 αὐτοκράτορι
1459 1777 1626 1813 umquam...
1653 1776 1710 1803 ἀλλ’

922 1826 985 1852 ἐπεὶ
1003 1826 1102 1861 συνέόη
1125 1826 1170 1853 τὸν
1189 1826 1306 1853 Λούκιον
1328 1827 1503 1861 τελευτῆσαι,
1528 1824 1663 1859 μενόντων
1679 1824 1712 1858 τῇ

922 1872 1057 1906 Λουκίλλῃ
1075 1872 1124 1906 τῆς
1151 1872 1289 1907 βασιλείας
1318 1872 1463 1907 συμϐόλων
1476 1891 1483 1904 ,
1513 1870 1682 1908 Πομτεηῐανῷ
1699 1870 1713 1895 ὁ

922 1916 1013 1951 πατὴρ
1030 1916 1115 1951 αὐτὴν
1139 1917 1255 1949 ἐξέδοτο.
1275 1917 1359 1943 οὐδὲν
1387 1914 1470 1952 ἦττον
1493 1915 1586 1950 μέντοι
1603 1915 1616 1940 ὁ
1636 1914 1713 1948 Κύμ-

923 1960 1003 1995 μοδος
1021 1960 1153 1995 ἐφύλαττε
1171 1961 1220 1993 τὰς
1241 1962 1325 1996 τιμὰς
1340 1963 1373 1997 τῇ
1389 1961 1501 1995 ἀδελφῇ·
1517 1960 1565 1986 καὶ
1587 1960 1643 1993 γὰρ
1663 1959 1712 1984 ὲπὶ

922 2006 970 2032 τοῦ
991 2006 1128 2041 βαςιλείου
1148 2006 1244 2040 θρόνου
1262 2007 1382 2041 καθῆστο
1397 2008 1426 2033 ὲν
1440 2008 1494 2038 τοῖς
1507 2006 1645 2040 θεάτροις,
1663 2005 1711 2031 καὶ

922 2052 954 2078 τὸ
980 2052 1036 2088 πῦρ
1058 2053 1272 2087 προεπόμπευεν
1288 2053 1385 2088 αὐτῆς.
1404 2053 1445 2080 En
1463 2052 1639 2080 Herodianus
1654 2052 1712 2078 Au-

922 2099 1010 2134 gustis
1034 2099 1127 2126 Roum
1153 2099 1355 2134 imperantibus
1371 2103 1446 2127 tanto
1465 2105 1530 2126 attte
1549 2098 1710 2127 Constanti-

922 2154 989 2173 nutn
1005 2150 1033 2173 et
1051 2147 1185 2174 uxoribus
1199 2154 1296 2174 eorum
1313 2147 1404 2181 ignem
1416 2155 1525 2181 quaqua
1547 2146 1709 2174 incederent

923 2192 1064 2226 praelatum
1087 2192 1187 2225 docet,
1214 2198 1241 2220 et
1263 2193 1305 2229 (ut
1330 2193 1382 2220 hoc
1412 2193 1504 2221 obiter
1533 2192 1711 2228 admoneam)

77 2236 129 2263 nisi
147 2236 394 2264 monobambulutn
412 2237 479 2271 ipsis
494 2238 617 2272 praeiret,
634 2241 663 2264 ut
681 2237 775 2265 multis
788 2236 869 2264 hodie
883 2233 908 2262 1)
922 2237 997 2264 solus
1008 2236 1099 2270 docet,
1121 2245 1156 2265 ne
1173 2238 1308 2265 miremur
1323 2239 1358 2266 ab
1374 2247 1429 2266 uno
1442 2238 1581 2266 interdum
1598 2242 1712 2266 auctore

77 2282 221 2317 episcopis
243 2282 334 2317 primo
350 2283 476 2317 ingressu
500 2283 529 2310 in
556 2283 640 2310 urbes
662 2290 728 2311 suas
746 2283 872 2310 umbella:

78 2327 216 2356 honorem
235 2328 295 2355 dari
311 2329 449 2361 videmus,
472 2330 518 2363 qui
543 2334 638 2363 postea
654 2334 780 2362 negatur.
795 2329 872 2356 Alte-

78 2383 107 2402 ra
123 2383 132 2402 :
147 2375 217 2402 satis
229 2382 359 2410 magnum
377 2382 439 2403 esse
453 2375 603 2403 discrimen
618 2376 689 2402 inter
702 2375 872 2402 Balsamonis

76 2424 105 2448 et
131 2420 313 2455 Pachymeris
333 2425 452 2448 aetatem.
478 2420 546 2448 Nam
573 2426 683 2448 centum
714 2421 772 2448 fere
792 2420 872 2447 annis

78 2466 226 2494 Balsamon
252 2466 420 2502 Pachymere
436 2466 576 2501 antiquior
592 2470 645 2493 est.
662 2467 701 2493 Eo
716 2471 808 2494 autem
829 2466 872 2493 in-

79 2514 197 2542 tervallo
212 2513 311 2540 multat
320 2517 429 2541 constat
452 2514 480 2540 in
503 2513 716 2548 magistratuum
737 2513 871 2541 ecclesia-

77 2561 215 2588 sticorum
233 2565 260 2587 et
272 2560 447 2588 sxcularium
466 2560 655 2595 praerogativis
671 2565 699 2587 et
716 2560 871 2588 honoribus

75 2605 164 2634 fuisse
185 2607 340 2634 immutata.
353 2606 431 2634 Unde
449 2613 566 2639 pronum
585 2611 628 2634 est
642 2606 748 2634 creditu
772 2606 806 2634 ab
822 2607 873 2634 im-

76 2652 257 2688 peratoribus
277 2651 472 2684 schismaticis,
495 2659 575 2679 suum
591 2651 873 2686 Constantinopolita-

77 2705 144 2725 num
166 2697 299 2724 thronum
323 2697 357 2725 ad
378 2698 508 2725 invidiam
526 2703 554 2724 et
571 2698 775 2732 depressionem
788 2698 870 2724 etiatn

77 2744 206 2770 omnium
223 2743 305 2778 primi
327 2743 444 2770 Romani
461 2743 606 2771 ambitiose
621 2743 748 2771 attollere
763 2748 871 2770 certau-

78 2789 164 2817 tibus.
182 2789 263 2816 facile
290 2789 342 2815 isto
365 2788 454 2822 spatio
470 2796 633 2815 concessum
653 2793 693 2819 ut,
709 2795 771 2815 cum
788 2793 870 2815 antea

78 2836 163 2863 unius
178 2834 339 2869 pruelatione
365 2833 500 2868 lampadis
517 2833 680 2868 patriarcha:
696 2833 870 2861 hottoraren-

78 2886 133 2914 tur,
150 2880 285 2914 deinceps
317 2878 439 2915 bilychni
467 2887 575 2914 quoque
598 2879 711 2907 lttccrtta
731 2880 787 2914 (qui
811 2883 870 2907 erat

923 2283 1027 2318 scripto
1039 2288 1132 2310 notata
1149 2284 1265 2318 reperiri
1280 2285 1405 2319 quaedam
1425 2285 1490 2312 olim
1515 2293 1565 2312 usu
1579 2284 1712 2319 vulgatis-

922 2329 990 2356 sima
1017 2329 1132 2364 ideoque
1149 2331 1221 2365 quod
1248 2335 1314 2358 tunc
1332 2336 1425 2358 essent
1443 2331 1588 2358 notissima
1611 2331 1713 2358 litteris

922 2375 1102 2402 scribentium
1117 2383 1171 2402 non
1188 2383 1329 2410 expressa.
1341 2376 1387 2403 Sic
1407 2376 1492 2404 fuisse
1514 2376 1541 2403 in
1560 2384 1609 2402 usu
1624 2383 1712 2410 quon-

922 2419 984 2446 dam
998 2424 1025 2446 et
1046 2420 1135 2455 pretio
1151 2422 1298 2455 quemdam
1322 2422 1456 2448 honorem
1475 2421 1570 2448 bisellii
1585 2426 1712 2449 vocatum

923 2467 1016 2500 (quem
1043 2470 1086 2493 est
1108 2467 1257 2494 verisimile
1277 2467 1359 2494 situm
1388 2467 1473 2495 fuisse
1496 2468 1523 2495 itt
1551 2468 1712 2502 prmlatione

921 2511 989 2537 sedis
1017 2512 1127 2546 geminw
1151 2511 1290 2546 aliquibus
1316 2512 1416 2539 eximie
1441 2513 1583 2547 concessa)
1607 2520 1641 2540 ex
1657 2521 1712 2540 una

922 2564 1011 2592 nuper
1048 2557 1185 2592 exscripta
1213 2563 1242 2586 et
1267 2558 1375 2593 vulgata
1407 2564 1516 2587 constat
1541 2567 1590 2594 per
1620 2559 1712 2587 virum

922 2603 1113 2631 doctissimum
1137 2604 1364 2632 Chimentcllium
1387 2605 1479 2633 Pisani
1506 2606 1651 2633 marmoris
1669 2606 1712 2633 itt-

923 2650 1086 2684 scriptionc,
1105 2650 1221 2684 reliquis
1238 2659 1270 2677 ca
1290 2651 1323 2678 de
1340 2659 1369 2678 re
1383 2653 1529 2679 vetustatis
1545 2659 1711 2679 monumen-

923 2697 961 2723 tis
980 2696 1137 2724 silentibus.
1154 2695 1231 2724 Unde
1247 2705 1296 2724 ncc
1313 2698 1336 2724 si
1351 2698 1456 2732 primtts
1474 2704 1502 2725 et
1515 2698 1590 2725 solus
1606 2698 1711 2733 Pachy-

923 2750 1013 2770 tneres
1029 2742 1109 2769 istam
1127 2743 1161 2769 de
1181 2751 1235 2777 qua
1257 2752 1331 2771 nunc
1351 2745 1458 2779 agimus
1486 2743 1636 2771 dibambuli
1659 2751 1711 2771 vo-

922 2787 1021 2814 cabulo
1037 2787 1210 2822 designatum
1221 2789 1337 2824 gemina:
1354 2789 1489 2823 lampadis
1510 2793 1573 2815 ante
1594 2790 1711 2822 patriar-

921 2833 1001 2861 cham
1015 2833 1352 2870 Constantiuopolitanum
1368 2836 1554 2870 pra-lationem
1572 2837 1713 2864 memoriae

922 2879 1101 2914 prodidisset,
1120 2880 1214 2908 mirari
1237 2880 1359 2916 prudcns
1383 2881 1470 2909 lector
1486 2886 1532 2908 aut
1553 2885 1711 2915 suspectam
