1954 3063
248 177 305 208 ’135

706 180 738 210 P.
760 181 911 211 POSSINI
931 181 1257 213 OBSERVATIONUM
1279 185 1351 214 LIB.
1371 184 1394 214 Ι.

1812 185 1866 213 7in

246 233 330 261 unius
344 233 444 261 habere
469 233 550 261 iidem
578 239 724 270 propterea
741 235 864 262 deberet.
882 236 934 263 Sed
958 235 1029 270 quod
1048 240 1068 266 Α
1085 237 1179 271 vensis)
1207 237 1349 263 celebraret
1365 257 1371 268 ,
1390 241 1413 263 et
1440 236 1548 269 quidam
1562 235 1660 271 ﬂabelli
1689 237 1865 263 ministerium

245 279 380 313 coepimus
403 287 514 314 agamus
540 280 575 307 de
598 281 707 316 origine
732 282 808 309 vocis
840 281 1032 308 dibnmbulum.

245 325 336 351 Credo
350 325 479 359 equidem
494 326 650 354 ministrum
669 328 714 361 qui
730 328 820 354 lumen
835 327 1035 361 imperantibus

245 369 340 395 ltomm
368 370 509 404 prmierret
535 371 615 406 vulgo
642 372 746 398 dictant
775 372 952 402 obambulant,
969 373 1034 406 quin

246 418 274 440 et
301 414 484 442 instrumento
503 420 549 442 aut
566 417 621 443 vasi
638 425 692 452 quo
719 418 741 444 is
756 418 809 452 igni
827 418 961 451 portando
976 422 1036 444 ute-

247 463 324 485 retur
339 460 464 487 eamdem
481 469 590 496 quoque
611 462 825 496 appellationem
842 463 1034 490 accommoda-

245 504 300 530 tam
316 513 366 532 usu
384 507 508 540 populari
524 515 530 538 ;
553 511 579 534 et
600 508 733 534 translata
752 515 800 542 per
822 508 1033 536 Constantinum

246 558 261 576 e
280 550 365 577 Roma
391 556 484 579 vetere
505 552 533 579 in
558 561 656 580 novatn
682 555 747 580 scde
777 554 907 588 imperii,
933 562 1033 582 nomen

246 596 318 622 idem
342 596 445 624 Latinae
461 598 575 634 originis
597 599 699 627 Grmcis
720 600 820 627 litteris
834 601 982 635 signatum.
995 602 1034 628 Ac

246 649 308 668 cum
333 641 404 669 forte
421 648 516 677 postea
530 645 678 678 excogitati
692 646 794 678 gradus
814 651 907 673 essent
923 646 950 672 in
969 654 1034 680 par-

251 687 412 722 ticipatione
432 689 514 724 hujus
536 691 660 722 honoris,
686 692 722 718 ita
753 696 782 718 ut
803 691 845 718 fax
863 697 910 719 aut
930 693 1034 727 lampas

247 732 328 759 unica
348 737 410 759 ante
427 735 560 768 quosdam
579 741 744 769 portaretur.
759 741 821 763 ante
836 736 904 764 alios
921 737 1032 771 duplex,

245 778 408 812 explicatam
422 779 500 806 istaut
517 781 702 808 dim-rentiam
717 782 830 809 vocibus
841 782 932 810 (ἔνευσα
948 783 1033 810 forma

245 825 426 858 compositis,
448 825 485 852 ita
513 831 541 852 ut
564 827 776 854 instrumentum
803 828 910 854 unicam
936 836 1033 862 gerens

245 868 398 903 lampadem
413 871 654 905 monobambulum,
670 874 794 906 geminas
812 874 917 901 habens
930 874 1033 901 dibam-

1085 282 1244 317 negligenter
1263 283 1402 313 exhiberet,
1427 281 1576 316 lampadem
1602 281 1708 315 impulit
1734 286 1757 307 el
1779 281 1866 308 oleum

1083 335 1161 359 super
1176 327 1263 353 altare
1282 327 1359 361 fudit.
1384 327 1469 354 Erant
1499 334 1596 360 nempe
1624 327 1727 361 ῥιπίδια
1759 327 1866 353 lamina:

1085 377 1181 400 tenues
1197 373 1223 400 in
1237 373 1340 400 alarum
1357 373 1460 400 form-Is
1474 378 1605 402 extensae,
1623 380 1682 406 quae
1698 372 1771 399 circa
1783 372 1866 400 Chri-

1084 419 1119 445 sti
1141 426 1253 452 corpus,
1274 419 1338 445 dum
1365 418 1391 444 in
1413 418 1493 444 altari
1509 419 1609 450 stabat,
1625 426 1639 444 a
1656 418 1791 445 ministris
1807 426 1867 446 mo-

1083 464 1229 491 vebantur.
1247 464 1405 491 lstiustnodi
1431 464 1611 490 instrumenta
1637 464 1687 490 tria
1709 471 1724 491 e
1747 465 1869 497 pretioso

1083 510 1143 538 fusa
1166 511 1286 542 metallo,
1315 511 1362 537 sed
1387 516 1500 537 contusa
1526 514 1572 536 aut
1592 510 1731 536 maculosa
1750 510 1872 544 ideoque

1083 556 1266 591 reparationis
1282 556 1401 590 egentia,
1416 555 1626 589 haudquaquam
1645 555 1732 586 fuere,
1756 559 1787 581 ut
1802 556 1867 586 alia,

1083 601 1112 628 iu
1135 601 1255 635 priorem
1280 600 1374 627 reﬁcta
1398 605 1426 626 et
1448 600 1559 626 climata
1585 600 1711 633 ﬁguram,
1728 607 1824 626 verum
1841 601 1868 626 in

1083 647 1196 673 unicum
1221 646 1337 673 conﬂata
1366 645 1556 672 dibambulnm.
1580 645 1653 671 ’Λντὶ
1670 644 1717 671 τοῦ
1734 644 1866 680 ἑδρασθῆ-

1083 700 1127 718 ναι
1145 692 1191 718 καὶ
1218 691 1442 726 εὐτρεπισθῆναι,
1462 691 1499 721 ὡς
1523 691 1570 716 καὶ
1588 690 1622 716 τὰ
1637 690 1719 716 λοιπὰ
1732 690 1867 725 ηὐτρεπί-

1085 737 1232 772 σθησινη..
1257 737 1295 768 εἰς
1311 737 1495 770 δισᾶμόου),ην
1516 735 1795 771 μετεσκευάσοησαν,
1817 736 1868 770 τῆς

1085 782 1193 816 μορφῆς
1226 781 1281 807 τῶν
1313 781 1510 817 ἑξκπτερύγων
1533 781 1696 814 ἁποπτάσης
1720 781 1736 816 ἢ
1764 781 1870 806 ἀπελα-

1085 825 1213 861 σϐείσης,
1235 827 1335 857 εἰπεῖν,
1363 825 1391 858 ἐξ
1418 826 1526 852 αὐτῶν·
1563 825 1648 851 Priori
1665 826 1751 859 [arma
1779 826 1807 852 in
1834 825 1867 852 iis

1084 871 1187 905 sculpta
1215 872 1421 898 Cherubinorum
1446 880 1491 898 sea:
1517 871 1567 898 alis
1588 873 1775 899 instructorum
1804 879 1870 899 avo-

245 914 336 941 bulum
351 923 507 944 vocaretur.
530 918 608 944 Dicet
625 918 726 954 aliquis
740 919 914 946 commodius
926 920 1031 946 dibam-
1049 909 1067 935 Β
1083 917 1166 948 laute.
1187 922 1232 944 aut
1249 918 1320 950 inde,
1339 923 1366 944 ut
1382 919 1420 944 sic
1438 918 1535 948 dicam,
1554 918 1674 952 expulsa.
1692 918 1732 944 En
1754 926 1821 952 ergo
1835 925 1870 944 ex

246 960 334 987 )ulum
356 961 459 989 dictum
483 963 569 990 videri
588 972 665 998 posse
686 965 763 999 quasi
785 965 966 999 dibumpulum
996 966 1030 993 ab

245 1007 379 1040 ampulla,
399 1009 506 1036 mollito
519 1017 534 1044 p
551 1010 578 1036 in
594 1010 619 1036 ι).
637 1011 718 1044 Atqui
740 1011 760 1037 si
777 1011 828 1037 hoc
841 1017 925 1043 esset,
943 1020 1032 1038 mono-

245 1053 400 1080 bumbulum
428 1062 461 1081 ex
494 1056 618 1090 analogia
637 1056 750 1083 formari
769 1056 921 1084 debuisset.
941 1057 1032 1092 Agno-

244 1106 356 1126 scamus
383 1108 448 1134 ergo
469 1102 495 1127 in
517 1109 585 1128 voce
602 1102 830 1128 mutwbambulum
855 1110 948 1130 veram
977 1108 1031 1130 tam

245 1145 441 1172 niottobantbuli
474 1154 556 1180 quam
584 1147 729 1174 dibambuli
751 1147 884 1182 originem
904 1148 1030 1175 Latinum

244 1190 409 1217 vocabulum
421 1191 600 1218 obambulum.
614 1192 676 1219 ll:ec
689 1200 748 1220 nIea
764 1194 836 1220 circa
852 1193 1031 1221 dibambulum

244 1236 436 1270 conjectanca.
461 1242 489 1264 ut
512 1239 587 1265 soleo
605 1246 667 1265 meo
683 1239 787 1273 judicio
808 1239 943 1271 didi-lere,
967 1248 1030 1267 cum

244 1281 308 1308 aliis
323 1282 496 1309 discutienda
518 1284 606 1310 obtuli
624 1284 690 1311 viris
704 1285 838 1317 eruditis,
854 1289 911 1312 tum
929 1285 1031 1313 doctis-

244 1329 315 1355 simo
332 1328 415 1364 674
440 1334 468 1356 et
486 1329 552 1356 mihi
574 1329 742 1356 amicissimo
768 1330 908 1358 Dominico
928 1331 1030 1365 Magrio

245 1375 375 1409 tlieologo
388 1376 512 1402 ecclesiae
526 1375 727 1409 Viterbiensis;
744 1376 790 1411 qui
812 1384 868 1403 rem
884 1376 952 1403 adeo
967 1385 1031 1411 pro-

244 1420 320 1447 bmit
353 1427 381 1448 ut
404 1422 508 1454 statim,
526 1430 586 1456 quae
613 1422 718 1449 dudum
749 1423 899 1457 scripserat
927 1423 954 1450 in
979 1431 1030 1450 suo

243 1466 420 1493 Unomastico
441 1468 631 1494 ecclesiastico
654 1468 761 1494 duabus
776 1469 832 1502 jam
861 1468 1030 1496 cdilionibus

242 1511 362 1546 vulgato.
389 1520 504 1546 qumque
534 1513 560 1539 in
588 1513 678 1545 tertia,
698 1513 725 1539 in
742 1520 794 1547 qua
821 1521 895 1539 nunc
917 1514 1028 1547 prmium

242 1557 366 1590 laborat,
393 1557 553 1585 decreverat
582 1567 685 1593 ponere
714 1559 755 1595 [P.
784 1558 847 1594 473]
864 1559 897 1586 de
916 1559 1027 1587 notione
1043 1577 1066 1607 ο

242 1601 318 1628 vocis
348 1602 528 1629 dibambulum
566 1603 688 1638 opinioni
717 1604 829 1631 Meursii
851 1608 879 1632 et
907 1604 1026 1632 Martinii

242 1653 438 1680 consentanea,
464 1649 491 1675 in
513 1657 601 1676 meam
619 1649 784 1676 sententiam
807 1650 958 1677 reﬁnxerit.

278 1694 416 1721 llartenus
448 1694 481 1721 de
507 1695 550 1722 his
574 1697 752 1729 scripseram,
770 1703 833 1722 cum
849 1696 919 1723 forte
933 1697 1028 1724 incidit

243 1739 272 1765 in
288 1747 363 1766 meas
380 1748 477 1767 manus
493 1740 612 1768 Historia
625 1740 720 1768 Graeca
732 1741 843 1768 concilii
862 1741 1027 1774 Florentini,

242 1789 366 1815 auctore.
384 1789 413 1811 ut
439 1792 562 1819 nuperos
585 1785 677 1813 editor
691 1791 781 1819 vocat,
799 1786 940 1822 Sylvestro
960 1787 1028 1822 Sgu-

242 1830 362 1864 ropttlo:
383 1831 430 1857 alii
458 1831 624 1866 Syropulum
655 1831 759 1859 dictum
790 1833 897 1860 volunt.
925 1833 955 1860 ln
975 1834 1027 1861 hoc

241 1884 292 1910 ego
319 1876 390 1904 libro
415 1877 505 1912 reperi
522 1877 690 1905 luculentam
707 1878 946 1906 conﬁrmationem
963 1885 1028 1906 con-

242 1923 353 1957 iectura:
369 1922 403 1950 de
418 1923 566 1950 dibambulo
591 1931 670 1956 mem,
691 1931 774 1959 quam
799 1924 909 1951 tacitam
935 1929 1027 1951 transv

241 1969 351 1996 mittere
372 1970 544 2004 pnevaricari
573 1971 618 1998 sit.
639 1970 737 1997 Narrat
760 1970 783 1997 is
796 1971 926 2005 scriptor,
943 1978 967 1997 c.
981 1970 1025 2004 ΓΙ,

240 2021 307 2042 sect.
324 2016 350 2047 5,
369 2023 396 2050 p.
418 2015 463 2048 62,
480 2024 543 2043 cum
561 2021 633 2043 esset
656 2016 813 2052 patriarcha
829 2016 1026 2043 Constantino-

241 2062 380 2095 politanus
394 2063 420 2089 in
437 2062 580 2097 procinctu
598 2062 762 2090 desiderata:
776 2062 827 2090 sibi
843 2063 1026 2097 navigationis

240 2104 268 2131 in
289 2105 394 2132 ltaliarn
420 2107 452 2133 ad
471 2107 620 2134 concilium
637 2108 692 2135 illic
705 2107 901 2134 celebrandum
919 2111 947 2134 et
958 2115 1026 2134 con-

240 2153 362 2179 cordiam
379 2153 562 2180 Eeclesiarum
581 2154 768 2184 statuendam.
787 2153 919 2185 voluisse.
937 2161 1022 2188 repu-

240 2204 340 2232 gnante
365 2198 501 2233 Syropulo
520 2204 548 2226 et
568 2199 631 2226 aliis
645 2199 810 2234 quibusdam
827 2199 854 2226 in
875 2194 1024 2226 schismate

1083 963 1217 990 relatione
1234 963 1371 998 Syropuli,
1391 969 1445 990 tres
1460 963 1573 990 laminas
1595 968 1739 998 argenteas
1755 964 1869 990 simula-

1082 1008 1138 1035 cris
1157 1008 1379 1035 Cherubinorum
1401 1009 1519 1040 caelatas,
1534 1009 1559 1035 in
1576 1017 1659 1036 unum
1677 1009 1808 1036 eoniiatas
1825 1010 1869 1036 di-

1083 1053 1242 1080 bmnhnlum.
1274 1053 1367 1081 Restat
1394 1054 1487 1080 videre
1515 1054 1582 1088 quid
1607 1054 1716 1080 tandem
1746 1055 1785 1080 rei
1803 1062 1868 1082 esse

1082 1100 1260 1126 dibambulum
1277 1100 1484 1132 existimaverit,
1500 1101 1554 1127 imo
1574 1105 1650 1126 certo
1673 1100 1777 1130 scierit.
1789 1105 1820 1127 et
1831 1108 1865 1127 ex

1082 1145 1192 1179 publica
1207 1150 1272 1172 tunc
1286 1146 1407 1172 omnium
1423 1145 1520 1172 notitia
1535 1145 1652 1172 innuere
1671 1146 1737 1172 satis
1757 1145 1865 1172 habue-

1083 1190 1118 1216 rit
1146 1190 1296 1225 Syropulus
1327 1190 1409 1217 idem.
1435 1190 1600 1224 intelligitur
1630 1189 1656 1216 id
1688 1197 1720 1217 ex
1745 1190 1868 1224 quadam

1083 1236 1170 1270 ipsius
1184 1237 1363 1271 auguratione
1382 1237 1446 1263 inde
1463 1240 1571 1270 captata
1584 1257 1591 1268 ,
1609 1244 1691 1270 quam
1713 1236 1756 1262 his
1773 1237 1868 1264 verbis

1081 1290 1143 1309 mox
1162 1283 1281 1316 explicat
1298 1290 1304 1308 :
1321 1283 1376 1308 Καὶ
1405 1283 1467 1308 ἀντὶ
1491 1281 1538 1308 τοῦ
1564 1281 1624 1316 Θείᾳ
1655 1282 1867 1308 ἐναποτίοεσοαι

1081 1327 1218 1362 τραπέζῃ,
1240 1328 1277 1358 ὡς
1307 1327 1379 1362 ἱερὸν
1411 1328 1551 1361 ἀνάθημα,
1573 1327 1602 1353 τὸ
1628 1327 1655 1353 δὲ
1671 1327 1866 1363 λαμπλδοῦἶθν

1082 1373 1263 1407 περιάγεσθαι
1278 1370 1327 1400 ὦδε
1343 1374 1465 1405 κάκεῖσε,
1478 1373 1559 1408 675
1576 1373 1623 1411 mi.
1635 1374 1670 1404 ὡς
1685 1374 1780 1408 ἔτυχεν
1798 1376 1868 1401 ἁπο-

1080 1418 1204 1445 τίθεσθαι
1225 1421 1270 1445 καὶ
1296 1419 1452 1455 ῥιπτεῖσθαι
1480 1420 1634 1454 προοίμιον,
1661 1417 1737 1446 εἶπεν
1766 1421 1799 1447 ἄν
1825 1429 1867 1452 τις

1080 1463 1160 1490 τοῦτο
1186 1465 1235 1498 τῆς
1270 1464 1332 1490 ὅσον
1358 1463 1434 1490 οὖπω
1469 1464 1657 1498 γενησομένης
1674 1464 1867 1499 ,παρατροπῆς

1080 1509 1127 1535 τοῦ
1145 1508 1264 1542 καθαροῦ
1279 1509 1327 1535 καὶ
1340 1509 1487 1543 inﬁma)
1506 1509 1556 1543 τῆς
1581 1509 1745 1544 Ἐκκλησίας
1760 1510 1866 1544 δόγμα.-

1081 1563 1136 1586 τος.
1150 1554 1214 1582 Haec
1237 1560 1356 1582 sonant:
1374 1563 1407 1582 ex
1424 1555 1473 1582 ista
1489 1555 1654 1582 conﬂatione
1673 1556 1756 1582 trium
1774 1556 1867 1584 venti-

1081 1601 1220 1629 labrorum
1238 1610 1269 1629 ex
1287 1606 1399 1637 argento
1426 1601 1521 1629 formis
1540 1602 1760 1629 Cherubinorum
1785 1604 1866 1630 casiae

1081 1653 1183 1680 torum,
1214 1648 1241 1674 in
1270 1656 1354 1675 unum
1376 1648 1577 1677 dibambulum.
1603 1652 1783 1675 consecutum
1802 1656 1865 1676 eSSe

1079 1697 1110 1719 ut
1125 1693 1169 1719 illa
1187 1694 1300 1720 materia
1316 1693 1450 1720 exciderit
1465 1694 1570 1720 honore
1584 1701 1639 1728 quo
1658 1694 1768 1728 dignata
1786 1694 1868 1728 prius

1079 1739 1177 1770 fuerat,
1195 1739 1332 1766 insideudi
1360 1747 1444 1766 sacrae
1466 1747 1568 1766 mensa:
1588 1745 1616 1767 et
1641 1748 1674 1767 ex
1692 1747 1722 1767 ea
1736 1741 1861 1775 speciem

1077 1789 1221 1820 augustam
1237 1785 1394 1814 ostentandi
1408 1786 1512 1813 circum
1528 1786 1736 1818 venerantibus,
1750 1787 1858 1822 dejecta

1078 1839 1144 1858 vero
1163 1832 1244 1858 fuerit
1268 1831 1297 1858 in
1318 1839 1397 1858 usum
1425 1832 1504 1866 longe
1518 1831 1654 1864 viliorem,
1669 1832 1772 1867 quippe
1790 1832 1862 1860 facta

1077 1877 1271 1904 candelabrum
1289 1877 1342 1904 huc
1358 1877 1478 1912 illucque
1495 1877 1629 1911 portabiie
1645 1882 1672 1904 et
1688 1877 1791 1911 deponi
1815 1883 1863 1905 aut

1076 1923 1172 1957 projici
1189 1923 1278 1950 ubivis
1296 1923 1416 1950 solitum.
1433 1923 1519 1956 Quam
1545 1930 1602 1950 rem
1620 1922 1784 1958 Syropulus,
1807 1924 1857 1958 qui

1076 1968 1215 2003 negotium
1230 1969 1430 1996 conciliationis
1444 1968 1626 1996 Ecclesiarum
1643 1968 1744 1996 Graecae
1760 1976 1793 1996 ac
1811 1969 1865 1996 La-

1077 2016 1141 2043 tinae
1153 2023 1204 2043 nec
1215 2015 1318 2051 suscipi
1330 2023 1450 2050 unquam
1464 2015 1596 2043 voluisset
1610 2023 1661 2042 nec
1672 2020 1866 2050 perpetratum

1075 2061 1198 2094 admisit,
1214 2062 1242 2088 in
1260 2069 1343 2089 omen
1365 2062 1455 2097 rapuit
1473 2070 1536 2088 mox
1552 2066 1687 2088 secutura:
1705 2062 1867 2095 perversio-

1076 2108 1119 2135 nis
1135 2108 1197 2142 puri
1225 2113 1254 2135 et
1277 2108 1380 2135 sinceri
1409 2107 1537 2134 Ecclesia:
1566 2107 1722 2142 dogmatis;
1752 2108 1866 2142 qualem

1075 2154 1214 2185 evenisse,
1238 2154 1354 2186 sancita,
1382 2154 1506 2180 unanimi
1544 2153 1665 2180 Orientis
1693 2160 1757 2179 cum
1783 2153 1866 2180 Occi-

1076 2199 1158 2227 dente
1173 2207 1321 2230 consensu,
1347 2201 1374 2226 in
1396 2206 1476 2225 sacro
1497 2199 1656 2226 Florentino
1670 2198 1792 2225 concilio
1813 2199 1865 2226 do—

239 2249 267 2270 ct
283 2244 346 2271 odio
363 2244 523 2272 Latinorum
539 2245 703 2276 obﬁrmatis,
723 2245 829 2279 portari
851 2240 944 2271 secum
960 2252 1024 2271 vasa
1041 2249 1062 2276 ι)
1077 2245 1165 2272 ctrina
1178 2245 1363 2279 processionis
1380 2244 1498 2279 Spiritus
1522 2244 1610 2271 sancti
1626 2252 1657 2270 ex
1681 2244 1761 2271 Patre
1777 2245 1862 2272 Filio.

239 2296 316 2316 sacra
339 2290 431 2316 omnia
448 2296 549 2317 sanctae
567 2290 668 2325 Magna:
680 2291 811 2318 Ecclesia
826 2300 833 2317 :
849 2291 1025 2326 Πατριάρχης

240 2336 464 2370 π--ρεκελεὺσατο
489 2337 688 2371 ἐτοιμασθῆναι
723 2337 769 2363 καὶ
795 2337 828 2363 τὰ
848 2338 908 2370 ἱερὰ
938 2338 1024 2372 σκεύη

239 2382 329 2409 πάιτα
344 2382 394 2417 τῆς
415 2382 569 2417 ἁγιωτάτης
588 2383 714 2417 Μεγάλης
733 2383 908 2417 Ἐκκῆιησίας,
929 2383 1025 2418 δυσχε-

241 2427 391 2461 ριινόντων
410 2428 438 2455 δὲ
455 2429 543 2463 ἡμῶν,
563 2434 617 2456 etc.
641 2429 678 2456 Ea
692 2429 849 2462 occasione,
867 2436 929 2456 cum
946 2436 1023 2456 sacra

240 2473 285 2499 illa
304 2481 367 2500 vasa
395 2478 607 2502 recenserentur
633 2475 661 2502 in
680 2475 802 2502 sarcinas
823 2474 943 2509 liganda,
962 2483 1023 2509 qua:

238 2517 361 2551 ipsorum
380 2526 439 2545 aevo
462 2523 509 2545 aut
533 2519 614 2554 longo
644 2527 693 2546 usu
710 2526 790 2553 passa
804 2518 944 2553 quippiam
965 2518 1025 2546 fue-

239 2568 310 2595 rant,
325 2564 519 2592 reeoncinnata
535 2574 566 2593 ac
584 2570 737 2593 restaurata
750 2570 832 2597 sunt;
849 2566 875 2592 in
890 2573 944 2600 quo
958 2565 1021 2592 dum

237 2609 382 2637 elaborant
412 2612 543 2643 artiﬁces,
568 2612 685 2648 contigit
705 2611 799 2639 oﬂ‘erri
822 2612 862 2639 eis
879 2612 930 2638 tria
947 2611 1020 2646 ῥιπί-

236 2657 291 2683 δια.
309 2657 481 2693 Crcyglonus
504 2659 603 2685 inscite
619 2659 727 2694 pyxides
746 2658 838 2684 vertit.
867 2657 1019 2684 Ventiiabra

235 2704 309 2730 enim
327 2704 371 2731 illa
391 2713 442 2731 vox
470 2710 561 2736 sonat,
586 2710 634 2731 aut
653 2709 683 2732 ut
699 2709 794 2730 auctor
810 2703 940 2738 antiquus
951 2704 1019 2730 Vitm

237 2749 268 2777 S.
285 2749 358 2776 Petri
379 2749 520 2782 Cavensis,
538 2749 609 2784 apud
625 2749 827 2776 Henscheninm
842 2748 885 2775 die
898 2749 915 2775 4
933 2748 1021 2776 Martii

234 2803 260 2822 c.
277 2795 293 2822 4
308 2795 416 2828 scribit,
431 2795 548 2831 ﬂabella.
575 2795 664 2824 Verba
688 2795 749 2828 ejus
771 2795 816 2822 hic
829 2803 940 2830 ponam,
955 2796 1018 2830 quia

234 2847 315 2868 nsum
333 2842 388 2867 τῶν
405 2842 529 2876 ριπιδίων
550 2842 576 2869 in
599 2850 676 2870 sacro
693 2841 815 2868 indicant
832 2851 838 2869 τ
853 2841 918 2869 Cum
942 2841 1021 2868 Tere-

233 2888 286 2915 sini
310 2889 335 2915 in
356 2889 464 2916 ectlcsin
484 2888 640 2917 SJaannis
670 2890 762 2917 missus
792 2890 830 2924 (S.
855 2889 947 2916 Petrus
966 2889 1018 2917 Cu-

1076 2298 1142 2325 qne,
1160 2291 1205 2318 hic
1218 2291 1344 2325 pertinax
1365 2291 1393 2317 in
1419 2291 1516 2317 haeresi
1533 2294 1561 2317 et
1576 2291 1726 2318 schismate
1743 2291 1866 2325 scriptor

1076 2341 1180 2364 temere
1197 2344 1230 2363 ac
1243 2336 1402 2370 blaSpheme
1419 2344 1474 2362 non
1493 2339 1607 2362 veretur
1626 2334 1774 2362 aﬂirmarc.
1793 2335 1864 2362 Illud

1077 2387 1168 2409 tamen
1196 2382 1254 2409 haec
1279 2383 1339 2417 ejus
1359 2382 1442 2416 impia
1457 2382 1591 2408 divinatio
1605 2381 1672 2408 mihi
1690 2381 1770 2408 aﬂ'ert
1787 2389 1866 2409 corn-

1075 2428 1161 2460 modi,
1191 2433 1220 2454 ut
1242 2435 1276 2454 ex
1300 2436 1332 2455 ea
1359 2427 1503 2454 manifeste
1522 2431 1653 2461 appareat
1679 2426 1864 2453 dibambulum

1074 2474 1148 2501 aliud
1161 2473 1229 2501 nihil
1244 2482 1328 2509 quam
1341 2473 1546 2508 λαμπαδοῦχον,
1559 2473 1775 2500 instrumentum
1791 2473 1864 2499 lam-

1074 2521 1190 2556 padibus
1213 2521 1355 2555 gestandis
1375 2521 1402 2546 in
1421 2528 1521 2555 pompa
1545 2519 1670 2555 praeferri
1695 2520 1863 2554 patriarcha:

1074 2566 1202 2598 solitum,
1220 2566 1300 2600 quale
1317 2565 1341 2593 is
1360 2573 1526 2600 processuro
1547 2565 1576 2591 in
1594 2564 1698 2591 Italiam
1720 2564 1786 2596 sibi,
1806 2573 1864 2599 quo

1075 2612 1192 2639 rnaxiure
1205 2616 1351 2646 augustam
1376 2619 1468 2638 rerum
1485 2618 1597 2638 suarum
1619 2609 1739 2645 speciem
1752 2611 1862 2644 prmhe-

1073 2663 1113 2685 ret
1131 2658 1244 2689 Latinis,
1264 2666 1374 2685 curasse
1392 2662 1421 2684 ut
1436 2665 1516 2691 quam
1532 2657 1767 2692 speciosissimum
1785 2657 1861 2685 mole

1072 2712 1105 2731 ac
1127 2705 1215 2731 forma
1239 2709 1393 2738 pararetur,
1411 2704 1478 2730 hinc
1493 2703 1689 2737 intelligimus;
1703 2702 1776 2729 titulo
1791 2703 1818 2729 in
1834 2703 1860 2730 id

1074 2758 1160 2778 unum
1176 2751 1290 2777 materia
1304 2757 1363 2784 quae
1386 2749 1474 2776 tribus
1493 2749 1588 2776 altaris
1606 2748 1679 2774 vasis
1698 2746 1860 2778 suﬂ‘ererat,

1071 2802 1114 2825 est
1142 2797 1276 2830 impensa.
1301 2796 1335 2823 Et
1358 2796 1472 2831 pertulit
1496 2795 1538 2831 [Ρ.
1561 2794 1623 2829 4741
1649 2799 1745 2820 revera
1777 2800 1860 2820 suum

1073 2843 1145 2870 istud
1170 2843 1210 2869 sic
1235 2842 1325 2869 fusum
1343 2849 1496 2876 cursumque
1521 2840 1701 2867 dihambulum
1719 2839 1862 2874 .iosephus

1072 2889 1394 2924 Constantiuopolitanus
1411 2888 1566 2924 patriarcha
1579 2888 1757 2920 Flor-entiam,
1774 2887 1859 2922 idque
