1954 3063
88 150 142 180 ῒῖΠ

777 147 1034 178 GLOSSARIUM.

1658 149 1712 180 733

87 207 125 233 ibi
147 206 266 233 solemni
289 213 340 233 suo
359 205 392 232 ad
419 213 515 241 papam
543 213 653 232 accessu
668 211 807 232 ostentare
820 211 876 232 stu-
891 210 911 236 Α
929 204 982 230 lum
1006 212 1064 230 cum
1089 203 1222 238 lampade.
1237 203 1317 231 Aliud
1341 204 1414 230 cuitu
1438 209 1480 232 est
1511 205 1625 241 lampas,
1640 207 1714 235 aliud

87 253 159 279 duit.
189 251 327 279 Audiatur
354 251 425 278 idctu
442 251 604 286 Syropulus.
634 259 660 278 e.
687 252 733 281 21,
761 257 829 278 sect.
847 251 873 283 4,

86 305 116 332 p.
132 297 167 324 99
184 305 191 323 :
218 295 284 323 Εἶτα
297 298 482 332 διεμηνὺσατο
498 299 510 322 ὁ
529 298 704 332 πατριάρχης
720 297 757 331 τῷ
772 297 876 331 πάππα

87 343 126 374 ὡς
148 343 280 378 βούλεται
295 343 342 368 καὶ
360 342 424 368 ἰδεῖν
445 343 526 369 αὑτὸν
537 362 545 375 ,
562 343 610 369 καὶ
625 343 668 369 ἴνα
684 343 754 378 τάξῃ
768 343 875 377 ἡμέραν

88 389 150 415 καθ’
167 389 200 423 ῆν
217 389 382 422 ἀποδέχεται
398 388 479 414 τοῦτο
506 390 635 423 ποιῆσαι·
668 388 767 414 Deinde
792 389 875 422 signi-

87 435 178 469 ficat-it
197 435 354 468 patriarcha
381 442 458 469 papae
478 434 544 460 velle
567 442 594 460 se
618 435 704 468 ipsum
720 434 815 465 visere.
831 442 875 459 ro-

87 490 154 516 gans
170 486 198 507 ut
209 481 277 507 diem
293 481 448 507 admissioni
460 481 620 516 assignant.
635 480 719 508 Paulo
731 485 801 515 post,
817 482 876 506 ἐπ.-

89 527 195 559 στάσης
222 523 269 550 οὖν
291 524 340 559 τῆς
357 524 561 560 ἀποταχθείσης
587 526 702 560 ἡμέρας,
727 533 785 551 cum
808 533 876 555 pra:-

87 572 182 597 stituta
204 570 259 596 dies
276 570 436 603 advertisset,
458 573 497 597 ait
516 570 671 606 Syropulus
691 571 875 605 patriarcham

89 614 162 639 inter
174 618 272 640 etetera
294 621 354 648 qum
373 613 406 640 ad
429 622 556 649 pompam
574 615 616 642 sui
628 623 726 642 versus
741 623 817 650 papae
829 623 877 650 pa-

87 658 186 684 latium
216 666 361 692 processus
391 659 637 686 commendandam
661 661 792 694 providit,
819 661 878 696 jus-

88 703 159 730 sisse
178 708 207 730 ut
229 704 283 730 sibi
303 704 483 731 dibambulum
498 710 524 732 et
538 696 695 734 dicanicium
712 708 877 741 prmrerreu-

89 753 158 775 tur:
182 749 312 782 Ἐπέταξε
337 750 364 776 δὲ
380 751 424 776 ἵνα
442 751 579 786 κατέχωσι
605 755 652 779 καὶ
674 752 704 779 τὸ
727 753 877 788 διὸἀμὸου-

85 795 131 820 λον
157 795 203 820 καὶ
221 795 250 821 τὸ
269 796 421 822 δικανὶκιον
451 798 608 832 ἔμπροσθεν
641 798 734 824 αὐτοῦ.
763 799 812 826 Est
832 799 874 825 δι-

91 841 218 868 κανίκιον
247 841 407 869 dicnnicium
434 844 539 878 aliquid
571 844 662 872 simile
686 845 791 872 baculis
820 845 875 872 illis

926 253 1018 275 contus
1035 254 1140 282 gestans
1163 248 1323 284 lampadem.
1336 249 1413 282 Quod
1427 250 1449 277 si
1462 256 1561 278 contus
1577 252 1715 288 intelliga.

930 299 974 321 tur
992 294 1091 320 biﬁdus
1107 296 1176 320 duos
1193 295 1270 328 quasi
1289 302 1378 322 ramos
1398 296 1576 330 protendens,
1594 305 1713 332 quorum

927 339 1044 374 quisque
1071 339 1098 366 in
1119 347 1227 366 summo
1243 339 1341 366 habeat
1356 340 1475 368 loculum
1490 342 1630 376 capienda:
1646 343 1715 370 latn-

928 385 991 419 padi
1004 389 1109 419 aptum,
1125 393 1216 411 veram
1233 385 1418 419 διὸαμῦού).ου
1436 388 1617 421 expressisset
1633 389 1714 416 Gret-

927 439 1008 458 serus
1038 431 1174 463 formam;
1204 435 1231 458 et
1261 431 1284 458 si
1303 431 1413 458 audiret
1438 440 1518 459 suum
1545 434 1711 469 Syropulum

927 475 1069 510 Creigton,
1096 476 1168 503 idem
1193 476 1250 510 ipse
1267 478 1371 503 sentire
1387 477 1533 504 debuerat.
1563 478 1609 506 Sic
1636 480 1711 506 enim

928 528 982 547 non
1007 522 1145 548 laboraret
1172 521 1199 548 in
1223 521 1373 548 divinando
1397 530 1529 555 quorsum
1559 523 1581 550 is
1599 524 1710 557 λαμπα-

928 565 1036 600 δούχου,
1052 566 1220 592 instrumenti
1235 566 1401 601 lampadibus
1420 567 1551 601 gcstandis
1565 577 1710 596 accommo-

932 609 987 636 dati
1006 611 1184 642 mentionem,
1201 619 1227 637 ν.
1245 612 1290 642 55,
1311 611 1400 640 faciat.
1424 620 1527 646 ponens
1546 614 1572 640 id
1595 615 1712 641 vocabu-

928 656 984 682 lum
1015 656 1347 692 tanquam'synonymum
1369 658 1563 692 διϐαμϐοὑλου.
1588 661 1624 687 At
1644 662 1713 688 nihil

928 700 1083 727 mirabilius
1098 706 1233 735 estquam
1252 701 1324 735 quod
1343 702 1466 729 omnium
1489 703 1586 730 horum
1613 704 1716 731 oblitus

927 745 1072 779 Creygton,
1090 746 1153 772 dum
1173 754 1199 773 c.
1220 747 1266 779 24,
1284 751 1352 774 sect.
1371 747 1398 778 4,
1417 755 1443 781 p.
1470 748 1514 780 99,
1537 749 1637 776 iterum
1661 750 1715 778 illic

927 796 1110 818 memoratum
1133 799 1148 818 a
1166 799 1216 818 suo
1233 792 1369 827 Syropulo
1381 793 1562 827 διῦἀμὸουλον
1577 796 1715 830 interpre-

928 840 1010 868 tatus,
1036 839 1153 864 aestivum
1169 838 1327 872 papilionem
1358 838 1384 865 id
1413 840 1544 874 appellat.
1573 841 1607 868 Et
1631 841 1714 869 Nota-

87 891 135 913 aut
153 887 242 914 contis
267 889 405 922 argenteis
426 890 516 923 specie
533 890 672 918 clavarum
689 887 782 926 (vulgo
804 900 873 919 mas-

928 890 987 909 ruin
1018 891 1045 917 p.
1064 883 1106 915 18,
1124 883 1197 910 hunc
1214 885 1302 910 locum
1318 885 1465 919 indigitaus
1477 886 1517 912 sic
1533 887 1629 913 scribit
1647 888 1714 913 εΔι-

87 940 132 960 sas
156 933 267 968 vocant)
288 942 356 968 quas
381 934 505 968 prtel'erri
528 935 655 962 videmus
676 936 703 963 S.
720 936 752 962 11.
767 937 797 963 E.
814 945 875 964 car-

87 978 249 1010 dinalibus,
286 979 351 1006 dum
378 980 537 1007 solemniter
562 981 719 1014 incedunt;
752 983 873 1017 qualium

88 1022 194 1050 Gnccis
208 1024 373 1058 patriarchis
394 1027 556 1053 usitatorum
581 1027 705 1054 meminit
718 1027 873 1056 Chronic-on

90 1069 302 1104 Constantinop.
329 1070 372 1097 his
403 1071 494 1098 verbis
519 1078 526 1098 :
549 1071 640 1104 Ἰδίαις
658 1074 737 1108 χερσὶ
760 1073 876 1101 δέδωκεν

87 1115 163 1149 αὐτῴ
177 1115 328 1142 δικανικιον
345 1116 443 1142 πολλοῦ
460 1117 544 1150 ἄξιον,
560 1118 619 1153 ἦτοι
635 1119 733 1153 ράὓδον
752 1120 876 1155 ἀργυρᾶν

88 1161 392 1196 περικεχρυσωμένην·
414 1161 536 1196 Propriis
567 1163 690 1190 manibus
719 1164 790 1190 dedit
825 1166 876 1199 ipsi

87 1208 247 1234 dicanicium
281 1209 372 1243 magni
401 1209 492 1243 pretii,
511 1209 565 1236 sive
587 1210 690 1244 virgam
723 1216 876 1245 argenteam

87 1255 327 1282 circamauratam.
352 1255 450 1282 Motum
486 1263 550 1282 vero
579 1263 696 1290 pergens
723 1256 876 1292 Syropulus

89 1299 175 1327 fuisse
201 1300 286 1327 refert
310 1301 475 1334 patriarcha:
490 1302 707 1329 controversiam
724 1302 758 1330 de
779 1303 876 1337 prarla—

90 1346 164 1372 tione
191 1346 335 1372 dibambali
354 1351 382 1373 et
397 1347 544 1380 dicanicii,
571 1347 684 1375 dicente
706 1348 747 1375 illi
778 1356 876 1383 magno

89 1391 317 1426 chartophylace,
334 1393 376 1418 ὅτι
401 1392 520 1418 ἐνταῦοα
543 1393 620 1419 οὐδὲν
644 1394 776 1427 ἀνήκουσι
791 1402 876 1428 προη-

88 1438 198 1471 γεῖσθαι
213 1437 310 1471 ταῦτα,
437 1438 484 1465 καὶ
507 1440 530 1464 εἰ
546 1439 660 1473 lapidem,
686 1439 877 1474 καταλειφθεί-

88 1493 178 1510 τωσαν
189 1493 195 1499 ·
206 1485 268 1511 Ilrrc
280 1485 326 1511 hoc
338 1485 394 1510 loco
402 1486 558 1520 prtegcstari
573 1485 640 1512 nihil
652 1486 765 1518 attinet;
780 1494 873 1521 quare,

86 1531 109 1557 si
133 1531 181 1557 tibi
201 1531 321 1562 videtur,
351 1531 547 1565 relinquantur.
572 1531 674 1559 Contra
700 1537 789 1559 tamen
817 1538 910 1575 ten-c

87 1575 170 1602 dente
191 1576 365 1609 patriarcha,
394 1576 522 1603 convertit
546 1577 579 1603 ad
607 1582 761 1604 extremum
789 1577 875 1605 solius

88 1620 243 1648 dibambuli
269 1621 456 1655 pra-lationem
484 1622 584 1649 omitti.
602 1622 699 1657 Ὅμως
725 1623 815 1658 ἀφῆκε
845 1624 875 1650 τὸ

87 1666 282 1701 διὸἁμσουλον.
309 1667 473 1694 Candelabri
500 1667 577 1695 biﬁdi
604 1669 794 1703 pragestatio,
813 1674 875 1696 tan-

86 1721 169 1748 quam
197 1713 232 1739 ab
253 1721 303 1739 usu
331 1713 358 1739 in
383 1713 460 1740 Italia
484 1717 594 1747 recepto
609 1713 692 1741 nimis
716 1714 817 1747 aliena,
833 1715 874 1742 vel

85 1759 168 1786 aliam
198 1758 349 1794 quamlibet
378 1758 412 1785 ob
433 1764 562 1791 causam,
579 1759 650 1787 ultro
678 1768 693 1786 a
717 1761 874 1794 patriarcha

86 1805 203 1832 remissa
229 1810 271 1832 cst
289 1814 295 1832 :
312 1805 463 1832 dibambulo
495 1805 568 1832 domi
608 1805 716 1833 relicto.
745 1807 874 1834 Potuitne

85 1852 190 1878 clarius
207 1851 293 1878 astrui
317 1859 331 1878 a
348 1859 390 1878 me
408 1851 485 1886 prius
504 1851 600 1878 tradita
625 1851 808 1887 διὸειμόούλου
826 1861 874 1880 no-

86 1898 146 1924 tio?
163 1897 267 1924 Tamen
289 1897 341 1925 hoc
365 1897 432 1924 mihi
448 1897 574 1932 Syropuli
588 1897 747 1932 suffragium
764 1899 874 1933 eripere

84 1943 224 1978 Crcygton
243 1944 380 1978 interpres
394 1948 509 1970 conatur
523 1952 529 1969 :
549 1951 604 1977 quo
619 1951 760 1976 successu,
778 1945 874 1972 viden-

84 1989 151 2016 dum
180 1988 264 2015 modo
279 1993 375 2015 restat.
402 1989 447 2015 lllc
471 1989 555 2023 priori
581 1997 614 2016 ex
638 1989 767 2016 indicatis
792 1990 871 2022 locis.

84 2044 110 2063 c.
128 2035 172 2065 17,
186 2035 292 2065 sect.5.
305 2043 334 2069 p.
351 2034 395 2066 62,
413 2035 496 2062 verba
513 2035 569 2066 illa,
583 2035 616 2060 τὰ
632 2035 659 2061 δὲ
673 2035 737 2070 (hoc
754 2040 796 2062 est
809 2036 872 2070 τρία

85 2080 202 2114 emtam)
219 2080 258 2110 si;
273 2079 455 2114 διὸάμῧουλον
470 2081 742 2115 μετεσκευάσοησαν,
755 2081 797 2108 sic
812 2090 873 2108 ver-

84 2125 117 2152 tit
134 2134 141 2152 :
160 2124 212 2152 Sed
229 2125 314 2152 ha...
328 2130 379 2152 tres
395 2126 502 2160 pyxides
529 2127 554 2152 in
572 2135 665 2159 unam,
686 2128 732 2153 sed
753 2127 871 2154 eamdem

83 2174 107 2196 et
135 2171 269 2204 geminant
295 2170 442 2205 ampullam
466 2170 596 2205 prodiere.
628 2170 701 2197 Idem
736 2179 817 2206 porro
842 2172 869 2198 in

84 2217 158 2244 notis
183 2216 216 2244 ad
243 2225 307 2244 eum
331 2217 420 2243 locum
442 2217 521 2243 docet

81 2263 181 2289 Latina
199 2269 264 2289 voce
277 2262 407 2295 ampulla,
424 2270 577 2297 sonareque
590 2263 737 2297 ampullam
754 2263 871 2298 bigattu-

82 2318 137 2335 rem
153 2309 258 2344 gemino
274 2317 318 2335 ore
331 2317 376 2335 seu
394 2309 531 2343 epistomio
547 2317 661 2344 superne
677 2309 804 2336 hiantem.
821 2310 872 2337 De-

82 2357 183 2382 buerat
201 2360 292 2381 autem
315 2354 417 2381 addere
434 2361 516 2389 quem
532 2361 610 2381 usum
628 2355 680 2382 tale
698 2363 745 2382 vas
766 2356 871 2383 habue-

81 2402 128 2434 rit,
147 2405 196 2428 aut
218 2408 298 2434 quam
312 2399 347 2427 ob
361 2407 483 2433 causam,
497 2401 570 2427 ituro
584 2400 612 2427 in
628 2400 733 2427 Italiam
752 2402 870 2436 patriar-

79 2448 132 2475 cha
158 2446 375 2473 instrumentum
390 2446 450 2480 ejus
465 2445 559 2473 formae
574 2450 628 2472 tam
646 2447 765 2474 sollicite
791 2455 870 2482 para-

82 2499 139 2520 tum
162 2493 257 2524 fuerit,
276 2492 366 2519 tribus
381 2492 463 2519 etiam
484 2492 572 2519 sacris
592 2500 626 2519 ex
649 2493 730 2520 altari
747 2495 821 2521 vasis
841 2494 869 2521 in

81 2541 107 2567 id
123 2539 252 2567 conﬂatis
267 2547 273 2565 :
289 2542 438 2565 contentus
449 2537 552 2565 erroris
563 2538 695 2565 damnare
710 2539 869 2567 Gretserum

79 2587 226 2616 .lcsuitam,
244 2585 317 2619 quod
338 2583 386 2611 lib.
401 2584 555 2611 Comment.
578 2584 607 2610 in
630 2583 728 2612 Codin.
753 2585 780 2617 5,
798 2593 824 2613 c.
842 2587 867 2618 1,

80 2643 107 2668 p.
122 2633 176 2660 ΞΠ
192 2630 368 2665 dibambylum
383 2639 441 2657 cum
458 2630 580 2665 lampade
593 2631 741 2665 confundit.
757 2631 783 2658 Id
803 2639 868 2659 vero

79 2680 216 2706 Gretsero
233 2677 301 2704 falso
316 2675 478 2711 imponitur.
493 2676 519 2702 ls
536 2676 607 2703 enim
625 2677 662 2703 ibi
684 2681 789 2704 tantum
802 2677 868 2705 dicit

78 2726 129 2752 sibi
163 2724 234 2751 alias
255 2731 310 2749 non
332 2721 507 2756 displicuisse
537 2721 720 2756 διὸάμὸουλον
746 2723 800 2750 dici
820 2732 869 2750 au-

79 2780 152 2798 ream
169 2774 274 2796 contum
302 2769 344 2795 cui
373 2767 475 2801 lampas
504 2768 706 2802 imponebatur,
723 2769 768 2794 sed
788 2777 816 2795 se
839 2770 868 2796 in

78 2818 133 2845 alia
154 2821 240 2843 mente
255 2823 323 2841 naitc
338 2821 403 2840 esse.
418 2813 470 2846 Qui
487 2814 538 2840 etsi
571 2822 625 2841 non
649 2819 784 2842 mutasset
803 2823 867 2843 sen-

40 2867 54 2889 I
80 2863 206 2894 tentiam,
226 2860 280 2888 dici
302 2867 355 2887 non
369 2863 461 2894 posset
473 2867 535 2887 eum
560 2860 709 2896 confuditse
730 2861 866 2897 dabamby-

926 930 1082 964 ϐἀμϐουλον
1109 932 1136 958 in
1165 933 1211 958 hoc
1233 931 1290 958 loco
1316 934 1388 959 omni
1414 933 1493 959 dubio
1507 934 1601 968 procul
1625 935 1712 962 velum

925 976 1057 1010 signiﬁcat
1076 977 1263 1004 umbratile....
1285 977 1352 1004 illud
1380 979 1450 1005 enim
1479 979 1565 1005 velum
1593 979 1666 1012 dum,
1682 985 1710 1006 ut

925 1021 1045 1048 umbram
1072 1028 1174 1054 arceat,
1201 1031 1217 1049 α
1231 1027 1307 1050 conto
1322 1023 1436 1058 longiori
1455 1032 1538 1059 supra
1554 1025 1649 1060 capitis
1667 1026 1711 1059 [a-

924 1068 1031 1102 stigium
1056 1069 1222 1103 explicatur,
1240 1070 1381 1096 incurvum
1404 1074 1427 1096 et
1450 1075 1613 1098 cameratum
1629 1071 1713 1104 [orni-

925 1121 979 1139 cem
995 1118 1177 1148 reprmentat,
1192 1115 1254 1142 dam
1274 1124 1364 1142 rursus
1383 1116 1418 1143 ad
1437 1122 1542 1143 contum
1565 1118 1710 1150 reducitur,

926 1164 1074 1186 ventrosam
1099 1160 1269 1196 lagunculam
1290 1166 1336 1188 aut
1361 1161 1517 1196 ampullam.
1544 1162 1573 1190 In
1597 1163 1640 1190 his
1657 1171 1711 1190 non

926 1212 1020 1238 quaero
1039 1213 1089 1232 cur
1109 1207 1217 1233 dicatur
1240 1207 1365 1238 umbella.
1380 1209 1448 1240 sive.
1476 1213 1505 1235 ut
1520 1207 1657 1244 Creygtou
1673 1209 1713 1236 lo-

926 1252 1040 1284 quitur,
1063 1252 1167 1279 a'stivus
1187 1253 1298 1287 papilio.
1321 1253 1442 1280 umbram
1458 1262 1557 1287 arcere,
1582 1263 1643 1282 cum
1662 1254 1713 1282 soli

927 1297 1018 1330 potius
1033 1298 1146 1324 arcendo
1171 1297 1214 1333 [P.
1241 1299 1304 1335 575]
1321 1304 1348 1327 et
1370 1300 1475 1327 umbra:
1490 1301 1622 1334 iacienda
1637 1309 1712 1328 com~

927 1349 1052 1376 paratum
1079 1345 1214 1380 ejusmodi
1237 1345 1450 1374 instrumentum
1473 1348 1519 1375 sit.
1538 1348 1608 1375 Illud
1629 1348 1712 1375 etiam

926 1393 1007 1423 atque
1033 1391 1113 1417 etiam
1136 1391 1272 1426 explicare
1295 1391 1480 1428 Creygtonum
1506 1401 1540 1420 ne
1564 1398 1713 1428 gravetur,

927 1442 1004 1469 rogo.
1028 1443 1080 1470 qua
1096 1437 1204 1463 tandem
1227 1438 1335 1465 ratione
1356 1439 1496 1465 metallum
1522 1439 1603 1465 trium
1634 1439 1712 1473 pyxi-

925 1480 988 1507 dum
1005 1481 1116 1508 conﬂari
1138 1482 1164 1509 in
1190 1483 1272 1518 677
1294 1492 1379 1511 unum
1405 1486 1522 1512 wstivam
1547 1484 1711 1519 papilionem

927 1527 984 1554 sive
1001 1528 1145 1555 umbellam
1161 1530 1293 1563 potuerit.
1314 1530 1368 1557 Sed
1388 1532 1479 1557 omnia
1497 1531 1555 1558 haec
1571 1531 1709 1558 arbitran-

926 1573 960 1600 da
978 1581 1056 1608 aequo
1071 1579 1099 1601 et
1118 1575 1228 1602 erudito
1248 1576 1344 1603 lectori
1365 1576 1561 1610 permittantur
1576 1585 1583 1603 :
1599 1576 1711 1603 interim

926 1619 1003 1652 dum,
1025 1627 1086 1654 quae
1103 1621 1187 1648 multa
1204 1629 1253 1648 nos
1268 1627 1368 1649 vocant
1385 1622 1448 1653 alia,
1469 1623 1674 1656 prosequimur.

960 1668 1064 1702 Διωρία
1089 1677 1116 1703 p.
1144 1669 1205 1696 589.
1226 1669 1314 1696 Videri
1344 1675 1437 1704 posset
1462 1670 1576 1704 διωρίαν
1592 1670 1638 1696 hic
1654 1667 1710 1696 dici

925 1713 1042 1741 duarum
1062 1715 1192 1742 horarum
1208 1717 1338 1751 spatium,
1363 1717 1435 1744 sicut
1457 1717 1596 1744 tri/torium
1611 1717 1710 1751 (Auso-

925 1760 972 1786 nio
987 1765 1075 1795 poeta:
1100 1766 1232 1796 usurpata
1261 1764 1324 1797 vos)
1343 1767 1398 1790 tres
1413 1755 1496 1790 horas
1513 1763 1617 1790 indicat
1635 1771 1641 1788 :
1661 1763 1710 1790 scd

924 1814 979 1833 non
1005 1811 1047 1833 est
1064 1806 1111 1833 ita.
1127 1807 1194 1834 Nam
1209 1808 1306 1842 glossaa
1328 1813 1436 1836 veteres
1453 1809 1604 1836 universim
1626 1817 1712 1843 expo-

924 1854 994 1876 nunt
1017 1850 1113 1885 διωρία
1129 1851 1307 1884 intercapedo,
1325 1854 1451 1886 spoliant.
1466 1852 1496 1880 Et
1510 1852 1608 1880 Suidas
1622 1862 1629 1879 :
1644 1854 1708 1880 διω-

926 1895 981 1929 ρια,
996 1896 1138 1930 ἀνακωχὴ,
1157 1896 1229 1930 quod
1246 1897 1345 1931 probat
1359 1897 1477 1924 adducto
1492 1899 1583 1925 statim
1599 1899 1659 1926 loco
1675 1906 1711 1927 ex

923 1940 1052 1974 quodam.
1075 1946 1104 1967 ut
1120 1945 1244 1975 apparet,
1259 1942 1391 1969 historico
1408 1951 1415 1969 :
1429 1943 1514 1976 Δόξαν
1526 1944 1548 1969 δ’
1565 1944 1708 1972 ἐπανεῖναι

923 1985 971 2021 τὴν
993 1987 1167 2021 πολιορκίαν,
1184 1988 1231 2013 καὶ
1257 1988 1370 2021 διωρίαν
1392 1988 1494 2022 βουλῆς
1511 1990 1568 2020 τοῖς
1596 1998 1710 2017 στασια-

923 2032 999 2062 σταῖς
1014 2033 1175 2066 παρασχεῖν.
1198 2032 1262 2059 Cum
1279 2036 1368 2058 autent
1392 2038 1456 2059 euet
1471 2034 1555 2060 visum
1573 2035 1710 2062 remittet:-

922 2077 984 2103 dant
1007 2077 1228 2112 oppugnationem
1255 2077 1326 2104 urbis
1353 2082 1377 2104 et
1402 2080 1518 2113 spatium
1545 2079 1709 2108 deliberandi

921 2123 1051 2149 seditiosis
1072 2123 1200 2150 dandum.
1219 2123 1289 2157 Ergo
1310 2128 1337 2150 et
1365 2124 1390 2150 in
1406 2124 1458 2151 hac
1471 2125 1577 2160 reliqua
1593 2125 1708 2153 historia

924 2169 1180 2203 noster.aliquoties
1199 2168 1312 2202 διωρίαν
1335 2177 1385 2204 pro
1403 2178 1478 2196 mora
1495 2175 1522 2197 et
1538 2171 1636 2205 spatio,
1652 2179 1708 2206 quo

546 2226 552 2243 ι
573 2217 750 2252 (libambylum
776 2225 836 2244 esse
855 2219 910 2248 ab
926 2219 1049 2241 cessatur
1074 2218 1122 2240 aut
1148 2214 1328 2247 deliberatur,
1357 2215 1444 2249 ponit.
1473 2220 1502 2242 Ill.
1532 2223 1593 2250 pag.
1624 2217 1675 2244 497
1698 2227 1705 2244 :

929 2261 973 2287 Ἐν
984 2260 1108 2296 διωρῐαις
1130 2261 1213 2286 ἐτίθει
1238 2261 1270 2286 τὰ
1291 2262 1348 2286 κατ’
1362 2263 1477 2289 ἐκεῖνον.
1497 2263 1589 2290 Utitur
1605 2268 1631 2290 ct
1655 2264 1708 2292 hoc

922 2307 1056 2334 vocabulo
1087 2307 1115 2335 S.
1143 2307 1228 2334 abbas
1244 2307 1321 2334 Nilus
1345 2315 1370 2333 Ill
1387 2310 1499 2342 epistola
1519 2311 1597 2345 juxta
1611 2311 1710 2338 editio-

922 2361 984 2380 nem
1011 2359 1132 2380 nostram
1150 2353 1211 2384 150,
1238 2362 1265 2388 ρ.
1284 2354 1334 2381 159
1347 2355 1385 2390 (in
1401 2357 1553 2389 posteriore
1573 2361 1601 2384 et
1624 2358 1704 2392 longe

921 2400 1045 2435 pleniore
1060 2400 1194 2427 Allaliana
1211 2404 1254 2427 cst
1270 2401 1332 2432 215,
1349 2401 1367 2427 Ι.
1386 2409 1424 2433 ιιι,
1437 2409 1463 2436 p.
1486 2402 1557 2435 396,-
1573 2403 1706 2438 inscripta

922 2448 1087 2480 Rodomino.
1106 2456 1168 2475 cum
1193 2449 1219 2475 iu
1246 2448 1395 2483 archetypo
1412 2448 1485 2475 unde
1501 2449 1635 2484 descripsi
1651 2454 1708 2477 Me-

921 2495 999 2522 dieeo
1016 2495 1110 2522 codice
1127 2495 1192 2521 olim
1209 2495 1322 2529 legerim
1337 2503 1388 2530 ego
1406 2498 1433 2522 et
1445 2495 1579 2522 ediderim
1596 2496 1707 2524 Rhodo-

920 2542 1024 2576 nymo).
1045 2540 1084 2567 lbi
1097 2547 1162 2575 ergo
1177 2541 1234 2568 haec
1249 2540 1408 2575 loquentem
1425 2541 1490 2568 facit
1503 2546 1615 2569 sanctus
1625 2542 1707 2570 Pater

920 2592 1094 2621 pcccatorem
1122 2587 1345 2621 impmnitentem
1363 2588 1389 2614 in
1416 2587 1522 2622 judicio
1539 2595 1679 2622 'supremo
1697 2599 1704 2617 ;

921 2635 1002 2669 Οιμοι
1017 2633 1075 2665 πῶς
1092 2634 1225 2665 ἑκουσίως
1239 2633 1370 2660 ἀπώλεσα
1381 2634 1430 2667 τὴν
1442 2634 1555 2671 δίωρῖαν
1566 2635 1613 2660 τοῦ
1630 2643 1703 2670 παρ-

919 2680 1042 2711 ελθόντος
1063 2680 1176 2715 χρόνουι
1194 2679 1244 2707 Hei
1260 2680 1331 2712 milii,
1346 2680 1414 2714 quod
1437 2679 1525 2707 volens
1540 2689 1633 2715 passus
1645 2688 1704 2707 sunt

918 2728 1026 2762 efﬂuere
1045 2727 1073 2754 in
1100 2735 1195 2753 vanum
1226 2727 1343 2761 spatium
1361 2727 1489 2753 traneacti
1521 2726 1644 2760 tempon's
1669 2726 1705 2752 ad

919 2772 1098 2806 paenitentiam
1117 2780 1266 2799 concessum
1276 2772 1286 2798 !

956 2818 1170 2851 Ἐγκλητεύειν
1184 2825 1211 2852 p.
1231 2817 1292 2844 370.
1318 2817 1358 2844 An
1381 2816 1559 2851 ἐγκλητεύειν
1581 2817 1704 2851 reperia~

919 2867 964 2890 tur
987 2863 1059 2898 apud
1086 2864 1172 2891 alium
1194 2863 1319 2892 Graecum
1352 2867 1503 2896 auctorem,
1534 2862 1629 2890 dicant
1654 2864 1702 2899 qui
