1954 3063
235 138 290 177 73'9

698 138 730 168 P.
752 136 906 168 POSSINI
926 133 1250 166 OBSERVATIONUM
1273 133 1347 164 ΗΒ.
1371 134 1393 164 Ι.

1811 130 1868 163 740

234 207 332 229 omnes
343 204 386 225 me
401 195 562 232 diligentius
574 195 712 230 legerunt.
732 194 809 226 Mihi,
825 194 876 221 etsi
894 193 959 220 alibi
971 199 1025 219 non

1081 202 1257 236 marginalem
1288 201 1434 228 lectionem
1459 201 1571 235 probam
1599 200 1666 227 illud
1694 206 1727 226 ex
1758 199 1871 225 duabus

233 245 399 277 occurrerit,
421 251 476 271 non
501 242 554 270 fuit
572 241 657 269 dubia
673 241 734 276 ejus
751 240 840 271 notio,
861 240 957 273 utique
982 246 1026 265 re-

234 291 360 321 cordanti
394 289 528 325 ἔγκλητον
555 287 635 323 δίκην
667 286 762 314 vocari
785 286 863 313 litem
893 284 928 312 de
945 285 1026 319 cujus

232 338 337 373 judicio
359 339 538 371 provocatum
553 335 605 367 sit;
627 337 655 361 et
671 333 761 360 forum
777 332 805 359 in
821 338 877 366 quo
904 339 938 359 ex
963 337 1026 365 pro-

234 384 381 412 vocatione
398 382 578 416 disceptatur,
595 379 730 414 ἐγκλητον
749 379 939 412 δικαστήριον.

272 431 442 463 Ἔκφανσις
465 435 491 463 p.
521 427 581 454 H3.
611 425 703 453 Verba
736 425 792 452 haec
817 424 978 451 referuntur
992 430 1024 450 ex

236 481 310 503 tomo
324 474 448 508 Gregorii
465 471 570 507 Cyprii,
587 469 884 504 Constantinopolitani
908 469 1027 503 patriar-

235 521 294 549 ch:e
307 529 313 547 :
329 521 360 547 El
371 520 399 545 δὲ
414 519 461 545 καὶ
477 518 553 553 παρὰ
563 516 603 552 τῷ
615 516 838 551 θεολογικωτὰτῳ
851 514 1026 550 Δαμασκηνῷ

235 568 267 594 τδ
287 567 331 593 διὰ
343 566 423 600 λόγου
440 565 554 600 εὕρηται
577 562 779 599 προῦολεὺςηοὺ
797 562 847 598 τὴν
861 563 901 594 εις
916 561 946 588 τὸ
958 560 1026 588 εἶναι

236 613 366 647 καθαρῶς
388 612 435 638 τοῦ
465 610 622 645 Πνεύματος
642 608 757 644 πρόοδον
782 609 799 643 ὴ
833 607 906 640 λέξις
929 607 1027 642 δηλοῦν

237 659 372 695 βούλεται,
391 658 458 684 ἀλλὰ
476 657 525 692 τὴν
546 657 587 687 εἰς
608 655 694 683 ἀΐδιον
706 654 911 689 ἔκφαιπιν.(]ιιῐῐὶ
927 654 1028 688 saepius

237 706 332 741 paucis
349 705 392 732 bis
410 704 537 731 versibus
552 706 693 738 repetatur
708 709 759 728 vox
783 700 924 735 ἔκφανσις,
941 700 1027 727 semel

237 756 351 778 tantum
362 748 448 777 codex
467 754 562 776 noster
580 756 639 776 eam
665 747 793 782 exprimit
809 746 903 774 addito
919 756 944 778 ν.
959 746 1028 774 alias

237 797 350 830 ἔκφασις
364 796 499 823 scribens.
517 795 595 823 Unde
613 794 730 822 verebar
743 793 872 828 equidem
889 793 1027 827 corrigere

237 847 277 870 tot
292 843 351 870 loca
367 842 470 869 indicio
487 841 580 871 unius,
603 839 656 867 nisi
672 838 932 866 animadvertissem
948 838 1027 865 codi-

237 896 298 915 cem
335 888 497 916 Vaticanum
529 890 692 914 constanter
729 885 862 919 ἑκφανσιν
891 884 1026 912 scribere.

239 933 305 961 Inde
334 933 454 960 intellexi
475 932 515 959 sic
540 939 635 959 revera
654 930 787 965 scriptum
811 936 826 956 a
848 929 1026 964 Pachymere,

239 987 316 1007 more
340 979 435 1014 utique
458 983 570 1012 recepto
594 977 712 1004 aliorum
726 996 733 1007 ,
758 975 810 1003 etsi
832 981 1028 1009 nonnusquam

238 1025 355 1059 ἔκφασις
372 1031 482 1059 quoque
497 1023 609 1058 legitur.
623 1022 675 1049 Sed
695 1022 808 1057 majoris
823 1021 955 1049 momenti
969 1021 1029 1048 fue-

238 1072 276 1099 rit
291 1071 432 1098 notionem
461 1069 580 1098 scrutari
605 1068 682 1096 vocis
698 1068 791 1103 hujus.
807 1068 893 1104 Vulgo
914 1067 996 1095 video
1012 1075 1027 1095 a

239 1117 356 1145 summis
372 1115 509 1150 theologis
525 1114 618 1143 Grmca
648 1114 746 1142 Latine
773 1112 955 1141 reddentibus
982 1113 1029 1140 εκ-

239 1170 348 1196 φανσιν,
359 1161 551 1196 ὲκφαντορίαν,
573 1161 770 1195 ὲκφαντορικὺν
783 1159 891 1194 πνεῦμα
900 1159 1029 1187 enuntia-

241 1208 324 1235 tionia
337 1207 494 1242 signiﬁcatu
515 1205 662 1234 declarari.
680 1206 739 1233 Non
756 1204 940 1238 reprehendo.
962 1205 1029 1233 iure

242 1258 334 1281 tamen
354 1260 416 1280 meo
430 1252 509 1280 visus
530 1252 599 1279 mihi
618 1260 680 1279 sum
696 1259 776 1287 posse
799 1251 851 1278 hoc
864 1259 965 1278 nomen
979 1251 1030 1278 du-

241 1307 306 1327 cere
321 1299 355 1327 ab
372 1300 503 1335 ὲκφαίνω,
519 1303 656 1333 quatenus
671 1303 751 1325 sonat
769 1298 866 1331 ειμι-σο,
885 1301 916 1324 ιιι
929 1297 1031 1332 ἐκφαν-

242 1354 284 1377 σις
299 1351 374 1373 recte
395 1349 519 1373 vertatur
541 1344 791 1379 enplendescentia.
810 1343 887 1376 Quod
909 1350 1030 1370 commo-

241 1393 305 1421 dius
331 1392 365 1420 ad
395 1392 510 1427 subjecti
528 1391 582 1419 loci
608 1391 787 1422 sententiam,
805 1390 831 1417 ni
849 1389 930 1416 fallor
957 1388 1031 1416 acci-

241 1439 294 1468 dit.

277 1485 385 1522 [P.HB]
393 1483 643 1521 678¹Ενικανόω
654 1491 680 1517 p.
696 1482 755 1510 105.
767 1482 852 1517 llujus
862 1482 950 1514 verbi,
964 1481 1030 1508 satis

224 1540 225 1545 η
243 1532 270 1560 ἰη
287 1531 366 1559 libris
377 1539 446 1566 quos
456 1531 570 1558 viderim
582 1530 649 1563 rari,
667 1530 807 1557 notionem
819 1536 834 1556 e
852 1527 1031 1563 paraphraste

241 1577 376 1604 Vaticano
390 1576 506 1611 sumpsi,
522 1580 609 1603 totum
625 1575 700 1602 hunc
715 1575 806 1602 locum
819 1573 860 1600 sic
874 1572 1008 1600 reddente
1020 1580 1027 1598 ε

246 1624 361 1651 Ἑκατὸν
389 1624 558 1658 πεντήκοντα
575 1623 719 1658 χρυσινους
743 1622 834 1652 αὐτοῖς
862 1621 1029 1655 ἐδωρήσατο.

241 1670 288 1698 Sic
302 1671 348 1697 ille
364 1670 534 1705 conjungens
557 1676 618 1704 quae
643 1672 740 1696 auctor
755 1667 936 1700 discreverat,
963 1674 1030 1693 cen-

243 1720 301 1741 tum
318 1721 417 1742 aureos
433 1714 533 1745 Vccco,
550 1713 749 1748 quinquaginta
768 1712 944 1740 Mclitcniotae
961 1719 1029 1745 sup-

243 1760 379 1795 peditatos
414 1766 581 1786 memorans.
619 1758 670 1786 Cui
700 1763 836 1793 quatenus
865 1758 1030 1793 simpliciter

243 1805 364 1833 donandi
380 1805 563 1840 significatum
578 1805 713 1832 vocabulo
728 1803 884 1831 ινικανοῦτο
906 1804 1028 1840 subiicit,

243 1852 373 1880 adlnerco
391 1851 499 1879 defectu
514 1850 638 1879 melioris
653 1851 791 1884 auctoris;
810 1850 923 1878 interim
939 1856 1030 1878 tamen

207 1896 210 1897 ⁷
243 1898 388 1931 suspicans
422 1898 637 1933 aSsignationem
672 1904 769 1924 annuae
807 1896 932 1932 pecunia
964 1897 1030 1923 istas

241 1950 364 1972 summas
379 1944 523 1977 a-quantis,
537 1942 647 1970 duobus
658 1942 801 1970 exsulibus
810 1942 839 1970 in
855 1942 986 1970 alimenta
1003 1946 1030 1969 et

242 1995 310 2016 usus
325 1988 387 2015 vita:
409 1994 524 2015 caeteros
545 1988 711 2023 praebendas,
731 1988 784 2016 isto
800 1988 936 2015 vocabulo
957 1987 1028 2015 indi-

242 2038 330 2062 catam
351 2041 366 2061 a
388 2034 572 2069 Pachymere;
588 2039 619 2062 ut
633 2034 727 2062 dicere
736 2035 867 2066 voluerit,
879 2041 942 2061 cum
955 2038 1030 2061 eate-

243 2087 296 2107 nus
310 2079 378 2107 nihil
394 2079 584 2108 constituiSset
605 2079 755 2116 imperator
769 2080 803 2107 de
824 2080 900 2107 victu
915 2079 1031 2114 captivis

243 2125 353 2153 duobus
374 2126 559 2161 suggerendo,
583 2131 651 2153 tunc
675 2133 724 2161 per
746 2125 963 2153 Alexandrinum
984 2133 1031 2160 pa-

244 2169 394 2197 triarchant
418 2175 446 2198 et
472 2170 639 2206 logothetatn
666 2170 734 2205 ipsis
762 2170 896 2206 assignari
923 2179 939 2198 e
964 2170 1030 2198 ﬁsco

1077 247 1138 274 aliis
1154 248 1331 276 contulimus.
1349 251 1379 274 ut
1397 247 1427 273 τὸ
1441 255 1455 273 ν
1467 247 1681 282 geminarentns.
1706 245 1775 273 Cum
1791 245 1867 271 enim

1079 292 1131 319 hoc
1145 292 1272 325 verbum,
1295 297 1325 319 ut
1355 300 1419 319 ntox
1444 293 1632 325 ostendemus,
1663 291 1811 322 tormetur,
1835 291 1870 317 ab

1078 338 1187 374 ὲννάτῃ,
1213 338 1285 373 quod
1307 338 1481 373 frequentius
1504 346 1552 372 per
1577 338 1679 373 duplex
1694 347 1709 364 ν
1724 337 1870 367 scribitur,

1078 384 1182 411 rectius
1207 384 1367 419 putavimus
1387 384 1536 416 ὲννατίζειν
1550 391 1632 419 quam
1649 384 1784 416 ὲνατιζειν
1800 383 1869 410 diri.

1077 429 1134 457 Etsi
1147 438 1198 457 nos
1215 438 1270 457 non
1286 430 1355 465 fugit
1377 431 1557 465 scriptionem
1586 431 1633 457 τοῦ
1652 430 1733 465 ἐνάτη
1751 438 1801 464 pro
1826 431 1872 456 ὲν-

1077 476 1145 510 νάτη
1160 485 1215 504 non
1232 477 1313 504 modo
1325 481 1355 504 ut
1370 477 1483 512 probam
1501 477 1611 504 defendi
1627 478 1660 504 ab
1675 477 1823 504 Eustatbio
1836 477 1871 504 ad

1077 522 1159 550 Iliad.
1175 523 1202 557 β,
1226 531 1254 558 p.
1286 523 1340 550 295
1356 523 1401 550 ed.
1420 523 1512 554 Rom.,
1524 523 1571 550 sed
1588 524 1669 550 etiam
1687 523 1720 550 ad
1741 523 1824 550 Iliad.
1843 524 1870 556 Θ,

1078 574 1105 602 p.
1134 567 1202 599 712,
1231 568 1420 595 commendari
1451 573 1580 602 tanquam
1612 568 1715 602 λογὶοις
1742 568 1865 595 eruditis

1078 617 1248 646 usurpatam,
1277 617 1307 640 ut
1331 613 1397 640 dent
1419 612 1512 640 locum
1530 613 1678 648 ingeniosa:
1701 613 1872 648 trajectionit

1078 656 1244 690 litterarum,
1260 666 1313 693 qua
1332 658 1426 686 ἔνατον
1447 659 1475 686 in
1492 659 1586 685 νέατον
1602 663 1724 686 mutetur
1743 667 1749 684 :
1763 665 1865 684 nouum

1077 703 1180 738 quippe
1204 712 1252 739 per
1269 704 1365 730 ἔνατον
1391 705 1540 740 signatum,
1557 712 1619 731 cum
1641 705 1674 732 sit
1691 705 1821 731 ultimum
1839 703 1867 730 in

1079 750 1204 776 numeris
1230 749 1415 785 simplicibus,
1445 751 1540 776 νέατον
1564 750 1636 776 idem
1657 757 1769 784 quoque
1799 754 1866 776 est:

1078 796 1137 823 haec
1157 796 1230 822 enim
1248 804 1301 822 vox
1325 801 1405 823 sonat
1428 797 1607 823 noviuimum.
1625 795 1659 823 At
1676 796 1742 822 tnihi
1757 796 1872 830 quidem

1079 841 1152 869 haud
1171 842 1261 877 placet
1282 842 1340 869 bzec
1357 842 1476 877 argutia,
1499 850 1561 876 qum
1577 843 1740 870 vocabulum
1764 843 1798 869 ab
1816 842 1873 870 ori-

1079 888 1142 923 gine
1157 895 1206 915 sua
1224 887 1340 915 divellit.
1363 887 1392 915 Si
1409 888 1481 915 enim
1501 888 1594 914 ἔνατον
1619 888 1699 923 quasi
1721 888 1816 915 νέατον
1832 888 1873 916 di-

1079 938 1154 960 ctum
1165 938 1220 965 est,
1235 933 1292 968 jam
1311 932 1365 960 hoc
1380 933 1524 960 numerale
1543 941 1643 960 nomen
1659 941 1674 960 a
1690 941 1740 961 suo
1754 941 1873 962 numero

1079 979 1157 1004 ἐννέα
1171 986 1226 1005 non
1254 978 1448 1012 derivabitur;
1472 979 1550 1014 ζῳιοά
1573 980 1722 1007 absurdum
1750 980 1870 1008 videtur.

1080 1024 1146 1052 Utut
1165 1027 1212 1056 sit,
1233 1024 1366 1058 scriptum
1382 1032 1396 1051 a
1421 1025 1590 1060 Pachymere
1606 1025 1756 1057 ὲννατίζειν
1778 1034 1843 1053 cum
1858 1035 1872 1053 ν

1079 1069 1195 1105 duplici,
1212 1077 1245 1097 ex
1260 1070 1397 1105 scriptura
1410 1074 1557 1098 contextus
1571 1075 1599 1097 et
1624 1071 1746 1098 Vaticani
1765 1072 1872 1099 Ctldlt‘ls

1079 1123 1135 1144 non
1154 1121 1269 1148 tetnere,
1287 1120 1318 1143 ut
1331 1121 1408 1151 puto,
1426 1124 1565 1151 auguror;
1579 1117 1765 1152 existimoque
1782 1119 1872 1145 usita-

1079 1166 1138 1188 tum
1170 1161 1198 1188 in
1222 1161 1399 1188 monasteriis
1424 1161 1478 1188 hoc
1494 1162 1610 1189 verbum
1635 1162 1668 1189 ad
1693 1162 1872 1191 indicandatn

1080 1206 1262 1234 refectionem
1285 1207 1412 1242 corporis
1430 1207 1515 1234 semel
1540 1207 1568 1235 in
1587 1208 1633 1235 die
1647 1208 1790 1241 duntaxat,
1822 1217 1874 1237 nec

1079 1253 1158 1288 prius
1178 1253 1246 1280 hora
1270 1252 1304 1280 ab
1324 1258 1390 1280 ortu
1409 1253 1476 1281 solis
1497 1261 1578 1287 nona,
1604 1258 1782 1289 usurpatam;
1798 1255 1873 1289 quod

1080 1298 1180 1327 diebus
1194 1299 1324 1334 religioso
1333 1299 1441 1334 jejunio
1452 1300 1568 1327 sacratis
1578 1304 1683 1327 tantum
1696 1301 1761 1327 olim
1776 1300 1872 1329 ﬁebat.

1079 1344 1160 1373 Nunc
1175 1353 1241 1372 vero
1255 1345 1424 1373 Athanasius
1436 1347 1594 1381 patriarcha
1617 1347 1653 1374 ita
1673 1349 1797 1382 quotidie
1812 1349 1873 1377 ﬁeri

1078 1391 1205 1427 jubebat,
1226 1392 1393 1426 μονοφαγιαν
1415 1391 1448 1419 δι’
1470 1394 1548 1423 ἔτους
1570 1392 1809 1429 ἑξακριὸούμενος.
1824 1395 1874 1422 Ni-

1079 1436 1182 1464 mirum
1195 1437 1241 1472 qui
1256 1438 1289 1464 ad
1303 1438 1488 1466 necessariam
1503 1439 1707 1467 observantiam
1723 1441 1874 1470 monastici

1082 1483 1203 1510 instituti
1220 1483 1363 1518 pertinere
1375 1483 1490 1511 duceret
1504 1488 1561 1512 toto
1573 1493 1647 1512 anno
1662 1487 1772 1514 nonnisi
1788 1487 1874 1515 semel

1077 1528 1110 1556 in
1128 1529 1172 1556 die
1187 1529 1446 1564 comederc,.idque
1462 1538 1516 1557 non
1535 1536 1599 1559 ante
1618 1532 1713 1559 horam
1728 1540 1743 1559 a
1758 1533 1875 1562 meridie

1084 1576 1206 1608 tertiam,
1236 1582 1251 1602 a
1276 1575 1344 1602 solis
1363 1579 1426 1603 ortu
1445 1583 1559 1608 nonam,
1574 1577 1615 1605 sic
1632 1586 1682 1612 per
1705 1579 1875 1606 monasteria

1083 1620 1144 1648 ﬂeri
1165 1621 1289 1656 quotidie
1306 1621 1432 1657 jubebat.
1457 1622 1500 1653 Ὠς
1516 1623 1562 1648 καὶ
1576 1623 1726 1656 ἐννατιςειν
1743 1625 1798 1656 ἀεὶ,
1821 1625 1876 1653 hoc

1083 1671 1138 1699 est,
1166 1667 1203 1693 ita
1221 1671 1251 1694 ut
1266 1667 1328 1694 inde
1343 1673 1506 1702 sequeretur
1522 1676 1631 1704 semper
1642 1670 1794 1697 monachos
1805 1671 1875 1698 hora

1083 1712 1218 1738 duntaxat
1237 1719 1309 1739 nona
1324 1711 1461 1747 jejunium
1483 1712 1608 1743 solvere,
1625 1713 1708 1740 etiam
1727 1713 1806 1741 festis
1822 1714 1876 1742 Do-

1083 1757 1150 1783 mini
1164 1761 1192 1784 et
1216 1757 1407 1784 Paschalibus.
1425 1757 1560 1792 Legitima
1577 1757 1706 1785 videlicet
1727 1757 1755 1785 in
1779 1766 1876 1786 emno-

1082 1803 1138 1830 biis
1167 1803 1222 1836 jam
1243 1803 1319 1834 olim,
1344 1811 1399 1838 quo
1426 1803 1470 1830 die
1495 1803 1685 1839 jejunabatur,
1714 1803 1877 1832 refectionia

1085 1849 1153 1876 hora
1169 1856 1243 1876 nona
1262 1854 1339 1882 erat,
1367 1853 1450 1884 prout
1467 1849 1658 1877 demonstrare
1674 1857 1783 1884 possem
1806 1850 1877 1877 mul-

1082 1895 1118 1921 tis
1142 1895 1308 1922 testimoniis
1326 1898 1462 1927 Veterum,
1483 1895 1535 1922 nisi
1552 1895 1636 1930 679
1655 1903 1719 1922 eum
1748 1895 1874 1922 laborem

1083 1946 1304 1976 prreoccupasset
1336 1942 1500 1970 ltosweidus
1528 1948 1625 1978 noster
1641 1943 1669 1970 in
1695 1942 1876 1971 Onomastieo

1082 1988 1115 2016 ad
1135 1988 1211 2015 Vitas
1234 1989 1357 2020 Patrum,
1375 1990 1457 2016 verbo
1478 1998 1549 2020 nona
1565 1991 1642 2019 liora.
1656 1997 1738 2025 quem
1754 1989 1831 2017 vide.
1847 1991 1875 2018 In

1083 2035 1324 2062 confirmationem
1356 2035 1492 2063 hactenus
1526 2036 1666 2064 dictorum
1697 2041 1795 2064 noster
1829 2037 1876 2065 hic

1083 2082 1155 2108 idem
1188 2085 1284 2109 auctor
1311 2081 1437 2113 inferius.
1465 2089 1491 2116 p.
1515 2081 1587 2113 6l8,
1628 2082 1706 2117 quasi
1730 2083 1877 2118 explicans

1082 2127 1148 2163 quid
1180 2128 1256 2161 prius
1284 2132 1408 2155 vocasset
1437 2128 1597 2159 ὲννατίεειν,
1625 2129 1664 2155 ait
1689 2129 1874 2157 Athanasium

1084 2173 1209 2208 coegisse
1245 2175 1380 2209 μοναχοὺς
1410 2174 1580 2208 μονοφαγίαν
1604 2175 1666 2201 κατ’
1697 2175 1810 2206 {wing
1840 2176 1875 2202 δι’

243 2216 385 2244 curavisse
397 2224 502 2244 annuas
522 2217 681 2251 pensiones.
697 2217 785 2244 Vccco
805 2216 916 2252 quidem
935 2224 1033 2244 aureo-
1049 2208 1071 2235 Ῐ)
1085 2218 1163 2249 ἔτους
1180 2219 1276 2245 ἀσκεῖν
1289 2227 1296 2234 ι
1317 2221 1458 2246 monachos
1473 2220 1601 2254 joy‘unare
1627 2220 1745 2255 quotidie
1768 2228 1817 2255 per
1837 2225 1878 2248 to-

244 2269 305 2289 rum
319 2268 443 2294 centum,
459 2262 637 2290 Mcliteniotae
651 2270 717 2289 vero
731 2262 942 2298 quinquaginta.

278 2308 460 2338 Ἕννατίζειν
473 2316 501 2343 p.
520 2308 581 2336 5l9.
605 2307 697 2335 Codex
723 2308 844 2343 optimus
866 2308 1033 2335 Barberinus

244 2354 271 2381 in
297 2360 427 2382 contextu
453 2354 535 2381 habet
551 2355 725 2387 ἐννεατίζειν,
751 2354 798 2382 sed
829 2355 983 2388 meliorem,
1002 2359 1033 2382 ut

245 2401 354 2436 Opinor,
371 2401 442 2428 idem
458 2401 603 2427 lectionem
621 2401 646 2427 in
665 2402 789 2436 margine
802 2401 932 2436 suggerit,
946 2400 1034 2428 ἐνατί-

246 2446 314 2478 ζειν,
331 2455 380 2481 pro
394 2455 449 2481 quo
467 2447 613 2474 Vaticanus
630 2447 768 2479 ὲννεάζειν
783 2447 905 2475 exhibet.
922 2447 979 2475 Nos
993 2447 1027 2475 ad

284 2541 314 2576 (⁸)
330 2540 394 2568 Post
422 2540 479 2567 htec
496 2540 596 2574 scripta
628 2541 715 2574 reperi
747 2542 858 2567 verbum
881 2540 1031 2572 ὲννστίζειν

247 2578 299 2605 hoc
314 2577 373 2608 ipso
384 2583 462 2609 quem
477 2575 522 2602 ltic
534 2576 645 2609 exposui
663 2576 818 2611 signiﬁcatu
841 2582 1000 2608 usurpatum
1016 2583 1031 2602 a

248 2612 277 2640 S.
293 2611 437 2638 Theodoro
455 2612 560 2638 Stutlita
577 2612 604 2637 in
627 2610 792 2638 Landatione
809 2610 915 2638 funebri
931 2612 960 2638 S.
976 2611 1033 2637 l’la-

250 2648 322 2674 tonis
344 2646 484 2679 monachi,
499 2653 558 2679 qua:
574 2654 625 2672 ms.
643 2652 768 2673 servatur
782 2646 808 2673 itt
826 2647 888 2673 cod.
905 2645 1034 2672 Vaticano

248 2682 327 2710 i660.
345 2681 372 2708 ln
386 2689 416 2708 t-a
433 2682 556 2707 oratione
571 2682 651 2714 paulo
667 2687 729 2708 ante
745 2682 862 2708 medium
880 2681 1035 2708 referuntur

248 2719 305 2746 haec
321 2717 400 2744 verba
418 2717 527 2743 Antonii
545 2717 679 2748 monachi,
693 2717 739 2751 qui
753 2716 900 2750 discipulus
911 2721 935 2742 ul
956 2715 1035 2742 mini—

249 2760 304 2781 ster
317 2753 404 2779 fuerat
421 2752 449 2779 ε.
467 2752 587 2779 Platonis
604 2752 666 2778 dum
683 2753 772 2779 adhuc
786 2752 905 2778 viveret:
921 2752 1031 2784 Ἃρτος,

248 2788 326 2822 φησὶ,
339 2788 377 2822 τῷ
394 2787 481 2821 “sapt
493 2788 538 2812 καὶ
554 2786 660 2821 κύαμος
674 2788 743 2822 πρὸς
752 2786 938 2822 λαχάνοιςχαὶ
950 2788 1033 2822 ἀκρο-

246 2821 349 2857 δρύοις,
364 2821 367 2822 ⁷
380 2824 396 2857 ἡ
425 2822 487 2849 καθ’
514 2821 620 2857 ἡμέραν
638 2822 812 2853 ἐννιατίςουσα
833 2821 956 2857 civilem;
976 2821 1032 2857 dt:-

248 2855 347 2893 ιροφὴ,
369 2855 439 2890 πλὴν
467 2855 609 2891 Κυρίευζῆς
628 2858 672 2883 καὶ
696 2857 802 2891 ἑορτῆς,
821 2856 882 2882 καθ’
897 2856 929 2887 ἃς
946 2855 1035 2882 εἰώθει

1085 2270 1138 2291 tum
1162 2274 1273 2298 armum,
1304 2264 1386 2293 semel
1401 2271 1503 2293 tantum
1529 2267 1619 2299 indie,
1635 2266 1714 2302 idque
1739 2274 1792 2294 non
1815 2271 1879 2294 ante

1083 2312 1177 2339 horam
1195 2319 1291 2338 nonam
1306 2312 1463 2339 comedenda
1478 2312 1523 2346 (').

1120 2358 1162 2394 [Ρ.
1175 2357 1237 2392 477)
1251 2357 1427 2392 Ἐεατώνιω
1444 2366 1471 2393 p.
1482 2358 1546 2385 εει.
1557 2357 1673 2386 Etiamsi
1690 2358 1772 2392 vulgo
1785 2366 1879 2393 gram-

1085 2402 1177 2429 matici
1203 2401 1338 2436 ἐξαγώνια
1357 2402 1411 2429 dici
1435 2408 1568 2430 censeant
1589 2403 1667 2438 quasi
1684 2403 1736 2435 ἔξω
1758 2404 1878 2437 ἀγῶνος.

1083 2456 1145 2483 qua:
1162 2449 1218 2475 sint
1235 2453 1310 2475 extra
1336 2454 1489 2482 certamen,
1516 2449 1632 2477 nihilad
1662 2457 1773 2477 causam
1808 2450 1879 2476 atti-

1085 2541 1274 2576 ὁμοτράπεζος
1293 2539 1364 2568 εἶναι
1386 2542 1419 2576 τῇ
1437 2542 1514 2576 κοινῇ
1542 2540 1716 2576 ἀδελφότητι.
1735 2539 1784 2568 Ubi
1802 2542 1881 2570 vith

1085 2577 1280 2608 ἐννιτιζουσαν
1301 2577 1452 2611 διατροφὴν
1479 2577 1581 2606 vocari,
1614 2576 1792 2603 refectionem
1811 2577 1880 2604 liora

1086 2619 1158 2638 nona
1175 2617 1324 2645 sumptam.
1349 2611 1405 2638 lloc
1431 2611 1503 2638 enim
1520 2617 1607 2638 totum
1635 2611 1822 2638 testiinonium
1840 2613 1881 2639 sic

1089 2647 1186 2673 Latine
1214 2652 1293 2674 sonat
1310 2656 1317 2674 :
1337 2646 1419 2673 I‘ant’s
1447 2646 1555 2680 (inquit)
1575 2646 1661 2678 Patri,
1686 2651 1709 2672 ιι
1727 2646 1790 2679 faba
1819 2655 1879 2673 cum

1089 2682 1203 2708 oleribus
1221 2690 1252 2709 ac
1268 2683 1364 2709 teneris
1390 2682 1506 2716 fastigiis
1531 2683 1667 2716 stirpium,
1691 2681 1880 2715 quotidianum

1089 2722 1164 2743 cram
1177 2718 1232 2744 sine
1246 2718 1302 2744 oleo
1315 2719 1479 2748 alunentum,
1496 2725 1566 2744 nona
1581 2725 1631 2744 non
1643 2717 1715 2751 prius
1730 2717 1796 2743 hara
1809 2716 1881 2742 auriti

1085 2753 1212 2785 solitum,
1240 2753 1292 2779 nisi
1326 2752 1465 2778 ﬂaminica
1489 2757 1556 2779 esset
1586 2758 1631 2778 aut
1653 2751 1881 2786 festum:qnibug

1086 2788 1176 2828 diebus
1194 2788 1326 2815 communi
1342 2788 1442 2814 cuncti:
1459 2787 1574 2823 [utribus
1594 2795 1683 2814 tunsa
1709 2791 1880 2814 enumeraret

1087 2831 1167 2850 vesci.
