1954 3063
87 135 130 167 741

765 129 1021 160 GLOSSARIUM.

1655 133 1710 164 742

88 181 189 212 tientia.
207 179 418 215 (inpetrativum,
444 179 540 206 videor
566 178 633 205 mihi
657 182 746 206 tamen
767 178 810 205 vel
834 185 867 204 ex
883 181 906 209 Α
920 177 1138 206 internecionem
1158 186 1243 214 usque
1264 179 1452 212 conﬂixerant,
1473 185 1566 208 secuta
1579 180 1642 209 inde
1660 181 1712 208 mia-

88 227 137 255 hoc
150 228 237 254 nostri
253 227 315 253 loco
328 233 383 253 non
397 229 501 253 temere
514 225 661 259 suspicari,
674 223 823 259 signiﬁcari
838 231 873 251 eo

87 273 218 300 vocabulo
231 280 292 307 qua:
314 272 404 299 Latini
429 271 563 298 subseciva
577 275 688 302 vocant,
712 270 783 297 ultra
799 277 875 296 men-

86 325 177 344 suram
195 321 298 344 rectam
308 316 467 344 excedentia
482 316 510 342 in
522 315 719 350 partitionibus
734 321 872 349 agrorum.

85 363 149 391 Cum
167 363 242 390 enim
266 362 434 397 agrimensio
451 369 500 396 per
525 361 614 388 lineas
637 361 683 386 fiat
704 359 824 386 invicem
840 358 874 386 ad

87 413 174 436 rectos
206 408 321 443 angulos
346 412 445 438 sectas,
479 414 550 440 saepe
578 407 606 432 in
631 405 737 439 campis
758 405 876 438 obliqua:

88 455 178 491 ﬁgura!
188 453 365 489 contingebat
379 452 520 480 abundare
540 451 657 486 spatium
675 450 786 485 aliquod
799 454 876 477 extra

88 501 232 536 angulum,
254 500 306 532 ἕξω
318 499 428 533 γωνίας,
445 498 519 533 quod
536 498 684 532 ἐξαγώνιον
704 496 802 529 Graeci,
825 495 876 522 La-

89 548 147 578 tini,
171 552 202 573 ut
226 547 296 576 dixi,
316 545 494 572 subsecivum
513 548 653 576 vocarent,
669 550 741 578 saepe
756 550 804 577 per
818 542 877 569 haec

89 592 220 619 vocabula
244 590 356 625 utrique
387 593 467 624 tropo
494 589 613 624 quodam
643 589 801 615 indicantes
833 595 877 614 res

88 637 254 665 accessorias
274 644 325 663 nec
341 636 478 671 praecipue
494 635 627 666 intentas,
644 634 691 661 sed
708 642 769 668 qua:
784 638 876 660 aucta-

91 684 119 710 rii
147 684 212 710 loco
235 683 269 709 ad
299 682 444 717 primarias
470 681 689 712 accumuleulur,
721 680 793 706 sicut
819 679 878 706 ista:

88 730 239 756 subseciva:
255 729 311 763 agri
342 733 434 762 partes
452 727 531 754 alteri
555 726 703 753 confinium
716 725 877 753 colonorum

89 774 412 809 addebanturJlépspya.
426 773 512 801 Graeci
524 773 604 800 aliter
613 773 761 808 appellant.
776 766 878 806 quibus

89 821 226 858 praecipue
241 821 380 848 intentum
399 819 548 855 designans
568 818 758 853 respondeth
772 819 877 853 προύρ-

89 876 147 903 γου,
164 867 237 902 quod
248 871 276 894 et
289 866 334 894 hic
348 870 440 893 noster
451 869 576 899 usurpat.

123 914 274 946 Ἐξάντης
286 920 313 947 p.
329 911 393 938 265.
413 911 476 937 Seio
493 910 606 944 ὲξάντην
625 910 706 944 vulgo
723 909 815 944 putari
830 909 871 936 di-

89 965 162 987 ctum
175 959 255 994 quasi
266 958 318 991 ἔξω
332 958 410 992 ἄτης.
423 958 479 984 sine
496 964 576 989 noxa,
592 956 760 988 incolumem,
774 956 878 982 indem-

90 1014 158 1033 nem.
179 1005 265 1040 Cujus
278 1004 400 1031 nationis
417 1004 446 1030 in
464 1003 602 1031 Phaedone
617 1001 739 1029 Platonis
751 1001 878 1036 exempla

91 1052 229 1086 leguntur.
246 1049 299 1077 Sed
320 1057 376 1076 non
404 1049 554 1083 quadraret
571 1048 603 1074 ad
634 1048 688 1075 loci
713 1047 877 1075 sententiam

89 1097 294 1132 interpretatio.
317 1103 378 1131 quae
406 1095 468 1123 istis
498 1094 642 1123 vocabulis
671 1094 717 1121 hic
743 1099 877 1123 uteretur.

89 1143 149 1171 Non
164 1143 239 1170 enim
265 1142 329 1170 ideo
357 1141 496 1168 vocabant
517 1139 628 1175 Bulgari
645 1139 678 1166 ad
694 1147 808 1174 regnum
828 1139 878 1166 Mi-

90 1190 214 1218 chaeleln
244 1189 419 1217 Constantini
446 1187 518 1222 regis
543 1186 682 1221 quondam
707 1186 751 1213 sui
778 1185 877 1218 filium,

89 1236 162 1272 quod
186 1236 248 1272 ejus
275 1243 339 1263 cum
363 1242 411 1270 spe
433 1241 580 1261 successus
606 1232 756 1260 ineboaudi
774 1232 878 1267 negotii

90 1288 201 1316 tempus
214 1288 288 1308 nunc
314 1288 375 1308 esse
405 1283 544 1314 putarent,
579 1285 641 1305 cum
669 1277 785 1305 adversa
799 1277 878 1313 stirpi

89 1327 264 1356 Constantini
282 1327 405 1361 potentia
421 1324 611 1352 Toeharorum
627 1323 654 1351 in
667 1323 800 1357 Bulgaria;
816 1330 880 1350 con-

90 1373 158 1400 ﬁnio
174 1372 378 1399 dominantium
397 1375 482 1398 staret
496 1369 646 1397 incolumis
659 1377 667 1396 :
681 1369 729 1396 sed
746 1367 773 1396 id
783 1368 879 1396 volunt

90 1417 260 1453 signiﬁcare,
276 1417 413 1444 infirmam
444 1423 505 1444 esse
531 1415 614 1443 modo
638 1415 714 1443 illam
731 1414 879 1449 minusque

90 1471 173 1498 quam
186 1462 265 1497 prius
280 1462 491 1495 formidabilem,
506 1461 580 1488 unde
593 1460 768 1489 occasionem
784 1459 880 1488 offerri

92 1515 146 1535 non
172 1507 375 1542 aspernandam
392 1507 544 1535 censebant
558 1506 701 1534 Michaelis
724 1506 753 1533 in
770 1507 878 1541 paterni

91 1554 167 1589 regni
186 1553 388 1588 possessionem
402 1552 564 1580 reducendi.
581 1552 638 1583 Nec
648 1551 756 1579 abludit
775 1551 810 1579 ab
823 1551 879 1579 ori-

91 1599 154 1633 gine
168 1606 202 1626 ac
226 1599 381 1634 veriloquio
398 1599 454 1634 jam
468 1599 552 1634 σεο
564 1598 687 1626 indicato
702 1598 779 1626 vocis
798 1598 880 1633 hujus

91 1646 151 1674 haec
178 1646 300 1674 secunda
331 1646 433 1679 notion
450 1645 520 1673 Nam
547 1645 662 1680 ὲξάντης
684 1652 719 1672 ex
745 1644 771 1672 vi
796 1644 879 1679 etymi

93 1692 207 1727 proprie
235 1696 314 1719 sonat
342 1699 406 1719 eum
431 1692 479 1726 qui
495 1699 530 1718 ex
541 1692 620 1726 gravi
637 1698 708 1719 noxa
729 1690 879 1724 primulum

91 1744 237 1772 emergere
263 1737 361 1772 incipit
376 1741 405 1765 et
425 1737 476 1770 ἔξω
493 1737 562 1769 ἄτης
582 1745 655 1765 esse.
673 1738 770 1772 Itaque
783 1742 879 1764 votum

91 1787 134 1810 est
148 1783 227 1810 febre
239 1783 393 1810 laborantis
406 1788 435 1810 et
448 1783 548 1811 morbo
560 1783 744 1818 periclitantis
760 1783 879 1816 sontico,

93 1829 141 1857 illo
170 1837 255 1858 versu
280 1838 441 1866 expressum
473 1838 556 1866 quem
583 1831 682 1858 recitat
699 1830 880 1866 Etymologici

94 1881 207 1909 auctor.
223 1873 247 1903 ὦ
259 1875 322 1909 Ζεῦ,
338 1876 465 1910 γενέσθαι
491 1876 574 1912 τῆσδέ
604 1875 632 1910 μ’
657 1877 772 1911 ὲξάντην
789 1876 879 1904 νόσου.

94 1923 148 1955 Da,
156 1922 276 1958 Jupiter,
287 1922 396 1950 euadere
407 1931 447 1950 me
459 1923 604 1959 periculum
617 1923 695 1958 hujus
711 1923 804 1950 morbi.
821 1922 881 1950 Jam

92 1977 178 2005 porro
191 1977 276 1998 sanus
291 1975 353 1997 esse
365 1968 477 2001 dicitur,
490 1969 569 2003 cujus
584 1968 729 1996 remittens
740 1971 788 1995 aut
803 1967 882 2003 peni-

93 2023 137 2044 tus
157 2023 270 2044 cessans
295 2015 381 2043 febris
407 2022 483 2049 spem
508 2014 637 2042 rediturae
656 2013 822 2042 valetudinis
837 2021 882 2040 re-

92 2063 198 2098 linquit
221 2062 369 2097 integram.
384 2060 469 2096 Cujus
490 2060 532 2088 rei
546 2060 611 2095 quia
626 2067 739 2088 somnus
755 2059 783 2086 in
802 2063 882 2087 acute

92 2107 279 2136 febrientibus
304 2107 444 2134 interdum
474 2106 582 2141 signum
593 2110 648 2136 est,
671 2104 800 2140 discipuli
819 2103 883 2132 dor-

91 2155 165 2181 mire
192 2153 369 2188 languentem
395 2152 531 2180 Lazarum
558 2159 573 2179 a
596 2151 708 2179 Christo
737 2150 882 2178 audientes

925 224 1042 250 serrima
1068 224 1239 252 desolatione
1268 226 1352 252 totius
1371 226 1493 260 ipsorum
1521 226 1651 261 regionis,
1683 230 1713 253 et

924 270 1020 304 paucis
1048 270 1196 297 admodum
1219 271 1341 305 ipsorum
1368 271 1483 300 Tzacam
1511 273 1660 307 fugientem
1683 273 1713 300 in

925 316 1078 352 Bulgariam
1092 317 1205 349 secutis,
1220 325 1308 352 nuper
1324 318 1379 345 illic
1395 320 1533 353 oppressis
1546 319 1712 354 praevalente

925 361 1177 396 (kphentisthlabo.
1210 363 1299 391 Unum
1334 369 1462 398 superest
1497 364 1631 397 dubium,
1663 372 1713 392 cur

926 407 1109 442 Paeltymeres
1125 408 1152 435 in
1166 409 1289 436 secundo
1302 416 1366 436 casu
1383 410 1497 444 ὲξὰντης
1513 410 1634 437 scribat:
1650 418 1713 437 nam

926 454 954 481 in
968 454 1056 488 primo
1071 453 1159 488 accipi
1189 461 1243 481 non
1270 459 1369 489 potest,
1396 462 1459 481 cum
1473 455 1561 482 tribus
1580 463 1642 482 mox
1665 455 1714 482 ad-

924 499 1026 534 junctis
1039 499 1181 526 femininis
1196 499 1326 534 genitivis
1351 505 1494 535 coaptetur
1517 502 1649 537 φανείσης
1666 503 1714 528 Το-

926 545 1046 580 χαρικῆς
1070 545 1208 578 ἐξουσίας.
1233 546 1275 573 An
1300 553 1379 573 error
1400 546 1446 573 hic
1467 547 1658 581 agnoscendus
1685 553 1714 575 et

926 591 1055 623 ὲξάντηυς
1081 591 1307 625 rescribendum,
1335 596 1432 620 contra
1471 592 1553 620 ﬁdem
1589 593 1713 620 codicum

927 636 968 673 [l’.
984 636 1047 673 478]
1063 637 1231 672 optimorum
1244 637 1266 664 B
1283 642 1311 665 et
1323 638 1346 665 Α
1357 638 1368 665 ἳ
1381 646 1442 665 nam
1455 638 1603 666 Vaticanus
1618 639 1669 666 hoc
1680 639 1714 666 de

927 690 1004 710 more
1017 683 1118 710 omisit.
1131 683 1171 710 An
1190 683 1283 718 potius
1306 683 1533 717 existimandum,
1555 691 1571 711 θ
1589 684 1714 711 nomina-

927 727 984 754 tivo
1001 727 1133 755 feminino
1147 728 1244 763 ἐξάντη
1261 728 1380 763 patrium
1397 728 1471 756 ltunc
1482 735 1575 755 casum
1591 736 1606 756 a
1619 733 1715 756 nostro

928 773 1012 801 duci?
1030 773 1102 808 quod
1119 782 1218 801 vereor
1235 779 1264 801 ut
1286 774 1410 810 analogia
1428 779 1456 802 et
1478 779 1553 802 recta
1580 783 1716 810 gramma-

929 819 989 846 ticae
1002 819 1072 846 ratio
1087 820 1238 854 permittat.

965 864 1155 898 Ἐπιτύμϐιον
1167 872 1194 899 p.
1219 864 1262 892 66.
1277 865 1342 899 Agit
1357 865 1390 892 de
1414 865 1554 893 Nicandro
1568 864 1715 893 Larisscno

929 909 1063 937 irridente
1077 909 1264 938 Andronicum
1279 911 1344 938 olim
1358 911 1518 945 episcopum
1539 910 1714 944 Sardensetu,

928 959 1022 990 postea
1036 956 1212 989 monachum,
1229 956 1277 984 sed
1296 965 1344 991 per
1360 957 1539 985 ambitionem
1557 965 1573 984 e
1589 957 1644 984 vita
1656 965 1716 984 mo-

929 1001 1033 1029 nastica
1063 1009 1204 1029 reversum
1230 1002 1264 1030 ad
1297 1003 1464 1037 dignitates;
1493 1003 1595 1038 quibus
1624 1003 1715 1030 subita

929 1048 1110 1075 conversione
1130 1048 1213 1075 sortis
1227 1049 1343 1083 ejeelus,
1361 1049 1455 1076 multis
1472 1057 1542 1084 quos
1558 1049 1716 1078 irritaverat

928 1092 1080 1121 ludibrium
1109 1094 1216 1125 debuit,
1241 1095 1270 1122 in
1299 1095 1398 1130 primis
1430 1095 1570 1123 Nicandro
1584 1096 1627 1123 isti
1656 1096 1716 1131 ejus

929 1146 1014 1174 opera
1036 1139 1195 1174 episcopatu
1212 1141 1302 1175 pulso.
1318 1141 1370 1174 Qui
1387 1146 1416 1169 ut
1434 1141 1594 1170 Andronico
1613 1150 1716 1177 expro-

929 1184 1021 1212 braret
1034 1186 1207 1214 ambitiosam
1226 1187 1398 1222 eruptionem
1415 1196 1431 1215 e
1454 1192 1528 1216 statu
1552 1189 1715 1222 monastico,

929 1231 1123 1259 monachicum
1152 1234 1178 1260 ei
1206 1234 1370 1272 ὲπιῖύμϐιον
1397 1234 1504 1268 injecit,
1535 1235 1595 1269 ipso
1621 1235 1715 1262 statim

929 1279 1083 1314 rejiciente.
1100 1278 1160 1306 Non
1175 1280 1283 1313 reperio
1298 1281 1363 1308 alibi
1379 1281 1450 1307 hanc
1473 1288 1580 1313 vocem,
1596 1281 1641 1307 sed
1657 1289 1718 1308 ma-

929 1324 1029 1351 nifeste
1041 1325 1124 1353 docet
1138 1325 1183 1353 hic
1199 1326 1260 1360 ipse
1276 1326 1360 1353 .locus
1376 1326 1475 1361 capitis
1491 1330 1600 1361 tegmen
1622 1334 1719 1354 mona-

928 1370 1044 1398 chorum
1076 1371 1218 1406 proprium
1238 1372 1279 1399 sic
1294 1372 1415 1404 dictum;
1437 1373 1511 1399 unde
1533 1376 1561 1399 et
1579 1373 1718 1400 cucullum

929 1415 1025 1444 Latine
1037 1416 1157 1449 reddidi,
1174 1423 1204 1444 ct
1217 1425 1280 1444 mox
1293 1419 1322 1444 in
1348 1417 1513 1452 repetitione
1536 1418 1577 1445 rei
1596 1418 1720 1453 ejusdem

930 1463 1127 1491 ecclesiasticis
1152 1468 1313 1498 usurpatam
1343 1464 1530 1497 scriptoribus
1552 1471 1602 1498 pro
1617 1464 1719 1491 cuculli

905 1531 912 1539 η
931 1516 1083 1544 synonyma
1109 1509 1210 1544 caputii
1237 1517 1332 1536 vocem
1361 1509 1486 1538 adhibui.
1511 1509 1606 1537 Videri
1634 1509 1721 1544 possit

933 1554 1071 1582 cucullum
1097 1555 1280 1582 monasticum
1313 1555 1375 1583 ideo
1408 1555 1513 1582 dictum
1545 1555 1718 1590 ἐπιτύμϐιον,

933 1601 1006 1635 quod
1018 1608 1081 1628 cum
1096 1601 1182 1629 vestis
1196 1601 1255 1636 ipsa
1269 1601 1305 1628 sit
1320 1601 1398 1636 quasi
1409 1601 1565 1635 sepulcrum
1578 1600 1719 1634 monachi,

933 1647 1058 1674 cucullus
1071 1651 1161 1674 exstet
1173 1647 1247 1675 velut
1262 1655 1331 1682 apex
1342 1655 1374 1675 ac
1386 1647 1526 1682 fastigium
1542 1647 1654 1674 tumbae.

967 1693 1048 1729 681
1065 1693 1375 1728 Ἐσκαμματισμένος,
1391 1700 1417 1727 p.
1445 1693 1507 1720 115.
1525 1693 1596 1726 Quid
1617 1693 1721 1721 sithoc

933 1739 995 1768 loco
1019 1739 1279 1774 ὲσκαμματισμένος
1296 1741 1388 1767 minus
1406 1739 1506 1766 mirum
1525 1745 1568 1767 est
1595 1739 1720 1774 ignotum

934 1785 1002 1813 mihi
1024 1793 1085 1813 esse
1104 1782 1240 1820 nusquam
1268 1785 1333 1813 alibi
1349 1786 1404 1813 tale
1432 1785 1598 1813 vocabulum
1627 1790 1720 1817 nacto,

934 1839 996 1860 cum
1008 1838 1043 1859 ne
1061 1831 1192 1859 Vaticano
1207 1831 1319 1866 quidem
1336 1830 1523 1866 paraphrastaa
1537 1829 1614 1858 vocis
1637 1830 1722 1864 hujus

934 1881 1055 1913 potestas
1067 1881 1212 1911 perspecta
1224 1876 1318 1907 fuerit.
1334 1880 1417 1911 prout
1430 1879 1545 1911 apparet
1556 1882 1590 1902 ex
1601 1882 1635 1903 eo
1646 1881 1721 1910 quou

934 1922 1198 1957 ὲσκαμματισμένος
1217 1921 1270 1949 viri
1294 1929 1395 1949 nomen
1423 1921 1552 1956 intelligit
1567 1919 1690 1948 distincti
1705 1927 1721 1946 a

934 1966 1149 2001 Moschampare,
1179 1966 1262 2001 hujus
1287 1966 1417 1994 videlicet
1448 1966 1476 1993 in
1499 1965 1722 2000 cbartophylacis

935 2011 1024 2040 ofﬁcio
1037 2012 1215 2040 successoris.
1234 2011 1280 2040 Sic
1293 2011 1368 2039 enim
1380 2011 1414 2039 ab
1426 2019 1458 2038 eo
1472 2011 1518 2039 hic
1533 2011 1611 2038 locus
1626 2011 1722 2038 reddi-

935 2061 981 2085 tur
999 2066 1005 2084 :
1025 2057 1137 2092 Συμίὰν
1158 2057 1186 2084 δέ
1202 2066 1228 2084 τι
1245 2057 1294 2084 καὶ
1314 2057 1379 2092 περὶ
1395 2057 1441 2084 τὸν
1460 2056 1722 2092 ὲσκεμματισμένον

936 2103 1132 2138 χαρτοφύλακα
1147 2103 1196 2130 καὶ
1216 2102 1427 2138 Μοσχάμπαρα.
1445 2103 1573 2137 Ἔχοντες
1589 2101 1635 2129 οὖν
1649 2098 1723 2129 οὗτοι

936 2149 984 2175 καὶ
1000 2149 1046 2175 τὸν
1061 2147 1327 2184 Πεντεκκλησιώτην
1342 2148 1484 2175 ὲνεκότουν
1499 2148 1537 2182 τῷ
1550 2148 1722 2183 πατριάρχῃ·

91 2199 185 2230 aiunt,
203 2198 284 2226 Joan.
305 2205 343 2230 ιι,
360 2197 394 2224 l2
413 2206 419 2225 :
441 2197 539 2232 Κύριε,
553 2198 576 2224 ει
599 2195 777 2231 κεκοίμηται,
795 2195 880 2230 σωθή-

937 2195 976 2222 lta
991 2195 1050 2228 ille,
1078 2200 1133 2223 tres
1150 2203 1268 2230 ponens,
1291 2195 1338 2223 ubi
1355 2195 1423 2223 satis
1443 2194 1589 2222 manifeste
1604 2194 1723 2221 duorum

92 2253 185 2272 σεται.
205 2243 325 2276 Domina,
351 2244 375 2270 εἰ
403 2243 510 2276 dormit,
529 2242 619 2270 salvus
635 2243 696 2269 erit.
712 2242 784 2277 Ergo
810 2249 884 2272 cum.

90 2298 179 2326 quem
209 2289 390 2324 Hippocrates
420 2288 535 2323 ὲξάντην
563 2288 641 2321 dicit,
675 2287 797 2316 Galenus
821 2287 885 2322 ὑγιῆ

91 2346 193 2366 sanum
207 2337 418 2373 interpretatur,
435 2335 475 2364 sic
489 2335 698 2371 intelligendum
712 2334 843 2369 putarim,
856 2339 888 2362 ut

92 2384 169 2411 malo
204 2383 364 2410 defunctum
392 2386 421 2409 et
447 2381 525 2410 febre
553 2389 653 2417 purum
672 2381 740 2409 velit
768 2381 885 2409 dicere:

91 2438 159 2457 nam
169 2433 198 2457 et
212 2428 241 2456 hi
253 2428 385 2456 dicuntur
394 2427 538 2462 ὑγιαίνειν,
550 2427 615 2454 licet
628 2426 663 2454 ad
679 2426 790 2461 plenum
804 2427 888 2454 robur

93 2475 199 2511 integri
214 2475 317 2510 vigoris
338 2473 461 2502 nondum
481 2472 637 2501 confirmati
651 2473 717 2505 sint,
733 2472 781 2500 sed
797 2472 888 2500 adhuc

91 2522 270 2550 debilitatem
286 2520 494 2548 imminutarum
514 2519 612 2547 morbo
635 2519 737 2547 virium
755 2518 887 2546 sentiant.

92 2569 135 2597 Ac
155 2568 230 2596 forte
247 2574 324 2595 more
338 2574 389 2594 suo
402 2565 531 2601 llesychii
559 2566 664 2601 glossas
681 2565 710 2593 in
726 2565 822 2593 animo
841 2565 888 2592 ha-

92 2615 194 2643 buerit
207 2614 390 2649 Pachymeres
401 2612 460 2640 haec
470 2612 605 2646 scribens,
618 2612 776 2647 ubilegerat
790 2621 797 2639 :
808 2611 887 2645 ἐξάν-

93 2671 161 2697 της,
181 2662 196 2688 6
208 2661 257 2695 τῆς
277 2660 352 2687 νόσου
369 2659 423 2691 ἔξω
438 2658 485 2686 ὥν.
503 2658 555 2692 Qui
580 2662 672 2686 autem
697 2666 712 2686 e
730 2656 828 2686 morbo
844 2667 890 2687 re-

92 2715 163 2736 cens
175 2706 303 2741 emergit,
317 2705 418 2732 debilis
436 2704 564 2732 videlicet
579 2704 779 2739 imbecillisque
796 2705 889 2733 adhuc

93 2759 151 2785 est,
165 2752 263 2788 quales
278 2755 336 2778 tum
354 2750 442 2778 videri
459 2755 587 2785 poterant
613 2750 801 2778 Tocharorum
827 2751 890 2779 Bul-

93 2800 173 2835 garis
188 2799 368 2826 finitimorum
384 2805 462 2832 opes,
478 2800 572 2831 utpote
585 2796 632 2831 qui
648 2797 731 2832 paulo
742 2801 805 2825 ante
817 2797 890 2825 bello

97 2849 172 2875 inter
186 2854 216 2875 se
236 2846 320 2879 civili,
342 2846 459 2874 ducibus
473 2845 537 2874 hinc
551 2845 649 2874 Tuctai
672 2845 737 2874 inde
749 2845 836 2882 Nega,
854 2846 888 2875 ad

938 2246 1045 2269 tantum
1062 2246 1158 2268 auctor
1183 2241 1321 2275 meminit,
1347 2241 1565 2276 Moschamparis
1577 2241 1725 2268 excharto-

936 2288 1062 2323 phylacis
1089 2291 1117 2314 et
1141 2287 1448 2322 Quinqueccclesiensis
1478 2287 1623 2315 antistitis.
1655 2286 1722 2314 Nam

938 2341 1000 2362 cum
1029 2334 1200 2362 nominasset
1227 2335 1490 2369 ὲακαμματισμένον
1514 2333 1723 2370 χαρτοφύλακα.

937 2387 1002 2408 mox
1025 2387 1167 2415 exponens
1185 2380 1248 2414 quis
1264 2380 1287 2407 is
1302 2385 1376 2408 esset
1400 2384 1429 2408 et
1450 2387 1533 2415 quam
1562 2380 1598 2408 ob
1614 2387 1726 2407 causam

937 2427 1199 2462 ὲσκαμματισμένος
1225 2427 1377 2461 diceretur,
1407 2426 1598 2461 parenthesim
1629 2425 1727 2452 inserit

937 2481 992 2508 qua
1012 2475 1094 2501 docet
1118 2473 1353 2508 Moschamparcm
1381 2473 1471 2502 officio
1494 2472 1726 2508 chartophylacis,

938 2521 1016 2555 prius
1028 2527 1110 2555 quam
1125 2520 1185 2547 hate
1197 2519 1295 2547 fierent
1310 2519 1414 2553 quibus
1428 2527 1458 2547 se
1474 2519 1621 2547 narrandis
1635 2519 1729 2547 accin-

938 2568 1031 2603 gebat,
1043 2567 1205 2600 dece5sisse,
1218 2567 1272 2595 hoc
1286 2566 1345 2602 ipso
1359 2566 1485 2594 indicans
1499 2566 1730 2601 ὲσκαμματισμέ-

939 2623 984 2641 νον
998 2613 1195 2649 χαρτοφύλακα
1216 2613 1261 2641 hic
1277 2621 1292 2640 a
1320 2620 1350 2640 se
1379 2613 1498 2648 positum
1516 2620 1566 2647 pro
1587 2612 1730 2639 excharto-

942 2661 1055 2697 phylace
1095 2660 1152 2688 sive
1187 2659 1401 2695 chartophylace
1433 2664 1621 2686 exauctorato.
1657 2657 1731 2691 Quid

940 2708 1056 2741 σκάμμα
1077 2705 1113 2733 sit
1144 2710 1172 2733 ct
1203 2705 1271 2740 quid
1296 2706 1331 2732 τὰ
1357 2705 1534 2739 ἐσκαμμένα,
1553 2703 1659 2731 nemini
1688 2707 1732 2730 est
1775 2719 1778 2723 -

941 2755 1065 2790 ignotum
1090 2760 1145 2779 non
1163 2753 1242 2787 plane
1261 2752 1407 2787 peregrino
1427 2751 1453 2778 in
1470 2750 1629 2778 Grmcorum
1646 2749 1732 2776 libro-

941 2808 1001 2828 rum
1018 2799 1148 2827 lectione.
1170 2798 1240 2831 Quid
1257 2803 1349 2825 autetn
1368 2798 1413 2825 hic
1435 2795 1608 2825 comminisci
1631 2795 1731 2822 verisi-

942 2846 1036 2875 milius
1062 2852 1208 2881 possumus
1230 2852 1312 2879 quam
1340 2844 1382 2873 vel
1402 2843 1513 2871 finxisse
1530 2841 1731 2878 Paehymcrem
