1954 3063
207 133 261 165 ’ΞΗ

671 133 702 162 ι»-
726 113 1225 163 ΡΟΞΞΙΝ[ῘΟΒΞΕιίΥΛΤΙΟΝϋΜ
1249 131 1321 161 LIB.
1346 130 1369 161 ι.

1784 129 1837 162 ἾΗ

209 195 326 215 verbum
346 187 550 222 σκαμμιτίζειν
576 195 609 215 ex
634 188 746 215 nomine
768 189 895 222 σκάμμα,
915 187 956 213 vel
973 186 1001 213 id

1060 186 1152 222 .igibili
1166 187 1277 213 cunctis
1289 193 1368 213 voce.
1386 185 1447 213 Post
1464 186 1538 220 quod
1552 190 1579 212 nt
1595 191 1731 221 prmcepto
1745 186 1841 213 orandi

208 234 326 260 Verbum
349 238 396 260 aut
416 234 488 267 apud
503 227 644 261 auctorem
667 233 746 260 nobis
764 233 933 267 incognitum
956 240 1001 259 re-

209 285 318 315 pertum
344 285 389 306 aut
411 287 461 306 usu
483 280 589 315 vulgari
611 280 749 306 sermonis
773 279 917 314 Byzantini
936 283 1002 305 tunc

211 327 306 353 tritqu
327 333 384 352 suae
406 326 529 352 historiae
550 325 723 352 inseruisse?
743 324 898 358 Excogi'ari
919 332 1002 359 porro

210 372 312 406 duplex
330 375 420 406 potest
435 371 557 398 notionis
574 371 636 397 talis
653 371 718 398 huic
737 370 882 404 participio
898 371 1002 404 ἐσκαμ-

213 417 378 452 ματισμένος
393 417 445 444 hoc
465 417 525 443 loco
543 416 636 443 inditae
656 417 738 443 ratio.
756 416 834 443 Prior
845 416 908 450 quia
923 416 1003 443 tabu-

211 463 311 490 larium
341 463 571 494 ecclesiasticum,
591 462 634 489 cui
661 462 844 489 custodiendo
871 462 999 497 praeposi-

212 514 256 536 tus
270 514 329 536 erat
353 509 563 544 chartophylax,
580 508 716 536 credibile
732 514 774 536 est
795 508 823 535 in
841 509 901 535 loco
918 509 1002 543 septis

211 557 382 584 circumdato
398 556 484 584 fuisse
507 561 658 584 servatum.
685 556 767 591 Septa
783 561 875 583 autent
899 557 1004 591 ἐσκαμ-

214 603 282 637 μένα
305 609 332 630 ct
356 603 472 637 σκάμμα
488 603 565 630 locus
581 602 695 630 fossaet
708 602 778 629 vallo
800 603 1002 629 circumclusus

212 649 331 680 dicitur;
350 649 422 675 unde
453 650 673 684 σκαμματισϐεὶς
696 654 744 676 aut
771 648 1003 683 ἐσκαμματιτμέ-

211 703 256 725 νος
272 695 391 726 dicatur,
410 694 457 728 qui
477 699 555 729 septo
576 695 755 722 ecclesiastici
778 694 862 722 archii
878 702 1004 722 excesse-

213 741 322 775 ritjure
346 741 446 767 amisso
466 741 522 768 illic
548 741 713 775 praasidcndi
730 745 790 775 post
812 741 1003 776 chartophyla-

212 787 252 813 cis
269 785 388 813 oil'icium
405 787 548 814 amissum.
566 787 616 814 Est
629 792 760 821 praeterea
780 786 896 821 σκάμμα
917 787 1003 821 magis

212 832 323 866 proprie
341 832 419 858 locus
434 831 605 860 certaminis.
626 832 809 867 Hieronymus
825 831 858 858 ad
875 831 1002 858 Pamma-

1053 240 1105 268 pro
1123 232 1279 259 ordinando
1299 236 1424 266 pareant,
1447 236 1501 258 tam
1528 231 1574 266 qui
1595 237 1658 259 sunt
1681 232 1752 259 intra
1777 241 1844 260 can-

1053 278 1138 306 cellos
1157 277 1323 313 presbyterii
1348 286 1430 312 quam
1454 278 1500 312 qui
1523 283 1609 307 extra.
1633 278 1736 312 pariter
1752 280 1844 306 accla-

1054 329 1141 357 mant,
1152 325 1251 359 Κύριε,
1271 323 1394 358 ἐλέησον,
1411 324 1531 355 Domine,
1549 325 1683 351 miserere.
1703 325 1782 351 Tunc
1798 333 1845 352 cc-

1053 372 1165 398 lebrans
1180 370 1320 406 Evangelii
1337 370 1465 397 volumen
1477 370 1598 404 explicat
1621 375 1649 397 et
1663 371 1704 397 sic
1718 376 1844 406 apertum

1054 419 1171 453 imponit
1195 418 1278 452 capiti
1300 423 1327 444 ct
1354 417 1425 444 collo
1445 417 1504 452 ejus
1525 417 1572 452 qui
1591 417 1747 448 ordinatur,
1766 417 1846 453 adju-

1054 464 1177 491 tantibus
1188 464 1221 490 -in
1235 471 1269 491 eo
1285 467 1313 490 et
1334 463 1397 490 aliis
1417 463 1554 498 episcopis
1572 473 1579 488 :
1601 463 1785 491 Ἀναπτύσσει
1814 463 1846 489 τὸ

1054 510 1222 544 Εὑαγγὲλιον
1237 511 1250 536 ὁ
1267 510 1425 545 ἀρχιερεὺς.
1443 510 1490 536 καὶ
1516 510 1654 545 ἐπιτίθησι
1681 511 1713 545 τῇ
1737 509 1845 544 κεφαλῇ

1054 556 1102 582 καὶ
1128 555 1166 590 τῷ
1186 555 1317 590 τραχήλῳ
1334 555 1381 581 τοῦ
1399 555 1651 590 χειροτονουμένου.
1677 564 1848 588 συνεφαπτο-

1057 602 1144 636 μένων
1157 602 1221 628 ικαὶ
1249 602 1304 627 τῶν
1326 601 1419 637 ¹ἀλλων
1446 601 1608 637 ἀρχιερέων.
1637 601 1676 628 En
1712 602 1778 636 quid
1807 602 1845 628 sit

1055 635 1137 680 ζυγὸν
1165 647 1212 674 τοῦ
1243 635 1331 681 ἁγίου)
1350 635 1671 681 ΕὑαγγελέουἾτιθὲναι,
1697 635 1770 682 quod
1800 647 1847 675 llic

1054 698 1149 721 noster
1175 698 1319 726 memorat,
1336 694 1505 721 caeremoniae
1531 693 1715 720 ordinationis
1738 699 1845 728 partem

1055 729 1128 766 iiiam
1145 739 1222 766 obire
1247 747 1299 774 qua
1322 747 1401 767 sacer
1416 739 1560 774 Evangelii
1588 739 1674 766 codex
1690 740 1847 774 explicatus

1054 785 1168 819 ponitur
1186 792 1266 819 supra
1288 789 1371 819 caput
1386 789 1414 812 ct
1429 785 1530 812 collum
1549 785 1609 820 ejus
1630 785 1677 819 qui
1699 785 1848 812 ordinatur

1055 828 1089 856 ad
1105 830 1216 856 modum
1231 830 1300 864 jugi,
1315 829 1410 864 ζυγοῦ.
1426 829 1514 857 Porro
1539 830 1567 856 in
1589 829 1694 856 codicis
1717 834 1847 864 apertura

212 878 306 905 chium
325 887 331 904 :
347 877 402 905 Cur
423 883 451 904 tu
464 878 568 904 omissis
587 885 668 910 super
682 878 775 912 quibus
795 886 884 912 pugna
899 882 947 910 est,
972 877 1004 904 de
1020 880 1041 907 Β
1056 876 1163 902 curiosa
1192 875 1354 910 superstitio
1382 875 1510 910 captabat
1533 883 1615 902 omen
1641 883 1675 902 ex
1698 875 1794 902 verbis
1817 876 1844 902 in

211 927 354 950 scamnmte
373 927 397 949 et
413 923 469 949 loco
480 924 633 950 certaminis
649 922 797 957 egrediens.
816 923 844 949 in
859 923 1004 957 peregrini:

211 973 235 995 et
251 969 327 1004 longe
342 969 434 996 alienis
450 969 672 1004 disputationibus
694 969 866 996 immoraris?
881 968 926 996 Sic
943 976 1006 995 san—

213 1020 274 1042 ctus
290 1014 387 1041 doctor
405 1024 412 1048 ;
427 1023 459 1041 ex
474 1022 530 1049 quo
550 1014 638 1049 liquet
649 1014 828 1041 usitatissimo
851 1014 1004 1049 significatu

213 1060 328 1094 σκάμμα
352 1060 469 1095 [P.HQ]
493 1059 547 1087 dici
570 1064 680 1094 septum
709 1061 782 1087 intra
798 1060 873 1095 quod
899 1064 1006 1088 certant

213 1106 333 1138 athletre,
352 1106 424 1140 quod
439 1105 510 1132 Galli
526 1105 691 1140 cliamp-clos
707 1109 815 1133 vocant.
836 1105 905 1133 Hinc
920 1106 1006 1133 altera
1043 1107 1045 1109 ’

213 1152 324 1179 ducitur
339 1159 421 1178 causa
434 1159 484 1178 cur
495 1159 511 1177 a
528 1151 694 1186 Pachymere
717 1151 911 1186 Moschampar
925 1151 1006 1178 char-

214 1198 346 1233 tpphylax
363 1197 416 1224 dici
447 1198 709 1232 ὲσκαμματισμένος
734 1197 866 1232 potuerit.
885 1197 1008 1224 Commi-

215 1231 292 1270 s‘erat
304 1243 377 1270 enim
403 1242 426 1269 is
440 1249 500 1271 sese
518 1250 581 1269 cum
601 1242 691 1269 Vecco
709 1231 860 1269 incelebri
886 1242 934 1269 illo
952 1242 1008 1269 col-

217 1289 322 1323 loquio,
349 1289 368 1315 l.
386 1296 405 1320 ι,
423 1296 447 1316 c.
467 1288 501 1315 35
516 1293 640 1320 narrato,
656 1293 755 1315 contra
770 1295 834 1315 cum
850 1287 1006 1322 disputans,

216 1335 266 1363 sed
283 1335 387 1362 infelici
410 1342 540 1363 successu
557 1345 564 1361 :
584 1342 647 1361 nam
673 1342 734 1370 qua
748 1334 815 1361 dixit
830 1334 1008 1362 adeo-valide

214 1386 280 1409 sunt
304 1389 318 1408 a
337 1381 427 1408 Vecco
451 1385 554 1413 retusa,
569 1384 600 1407 ut
626 1381 661 1408 ab
687 1381 747 1415 ipso
772 1380 942 1415 patriarcha,
960 1381 1006 1408 cui

215 1432 282 1454 tunc
299 1427 492 1462 Moschampar
514 1426 661 1459 militabat,
676 1426 821 1461 reprobat:
837 1426 902 1453 sint.
915 1425 1007 1459 Quare

214 1473 288 1508 quod
306 1473 389 1500 victis
402 1473 513 1500 athletis
530 1477 558 1500 et
573 1476 652 1508 septo
665 1473 752 1508 pulsis
767 1472 915 1500 convenire
928 1472 1007 1500 vide-

213 1519 297 1547 batur
313 1519 576 1554 ἐσκαμματισμένου
597 1519 656 1547 sive
681 1518 846 1551 ὲξωσθέντος
864 1518 896 1544 ἐκ
915 1518 1006 1553 σκάμ-

1056 922 1151 948 oculos
1167 922 1318 948 astantium
1337 922 1548 949 incurrentibus
1563 922 1622 948 visu
1636 923 1725 956 primo
1739 921 1847 949 diducti

1055 968 1230 1000 voluminis;
1261 969 1341 1003 cujus
1370 968 1500 995 vanitatis
1530 969 1687 1003 exemplum
1718 968 1762 995 hic
1794 968 1848 995 Pa-

1056 1014 1201 1048 chymeres
1217 1014 1327 1045 recitat,
1351 1019 1432 1048 prout
1459 1013 1486 1040 in
1512 1013 1688 1041 ordinatione
1703 1013 1847 1041 Athanasii

1057 1059 1185 1095 contigit.

1094 1104 1238 1138 Θεμέλιον
1254 1125 1261 1137 ,
1291 1111 1317 1139 p.
1348 1104 1412 1132 506.
1438 1104 1509 1138 Quid
1528 1110 1609 1133 vocet
1641 1105 1695 1133 hoc
1717 1106 1777 1133 loco
1795 1106 1848 1133 Pa-

1057 1151 1202 1186 cbymeres
1237 1151 1365 1184 Θεμέλιον
1393 1151 1518 1186 πρῶτον,
1557 1153 1673 1187 exponit
1704 1160 1767 1179 mox
1797 1161 1847 1187 per

1058 1196 1104 1223 illa
1130 1196 1213 1224 verba
1238 1197 1333 1232 πρώτη
1351 1197 1440 1231 βάσις.
1461 1198 1509 1225 Est
1532 1206 1599 1233 ergo
1626 1206 1659 1225 ex
1678 1199 1737 1234 ejus
1754 1205 1848 1226 mente

1057 1242 1182 1277 θεμέλιον
1193 1242 1311 1278 σελήνης
1325 1244 1446 1278 πρῶτον,
1465 1244 1571 1278 primus
1584 1252 1598 1271 a
1614 1244 1718 1280 synodo
1735 1245 1847 1272 novilu—

1057 1289 1097 1317 nii
1111 1296 1270 1324 processus,
1294 1289 1347 1316 hoc
1364 1293 1406 1317 est
1425 1290 1560 1325 νουμηνία
1584 1295 1611 1318 et
1631 1298 1726 1317 verum
1744 1292 1851 1318 mensis

1057 1335 1163 1362 lunaris
1178 1334 1298 1362 initium.
1311 1334 1419 1362 Idcirco
1432 1339 1523 1362 autem
1540 1343 1595 1363 non
1608 1336 1696 1364 otiose
1720 1336 1746 1363 id
1766 1341 1851 1364 nota-

1058 1385 1114 1413 tur,
1131 1380 1205 1416 quod
1223 1380 1384 1416 plerumque
1395 1381 1422 1408 iu
1435 1382 1586 1414 mensibus,
1603 1383 1698 1418 quales
1714 1387 1778 1410 sunt
1792 1383 1851 1411 Ro-

1057 1427 1142 1458 mani,
1166 1427 1303 1454 solaribus
1324 1427 1465 1462 contingat
1481 1428 1664 1462 plenilunium
1689 1433 1717 1455 et
1737 1436 1854 1458 neome-

1058 1473 1133 1500 niam
1162 1472 1195 1500 ad
1218 1480 1328 1501 menses
1349 1473 1474 1501 diversos
1490 1475 1643 1508 pertinere.
1663 1474 1853 1503 Ostendemus

1059 1523 1151 1546 autem
1166 1519 1238 1546 libro
1251 1519 1349 1546 barum
1365 1519 1597 1548 Observationum
1611 1520 1638 1552 5,
1652 1521 1700 1547 ubi
1717 1520 1855 1549 deft‘CIio-

216 1574 301 1601 ματος
330 1565 508 1597 vocabulum,
532 1564 706 1600 adaptaverit
738 1564 783 1591 hic
813 1569 909 1591 noster
936 1557 1043 1591 Mos-C
1060 1565 1104 1592 nis
1131 1565 1214 1600 hujus
1242 1565 1346 1592 lunaris
1374 1565 1496 1593 calculos
1531 1566 1677 1598 dabimus,
1703 1566 1854 1602 contigisse

215 1611 369 1646 champari.

251 1659 351 1692 Ζυγιὸν
369 1655 553 1692 Εὑατγελίου
565 1658 687 1689 τιθέναι,
703 1665 730 1691 p.
742 1656 804 1684 “6.
817 1657 879 1692 Agit
903 1657 938 1684 de
955 1665 1008 1685 or-

215 1703 359 1730 dinatione
368 1704 511 1730 Athanasd
524 1703 687 1737 patriarcha:
695 1703 1006 1738 Constantinopolitani,

217 1749 245 1776 in
269 1756 324 1783 qua
351 1749 528 1783 quaerendum
557 1748 591 1775 ad
613 1748 822 1783 intelligentiam
841 1749 923 1784 hujus
942 1749 1007 1780 loci,

217 1793 282 1827 quid
296 1793 331 1820 sit
341 1793 438 1828 jugum
451 1793 539 1820 sancti
554 1793 693 1828 Evangelii
706 1794 790 1830 684
805 1802 911 1829 ponere.
925 1795 1009 1822 Docet

217 1838 245 1865 id
264 1847 314 1866 nos
335 1839 406 1867 ritus
423 1839 608 1867 ordinationis
626 1840 819 1875 episcoporum
840 1841 911 1876 apud
932 1841 1008 1869 Grae-

217 1892 275 1916 cos,
293 1885 337 1919 qui
354 1890 444 1912 exstat
465 1886 491 1913 in
512 1886 694 1921 Euchologio.
713 1894 741 1921 p.
761 1887 824 1918 502,
845 1887 891 1914 ubi
907 1887 1009 1915 diserte

218 1932 338 1959 traditur
352 1933 491 1967 completo
507 1932 632 1968 Trisagio
645 1933 829 1960 celebrantem
847 1934 1007 1968 episcopum

218 1977 368 2005 ascendere
393 1978 419 2005 in
436 1978 607 2013 crepidinem
623 1986 708 2005 sacrae
722 1986 835 2010 mensae,
857 1979 948 2013 ibique
969 1979 1008 2006 illi

218 2023 312 2051 oﬂ‘erri
327 2032 341 2051 a
357 2024 541 2058 prmsentibus
557 2025 644 2051 tribus
662 2024 800 2059 episcopis
821 2024 1007 2051 ordinandum

218 2076 233 2095 a
258 2068 364 2095 dextris
393 2069 579 2101 celebrautis;
607 2077 622 2096 a
653 2069 774 2096 sinistris
801 2074 893 2096 autent
919 2074 1009 2097 astare

217 2113 470 2148 chartophylacem,
486 2114 534 2148 qui
559 2113 714 2147 celebranti
732 2113 857 2140 chartam
874 2114 965 2145 offert,
981 2114 1008 2141 in

219 2166 272 2192 qua
285 2159 466 2194 scriptumjsit
481 2168 488 2186 :
502 2159 585 2193 Φήφῳ
597 2159 643 2185 καὶ
656 2160 803 2195 δοκιμασίᾳ
819 2159 872 2185 τῶν
886 2160 1008 2193 θεοφιλε-

219 2204 324 2230 στάτων
338 2205 494 2230 ὶπισκόπων
507 2206 555 2230 καὶ
568 2204 622 2230 τῶν
634 2204 790 2231 ὁσιωτάτων
802 2205 1007 2240 πρεσὸυτέρων,

219 2251 235 2284 ὴ
251 2249 312 2277 Θεία
329 2250 409 2284 χάρις
424 2251 440 2284 ἡ
455 2250 571 2276 πάντοτε
589 2251 623 2277 τὰ
640 2250 741 2285 ἀσθενῆ
755 2251 945 2286 θεραπεύουσα
959 2253 1006 2279 καὶ

219 2298 254 2324 τὰ
269 2298 429 2324 ἐλλείποντα
444 2298 642 2333 ὰναπληροῦσα
657 2299 865 2334 προχειρίζεται
878 2300 924 2326 τὸν
936 2300 1010 2327 δεῖνα

221 2344 265 2370 τὸν
281 2343 489 2377 θεοφιλέστατον
514 2343 702 2377 πρεσϐύτερον
718 2344 868 2371 ἐπίσκοπον
883 2346 934 2380 τῆς
950 2345 1010 2372 θεο-

221 2387 326 2413 σώστου
344 2387 447 2417 πόλεως
463 2387 554 2422 τῆσδε.
575 2387 618 2423 [Ρ.
635 2388 698 2424 481]
713 2388 864 2423 Εὑξώμεοα
879 2390 924 2416 οὖν
939 2390 1010 2425 ὑπὲρ

220 2432 303 2460 αᾷτοῦ
330 2433 374 2459 ἶνα
401 2433 466 2470 ἔλθῃ
485 2434 527 2460 ἐπ’
545 2435 627 2460 αὑτὸν
652 2436 668 2470 ἡ
692 2436 773 2470 χάρις
798 2435 844 2462 τοῦ
873 2437 1010 2470 παναγέςυ

221 2480 389 2514 Πνεύματος.
408 2479 465 2506 Hoc
486 2485 527 2507 est
542 2489 549 2508 :
564 2479 694 2516 Suffragio
713 2486 738 2508 et
759 2482 947 2516 appnbationc
962 2483 1011 2510 Dei

221 2526 466 2552 amantistimorum
478 2526 658 2560 episcoporum
671 2533 695 2554 el
710 2528 937 2555 sanctissimarum
951 2537 1011 2562 pre-

219 2572 384 2607 sbyterorum
402 2592 408 2604 ,
427 2572 517 2599 divitia
533 2575 633 2608 gralia,
654 2582 712 2608 quat
733 2574 825 2608 ubique
840 2574 949 2606 inﬁrma
963 2583 1010 2602 cu-

173 2639 175 2642 .
220 2621 263 2644 rat
281 2621 306 2642 et
320 2617 470 2650 deﬁcientia
484 2617 598 2653 supplet,
613 2623 744 2650 promovet
761 2617 797 2644 Ν.
820 2617 866 2644 Dei
881 2620 1012 2646 amantis-

170 2679 178 2698 ;
220 2663 318 2689 simum
334 2663 514 2697 presbyterum
528 2665 679 2696 episcopum
697 2672 712 2688 α
728 2662 781 2688 Deo
795 2668 907 2690 servata:
918 2664 1011 2690 civita-

221 2709 255 2735 lis
278 2707 311 2735 Ν.
325 2707 434 2735 Oremus
457 2708 539 2743 igitur
553 2716 600 2742 pro
613 2716 655 2739 eo,
680 2712 710 2734 ut
735 2709 823 2735 veniat
846 2718 925 2743 super
951 2718 1009 2736 eum

220 2754 310 2790 gratia
325 2754 485 2781 sanctissimi
501 2754 627 2788 Spiritus.
645 2754 695 2782 Ubi
713 2747 835 2781 chartam
853 2756 924 2783 hanc
936 2757 1010 2783 cclc-

222 2801 305 2828 brans
337 2800 467 2836 accepit,
495 2801 710 2828 archidiaconus
740 2803 908 2829 audientiam
938 2804 1010 2831 indi-

220 2847 270 2879 cit,
299 2846 432 2879 clamans,
450 2847 629 2882 Πρόσχωμεν,
649 2850 827 2875 attendamus.
848 2849 908 2876 Mox
937 2850 1011 2877 cclc-

222 2891 306 2920 lrans
322 2899 380 2926 qua
398 2892 502 2926 scripta
517 2897 580 2920 sunt
595 2894 622 2922 in
635 2894 729 2922 charta
745 2895 913 2929 pronuntiat,
932 2895 1012 2923 intel-

1060 1609 1136 1637 illam
1163 1611 1207 1637 die
1234 1610 1265 1638 ib
1289 1610 1412 1638 Januarii
1434 1619 1507 1638 anno
1529 1611 1596 1639 Chr.
1612 1611 1693 1639 4302.
1708 1611 1787 1639 Unde
1810 1616 1856 1639 est

1060 1663 1234 1690 consequens
1248 1656 1400 1691 νουμηνίαν
1425 1664 1486 1691 quae
1501 1658 1642 1692 praecessit
1658 1658 1711 1685 hoc
1733 1658 1854 1692 plenilu-

1060 1704 1138 1730 nium
1161 1702 1321 1738 eclipticum
1346 1703 1374 1730 in
1392 1702 1466 1738 ipsas
1484 1703 1607 1730 Januarii
1621 1703 1757 1731 Kalendas
1782 1704 1854 1730 inci-

1061 1748 1146 1776 disse.
1159 1748 1227 1775 Nam
1241 1748 1274 1775 Η
1285 1748 1357 1776 lunt:
1367 1749 1412 1776 die
1428 1749 1579 1784 plenilunia
1595 1749 1675 1776 ﬁunt.
1690 1749 1854 1784 Exprimere

1061 1793 1146 1829 igitur
1168 1798 1264 1820 noster
1294 1793 1340 1821 hic
1370 1793 1459 1820 voluit
1484 1793 1566 1828 685
1591 1793 1662 1821 lunae
1677 1799 1852 1822 menstruum

1060 1847 1173 1867 cursum
1188 1839 1318 1875 allegoria
1329 1839 1446 1874 quadam
1464 1839 1586 1867 aedificii.
1605 1840 1675 1873 Quia
1691 1841 1765 1867 enim
1784 1841 1854 1868 sub-

1060 1886 1223 1914 structionis
1245 1886 1354 1913 initium
1379 1885 1590 1913 fundamentum
1615 1890 1666 1918 est,
1682 1886 1787 1913 Graecis
1811 1887 1855 1913 di-

1060 1936 1136 1960 ctum
1147 1932 1285 1966 θεμέλιον,
1299 1936 1375 1960 recte
1390 1932 1534 1960 transferri
1549 1939 1629 1967 posse
1643 1933 1669 1960 id
1686 1940 1787 1960 nomen
1803 1941 1857 1968 pu-

1061 1978 1128 2006 tavit
1151 1978 1185 2005 ad
1209 1978 1421 2013 signiﬁcandum
1447 1979 1557 2006 initium
1584 1983 1685 2011 motus,
1708 1986 1765 2014 quo
1784 1980 1854 2007 luna

1060 2024 1154 2051 statim
1167 2032 1181 2051 a
1200 2030 1303 2059 puncto
1322 2024 1412 2051 coitus
1431 2033 1493 2052 cum
1509 2025 1567 2052 sole
1585 2025 1619 2052 ad
1635 2033 1735 2052 novum
1750 2025 1857 2053 circui«

1061 2075 1118 2096 tum
1142 2077 1203 2097 sese
1227 2070 1335 2098 incitat.
1355 2071 1438 2098 Forte
1455 2075 1547 2098 autem
1566 2072 1742 2107 κυριολογιαν
1756 2081 1855 2107 quam-

1061 2116 1122 2144 dam
1140 2121 1238 2144 auctor
1252 2118 1346 2153 posuit
1359 2118 1387 2144 in
1403 2126 1470 2145 voce
1484 2119 1547 2153 μὴν,
1562 2123 1593 2145 ut
1611 2127 1660 2154 per
1671 2127 1731 2146 eam
1748 2120 1855 2155 alioqui

1062 2167 1149 2190 totum
1166 2164 1423 2199 τριακονταήμερον
1441 2165 1561 2199 spatium
1579 2165 1701 2200 triginta,
1713 2166 1775 2193 etsi
1787 2167 1856 2202 quid

1062 2209 1194 2241 excurrit,
1207 2209 1315 2237 dierum
1332 2210 1454 2238 indicare
1469 2211 1550 2246 vulgo
1574 2211 1696 2245 solitam,
1718 2212 1765 2240 hic
1787 2221 1855 2248 pro-

1063 2255 1121 2289 prie
1140 2255 1307 2282 intcllexerit
1322 2255 1456 2283 Kalendas
1474 2256 1546 2290 ipsas
1563 2257 1620 2284 sive
1637 2257 1754 2291 primam
1775 2266 1856 2286 men-

1063 2302 1101 2328 sis
1115 2301 1205 2333 dicm;
1223 2301 1259 2328 ita
1274 2305 1314 2332 ut.
1325 2309 1387 2328 cum
1405 2302 1475 2329 dixit
1489 2303 1561 2337 μῆνα
1579 2303 1607 2329 δὲ
1621 2303 1732 2339 Ληναίῳ
1749 2305 1848 2339 πρώτη

1063 2346 1142 2385 βασις
1168 2347 1263 2374 ἵστατο
1287 2348 1385 2382 μήνης,
1408 2348 1532 2376 indicare
1549 2349 1622 2383 quod
1641 2349 1698 2376 dixi
1720 2350 1854 2383 voluerit,

1062 2399 1184 2418 mensem
1196 2391 1321 2419 lunarem
1336 2400 1369 2419 eo
1379 2400 1450 2420 anno
1467 2401 1529 2421 cum
1543 2394 1616 2421 civili
1629 2394 1703 2428 paria
1717 2395 1857 2422 inchoan-

1061 2437 1097 2465 do
1114 2438 1224 2470 fecisse,
1239 2447 1270 2466 ac
1286 2440 1376 2474 primo
1394 2440 1453 2474 ipso
1466 2440 1590 2467 Ianuarii
1604 2440 1722 2474 primum
1739 2440 1857 2468 inivisse

1062 2484 1168 2510 lunaris
1191 2485 1297 2518 periodi
1327 2485 1414 2512 diem.
1439 2485 1517 2517 Quod
1540 2493 1573 2512 ex
1592 2485 1694 2512 tabulis
1713 2485 1857 2518 hodieque

1062 2530 1252 2557 astronomicis
1268 2531 1442 2557 verissimum
1460 2531 1688 2565 deprehenditur.

1098 2576 1210 2609 'Iutap,
1238 2583 1263 2609 ιι.
1288 2576 1332 2604 45.
1363 2576 1463 2603 lterum
1495 2585 1521 2611 ι).
1557 2577 1618 2603 155.
1641 2577 1795 2611 Hesychius
1823 2578 1857 2604 τὺ

1064 2621 1144 2656 ἵκταρ
1164 2621 1278 2654 exponit
1292 2622 1387 2656 ὲγγύς,
1399 2631 1490 2658 prope.
1508 2623 1581 2650 idem
1601 2623 1680 2650 docet
1691 2623 1859 2652 Eustathius

1062 2667 1095 2693 ad
1113 2665 1211 2702 Odyss.
1227 2666 1258 2701 ψ,
1280 2671 1309 2694 et
1323 2671 1438 2702 uterque
1452 2669 1547 2695 recitat
1563 2673 1724 2705 usurpatum
1743 2668 1856 2698 Platoni

1062 2711 1079 2738 9
1093 2711 1127 2739 de
1151 2712 1220 2747 Rep.
1238 2713 1378 2747 adagium,
1401 2713 1456 2740 οὐδ’
1471 2714 1552 2750 ἴκταρ
1567 2715 1670 2750 βάλλει,
1695 2716 1729 2743 dc
1745 2717 1856 2751 jacula-

1064 2752 1123 2786 tore
1137 2759 1252 2791 infelici,
1269 2760 1316 2794 qui
1335 2768 1390 2787 non
1405 2761 1494 2788 solum
1513 2770 1566 2789 non
1587 2762 1650 2790 ferit
1663 2770 1790 2798 scopum,
1806 2765 1854 2791 sed

1063 2812 1099 2831 ne
1117 2813 1201 2840 prope
1217 2805 1329 2839 quidem
1345 2806 1461 2833 accedit.
1478 2807 1517 2834 Ad
1537 2807 1607 2835 hanc
1627 2809 1709 2844 lmjus
1729 2809 1771 2845 [Ρ.
1787 2810 1854 2847 482]

1064 2851 1140 2878 vocis
1158 2851 1300 2878 notionem
1328 2852 1475 2887 cogitatam
1503 2854 1528 2880 in
1547 2854 1589 2882 his
1602 2855 1670 2883 locis
1690 2856 1853 2892 Pachymeri

1064 2897 1319 2931 interpretationem
1349 2898 1495 2933 utrobique
1517 2907 1605 2928 meam
1626 2903 1852 2935 accommodans.
