  <div class='ocr_page' id='page_1' title='image "/cluster/home/n/w/nwhite01/storage/ocr_20150623/144/njp.32101010942892/394.png"; bbox 0 0 1954 3063; ppageno 0'>
   <div class='ocr_carea' id='block_1_1' title="bbox 87 158 142 191">
    <p class='ocr_par' dir='ltr' id='par_1_1' title="bbox 87 158 142 191">
     <span class='ocr_line' id='line_1_1' title="bbox 87 158 142 191; baseline 0 0"><span class='ocrx_word' id='word_1_1' title='bbox 87 158 142 191; x_wconf 68' lang='grc' dir='ltr'><strong>ἨΒ</strong></span> 
     </span>
    </p>
   </div>
   <div class='ocr_carea' id='block_1_2' title="bbox 787 155 1047 188">
    <p class='ocr_par' dir='ltr' id='par_1_2' title="bbox 787 155 1047 188">
     <span class='ocr_line' id='line_1_2' title="bbox 787 155 1047 188; baseline 0.004 -1"><span class='ocrx_word' id='word_1_2' title='bbox 787 155 1047 188; x_wconf 75' lang='lat' dir='ltr'><strong>GLOSSARIUM.</strong></span> 
     </span>
    </p>
   </div>
   <div class='ocr_carea' id='block_1_3' title="bbox 1667 155 1719 186">
    <p class='ocr_par' dir='ltr' id='par_1_3' title="bbox 1667 155 1719 186">
     <span class='ocr_line' id='line_1_3' title="bbox 1667 155 1719 186; baseline 0 0"><span class='ocrx_word' id='word_1_3' title='bbox 1667 155 1719 186; x_wconf 62' lang='lat'><strong>736</strong></span> 
     </span>
    </p>
   </div>
   <div class='ocr_carea' id='block_1_4' title="bbox 92 211 1718 247">
    <p class='ocr_par' dir='ltr' id='par_1_4' title="bbox 92 211 1718 247">
     <span class='ocr_line' id='line_1_4' title="bbox 92 211 1718 247; baseline -0.002 -5"><span class='ocrx_word' id='word_1_4' title='bbox 92 215 162 243; x_wconf 79' lang='lat' dir='ltr'><strong>haud</strong></span> <span class='ocrx_word' id='word_1_5' title='bbox 184 214 326 242; x_wconf 86' lang='lat' dir='ltr'><strong>aberrasse</strong></span> <span class='ocrx_word' id='word_1_6' title='bbox 340 221 383 241; x_wconf 92' lang='lat' dir='ltr'><strong>me</strong></span> <span class='ocrx_word' id='word_1_7' title='bbox 401 213 434 240; x_wconf 87' lang='lat' dir='ltr'><strong>ab</strong></span> <span class='ocrx_word' id='word_1_8' title='bbox 447 213 569 241; x_wconf 77' lang='lat' dir='ltr'><strong>auctoris</strong></span> <span class='ocrx_word' id='word_1_9' title='bbox 594 213 730 240; x_wconf 87' lang='lat' dir='ltr'><strong>sententia</strong></span> <span class='ocrx_word' id='word_1_10' title='bbox 756 213 874 240; x_wconf 81' lang='lat' dir='ltr'><strong>conﬁdo.</strong></span> <span class='ocrx_word' id='word_1_11' title='bbox 893 217 913 244; x_wconf 78' lang='grc' dir='ltr'>Α</span> <span class='ocrx_word' id='word_1_12' title='bbox 929 213 1005 240; x_wconf 80' lang='lat' dir='ltr'><strong>Meus</strong></span> <span class='ocrx_word' id='word_1_13' title='bbox 1035 213 1184 247; x_wconf 77' lang='lat' dir='ltr'><strong>Procopius</strong></span> <span class='ocrx_word' id='word_1_14' title='bbox 1209 213 1336 238; x_wconf 65' lang='lat' dir='ltr'><strong>eumdem</strong></span> <span class='ocrx_word' id='word_1_15' title='bbox 1364 212 1461 238; x_wconf 83' lang='lat' dir='ltr'><strong>asserit</strong></span> <span class='ocrx_word' id='word_1_16' title='bbox 1484 212 1596 239; x_wconf 59' lang='lat' dir='ltr'><strong>Cnbndis</strong></span> <span class='ocrx_word' id='word_1_17' title='bbox 1620 211 1718 239; x_wconf 85' lang='lat' dir='ltr'><strong>tilium.</strong></span> 
     </span>
    </p>
   </div>
   <div class='ocr_carea' id='block_1_5' title="bbox 90 259 879 296">
    <p class='ocr_par' dir='ltr' id='par_1_5' title="bbox 90 259 879 296">
     <span class='ocr_line' id='line_1_5' title="bbox 90 259 879 296; baseline -0.003 -8"><span class='ocrx_word' id='word_1_18' title='bbox 90 261 223 296; x_wconf 79' lang='lat' dir='ltr'><strong>Adjiciam</strong></span> <span class='ocrx_word' id='word_1_19' title='bbox 236 260 326 287; x_wconf 83' lang='lat' dir='ltr'><strong>obiter</strong></span> <span class='ocrx_word' id='word_1_20' title='bbox 335 259 409 295; x_wconf 84' lang='lat' dir='ltr'><strong>quod</strong></span> <span class='ocrx_word' id='word_1_21' title='bbox 428 260 454 286; x_wconf 92' lang='lat' dir='ltr'><strong>in</strong></span> <span class='ocrx_word' id='word_1_22' title='bbox 471 265 590 287; x_wconf 78' lang='lat' dir='ltr'><strong>mentem</strong></span> <span class='ocrx_word' id='word_1_23' title='bbox 604 260 688 291; x_wconf 86' lang='lat' dir='ltr'><strong>venit,</strong></span> <span class='ocrx_word' id='word_1_24' title='bbox 704 264 814 295; x_wconf 81' lang='lat' dir='ltr'><strong>etytnon</strong></span> <span class='ocrx_word' id='word_1_25' title='bbox 831 267 879 286; x_wconf 77' lang='lat' dir='ltr'><strong>vo-</strong></span> 
     </span>
    </p>
   </div>
   <div class='ocr_carea' id='block_1_6' title="bbox 90 305 882 339">
    <p class='ocr_par' dir='ltr' id='par_1_6' title="bbox 90 305 882 339">
     <span class='ocr_line' id='line_1_6' title="bbox 90 305 882 339; baseline -0.003 -5"><span class='ocrx_word' id='word_1_26' title='bbox 90 308 129 334; x_wconf 92' lang='lat' dir='ltr'><strong>cis</strong></span> <span class='ocrx_word' id='word_1_27' title='bbox 147 307 251 334; x_wconf 63' lang='lat' dir='ltr'><strong>Latina;</strong></span> <span class='ocrx_word' id='word_1_28' title='bbox 271 307 358 334; x_wconf 68' lang='lat' dir='ltr'><strong>instar</strong></span> <span class='ocrx_word' id='word_1_29' title='bbox 374 314 428 332; x_wconf 92' lang='lat' dir='ltr'><strong>non</strong></span> <span class='ocrx_word' id='word_1_30' title='bbox 444 305 554 332; x_wconf 88' lang='lat' dir='ltr'><strong>aliunde</strong></span> <span class='ocrx_word' id='word_1_31' title='bbox 575 305 661 332; x_wconf 84' lang='lat' dir='ltr'><strong>videri</strong></span> <span class='ocrx_word' id='word_1_32' title='bbox 677 313 758 339; x_wconf 87' lang='lat' dir='ltr'><strong>quam</strong></span> <span class='ocrx_word' id='word_1_33' title='bbox 779 305 812 331; x_wconf 91' lang='lat' dir='ltr'><strong>ab</strong></span> <span class='ocrx_word' id='word_1_34' title='bbox 831 305 882 332; x_wconf 87' lang='lat' dir='ltr'><strong>hac</strong></span> 
     </span>
    </p>
   </div>
   <div class='ocr_carea' id='block_1_7' title="bbox 91 351 882 386">
    <p class='ocr_par' dir='ltr' id='par_1_7' title="bbox 91 351 882 386">
     <span class='ocr_line' id='line_1_7' title="bbox 91 351 882 386; baseline -0.005 -5"><span class='ocrx_word' id='word_1_35' title='bbox 91 353 182 381; x_wconf 58' lang='grc' dir='ltr'><strong>(ιι-πω</strong></span> <span class='ocrx_word' id='word_1_36' title='bbox 197 353 278 386; x_wconf 75' lang='grc' dir='ltr'>ἴκταρ</span> <span class='ocrx_word' id='word_1_37' title='bbox 293 352 486 386; x_wconf 84' lang='lat' dir='ltr'><strong>repetendum.</strong></span> <span class='ocrx_word' id='word_1_38' title='bbox 505 353 552 379; x_wconf 83' lang='lat' dir='ltr'><strong>Est</strong></span> <span class='ocrx_word' id='word_1_39' title='bbox 566 352 658 386; x_wconf 80' lang='grc' dir='ltr'><strong>ἴκταρ,</strong></span> <span class='ocrx_word' id='word_1_40' title='bbox 673 357 701 378; x_wconf 91' lang='lat' dir='ltr'><strong>ut</strong></span> <span class='ocrx_word' id='word_1_41' title='bbox 719 356 812 378; x_wconf 88' lang='lat' dir='ltr'><strong>monet</strong></span> <span class='ocrx_word' id='word_1_42' title='bbox 829 351 882 377; x_wconf 80' lang='lat' dir='ltr'><strong>ilc-</strong></span> 
     </span>
    </p>
   </div>
   <div class='ocr_carea' id='block_1_8' title="bbox 92 398 884 434">
    <p class='ocr_par' dir='ltr' id='par_1_8' title="bbox 92 398 884 434">
     <span class='ocr_line' id='line_1_8' title="bbox 92 398 884 434; baseline -0.003 -8"><span class='ocrx_word' id='word_1_43' title='bbox 92 399 215 434; x_wconf 74' lang='lat' dir='ltr'><strong>sycbius,</strong></span> <span class='ocrx_word' id='word_1_44' title='bbox 230 398 285 425; x_wconf 73' lang='grc' dir='ltr'><strong>ἀπὸ</strong></span> <span class='ocrx_word' id='word_1_45' title='bbox 295 398 342 424; x_wconf 81' lang='grc' dir='ltr'><strong>τοῦ</strong></span> <span class='ocrx_word' id='word_1_46' title='bbox 359 398 504 430; x_wconf 77' lang='grc' dir='ltr'><strong>ἱκνεῖσθαι,</strong></span> <span class='ocrx_word' id='word_1_47' title='bbox 519 399 591 430; x_wconf 82' lang='lat' dir='ltr'><strong>quod</strong></span> <span class='ocrx_word' id='word_1_48' title='bbox 606 403 684 425; x_wconf 87' lang='lat' dir='ltr'><strong>sonat</strong></span> <span class='ocrx_word' id='word_1_49' title='bbox 695 399 840 432; x_wconf 75' lang='lat' dir='ltr'><strong>pervenire.</strong></span> <span class='ocrx_word' id='word_1_50' title='bbox 851 405 884 424; x_wconf 75' lang='lat' dir='ltr'><strong>ex</strong></span> 
     </span>
    </p>
   </div>
   <div class='ocr_carea' id='block_1_9' title="bbox 93 444 885 479">
    <p class='ocr_par' dir='ltr' id='par_1_9' title="bbox 93 444 885 479">
     <span class='ocr_line' id='line_1_9' title="bbox 93 444 885 479; baseline -0.004 -7"><span class='ocrx_word' id='word_1_51' title='bbox 93 453 123 472; x_wconf 91' lang='lat' dir='ltr'><strong>ca</strong></span> <span class='ocrx_word' id='word_1_52' title='bbox 140 445 248 479; x_wconf 78' lang='lat' dir='ltr'><strong>origine</strong></span> <span class='ocrx_word' id='word_1_53' title='bbox 264 445 502 471; x_wconf 87' lang='lat' dir='ltr'><strong>accommodatum</strong></span> <span class='ocrx_word' id='word_1_54' title='bbox 518 444 551 471; x_wconf 86' lang='lat' dir='ltr'><strong>ad</strong></span> <span class='ocrx_word' id='word_1_55' title='bbox 570 444 659 479; x_wconf 81' lang='lat' dir='ltr'><strong>signiﬁ</strong></span> <span class='ocrx_word' id='word_1_56' title='bbox 678 445 780 471; x_wconf 86' lang='lat' dir='ltr'><strong>andum</strong></span> <span class='ocrx_word' id='word_1_57' title='bbox 796 444 885 470; x_wconf 86' lang='lat' dir='ltr'><strong>imita—</strong></span> 
     </span>
    </p>
   </div>
   <div class='ocr_carea' id='block_1_10' title="bbox 96 490 884 523">
    <p class='ocr_par' dir='ltr' id='par_1_10' title="bbox 96 490 884 523">
     <span class='ocr_line' id='line_1_10' title="bbox 96 490 884 523; baseline -0.001 -7"><span class='ocrx_word' id='word_1_58' title='bbox 96 492 198 516; x_wconf 84' lang='lat' dir='ltr'><strong>tionem</strong></span> <span class='ocrx_word' id='word_1_59' title='bbox 215 496 264 516; x_wconf 87' lang='lat' dir='ltr'><strong>seu</strong></span> <span class='ocrx_word' id='word_1_60' title='bbox 283 490 488 522; x_wconf 80' lang='lat' dir='ltr'><strong>expressionem</strong></span> <span class='ocrx_word' id='word_1_61' title='bbox 504 490 608 521; x_wconf 73' lang='lat' dir='ltr'><strong>forrnre,</strong></span> <span class='ocrx_word' id='word_1_62' title='bbox 630 497 690 523; x_wconf 65' lang='lat' dir='ltr'><strong>qum</strong></span> <span class='ocrx_word' id='word_1_63' title='bbox 706 494 811 516; x_wconf 86' lang='lat' dir='ltr'><strong>tantum</strong></span> <span class='ocrx_word' id='word_1_64' title='bbox 829 496 884 516; x_wconf 89' lang='lat' dir='ltr'><strong>non</strong></span> 
     </span>
    </p>
   </div>
   <div class='ocr_carea' id='block_1_11' title="bbox 96 534 885 570">
    <p class='ocr_par' dir='ltr' id='par_1_11' title="bbox 96 534 885 570">
     <span class='ocr_line' id='line_1_11' title="bbox 96 534 885 570; baseline -0.004 -7"><span class='ocrx_word' id='word_1_65' title='bbox 96 536 222 570; x_wconf 85' lang='lat' dir='ltr'><strong>pervenit</strong></span> <span class='ocrx_word' id='word_1_66' title='bbox 248 540 278 563; x_wconf 87' lang='lat' dir='ltr'><strong>et</strong></span> <span class='ocrx_word' id='word_1_67' title='bbox 299 535 377 562; x_wconf 89' lang='lat' dir='ltr'><strong>abest</strong></span> <span class='ocrx_word' id='word_1_68' title='bbox 397 535 520 569; x_wconf 80' lang='lat' dir='ltr'><strong>proxime</strong></span> <span class='ocrx_word' id='word_1_69' title='bbox 539 543 552 561; x_wconf 87' lang='lat' dir='ltr'><strong>a</strong></span> <span class='ocrx_word' id='word_1_70' title='bbox 567 543 630 562; x_wconf 75' lang='lat' dir='ltr'><strong>vera</strong></span> <span class='ocrx_word' id='word_1_71' title='bbox 645 534 825 561; x_wconf 74' lang='lat' dir='ltr'><strong>similitudine</strong></span> <span class='ocrx_word' id='word_1_72' title='bbox 841 541 885 560; x_wconf 89' lang='lat' dir='ltr'><strong>ar-</strong></span> 
     </span>
    </p>
   </div>
   <div class='ocr_carea' id='block_1_12' title="bbox 97 579 885 616">
    <p class='ocr_par' dir='ltr' id='par_1_12' title="bbox 97 579 885 616">
     <span class='ocr_line' id='line_1_12' title="bbox 97 579 885 616; baseline -0.003 -8"><span class='ocrx_word' id='word_1_73' title='bbox 97 581 219 616; x_wconf 88' lang='lat' dir='ltr'><strong>chetypi,</strong></span> <span class='ocrx_word' id='word_1_74' title='bbox 232 585 262 608; x_wconf 90' lang='lat' dir='ltr'><strong>ut</strong></span> <span class='ocrx_word' id='word_1_75' title='bbox 280 585 356 608; x_wconf 83' lang='lat' dir='ltr'><strong>recte</strong></span> <span class='ocrx_word' id='word_1_76' title='bbox 373 581 460 607; x_wconf 82' lang='lat' dir='ltr'><strong>instar</strong></span> <span class='ocrx_word' id='word_1_77' title='bbox 475 580 548 607; x_wconf 85' lang='lat' dir='ltr'><strong>illius</strong></span> <span class='ocrx_word' id='word_1_78' title='bbox 566 580 652 615; x_wconf 86' lang='lat' dir='ltr'><strong>possit</strong></span> <span class='ocrx_word' id='word_1_79' title='bbox 664 580 771 607; x_wconf 86' lang='lat' dir='ltr'><strong>haberi.</strong></span> <span class='ocrx_word' id='word_1_80' title='bbox 789 579 885 607; x_wconf 87' lang='lat' dir='ltr'><strong>Gratu-</strong></span> 
     </span>
    </p>
   </div>
   <div class='ocr_carea' id='block_1_13' title="bbox 97 625 884 659">
    <p class='ocr_par' dir='ltr' id='par_1_13' title="bbox 97 625 884 659">
     <span class='ocr_line' id='line_1_13' title="bbox 97 625 884 659; baseline -0.004 -6"><span class='ocrx_word' id='word_1_81' title='bbox 97 627 202 659; x_wconf 83' lang='lat' dir='ltr'><strong>Inatici,</strong></span> <span class='ocrx_word' id='word_1_82' title='bbox 219 631 248 653; x_wconf 88' lang='lat' dir='ltr'><strong>ct</strong></span> <span class='ocrx_word' id='word_1_83' title='bbox 261 626 288 653; x_wconf 90' lang='lat' dir='ltr'><strong>in</strong></span> <span class='ocrx_word' id='word_1_84' title='bbox 305 626 348 652; x_wconf 86' lang='lat' dir='ltr'><strong>his</strong></span> <span class='ocrx_word' id='word_1_85' title='bbox 365 626 514 652; x_wconf 79' lang='lat' dir='ltr'><strong>nevissime</strong></span> <span class='ocrx_word' id='word_1_86' title='bbox 526 625 749 652; x_wconf 67' lang='lat' dir='ltr'><strong>accuratissimus</strong></span> <span class='ocrx_word' id='word_1_87' title='bbox 763 625 884 657; x_wconf 84' lang='lat' dir='ltr'><strong>Vossius,</strong></span> 
     </span>
    </p>
   </div>
   <div class='ocr_carea' id='block_1_14' title="bbox 97 671 887 705">
    <p class='ocr_par' dir='ltr' id='par_1_14' title="bbox 97 671 887 705">
     <span class='ocr_line' id='line_1_14' title="bbox 97 671 887 705; baseline -0.004 -5"><span class='ocrx_word' id='word_1_88' title='bbox 97 674 210 705; x_wconf 87' lang='lat' dir='ltr'><strong>frustra,</strong></span> <span class='ocrx_word' id='word_1_89' title='bbox 228 673 255 699; x_wconf 93' lang='lat' dir='ltr'><strong>ni</strong></span> <span class='ocrx_word' id='word_1_90' title='bbox 272 672 360 704; x_wconf 81' lang='lat' dir='ltr'><strong>fallor,</strong></span> <span class='ocrx_word' id='word_1_91' title='bbox 378 671 573 698; x_wconf 79' lang='lat' dir='ltr'><strong>conﬂictantur</strong></span> <span class='ocrx_word' id='word_1_92' title='bbox 587 671 614 698; x_wconf 91' lang='lat' dir='ltr'><strong>in</strong></span> <span class='ocrx_word' id='word_1_93' title='bbox 630 671 808 698; x_wconf 80' lang='lat' dir='ltr'><strong>cxtnndendo</strong></span> <span class='ocrx_word' id='word_1_94' title='bbox 828 671 887 698; x_wconf 83' lang='lat' dir='ltr'><strong>illit-</strong></span> 
     </span>
    </p>
   </div>
   <div class='ocr_carea' id='block_1_15' title="bbox 95 717 885 752">
    <p class='ocr_par' dir='ltr' id='par_1_15' title="bbox 95 717 885 752">
     <span class='ocr_line' id='line_1_15' title="bbox 95 717 885 752; baseline -0.003 -6"><span class='ocrx_word' id='word_1_95' title='bbox 95 719 135 746; x_wconf 86' lang='lat' dir='ltr'><strong>sis</strong></span> <span class='ocrx_word' id='word_1_96' title='bbox 151 718 246 746; x_wconf 81' lang='lat' dir='ltr'><strong>invitis</strong></span> <span class='ocrx_word' id='word_1_97' title='bbox 263 718 418 752; x_wconf 81' lang='lat' dir='ltr'><strong>veriloquio</strong></span> <span class='ocrx_word' id='word_1_98' title='bbox 442 717 518 744; x_wconf 82' lang='lat' dir='ltr'><strong>vocis</strong></span> <span class='ocrx_word' id='word_1_99' title='bbox 534 717 616 752; x_wconf 83' lang='lat' dir='ltr'><strong>hujus</strong></span> <span class='ocrx_word' id='word_1_100' title='bbox 635 725 650 743; x_wconf 93' lang='lat' dir='ltr'><strong>e</strong></span> <span class='ocrx_word' id='word_1_101' title='bbox 671 718 754 744; x_wconf 89' lang='lat' dir='ltr'><strong>verbo</strong></span> <span class='ocrx_word' id='word_1_102' title='bbox 774 718 885 744; x_wconf 76' lang='lat' dir='ltr'><strong>instare.</strong></span> 
     </span>
    </p>
   </div>
   <div class='ocr_carea' id='block_1_16' title="bbox 98 763 885 798">
    <p class='ocr_par' dir='ltr' id='par_1_16' title="bbox 98 763 885 798">
     <span class='ocr_line' id='line_1_16' title="bbox 98 763 885 798; baseline -0.004 -6"><span class='ocrx_word' id='word_1_103' title='bbox 98 765 238 792; x_wconf 75' lang='lat' dir='ltr'><strong>Habemus</strong></span> <span class='ocrx_word' id='word_1_104' title='bbox 266 772 300 791; x_wconf 79' lang='lat' dir='ltr'><strong>ex</strong></span> <span class='ocrx_word' id='word_1_105' title='bbox 322 771 356 790; x_wconf 86' lang='lat' dir='ltr'><strong>eo</strong></span> <span class='ocrx_word' id='word_1_106' title='bbox 370 764 444 798; x_wconf 84' lang='lat' dir='ltr'><strong>quod</strong></span> <span class='ocrx_word' id='word_1_107' title='bbox 461 763 605 798; x_wconf 77' lang='lat' dir='ltr'><strong>subjiciam</strong></span> <span class='ocrx_word' id='word_1_108' title='bbox 627 763 710 790; x_wconf 84' lang='lat' dir='ltr'><strong>etiam</strong></span> <span class='ocrx_word' id='word_1_109' title='bbox 728 763 846 790; x_wconf 77' lang='lat' dir='ltr'><strong>litteram</strong></span> <span class='ocrx_word' id='word_1_110' title='bbox 858 771 885 795; x_wconf 85' lang='lat' dir='ltr'><strong>n,</strong></span> 
     </span>
    </p>
   </div>
   <div class='ocr_carea' id='block_1_17' title="bbox 97 809 888 844">
    <p class='ocr_par' dir='ltr' id='par_1_17' title="bbox 97 809 888 844">
     <span class='ocr_line' id='line_1_17' title="bbox 97 809 888 844; baseline -0.004 -6"><span class='ocrx_word' id='word_1_111' title='bbox 97 820 130 840; x_wconf 77' lang='lat' dir='ltr'><strong>ex</strong></span> <span class='ocrx_word' id='word_1_112' title='bbox 152 819 167 837; x_wconf 87' lang='grc' dir='ltr'><strong>ν</strong></span> <span class='ocrx_word' id='word_1_113' title='bbox 191 811 239 837; x_wconf 82' lang='grc' dir='ltr'><strong>τοῦ</strong></span> <span class='ocrx_word' id='word_1_114' title='bbox 261 811 394 844; x_wconf 75' lang='grc' dir='ltr'><strong>ἱκνέομαι.</strong></span> <span class='ocrx_word' id='word_1_115' title='bbox 412 809 503 844; x_wconf 85' lang='lat' dir='ltr'><strong>Cappa</strong></span> <span class='ocrx_word' id='word_1_116' title='bbox 523 817 590 835; x_wconf 88' lang='lat' dir='ltr'><strong>vero</strong></span> <span class='ocrx_word' id='word_1_117' title='bbox 607 809 686 835; x_wconf 80' lang='lat' dir='ltr'><strong>facile</strong></span> <span class='ocrx_word' id='word_1_118' title='bbox 702 809 777 836; x_wconf 88' lang='lat' dir='ltr'><strong>credi</strong></span> <span class='ocrx_word' id='word_1_119' title='bbox 796 813 888 843; x_wconf 82' lang='lat' dir='ltr'><strong>potest</strong></span> 
     </span>
    </p>
   </div>
   <div class='ocr_carea' id='block_1_18' title="bbox 96 855 887 892">
    <p class='ocr_par' dir='ltr' id='par_1_18' title="bbox 96 855 887 892">
     <span class='ocr_line' id='line_1_18' title="bbox 96 855 887 892; baseline -0.005 -7"><span class='ocrx_word' id='word_1_120' title='bbox 96 857 132 885; x_wconf 88' lang='lat' dir='ltr'><strong>ob</strong></span> <span class='ocrx_word' id='word_1_121' title='bbox 146 857 315 892; x_wconf 87' lang='lat' dir='ltr'><strong>euphoniam</strong></span> <span class='ocrx_word' id='word_1_122' title='bbox 333 857 472 883; x_wconf 80' lang='lat' dir='ltr'><strong>sublatum</strong></span> <span class='ocrx_word' id='word_1_123' title='bbox 491 860 537 882; x_wconf 87' lang='lat' dir='ltr'><strong>aut</strong></span> <span class='ocrx_word' id='word_1_124' title='bbox 557 855 584 881; x_wconf 89' lang='lat' dir='ltr'><strong>in</strong></span> <span class='ocrx_word' id='word_1_125' title='bbox 597 864 608 881; x_wconf 69' lang='grc' dir='ltr'><strong>δ</strong></span> <span class='ocrx_word' id='word_1_126' title='bbox 624 855 778 882; x_wconf 87' lang='lat' dir='ltr'><strong>emollitum</strong></span> <span class='ocrx_word' id='word_1_127' title='bbox 793 856 819 882; x_wconf 94' lang='lat' dir='ltr'><strong>in</strong></span> <span class='ocrx_word' id='word_1_128' title='bbox 838 862 887 881; x_wconf 87' lang='lat' dir='ltr'><strong>vo-</strong></span> 
     </span>
    </p>
   </div>
   <div class='ocr_carea' id='block_1_19' title="bbox 935 258 1719 293">
    <p class='ocr_par' dir='ltr' id='par_1_19' title="bbox 935 258 1719 293">
     <span class='ocr_line' id='line_1_19' title="bbox 935 258 1719 293; baseline -0.005 -6"><span class='ocrx_word' id='word_1_129' title='bbox 935 259 1029 287; x_wconf 87' lang='lat' dir='ltr'><strong>Liceat</strong></span> <span class='ocrx_word' id='word_1_130' title='bbox 1047 258 1183 293; x_wconf 88' lang='lat' dir='ltr'><strong>suspicari</strong></span> <span class='ocrx_word' id='word_1_131' title='bbox 1201 258 1385 293; x_wconf 83' lang='lat' dir='ltr'><strong>cxscriptores</strong></span> <span class='ocrx_word' id='word_1_132' title='bbox 1401 258 1464 284; x_wconf 81' lang='lat' dir='ltr'><strong>libri</strong></span> <span class='ocrx_word' id='word_1_133' title='bbox 1489 258 1554 285; x_wconf 84' lang='lat' dir='ltr'><strong>Sctb</strong></span> <span class='ocrx_word' id='word_1_134' title='bbox 1573 258 1654 284; x_wconf 68' lang='grc' dir='ltr'><strong>Δαῧὲδ</strong></span> <span class='ocrx_word' id='word_1_135' title='bbox 1672 266 1719 292; x_wconf 84' lang='lat' dir='ltr'><strong>pro</strong></span> 
     </span>
    </p>
   </div>
   <div class='ocr_carea' id='block_1_20' title="bbox 934 304 1719 340">
    <p class='ocr_par' dir='ltr' id='par_1_20' title="bbox 934 304 1719 340">
     <span class='ocr_line' id='line_1_20' title="bbox 934 304 1719 340; baseline -0.001 -8"><span class='ocrx_word' id='word_1_136' title='bbox 934 305 1030 332; x_wconf 76' lang='grc' dir='ltr'><strong>Καϐἀδ</strong></span> <span class='ocrx_word' id='word_1_137' title='bbox 1053 305 1151 332; x_wconf 84' lang='lat' dir='ltr'><strong>vitiose</strong></span> <span class='ocrx_word' id='word_1_138' title='bbox 1179 306 1304 340; x_wconf 79' lang='lat' dir='ltr'><strong>posuisse</strong></span> <span class='ocrx_word' id='word_1_139' title='bbox 1323 313 1405 332; x_wconf 87' lang='lat' dir='ltr'><strong>:natn</strong></span> <span class='ocrx_word' id='word_1_140' title='bbox 1422 305 1448 331; x_wconf 90' lang='lat' dir='ltr'><strong>in</strong></span> <span class='ocrx_word' id='word_1_141' title='bbox 1471 309 1525 331; x_wconf 87' lang='lat' dir='ltr'><strong>tota</strong></span> <span class='ocrx_word' id='word_1_142' title='bbox 1543 304 1656 330; x_wconf 70' lang='lat' dir='ltr'><strong>historia</strong></span> <span class='ocrx_word' id='word_1_143' title='bbox 1677 312 1719 331; x_wconf 92' lang='lat' dir='ltr'><strong>rc-</strong></span> 
     </span>
    </p>
   </div>
   <div class='ocr_carea' id='block_1_21' title="bbox 934 349 1718 385">
    <p class='ocr_par' dir='ltr' id='par_1_21' title="bbox 934 349 1718 385">
     <span class='ocr_line' id='line_1_21' title="bbox 934 349 1718 385; baseline -0.001 -9"><span class='ocrx_word' id='word_1_144' title='bbox 934 359 996 385; x_wconf 81' lang='lat' dir='ltr'><strong>gum</strong></span> <span class='ocrx_word' id='word_1_145' title='bbox 1018 350 1193 377; x_wconf 79' lang='lat' dir='ltr'><strong>Persicorum</strong></span> <span class='ocrx_word' id='word_1_146' title='bbox 1220 350 1311 376; x_wconf 86' lang='lat' dir='ltr'><strong>nullus</strong></span> <span class='ocrx_word' id='word_1_147' title='bbox 1337 351 1475 384; x_wconf 79' lang='lat' dir='ltr'><strong>reperitur</strong></span> <span class='ocrx_word' id='word_1_148' title='bbox 1508 349 1591 376; x_wconf 74' lang='lat' dir='ltr'><strong>Dat-it!</strong></span> <span class='ocrx_word' id='word_1_149' title='bbox 1618 350 1718 377; x_wconf 89' lang='lat' dir='ltr'><strong>dictus.</strong></span> 
     </span>
    </p>
   </div>
   <div class='ocr_carea' id='block_1_22' title="bbox 935 395 1721 430">
    <p class='ocr_par' dir='ltr' id='par_1_22' title="bbox 935 395 1721 430">
     <span class='ocr_line' id='line_1_22' title="bbox 935 395 1721 430; baseline -0.003 -8"><span class='ocrx_word' id='word_1_150' title='bbox 935 395 1004 422; x_wconf 85' lang='lat' dir='ltr'><strong>Puto</strong></span> <span class='ocrx_word' id='word_1_151' title='bbox 1017 395 1098 422; x_wconf 89' lang='lat' dir='ltr'><strong>etiam</strong></span> <span class='ocrx_word' id='word_1_152' title='bbox 1111 403 1158 421; x_wconf 88' lang='lat' dir='ltr'><strong>eos</strong></span> <span class='ocrx_word' id='word_1_153' title='bbox 1169 402 1277 421; x_wconf 77' lang='lat' dir='ltr'><strong>errasse</strong></span> <span class='ocrx_word' id='word_1_154' title='bbox 1292 395 1317 421; x_wconf 93' lang='lat' dir='ltr'><strong>in</strong></span> <span class='ocrx_word' id='word_1_155' title='bbox 1331 395 1440 422; x_wconf 85' lang='lat' dir='ltr'><strong>nomine</strong></span> <span class='ocrx_word' id='word_1_156' title='bbox 1459 395 1573 422; x_wconf 83' lang='lat' dir='ltr'><strong>Perzoes</strong></span> <span class='ocrx_word' id='word_1_157' title='bbox 1587 395 1721 430; x_wconf 81' lang='lat' dir='ltr'><strong>trajectio-</strong></span> 
     </span>
    </p>
   </div>
   <div class='ocr_carea' id='block_1_23' title="bbox 936 439 1720 475">
    <p class='ocr_par' dir='ltr' id='par_1_23' title="bbox 936 439 1720 475">
     <span class='ocr_line' id='line_1_23' title="bbox 936 439 1720 475; baseline 0 -8"><span class='ocrx_word' id='word_1_158' title='bbox 936 448 970 467; x_wconf 86' lang='lat' dir='ltr'><strong>ne</strong></span> <span class='ocrx_word' id='word_1_159' title='bbox 983 441 1148 471; x_wconf 84' lang='lat' dir='ltr'><strong>litterarum,</strong></span> <span class='ocrx_word' id='word_1_160' title='bbox 1162 448 1224 467; x_wconf 91' lang='lat' dir='ltr'><strong>cum</strong></span> <span class='ocrx_word' id='word_1_161' title='bbox 1242 439 1352 467; x_wconf 76' lang='lat' dir='ltr'><strong>Pcrozcs</strong></span> <span class='ocrx_word' id='word_1_162' title='bbox 1367 445 1438 467; x_wconf 86' lang='lat' dir='ltr'><strong>recta</strong></span> <span class='ocrx_word' id='word_1_163' title='bbox 1455 441 1566 475; x_wconf 76' lang='lat' dir='ltr'><strong>scriptio</strong></span> <span class='ocrx_word' id='word_1_164' title='bbox 1582 441 1617 467; x_wconf 86' lang='lat' dir='ltr'><strong>sit</strong></span> <span class='ocrx_word' id='word_1_165' title='bbox 1634 450 1639 467; x_wconf 93' lang='lat'><strong>:</strong></span> <span class='ocrx_word' id='word_1_166' title='bbox 1656 449 1720 467; x_wconf 86' lang='lat' dir='ltr'><strong>nam</strong></span> 
     </span>
    </p>
   </div>
   <div class='ocr_carea' id='block_1_24' title="bbox 937 486 1720 520">
    <p class='ocr_par' dir='ltr' id='par_1_24' title="bbox 937 486 1720 520">
     <span class='ocr_line' id='line_1_24' title="bbox 937 486 1720 520; baseline -0.001 -7"><span class='ocrx_word' id='word_1_167' title='bbox 937 487 989 513; x_wconf 88' lang='lat' dir='ltr'><strong>ltoc</strong></span> <span class='ocrx_word' id='word_1_168' title='bbox 1005 494 1104 514; x_wconf 87' lang='lat' dir='ltr'><strong>nomen</strong></span> <span class='ocrx_word' id='word_1_169' title='bbox 1124 486 1216 513; x_wconf 80' lang='lat' dir='ltr'><strong>Persis</strong></span> <span class='ocrx_word' id='word_1_170' title='bbox 1233 486 1362 514; x_wconf 88' lang='lat' dir='ltr'><strong>usitatum</strong></span> <span class='ocrx_word' id='word_1_171' title='bbox 1375 487 1520 520; x_wconf 74' lang='lat' dir='ltr'><strong>reperitur.</strong></span> <span class='ocrx_word' id='word_1_172' title='bbox 1532 486 1620 520; x_wconf 87' lang='lat' dir='ltr'><strong>Quare</strong></span> <span class='ocrx_word' id='word_1_173' title='bbox 1634 487 1704 513; x_wconf 84' lang='lat' dir='ltr'><strong>corri</strong></span> <span class='ocrx_word' id='word_1_174' title='bbox 1714 501 1720 506; x_wconf 92' lang='lat'><strong><em>-</em></strong></span> 
     </span>
    </p>
   </div>
   <div class='ocr_carea' id='block_1_25' title="bbox 936 532 1722 568">
    <p class='ocr_par' dir='ltr' id='par_1_25' title="bbox 936 532 1722 568">
     <span class='ocr_line' id='line_1_25' title="bbox 936 532 1722 568; baseline 0 -9"><span class='ocrx_word' id='word_1_175' title='bbox 936 532 1054 568; x_wconf 79' lang='lat' dir='ltr'><strong>gendum</strong></span> <span class='ocrx_word' id='word_1_176' title='bbox 1090 540 1200 567; x_wconf 85' lang='lat' dir='ltr'><strong>quoque</strong></span> <span class='ocrx_word' id='word_1_177' title='bbox 1225 537 1292 568; x_wconf 89' lang='lat' dir='ltr'><strong>puto</strong></span> <span class='ocrx_word' id='word_1_178' title='bbox 1318 532 1494 560; x_wconf 79' lang='lat' dir='ltr'><strong>Ammianutn</strong></span> <span class='ocrx_word' id='word_1_179' title='bbox 1523 532 1722 563; x_wconf 80' lang='lat' dir='ltr'><strong>Marcellinum,</strong></span> 
     </span>
    </p>
   </div>
   <div class='ocr_carea' id='block_1_26' title="bbox 937 577 1725 614">
    <p class='ocr_par' dir='ltr' id='par_1_26' title="bbox 937 577 1725 614">
     <span class='ocr_line' id='line_1_26' title="bbox 937 577 1725 614; baseline -0.001 -8"><span class='ocrx_word' id='word_1_180' title='bbox 937 579 985 606; x_wconf 88' lang='lat' dir='ltr'><strong>lib.</strong></span> <span class='ocrx_word' id='word_1_181' title='bbox 997 587 1053 611; x_wconf 80' lang='lat' dir='ltr'><strong>xtx,</strong></span> <span class='ocrx_word' id='word_1_182' title='bbox 1069 578 1134 605; x_wconf 87' lang='lat' dir='ltr'><strong>dum</strong></span> <span class='ocrx_word' id='word_1_183' title='bbox 1157 577 1265 605; x_wconf 77' lang='lat' dir='ltr'><strong>Pirosen</strong></span> <span class='ocrx_word' id='word_1_184' title='bbox 1279 587 1328 614; x_wconf 89' lang='lat' dir='ltr'><strong>pro</strong></span> <span class='ocrx_word' id='word_1_185' title='bbox 1347 579 1474 610; x_wconf 73' lang='lat' dir='ltr'><strong>l’eruzen,</strong></span> <span class='ocrx_word' id='word_1_186' title='bbox 1486 584 1515 605; x_wconf 94' lang='lat' dir='ltr'><strong>ut</strong></span> <span class='ocrx_word' id='word_1_187' title='bbox 1530 578 1638 614; x_wconf 89' lang='lat' dir='ltr'><strong>opinor,</strong></span> <span class='ocrx_word' id='word_1_188' title='bbox 1657 580 1725 606; x_wconf 89' lang='lat' dir='ltr'><strong>scri-</strong></span> 
     </span>
    </p>
   </div>
   <div class='ocr_carea' id='block_1_27' title="bbox 937 625 1725 661">
    <p class='ocr_par' dir='ltr' id='par_1_27' title="bbox 937 625 1725 661">
     <span class='ocr_line' id='line_1_27' title="bbox 937 625 1725 661; baseline 0 -9"><span class='ocrx_word' id='word_1_189' title='bbox 937 625 988 652; x_wconf 69' lang='lat' dir='ltr'><strong>bit.</strong></span> <span class='ocrx_word' id='word_1_190' title='bbox 1004 625 1103 652; x_wconf 89' lang='lat' dir='ltr'><strong>Totum</strong></span> <span class='ocrx_word' id='word_1_191' title='bbox 1120 625 1210 653; x_wconf 92' lang='lat' dir='ltr'><strong>locum</strong></span> <span class='ocrx_word' id='word_1_192' title='bbox 1228 626 1265 653; x_wconf 86' lang='lat' dir='ltr'><strong>ita</strong></span> <span class='ocrx_word' id='word_1_193' title='bbox 1282 630 1309 653; x_wconf 89' lang='lat' dir='ltr'><strong>et</strong></span> <span class='ocrx_word' id='word_1_194' title='bbox 1324 626 1439 660; x_wconf 76' lang='lat' dir='ltr'><strong>legerem</strong></span> <span class='ocrx_word' id='word_1_195' title='bbox 1456 631 1483 653; x_wconf 89' lang='lat' dir='ltr'><strong>et</strong></span> <span class='ocrx_word' id='word_1_196' title='bbox 1500 625 1541 661; x_wconf 75' lang='grc' dir='ltr'><strong>[Ρ.</strong></span> <span class='ocrx_word' id='word_1_197' title='bbox 1558 625 1621 661; x_wconf 75' lang='grc'><strong>485]</strong></span> <span class='ocrx_word' id='word_1_198' title='bbox 1639 626 1725 652; x_wconf 89' lang='lat' dir='ltr'><strong>inter-</strong></span> 
     </span>
    </p>
   </div>
   <div class='ocr_carea' id='block_1_28' title="bbox 938 672 1726 707">
    <p class='ocr_par' dir='ltr' id='par_1_28' title="bbox 938 672 1726 707">
     <span class='ocr_line' id='line_1_28' title="bbox 938 672 1726 707; baseline 0.001 -9"><span class='ocrx_word' id='word_1_199' title='bbox 938 676 1063 706; x_wconf 85' lang='lat' dir='ltr'><strong>pretarer</strong></span> <span class='ocrx_word' id='word_1_200' title='bbox 1078 679 1143 707; x_wconf 89' lang='lat' dir='ltr'><strong>pace</strong></span> <span class='ocrx_word' id='word_1_201' title='bbox 1156 673 1306 699; x_wconf 80' lang='lat' dir='ltr'><strong>doctissimi</strong></span> <span class='ocrx_word' id='word_1_202' title='bbox 1318 672 1417 700; x_wconf 79' lang='lat' dir='ltr'><strong>Valcsii</strong></span> <span class='ocrx_word' id='word_1_203' title='bbox 1431 681 1437 698; x_wconf 88' lang='lat'><strong>:</strong></span> <span class='ocrx_word' id='word_1_204' title='bbox 1450 672 1539 700; x_wconf 80' lang='lat' dir='ltr'><strong>Persis</strong></span> <span class='ocrx_word' id='word_1_205' title='bbox 1553 672 1684 707; x_wconf 85' lang='lat' dir='ltr'><strong>Saporem</strong></span> <span class='ocrx_word' id='word_1_206' title='bbox 1699 680 1726 699; x_wconf 82' lang='lat' dir='ltr'><strong>et</strong></span> 
     </span>
    </p>
   </div>
   <div class='ocr_carea' id='block_1_29' title="bbox 937 717 1725 753">
    <p class='ocr_par' dir='ltr' id='par_1_29' title="bbox 937 717 1725 753">
     <span class='ocr_line' id='line_1_29' title="bbox 937 717 1725 753; baseline 0.003 -10"><span class='ocrx_word' id='word_1_207' title='bbox 937 717 1084 744; x_wconf 71' lang='lat' dir='ltr'><strong>Xulian-ma</strong></span> <span class='ocrx_word' id='word_1_208' title='bbox 1102 723 1130 745; x_wconf 86' lang='lat' dir='ltr'><strong>et</strong></span> <span class='ocrx_word' id='word_1_209' title='bbox 1145 717 1261 744; x_wconf 75' lang='lat' dir='ltr'><strong>Perozeu</strong></span> <span class='ocrx_word' id='word_1_210' title='bbox 1278 718 1490 753; x_wconf 79' lang='lat' dir='ltr'><strong>appellantibus,</strong></span> <span class='ocrx_word' id='word_1_211' title='bbox 1516 727 1605 753; x_wconf 81' lang='lat' dir='ltr'><strong>regum</strong></span> <span class='ocrx_word' id='word_1_212' title='bbox 1630 727 1725 753; x_wconf 67' lang='lat' dir='ltr'><strong>regem,</strong></span> 
     </span>
    </p>
   </div>
   <div class='ocr_carea' id='block_1_30' title="bbox 938 761 1728 806">
    <p class='ocr_par' dir='ltr' id='par_1_30' title="bbox 938 761 1728 806">
     <span class='ocr_line' id='line_1_30' title="bbox 938 761 1728 806; baseline 0.005 -19"><span class='ocrx_word' id='word_1_213' title='bbox 938 765 965 787; x_wconf 89' lang='lat' dir='ltr'><strong>et</strong></span> <span class='ocrx_word' id='word_1_214' title='bbox 979 761 1172 796; x_wconf 74' lang='lat' dir='ltr'><strong>dissipatorem,</strong></span> <span class='ocrx_word' id='word_1_215' title='bbox 1195 763 1291 797; x_wconf 85' lang='lat' dir='ltr'><strong>supple</strong></span> <span class='ocrx_word' id='word_1_216' title='bbox 1313 763 1445 803; x_wconf 86' lang='lat' dir='ltr'><strong>hostium,</strong></span> <span class='ocrx_word' id='word_1_217' title='bbox 1458 771 1472 790; x_wconf 85' lang='lat' dir='ltr'><strong>a</strong></span> <span class='ocrx_word' id='word_1_218' title='bbox 1487 768 1549 806; x_wconf 48' lang='lat' dir='ltr'><strong>Vw:</strong></span> <span class='ocrx_word' id='word_1_219' title='bbox 1565 771 1655 799; x_wconf 70' lang='lat' dir='ltr'><strong>partus</strong></span> <span class='ocrx_word' id='word_1_220' title='bbox 1675 765 1728 792; x_wconf 91' lang='lat' dir='ltr'><strong>llc—</strong></span> 
     </span>
    </p>
   </div>
   <div class='ocr_carea' id='block_1_31' title="bbox 938 807 1727 843">
    <p class='ocr_par' dir='ltr' id='par_1_31' title="bbox 938 807 1727 843">
     <span class='ocr_line' id='line_1_31' title="bbox 938 807 1727 843; baseline 0.004 -8"><span class='ocrx_word' id='word_1_221' title='bbox 938 807 1021 835; x_wconf 68' lang='lat' dir='ltr'><strong>brato.</strong></span> <span class='ocrx_word' id='word_1_222' title='bbox 1038 808 1115 836; x_wconf 86' lang='lat' dir='ltr'><strong>Unde</strong></span> <span class='ocrx_word' id='word_1_223' title='bbox 1130 807 1193 835; x_wconf 80' lang='lat' dir='ltr'><strong>Baal</strong></span> <span class='ocrx_word' id='word_1_224' title='bbox 1217 809 1349 843; x_wconf 83' lang='lat' dir='ltr'><strong>peratsim</strong></span> <span class='ocrx_word' id='word_1_225' title='bbox 1375 810 1467 837; x_wconf 83' lang='lat' dir='ltr'><strong>dictus</strong></span> <span class='ocrx_word' id='word_1_226' title='bbox 1484 811 1563 838; x_wconf 89' lang='lat' dir='ltr'><strong>locus</strong></span> <span class='ocrx_word' id='word_1_227' title='bbox 1579 811 1623 837; x_wconf 88' lang='lat' dir='ltr'><strong>ubi</strong></span> <span class='ocrx_word' id='word_1_228' title='bbox 1639 811 1727 838; x_wconf 61' lang='lat' dir='ltr'><strong>divisit</strong></span> 
     </span>
    </p>
   </div>
   <div class='ocr_carea' id='block_1_32' title="bbox 939 854 1729 892">
    <p class='ocr_par' dir='ltr' id='par_1_32' title="bbox 939 854 1729 892">
     <span class='ocr_line' id='line_1_32' title="bbox 939 854 1729 892; baseline 0.008 -12"><span class='ocrx_word' id='word_1_229' title='bbox 939 854 1066 881; x_wconf 75' lang='lat' dir='ltr'><strong>Dominus</strong></span> <span class='ocrx_word' id='word_1_230' title='bbox 1082 855 1201 882; x_wconf 72' lang='lat' dir='ltr'><strong>inimicos</strong></span> <span class='ocrx_word' id='word_1_231' title='bbox 1215 855 1322 882; x_wconf 76' lang='lat' dir='ltr'><strong>Davidis</strong></span> <span class='ocrx_word' id='word_1_232' title='bbox 1333 856 1363 891; x_wconf 91' lang='lat' dir='ltr'><strong>(ll</strong></span> <span class='ocrx_word' id='word_1_233' title='bbox 1379 857 1454 883; x_wconf 75' lang='lat' dir='ltr'><strong>Sam.</strong></span> <span class='ocrx_word' id='word_1_234' title='bbox 1465 857 1555 892; x_wconf 71' lang='lat' dir='ltr'><strong>v,20).</strong></span> <span class='ocrx_word' id='word_1_235' title='bbox 1566 867 1575 882; x_wconf 69' lang='grc' dir='ltr'><strong><em>ι</em></strong></span> <span class='ocrx_word' id='word_1_236' title='bbox 1587 857 1650 885; x_wconf 67' lang='lat' dir='ltr'><strong>llaec</strong></span> <span class='ocrx_word' id='word_1_237' title='bbox 1662 858 1729 886; x_wconf 86' lang='lat' dir='ltr'><strong>Mal-</strong></span> 
     </span>
    </p>
   </div>
   <div class='ocr_carea' id='block_1_33' title="bbox 97 896 1726 936">
    <p class='ocr_par' dir='ltr' id='par_1_33' title="bbox 97 896 1726 936">
     <span class='ocr_line' id='line_1_33' title="bbox 97 896 1726 936; baseline 0.001 -6"><span class='ocrx_word' id='word_1_238' title='bbox 97 904 197 930; x_wconf 89' lang='lat' dir='ltr'><strong>cabulo</strong></span> <span class='ocrx_word' id='word_1_239' title='bbox 227 903 324 930; x_wconf 84' lang='lat' dir='ltr'><strong>Latino</strong></span> <span class='ocrx_word' id='word_1_240' title='bbox 347 903 444 930; x_wconf 73' lang='lat' dir='ltr'><strong>instar.</strong></span> <span class='ocrx_word' id='word_1_241' title='bbox 470 901 516 929; x_wconf 89' lang='lat' dir='ltr'><strong>Sic</strong></span> <span class='ocrx_word' id='word_1_242' title='bbox 545 901 679 936; x_wconf 90' lang='lat' dir='ltr'><strong>opinabar</strong></span> <span class='ocrx_word' id='word_1_243' title='bbox 698 901 844 936; x_wconf 85' lang='lat' dir='ltr'><strong>:judicent</strong></span> <span class='ocrx_word' id='word_1_244' title='bbox 863 901 888 927; x_wconf 79' lang='grc' dir='ltr'><strong>‹.ῑ</strong></span> <span class='ocrx_word' id='word_1_245' title='bbox 905 896 924 924; x_wconf 76' lang='grc' dir='ltr'><strong>Β</strong></span> <span class='ocrx_word' id='word_1_246' title='bbox 940 904 1038 934; x_wconf 84' lang='lat' dir='ltr'><strong>tretus,</strong></span> <span class='ocrx_word' id='word_1_247' title='bbox 1060 901 1160 935; x_wconf 80' lang='lat' dir='ltr'><strong>quibus</strong></span> <span class='ocrx_word' id='word_1_248' title='bbox 1173 902 1244 929; x_wconf 88' lang='lat' dir='ltr'><strong>addo</strong></span> <span class='ocrx_word' id='word_1_249' title='bbox 1259 902 1331 936; x_wconf 90' lang='lat' dir='ltr'><strong>quod</strong></span> <span class='ocrx_word' id='word_1_250' title='bbox 1344 903 1423 929; x_wconf 85' lang='lat' dir='ltr'><strong>amici</strong></span> <span class='ocrx_word' id='word_1_251' title='bbox 1439 902 1576 930; x_wconf 81' lang='lat' dir='ltr'><strong>Florentia</strong></span> <span class='ocrx_word' id='word_1_252' title='bbox 1589 904 1726 936; x_wconf 80' lang='lat' dir='ltr'><strong>scribunt.</strong></span> 
     </span>
    </p>
   </div>
   <div class='ocr_carea' id='block_1_34' title="bbox 96 946 888 983">
    <p class='ocr_par' dir='ltr' id='par_1_34' title="bbox 96 946 888 983">
     <span class='ocr_line' id='line_1_34' title="bbox 96 946 888 983; baseline -0.003 -7"><span class='ocrx_word' id='word_1_253' title='bbox 96 950 214 976; x_wconf 79' lang='grc' dir='ltr'><strong>τοιαῦτα.</strong></span> <span class='ocrx_word' id='word_1_254' title='bbox 229 949 321 980; x_wconf 74' lang='grc' dir='ltr'><strong>δεινοί,</strong></span> <span class='ocrx_word' id='word_1_255' title='bbox 340 956 457 983; x_wconf 87' lang='lat' dir='ltr'><strong>quorum</strong></span> <span class='ocrx_word' id='word_1_256' title='bbox 473 948 596 975; x_wconf 81' lang='lat' dir='ltr'><strong>arbitriis</strong></span> <span class='ocrx_word' id='word_1_257' title='bbox 607 947 742 974; x_wconf 75' lang='lat' dir='ltr'><strong>obnoxius</strong></span> <span class='ocrx_word' id='word_1_258' title='bbox 754 950 781 973; x_wconf 89' lang='lat' dir='ltr'><strong>et</strong></span> <span class='ocrx_word' id='word_1_259' title='bbox 799 946 888 974; x_wconf 78' lang='lat' dir='ltr'><strong>libens</strong></span> 
     </span>
    </p>
   </div>
   <div class='ocr_carea' id='block_1_35' title="bbox 98 993 889 1029">
    <p class='ocr_par' dir='ltr' id='par_1_35' title="bbox 98 993 889 1029">
     <span class='ocr_line' id='line_1_35' title="bbox 98 993 889 1029; baseline -0.004 -7"><span class='ocrx_word' id='word_1_260' title='bbox 98 1001 217 1023; x_wconf 75' lang='lat' dir='ltr'><strong>stetere.</strong></span> <span class='ocrx_word' id='word_1_261' title='bbox 244 995 399 1029; x_wconf 78' lang='lat' dir='ltr'><strong>Antequam</strong></span> <span class='ocrx_word' id='word_1_262' title='bbox 423 994 531 1027; x_wconf 88' lang='lat' dir='ltr'><strong>desino,</strong></span> <span class='ocrx_word' id='word_1_263' title='bbox 555 994 692 1021; x_wconf 86' lang='lat' dir='ltr'><strong>admoneo</strong></span> <span class='ocrx_word' id='word_1_264' title='bbox 715 993 828 1020; x_wconf 87' lang='lat' dir='ltr'><strong>tertium</strong></span> <span class='ocrx_word' id='word_1_265' title='bbox 849 993 889 1020; x_wconf 87' lang='lat' dir='ltr'><strong>uti</strong></span> 
     </span>
    </p>
   </div>
   <div class='ocr_carea' id='block_1_36' title="bbox 98 1038 889 1076">
    <p class='ocr_par' dir='ltr' id='par_1_36' title="bbox 98 1038 889 1076">
     <span class='ocr_line' id='line_1_36' title="bbox 98 1038 889 1076; baseline -0.004 -8"><span class='ocrx_word' id='word_1_266' title='bbox 98 1041 185 1068; x_wconf 85' lang='lat' dir='ltr'><strong>verbo</strong></span> <span class='ocrx_word' id='word_1_267' title='bbox 213 1041 266 1068; x_wconf 91' lang='lat' dir='ltr'><strong>hoc</strong></span> <span class='ocrx_word' id='word_1_268' title='bbox 289 1041 499 1076; x_wconf 82' lang='lat' dir='ltr'><strong>Pachymerem,</strong></span> <span class='ocrx_word' id='word_1_269' title='bbox 520 1047 547 1074; x_wconf 84' lang='lat' dir='ltr'><strong>p.</strong></span> <span class='ocrx_word' id='word_1_270' title='bbox 568 1039 700 1066; x_wconf 88' lang='lat' dir='ltr'><strong>nimirum</strong></span> <span class='ocrx_word' id='word_1_271' title='bbox 719 1040 772 1067; x_wconf 70' lang='grc'>200</span> <span class='ocrx_word' id='word_1_272' title='bbox 796 1047 803 1064; x_wconf 91' lang='lat'><strong>:</strong></span> <span class='ocrx_word' id='word_1_273' title='bbox 829 1038 889 1065; x_wconf 74' lang='grc' dir='ltr'><strong>Οὐδ’</strong></span> 
     </span>
    </p>
   </div>
   <div class='ocr_carea' id='block_1_37' title="bbox 99 1085 889 1121">
    <p class='ocr_par' dir='ltr' id='par_1_37' title="bbox 99 1085 889 1121">
     <span class='ocr_line' id='line_1_37' title="bbox 99 1085 889 1121; baseline -0.003 -8"><span class='ocrx_word' id='word_1_274' title='bbox 99 1087 182 1120; x_wconf 74' lang='grc' dir='ltr'><strong>[κταρ</strong></span> <span class='ocrx_word' id='word_1_275' title='bbox 205 1087 280 1118; x_wconf 77' lang='grc' dir='ltr'><strong>ἄξιον</strong></span> <span class='ocrx_word' id='word_1_276' title='bbox 307 1086 438 1121; x_wconf 73' lang='grc' dir='ltr'><strong>κρίνουσι</strong></span> <span class='ocrx_word' id='word_1_277' title='bbox 455 1086 486 1111; x_wconf 74' lang='grc' dir='ltr'><strong>τὸ</strong></span> <span class='ocrx_word' id='word_1_278' title='bbox 501 1085 690 1119; x_wconf 63' lang='grc' dir='ltr'><strong>συνάλλκγμα,</strong></span> <span class='ocrx_word' id='word_1_279' title='bbox 716 1085 749 1112; x_wconf 94' lang='lat' dir='ltr'><strong>de</strong></span> <span class='ocrx_word' id='word_1_280' title='bbox 768 1085 889 1119; x_wconf 79' lang='lat' dir='ltr'><strong>Augusta</strong></span> 
     </span>
    </p>
   </div>
   <div class='ocr_carea' id='block_1_38' title="bbox 99 1131 889 1166">
    <p class='ocr_par' dir='ltr' id='par_1_38' title="bbox 99 1131 889 1166">
     <span class='ocr_line' id='line_1_38' title="bbox 99 1131 889 1166; baseline -0.005 -6"><span class='ocrx_word' id='word_1_281' title='bbox 99 1137 187 1160; x_wconf 87' lang='lat' dir='ltr'><strong>matre</strong></span> <span class='ocrx_word' id='word_1_282' title='bbox 213 1132 328 1159; x_wconf 82' lang='lat' dir='ltr'><strong>Joannis</strong></span> <span class='ocrx_word' id='word_1_283' title='bbox 351 1132 474 1166; x_wconf 73' lang='lat' dir='ltr'><strong>despone</strong></span> <span class='ocrx_word' id='word_1_284' title='bbox 500 1132 582 1166; x_wconf 87' lang='lat' dir='ltr'><strong>hujus</strong></span> <span class='ocrx_word' id='word_1_285' title='bbox 598 1131 803 1158; x_wconf 79' lang='lat' dir='ltr'><strong>matrimonium</strong></span> <span class='ocrx_word' id='word_1_286' title='bbox 827 1138 889 1157; x_wconf 91' lang='lat' dir='ltr'><strong>cum</strong></span> 
     </span>
    </p>
   </div>
   <div class='ocr_carea' id='block_1_39' title="bbox 99 1176 891 1212">
    <p class='ocr_par' dir='ltr' id='par_1_39' title="bbox 99 1176 891 1212">
     <span class='ocr_line' id='line_1_39' title="bbox 99 1176 891 1212; baseline 0 -9"><span class='ocrx_word' id='word_1_287' title='bbox 99 1177 154 1203; x_wconf 85' lang='lat' dir='ltr'><strong>tilia</strong></span> <span class='ocrx_word' id='word_1_288' title='bbox 169 1177 289 1204; x_wconf 89' lang='lat' dir='ltr'><strong>Chumni</strong></span> <span class='ocrx_word' id='word_1_289' title='bbox 307 1177 427 1212; x_wconf 71' lang='lat' dir='ltr'><strong>praefecti</strong></span> <span class='ocrx_word' id='word_1_290' title='bbox 441 1177 575 1208; x_wconf 71' lang='lat' dir='ltr'><strong>eanicleo,</strong></span> <span class='ocrx_word' id='word_1_291' title='bbox 592 1176 656 1203; x_wconf 85' lang='lat' dir='ltr'><strong>licet</strong></span> <span class='ocrx_word' id='word_1_292' title='bbox 674 1176 700 1203; x_wconf 88' lang='lat' dir='ltr'><strong>id</strong></span> <span class='ocrx_word' id='word_1_293' title='bbox 718 1176 891 1203; x_wconf 76' lang='lat' dir='ltr'><strong>Andronicus</strong></span> 
     </span>
    </p>
   </div>
   <div class='ocr_carea' id='block_1_40' title="bbox 100 1219 891 1259">
    <p class='ocr_par' dir='ltr' id='par_1_40' title="bbox 100 1219 891 1259">
     <span class='ocr_line' id='line_1_40' title="bbox 100 1219 891 1259; baseline -0.001 -8"><span class='ocrx_word' id='word_1_294' title='bbox 100 1229 182 1259; x_wconf 84' lang='lat' dir='ltr'><strong>pater</strong></span> <span class='ocrx_word' id='word_1_295' title='bbox 200 1225 322 1258; x_wconf 72' lang='lat' dir='ltr'><strong>dcspotaa</strong></span> <span class='ocrx_word' id='word_1_296' title='bbox 335 1229 456 1259; x_wconf 84' lang='lat' dir='ltr'><strong>optaret,</strong></span> <span class='ocrx_word' id='word_1_297' title='bbox 472 1224 560 1257; x_wconf 83' lang='lat' dir='ltr'><strong>impar</strong></span> <span class='ocrx_word' id='word_1_298' title='bbox 574 1223 702 1258; x_wconf 78' lang='lat' dir='ltr'><strong>dignitati</strong></span> <span class='ocrx_word' id='word_1_299' title='bbox 721 1224 767 1251; x_wconf 83' lang='lat' dir='ltr'><strong>filii</strong></span> <span class='ocrx_word' id='word_1_300' title='bbox 788 1219 891 1251; x_wconf 81' lang='lat' dir='ltr'><strong>ducen-</strong></span> 
     </span>
    </p>
   </div>
   <div class='ocr_carea' id='block_1_41' title="bbox 100 1269 891 1304">
    <p class='ocr_par' dir='ltr' id='par_1_41' title="bbox 100 1269 891 1304">
     <span class='ocr_line' id='line_1_41' title="bbox 100 1269 891 1304; baseline -0.001 -8"><span class='ocrx_word' id='word_1_301' title='bbox 100 1277 137 1296; x_wconf 78' lang='grc' dir='ltr'><strong>ιρ.</strong></span> <span class='ocrx_word' id='word_1_302' title='bbox 162 1270 217 1297; x_wconf 85' lang='lat' dir='ltr'><strong>Sed</strong></span> <span class='ocrx_word' id='word_1_303' title='bbox 240 1274 269 1296; x_wconf 83' lang='lat' dir='ltr'><strong>et</strong></span> <span class='ocrx_word' id='word_1_304' title='bbox 287 1270 357 1296; x_wconf 80' lang='lat' dir='ltr'><strong>alter</strong></span> <span class='ocrx_word' id='word_1_305' title='bbox 375 1269 499 1296; x_wconf 89' lang='lat' dir='ltr'><strong>occurrit</strong></span> <span class='ocrx_word' id='word_1_306' title='bbox 519 1270 607 1301; x_wconf 83' lang='lat' dir='ltr'><strong>locus,</strong></span> <span class='ocrx_word' id='word_1_307' title='bbox 632 1277 659 1304; x_wconf 90' lang='lat' dir='ltr'><strong>p.</strong></span> <span class='ocrx_word' id='word_1_308' title='bbox 683 1269 736 1296; x_wconf 70' lang='lat'><strong>502</strong></span> <span class='ocrx_word' id='word_1_309' title='bbox 759 1277 765 1295; x_wconf 88' lang='lat'><strong>:</strong></span> <span class='ocrx_word' id='word_1_310' title='bbox 791 1270 826 1295; x_wconf 70' lang='grc' dir='ltr'><strong>Τὸ</strong></span> <span class='ocrx_word' id='word_1_311' title='bbox 842 1269 891 1303; x_wconf 70' lang='grc' dir='ltr'><strong>μξν</strong></span> 
     </span>
    </p>
   </div>
   <div class='ocr_carea' id='block_1_42' title="bbox 98 1315 892 1351">
    <p class='ocr_par' dir='ltr' id='par_1_42' title="bbox 98 1315 892 1351">
     <span class='ocr_line' id='line_1_42' title="bbox 98 1315 892 1351; baseline -0.001 -9"><span class='ocrx_word' id='word_1_312' title='bbox 98 1317 205 1350; x_wconf 65' lang='grc' dir='ltr'><strong>ὅσαπερ</strong></span> <span class='ocrx_word' id='word_1_313' title='bbox 225 1315 307 1351; x_wconf 76' lang='grc' dir='ltr'>ᾔτουν</span> <span class='ocrx_word' id='word_1_314' title='bbox 340 1316 451 1348; x_wconf 72' lang='grc' dir='ltr'><strong>διδόναι,</strong></span> <span class='ocrx_word' id='word_1_315' title='bbox 470 1315 524 1342; x_wconf 74' lang='grc' dir='ltr'><strong>οὐδ’</strong></span> <span class='ocrx_word' id='word_1_316' title='bbox 540 1316 621 1349; x_wconf 72' lang='grc' dir='ltr'><strong>ἴκταρ</strong></span> <span class='ocrx_word' id='word_1_317' title='bbox 638 1315 744 1350; x_wconf 79' lang='grc' dir='ltr'><strong>βάλλων</strong></span> <span class='ocrx_word' id='word_1_318' title='bbox 759 1315 892 1349; x_wconf 73' lang='grc' dir='ltr'><strong>οὐμενοῦν</strong></span> 
     </span>
    </p>
   </div>
   <div class='ocr_carea' id='block_1_43' title="bbox 99 1361 890 1396">
    <p class='ocr_par' dir='ltr' id='par_1_43' title="bbox 99 1361 890 1396">
     <span class='ocr_line' id='line_1_43' title="bbox 99 1361 890 1396; baseline -0.001 -8"><span class='ocrx_word' id='word_1_319' title='bbox 99 1362 259 1396; x_wconf 60' lang='grc' dir='ltr'><strong>ἐδῡκίμαζε.</strong></span> <span class='ocrx_word' id='word_1_320' title='bbox 280 1361 423 1396; x_wconf 73' lang='lat' dir='ltr'><strong>Significat</strong></span> <span class='ocrx_word' id='word_1_321' title='bbox 437 1369 471 1388; x_wconf 90' lang='lat' dir='ltr'><strong>ne</strong></span> <span class='ocrx_word' id='word_1_322' title='bbox 487 1362 576 1396; x_wconf 81' lang='lat' dir='ltr'><strong>prima</strong></span> <span class='ocrx_word' id='word_1_323' title='bbox 595 1361 707 1396; x_wconf 89' lang='lat' dir='ltr'><strong>quidem</strong></span> <span class='ocrx_word' id='word_1_324' title='bbox 724 1361 890 1395; x_wconf 76' lang='lat' dir='ltr'><strong>cogitatione</strong></span> 
     </span>
    </p>
   </div>
   <div class='ocr_carea' id='block_1_44' title="bbox 100 1406 892 1441">
    <p class='ocr_par' dir='ltr' id='par_1_44' title="bbox 100 1406 892 1441">
     <span class='ocr_line' id='line_1_44' title="bbox 100 1406 892 1441; baseline -0.003 -6"><span class='ocrx_word' id='word_1_325' title='bbox 100 1412 184 1435; x_wconf 83' lang='lat' dir='ltr'><strong>tenus</strong></span> <span class='ocrx_word' id='word_1_326' title='bbox 199 1408 307 1435; x_wconf 80' lang='lat' dir='ltr'><strong>venisse</strong></span> <span class='ocrx_word' id='word_1_327' title='bbox 324 1408 351 1434; x_wconf 93' lang='lat' dir='ltr'><strong>in</strong></span> <span class='ocrx_word' id='word_1_328' title='bbox 363 1412 483 1434; x_wconf 87' lang='lat' dir='ltr'><strong>mentem</strong></span> <span class='ocrx_word' id='word_1_329' title='bbox 500 1407 659 1441; x_wconf 83' lang='lat' dir='ltr'><strong>imperatori</strong></span> <span class='ocrx_word' id='word_1_330' title='bbox 677 1406 742 1434; x_wconf 90' lang='lat' dir='ltr'><strong>dare</strong></span> <span class='ocrx_word' id='word_1_331' title='bbox 753 1406 892 1434; x_wconf 84' lang='lat' dir='ltr'><strong>Catelanis</strong></span> 
     </span>
    </p>
   </div>
   <div class='ocr_carea' id='block_1_45' title="bbox 100 1453 887 1488">
    <p class='ocr_par' dir='ltr' id='par_1_45' title="bbox 100 1453 887 1488">
     <span class='ocr_line' id='line_1_45' title="bbox 100 1453 887 1488; baseline -0.001 -8"><span class='ocrx_word' id='word_1_332' title='bbox 100 1453 237 1488; x_wconf 85' lang='lat' dir='ltr'><strong>stipendia</strong></span> <span class='ocrx_word' id='word_1_333' title='bbox 254 1453 438 1488; x_wconf 77' lang='lat' dir='ltr'><strong>ﬂagitantibus</strong></span> <span class='ocrx_word' id='word_1_334' title='bbox 455 1458 587 1488; x_wconf 87' lang='lat' dir='ltr'><strong>quantutn</strong></span> <span class='ocrx_word' id='word_1_335' title='bbox 608 1453 731 1488; x_wconf 72' lang='lat' dir='ltr'><strong>pecunia:</strong></span> <span class='ocrx_word' id='word_1_336' title='bbox 754 1459 887 1487; x_wconf 85' lang='lat' dir='ltr'><strong>poposce-</strong></span> 
     </span>
    </p>
   </div>
   <div class='ocr_carea' id='block_1_46' title="bbox 100 1499 465 1534">
    <p class='ocr_par' dir='ltr' id='par_1_46' title="bbox 100 1499 465 1534">
     <span class='ocr_line' id='line_1_46' title="bbox 100 1499 465 1534; baseline 0.003 -8"><span class='ocrx_word' id='word_1_337' title='bbox 100 1505 171 1527; x_wconf 82' lang='lat' dir='ltr'><strong>rant.</strong></span> <span class='ocrx_word' id='word_1_338' title='bbox 186 1499 253 1527; x_wconf 72' lang='lat' dir='ltr'><strong>Vide</strong></span> <span class='ocrx_word' id='word_1_339' title='bbox 267 1500 349 1528; x_wconf 81' lang='lat' dir='ltr'><strong>etiam</strong></span> <span class='ocrx_word' id='word_1_340' title='bbox 364 1508 390 1534; x_wconf 89' lang='lat' dir='ltr'><strong>p.</strong></span> <span class='ocrx_word' id='word_1_341' title='bbox 403 1499 465 1527; x_wconf 64' lang='lat'><strong>580.</strong></span> 
     </span>
    </p>
   </div>
   <div class='ocr_carea' id='block_1_47' title="bbox 142 1564 928 1603">
    <p class='ocr_par' dir='ltr' id='par_1_47' title="bbox 142 1564 928 1603">
     <span class='ocr_line' id='line_1_47' title="bbox 142 1564 928 1603; baseline 0.003 -10"><span class='ocrx_word' id='word_1_342' title='bbox 142 1568 243 1600; x_wconf 69' lang='grc' dir='ltr'><em>Ἰπνὺς</em></span> <span class='ocrx_word' id='word_1_343' title='bbox 258 1567 350 1601; x_wconf 72' lang='grc' dir='ltr'><strong>ἅγιος,</strong></span> <span class='ocrx_word' id='word_1_344' title='bbox 369 1575 396 1603; x_wconf 90' lang='lat' dir='ltr'><strong>p.</strong></span> <span class='ocrx_word' id='word_1_345' title='bbox 417 1568 461 1594; x_wconf 85' lang='lat'><strong>80.</strong></span> <span class='ocrx_word' id='word_1_346' title='bbox 480 1568 594 1603; x_wconf 82' lang='lat' dir='ltr'><strong>Vulgata</strong></span> <span class='ocrx_word' id='word_1_347' title='bbox 610 1569 722 1595; x_wconf 88' lang='lat' dir='ltr'><strong>notione</strong></span> <span class='ocrx_word' id='word_1_348' title='bbox 745 1567 819 1599; x_wconf 68' lang='grc' dir='ltr'><strong>ἰπνᾶς</strong></span> <span class='ocrx_word' id='word_1_349' title='bbox 836 1567 891 1595; x_wconf 70' lang='lat' dir='ltr'><strong>fur-</strong></span> <span class='ocrx_word' id='word_1_350' title='bbox 906 1564 928 1595; x_wconf 74' lang='lat' dir='ltr'><strong>Ct</strong></span> 
     </span>
    </p>
   </div>
   <div class='ocr_carea' id='block_1_48' title="bbox 103 1614 893 1649">
    <p class='ocr_par' dir='ltr' id='par_1_48' title="bbox 103 1614 893 1649">
     <span class='ocr_line' id='line_1_48' title="bbox 103 1614 893 1649; baseline 0 -9"><span class='ocrx_word' id='word_1_351' title='bbox 103 1622 156 1641; x_wconf 86' lang='lat' dir='ltr'><strong>nus</strong></span> <span class='ocrx_word' id='word_1_352' title='bbox 175 1619 227 1646; x_wconf 83' lang='lat' dir='ltr'><strong>cst,</strong></span> <span class='ocrx_word' id='word_1_353' title='bbox 247 1619 294 1641; x_wconf 86' lang='lat' dir='ltr'><strong>aut</strong></span> <span class='ocrx_word' id='word_1_354' title='bbox 310 1614 393 1641; x_wconf 82' lang='lat' dir='ltr'><strong>etiam</strong></span> <span class='ocrx_word' id='word_1_355' title='bbox 413 1614 534 1641; x_wconf 83' lang='lat' dir='ltr'><strong>iimetum</strong></span> <span class='ocrx_word' id='word_1_356' title='bbox 556 1619 583 1641; x_wconf 86' lang='lat' dir='ltr'><strong>et</strong></span> <span class='ocrx_word' id='word_1_357' title='bbox 604 1614 809 1649; x_wconf 78' lang='lat' dir='ltr'><strong>receptaculum</strong></span> <span class='ocrx_word' id='word_1_358' title='bbox 831 1621 893 1641; x_wconf 84' lang='lat' dir='ltr'><strong>sor-</strong></span> 
     </span>
    </p>
   </div>
   <div class='ocr_carea' id='block_1_49' title="bbox 104 1657 893 1694">
    <p class='ocr_par' dir='ltr' id='par_1_49' title="bbox 104 1657 893 1694">
     <span class='ocr_line' id='line_1_49' title="bbox 104 1657 893 1694; baseline 0 -8"><span class='ocrx_word' id='word_1_359' title='bbox 104 1660 191 1686; x_wconf 89' lang='lat' dir='ltr'><strong>dium.</strong></span> <span class='ocrx_word' id='word_1_360' title='bbox 210 1659 279 1686; x_wconf 90' lang='lat' dir='ltr'><strong>llinc</strong></span> <span class='ocrx_word' id='word_1_361' title='bbox 297 1659 324 1686; x_wconf 90' lang='lat' dir='ltr'><strong>in</strong></span> <span class='ocrx_word' id='word_1_362' title='bbox 343 1659 449 1687; x_wconf 57' lang='lat' dir='ltr'><strong>(edibus</strong></span> <span class='ocrx_word' id='word_1_363' title='bbox 465 1660 550 1687; x_wconf 87' lang='lat' dir='ltr'><strong>sacris</strong></span> <span class='ocrx_word' id='word_1_364' title='bbox 564 1660 641 1687; x_wconf 91' lang='lat' dir='ltr'><strong>locus</strong></span> <span class='ocrx_word' id='word_1_365' title='bbox 660 1661 687 1687; x_wconf 90' lang='lat' dir='ltr'><strong>in</strong></span> <span class='ocrx_word' id='word_1_366' title='bbox 700 1667 782 1694; x_wconf 86' lang='lat' dir='ltr'><strong>quem</strong></span> <span class='ocrx_word' id='word_1_367' title='bbox 796 1657 840 1687; x_wconf 77' lang='lat' dir='ltr'><strong>res</strong></span> <span class='ocrx_word' id='word_1_368' title='bbox 851 1666 893 1686; x_wconf 63' lang='grc' dir='ltr'><strong>εει·</strong></span> 
     </span>
    </p>
   </div>
   <div class='ocr_carea' id='block_1_50' title="bbox 103 1706 892 1741">
    <p class='ocr_par' dir='ltr' id='par_1_50' title="bbox 103 1706 892 1741">
     <span class='ocr_line' id='line_1_50' title="bbox 103 1706 892 1741; baseline 0.001 -9"><span class='ocrx_word' id='word_1_369' title='bbox 103 1714 156 1732; x_wconf 71' lang='lat' dir='ltr'><strong>cra:</strong></span> <span class='ocrx_word' id='word_1_370' title='bbox 183 1707 328 1741; x_wconf 81' lang='lat' dir='ltr'><strong>putredine</strong></span> <span class='ocrx_word' id='word_1_371' title='bbox 355 1706 466 1734; x_wconf 89' lang='lat' dir='ltr'><strong>inutiles</strong></span> <span class='ocrx_word' id='word_1_372' title='bbox 487 1706 681 1733; x_wconf 61' lang='lat' dir='ltr'><strong>consumenda:</strong></span> <span class='ocrx_word' id='word_1_373' title='bbox 697 1706 892 1741; x_wconf 82' lang='lat' dir='ltr'><strong>projiciuntur,</strong></span> 
     </span>
    </p>
   </div>
   <div class='ocr_carea' id='block_1_51' title="bbox 103 1750 894 1786">
    <p class='ocr_par' dir='ltr' id='par_1_51' title="bbox 103 1750 894 1786">
     <span class='ocr_line' id='line_1_51' title="bbox 103 1750 894 1786; baseline 0.001 -8"><span class='ocrx_word' id='word_1_374' title='bbox 103 1750 217 1782; x_wconf 65' lang='lat' dir='ltr'><strong>Graecis,</strong></span> <span class='ocrx_word' id='word_1_375' title='bbox 235 1756 264 1778; x_wconf 93' lang='lat' dir='ltr'><strong>ut</strong></span> <span class='ocrx_word' id='word_1_376' title='bbox 289 1752 334 1779; x_wconf 92' lang='lat' dir='ltr'><strong>hic</strong></span> <span class='ocrx_word' id='word_1_377' title='bbox 351 1751 448 1779; x_wconf 84' lang='lat' dir='ltr'><strong>doceat</strong></span> <span class='ocrx_word' id='word_1_378' title='bbox 464 1758 569 1785; x_wconf 84' lang='lat' dir='ltr'><strong>noster,</strong></span> <span class='ocrx_word' id='word_1_379' title='bbox 584 1753 659 1783; x_wconf 63' lang='lat' dir='ltr'><strong>treﬁt;</strong></span> <span class='ocrx_word' id='word_1_380' title='bbox 683 1752 760 1786; x_wconf 74' lang='grc' dir='ltr'><strong>ἅγιος</strong></span> <span class='ocrx_word' id='word_1_381' title='bbox 792 1753 894 1779; x_wconf 90' lang='lat' dir='ltr'><strong>dicitur</strong></span> 
     </span>
    </p>
   </div>
   <div class='ocr_carea' id='block_1_52' title="bbox 102 1797 893 1834">
    <p class='ocr_par' dir='ltr' id='par_1_52' title="bbox 102 1797 893 1834">
     <span class='ocr_line' id='line_1_52' title="bbox 102 1797 893 1834; baseline 0.004 -11"><span class='ocrx_word' id='word_1_382' title='bbox 102 1798 188 1833; x_wconf 75' lang='lat'><strong>686</strong></span> <span class='ocrx_word' id='word_1_383' title='bbox 198 1797 308 1825; x_wconf 74' lang='lat' dir='ltr'><strong>Memini</strong></span> <span class='ocrx_word' id='word_1_384' title='bbox 328 1803 354 1825; x_wconf 84' lang='lat' dir='ltr'><strong>et</strong></span> <span class='ocrx_word' id='word_1_385' title='bbox 366 1799 464 1825; x_wconf 86' lang='lat' dir='ltr'><strong>alicubi</strong></span> <span class='ocrx_word' id='word_1_386' title='bbox 483 1799 573 1833; x_wconf 78' lang='lat' dir='ltr'><strong>legere</strong></span> <span class='ocrx_word' id='word_1_387' title='bbox 587 1797 738 1834; x_wconf 72' lang='grc' dir='ltr'><strong>δεξιμενὴν</strong></span> <span class='ocrx_word' id='word_1_388' title='bbox 757 1804 893 1826; x_wconf 85' lang='lat' dir='ltr'><strong>vocatum.</strong></span> 
     </span>
    </p>
   </div>
   <div class='ocr_carea' id='block_1_53' title="bbox 103 1843 502 1879">
    <p class='ocr_par' dir='ltr' id='par_1_53' title="bbox 103 1843 502 1879">
     <span class='ocr_line' id='line_1_53' title="bbox 103 1843 502 1879; baseline 0.005 -9"><span class='ocrx_word' id='word_1_389' title='bbox 103 1843 195 1870; x_wconf 86' lang='lat' dir='ltr'><strong>Latini</strong></span> <span class='ocrx_word' id='word_1_390' title='bbox 210 1845 341 1879; x_wconf 72' lang='lat' dir='ltr'><strong>piscinam</strong></span> <span class='ocrx_word' id='word_1_391' title='bbox 354 1845 502 1879; x_wconf 87' lang='lat' dir='ltr'><strong>appellant.</strong></span> 
     </span>
    </p>
   </div>
   <div class='ocr_carea' id='block_1_54' title="bbox 147 1913 894 1948">
    <p class='ocr_par' dir='ltr' id='par_1_54' title="bbox 147 1913 894 1948">
     <span class='ocr_line' id='line_1_54' title="bbox 147 1913 894 1948; baseline 0.001 -8"><span class='ocrx_word' id='word_1_392' title='bbox 147 1913 344 1947; x_wconf 73' lang='grc' dir='ltr'><strong>Ἰχνηλάτης.</strong></span> <span class='ocrx_word' id='word_1_393' title='bbox 359 1913 417 1940; x_wconf 90' lang='lat' dir='ltr'><strong>Iloc</strong></span> <span class='ocrx_word' id='word_1_394' title='bbox 430 1913 545 1940; x_wconf 89' lang='lat' dir='ltr'><strong>verbum</strong></span> <span class='ocrx_word' id='word_1_395' title='bbox 560 1914 645 1948; x_wconf 90' lang='lat' dir='ltr'><strong>priori</strong></span> <span class='ocrx_word' id='word_1_396' title='bbox 663 1922 677 1940; x_wconf 88' lang='lat' dir='ltr'><strong>a</strong></span> <span class='ocrx_word' id='word_1_397' title='bbox 697 1922 740 1941; x_wconf 91' lang='lat' dir='ltr'><strong>me</strong></span> <span class='ocrx_word' id='word_1_398' title='bbox 755 1914 894 1941; x_wconf 84' lang='lat' dir='ltr'><strong>Glossario</strong></span> 
     </span>
    </p>
   </div>
   <div class='ocr_carea' id='block_1_55' title="bbox 105 1959 895 1994">
    <p class='ocr_par' dir='ltr' id='par_1_55' title="bbox 105 1959 895 1994">
     <span class='ocr_line' id='line_1_55' title="bbox 105 1959 895 1994; baseline 0.001 -9"><span class='ocrx_word' id='word_1_399' title='bbox 105 1963 253 1986; x_wconf 85' lang='lat' dir='ltr'><strong>tractatum</strong></span> <span class='ocrx_word' id='word_1_400' title='bbox 270 1966 385 1993; x_wconf 88' lang='lat' dir='ltr'><strong>repono,</strong></span> <span class='ocrx_word' id='word_1_401' title='bbox 398 1967 432 1986; x_wconf 89' lang='lat' dir='ltr'><strong>ne</strong></span> <span class='ocrx_word' id='word_1_402' title='bbox 459 1959 589 1986; x_wconf 87' lang='lat' dir='ltr'><strong>lectorem</strong></span> <span class='ocrx_word' id='word_1_403' title='bbox 616 1959 720 1986; x_wconf 82' lang='lat' dir='ltr'><strong>lateant</strong></span> <span class='ocrx_word' id='word_1_404' title='bbox 738 1968 798 1994; x_wconf 65' lang='lat' dir='ltr'><strong>qua:</strong></span> <span class='ocrx_word' id='word_1_405' title='bbox 814 1959 895 1987; x_wconf 86' lang='lat' dir='ltr'><strong>Clau—</strong></span> 
     </span>
    </p>
   </div>
   <div class='ocr_carea' id='block_1_56' title="bbox 104 2005 894 2040">
    <p class='ocr_par' dir='ltr' id='par_1_56' title="bbox 104 2005 894 2040">
     <span class='ocr_line' id='line_1_56' title="bbox 104 2005 894 2040; baseline -0.001 -8"><span class='ocrx_word' id='word_1_406' title='bbox 104 2005 167 2032; x_wconf 81' lang='lat' dir='ltr'><strong>dius</strong></span> <span class='ocrx_word' id='word_1_407' title='bbox 194 2005 339 2032; x_wconf 81' lang='lat' dir='ltr'><strong>Maltretus</strong></span> <span class='ocrx_word' id='word_1_408' title='bbox 366 2005 421 2031; x_wconf 90' lang='lat' dir='ltr'><strong>illic</strong></span> <span class='ocrx_word' id='word_1_409' title='bbox 447 2013 462 2032; x_wconf 86' lang='lat' dir='ltr'><strong>a</strong></span> <span class='ocrx_word' id='word_1_410' title='bbox 491 2013 534 2032; x_wconf 89' lang='lat' dir='ltr'><strong>me</strong></span> <span class='ocrx_word' id='word_1_411' title='bbox 548 2006 650 2040; x_wconf 86' lang='lat' dir='ltr'><strong>scripta</strong></span> <span class='ocrx_word' id='word_1_412' title='bbox 673 2006 767 2040; x_wconf 76' lang='lat' dir='ltr'><strong>legens</strong></span> <span class='ocrx_word' id='word_1_413' title='bbox 791 2005 825 2032; x_wconf 89' lang='lat' dir='ltr'><strong>de</strong></span> <span class='ocrx_word' id='word_1_414' title='bbox 843 2013 894 2032; x_wconf 87' lang='lat' dir='ltr'><strong>suo</strong></span> 
     </span>
    </p>
   </div>
   <div class='ocr_carea' id='block_1_57' title="bbox 105 2050 894 2083">
    <p class='ocr_par' dir='ltr' id='par_1_57' title="bbox 105 2050 894 2083">
     <span class='ocr_line' id='line_1_57' title="bbox 105 2050 894 2083; baseline -0.001 -5"><span class='ocrx_word' id='word_1_415' title='bbox 105 2051 226 2078; x_wconf 83' lang='lat' dir='ltr'><strong>contulit</strong></span> <span class='ocrx_word' id='word_1_416' title='bbox 251 2050 285 2078; x_wconf 85' lang='lat' dir='ltr'><strong>ad</strong></span> <span class='ocrx_word' id='word_1_417' title='bbox 305 2059 363 2077; x_wconf 88' lang='lat' dir='ltr'><strong>rem</strong></span> <span class='ocrx_word' id='word_1_418' title='bbox 381 2051 453 2077; x_wconf 87' lang='lat' dir='ltr'><strong>illam</strong></span> <span class='ocrx_word' id='word_1_419' title='bbox 479 2051 679 2083; x_wconf 82' lang='lat' dir='ltr'><strong>illustrandatn,</strong></span> <span class='ocrx_word' id='word_1_420' title='bbox 706 2058 774 2078; x_wconf 91' lang='lat' dir='ltr'><strong>auro</strong></span> <span class='ocrx_word' id='word_1_421' title='bbox 800 2057 894 2078; x_wconf 89' lang='lat' dir='ltr'><strong>contra</strong></span> 
     </span>
    </p>
   </div>
   <div class='ocr_carea' id='block_1_58' title="bbox 106 2097 894 2132">
    <p class='ocr_par' dir='ltr' id='par_1_58' title="bbox 106 2097 894 2132">
     <span class='ocr_line' id='line_1_58' title="bbox 106 2097 894 2132; baseline -0.003 -7"><span class='ocrx_word' id='word_1_422' title='bbox 106 2106 160 2125; x_wconf 92' lang='lat' dir='ltr'><strong>non</strong></span> <span class='ocrx_word' id='word_1_423' title='bbox 176 2105 252 2125; x_wconf 83' lang='lat' dir='ltr'><strong>cara.</strong></span> <span class='ocrx_word' id='word_1_424' title='bbox 271 2106 280 2122; x_wconf 79' lang='grc' dir='ltr'>ι</span> <span class='ocrx_word' id='word_1_425' title='bbox 298 2097 417 2129; x_wconf 67' lang='lat' dir='ltr'><strong>Text-ira,</strong></span> <span class='ocrx_word' id='word_1_426' title='bbox 439 2097 539 2132; x_wconf 86' lang='lat' dir='ltr'><strong>inquit.</strong></span> <span class='ocrx_word' id='word_1_427' title='bbox 555 2097 705 2124; x_wconf 87' lang='lat' dir='ltr'><strong>Lusitanus</strong></span> <span class='ocrx_word' id='word_1_428' title='bbox 732 2097 759 2124; x_wconf 91' lang='lat' dir='ltr'><strong>in</strong></span> <span class='ocrx_word' id='word_1_429' title='bbox 774 2097 894 2124; x_wconf 78' lang='lat' dir='ltr'><strong>Historia</strong></span> 
     </span>
    </p>
   </div>
   <div class='ocr_carea' id='block_1_59' title="bbox 104 2143 896 2179">
    <p class='ocr_par' dir='ltr' id='par_1_59' title="bbox 104 2143 896 2179">
     <span class='ocr_line' id='line_1_59' title="bbox 104 2143 896 2179; baseline -0.004 -7"><span class='ocrx_word' id='word_1_430' title='bbox 104 2145 234 2176; x_wconf 68' lang='lat' dir='ltr'><strong>Persidis,</strong></span> <span class='ocrx_word' id='word_1_431' title='bbox 249 2144 267 2171; x_wconf 92' lang='lat' dir='ltr'><strong>l.</strong></span> <span class='ocrx_word' id='word_1_432' title='bbox 285 2152 302 2174; x_wconf 89' lang='grc'><strong>1.</strong></span> <span class='ocrx_word' id='word_1_433' title='bbox 315 2151 339 2171; x_wconf 81' lang='lat' dir='ltr'><strong>c.</strong></span> <span class='ocrx_word' id='word_1_434' title='bbox 352 2143 397 2177; x_wconf 79' lang='lat'><strong>35,</strong></span> <span class='ocrx_word' id='word_1_435' title='bbox 412 2144 538 2170; x_wconf 88' lang='lat' dir='ltr'><strong>meminit</strong></span> <span class='ocrx_word' id='word_1_436' title='bbox 555 2144 626 2179; x_wconf 83' lang='lat' dir='ltr'><strong>regis</strong></span> <span class='ocrx_word' id='word_1_437' title='bbox 638 2143 782 2179; x_wconf 86' lang='lat' dir='ltr'><strong>cujusdam</strong></span> <span class='ocrx_word' id='word_1_438' title='bbox 801 2143 896 2170; x_wconf 75' lang='lat' dir='ltr'><strong>Resere</strong></span> 
     </span>
    </p>
   </div>
   <div class='ocr_carea' id='block_1_60' title="bbox 104 2189 895 2218">
    <p class='ocr_par' dir='ltr' id='par_1_60' title="bbox 104 2189 895 2218">
     <span class='ocr_line' id='line_1_60' title="bbox 104 2189 895 2218; baseline -0.003 -1"><span class='ocrx_word' id='word_1_439' title='bbox 104 2191 247 2218; x_wconf 69' lang='lat' dir='ltr'><strong>Anuziron</strong></span> <span class='ocrx_word' id='word_1_440' title='bbox 264 2189 364 2217; x_wconf 85' lang='lat' dir='ltr'><strong>vocati.</strong></span> <span class='ocrx_word' id='word_1_441' title='bbox 379 2191 402 2217; x_wconf 85' lang='lat' dir='ltr'><strong>ls</strong></span> <span class='ocrx_word' id='word_1_442' title='bbox 414 2190 544 2217; x_wconf 91' lang='lat' dir='ltr'><strong>nimirum</strong></span> <span class='ocrx_word' id='word_1_443' title='bbox 560 2195 602 2217; x_wconf 87' lang='lat' dir='ltr'><strong>est</strong></span> <span class='ocrx_word' id='word_1_444' title='bbox 617 2189 743 2216; x_wconf 78' lang='lat' dir='ltr'><strong>Cltosroes</strong></span> <span class='ocrx_word' id='word_1_445' title='bbox 759 2189 895 2216; x_wconf 77' lang='lat' dir='ltr'><strong>Anasuru-</strong></span> 
     </span>
    </p>
   </div>
   <div class='ocr_carea' id='block_1_61' title="bbox 941 947 1726 984">
    <p class='ocr_par' dir='ltr' id='par_1_61' title="bbox 941 947 1726 984">
     <span class='ocr_line' id='line_1_61' title="bbox 941 947 1726 984; baseline 0.006 -12"><span class='ocrx_word' id='word_1_446' title='bbox 941 953 1039 980; x_wconf 85' lang='lat' dir='ltr'><strong>nempe</strong></span> <span class='ocrx_word' id='word_1_447' title='bbox 1060 947 1117 974; x_wconf 89' lang='lat' dir='ltr'><strong>illic</strong></span> <span class='ocrx_word' id='word_1_448' title='bbox 1144 947 1170 974; x_wconf 89' lang='lat' dir='ltr'><strong>in</strong></span> <span class='ocrx_word' id='word_1_449' title='bbox 1192 947 1373 975; x_wconf 85' lang='lat' dir='ltr'><strong>celeberrima</strong></span> <span class='ocrx_word' id='word_1_450' title='bbox 1394 948 1476 976; x_wconf 89' lang='lat' dir='ltr'><strong>Ducis</strong></span> <span class='ocrx_word' id='word_1_451' title='bbox 1498 949 1585 984; x_wconf 76' lang='lat' dir='ltr'><strong>Magni</strong></span> <span class='ocrx_word' id='word_1_452' title='bbox 1606 950 1726 977; x_wconf 84' lang='lat' dir='ltr'><strong>Medicea</strong></span> 
     </span>
    </p>
   </div>
   <div class='ocr_carea' id='block_1_62' title="bbox 942 986 1728 1030">
    <p class='ocr_par' dir='ltr' id='par_1_62' title="bbox 942 986 1728 1030">
     <span class='ocr_line' id='line_1_62' title="bbox 942 986 1728 1030; baseline 0.005 -12"><span class='ocrx_word' id='word_1_453' title='bbox 942 991 1109 1020; x_wconf 83' lang='lat' dir='ltr'><strong>bibliotheca</strong></span> <span class='ocrx_word' id='word_1_454' title='bbox 1134 986 1397 1028; x_wconf 67' lang='lat' dir='ltr'><strong>servariexernplar</strong></span> <span class='ocrx_word' id='word_1_455' title='bbox 1413 993 1537 1021; x_wconf 56' lang='lat' dir='ltr'><strong>Graecum</strong></span> <span class='ocrx_word' id='word_1_456' title='bbox 1554 995 1636 1030; x_wconf 88' lang='lat' dir='ltr'><strong>hujus</strong></span> <span class='ocrx_word' id='word_1_457' title='bbox 1653 996 1728 1030; x_wconf 83' lang='lat' dir='ltr'><strong>ejus-</strong></span> 
     </span>
    </p>
   </div>
   <div class='ocr_carea' id='block_1_63' title="bbox 942 1038 1728 1074">
    <p class='ocr_par' dir='ltr' id='par_1_63' title="bbox 942 1038 1728 1074">
     <span class='ocr_line' id='line_1_63' title="bbox 942 1038 1728 1074; baseline 0.005 -10"><span class='ocrx_word' id='word_1_458' title='bbox 942 1038 1003 1065; x_wconf 90' lang='lat' dir='ltr'><strong>dem</strong></span> <span class='ocrx_word' id='word_1_459' title='bbox 1021 1038 1095 1071; x_wconf 88' lang='lat' dir='ltr'><strong>libri,</strong></span> <span class='ocrx_word' id='word_1_460' title='bbox 1110 1047 1171 1066; x_wconf 90' lang='lat' dir='ltr'><strong>cum</strong></span> <span class='ocrx_word' id='word_1_461' title='bbox 1194 1039 1296 1067; x_wconf 90' lang='lat' dir='ltr'><strong>indicio</strong></span> <span class='ocrx_word' id='word_1_462' title='bbox 1314 1040 1457 1074; x_wconf 83' lang='lat' dir='ltr'><strong>temporis,</strong></span> <span class='ocrx_word' id='word_1_463' title='bbox 1475 1048 1529 1074; x_wconf 89' lang='lat' dir='ltr'><strong>quo</strong></span> <span class='ocrx_word' id='word_1_464' title='bbox 1543 1040 1566 1067; x_wconf 90' lang='lat' dir='ltr'><strong>is</strong></span> <span class='ocrx_word' id='word_1_465' title='bbox 1583 1046 1624 1068; x_wconf 84' lang='lat' dir='ltr'><strong>cst</strong></span> <span class='ocrx_word' id='word_1_466' title='bbox 1639 1049 1652 1068; x_wconf 91' lang='lat' dir='ltr'><strong>c</strong></span> <span class='ocrx_word' id='word_1_467' title='bbox 1665 1041 1728 1068; x_wconf 84' lang='lat' dir='ltr'><strong>bar-</strong></span> 
     </span>
    </p>
   </div>
   <div class='ocr_carea' id='block_1_64' title="bbox 942 1084 1727 1120">
    <p class='ocr_par' dir='ltr' id='par_1_64' title="bbox 942 1084 1727 1120">
     <span class='ocr_line' id='line_1_64' title="bbox 942 1084 1727 1120; baseline 0.005 -10"><span class='ocrx_word' id='word_1_468' title='bbox 942 1084 1035 1111; x_wconf 87' lang='lat' dir='ltr'><strong>barica</strong></span> <span class='ocrx_word' id='word_1_469' title='bbox 1047 1085 1072 1111; x_wconf 91' lang='lat' dir='ltr'><strong>in</strong></span> <span class='ocrx_word' id='word_1_470' title='bbox 1088 1085 1208 1112; x_wconf 64' lang='lat' dir='ltr'><strong>Graecam</strong></span> <span class='ocrx_word' id='word_1_471' title='bbox 1227 1085 1373 1113; x_wconf 77' lang='lat' dir='ltr'><strong>translatus</strong></span> <span class='ocrx_word' id='word_1_472' title='bbox 1387 1086 1490 1120; x_wconf 79' lang='lat' dir='ltr'><strong>lingua.</strong></span> <span class='ocrx_word' id='word_1_473' title='bbox 1504 1087 1642 1114; x_wconf 82' lang='lat' dir='ltr'><strong>Asseritur</strong></span> <span class='ocrx_word' id='word_1_474' title='bbox 1654 1089 1727 1115; x_wconf 90' lang='lat' dir='ltr'><strong>enim</strong></span> 
     </span>
    </p>
   </div>
   <div class='ocr_carea' id='block_1_65' title="bbox 943 1130 1730 1167">
    <p class='ocr_par' dir='ltr' id='par_1_65' title="bbox 943 1130 1730 1167">
     <span class='ocr_line' id='line_1_65' title="bbox 943 1130 1730 1167; baseline 0.003 -10"><span class='ocrx_word' id='word_1_475' title='bbox 943 1130 970 1157; x_wconf 91' lang='lat' dir='ltr'><strong>id</strong></span> <span class='ocrx_word' id='word_1_476' title='bbox 987 1131 1087 1158; x_wconf 88' lang='lat' dir='ltr'><strong>factunt</strong></span> <span class='ocrx_word' id='word_1_477' title='bbox 1107 1131 1183 1166; x_wconf 81' lang='lat' dir='ltr'><strong>jussu</strong></span> <span class='ocrx_word' id='word_1_478' title='bbox 1196 1131 1284 1158; x_wconf 74' lang='lat' dir='ltr'><strong>Alexii</strong></span> <span class='ocrx_word' id='word_1_479' title='bbox 1299 1131 1444 1163; x_wconf 79' lang='lat' dir='ltr'><strong>Conmeni,</strong></span> <span class='ocrx_word' id='word_1_480' title='bbox 1457 1141 1538 1167; x_wconf 85' lang='lat' dir='ltr'><strong>quem</strong></span> <span class='ocrx_word' id='word_1_481' title='bbox 1555 1138 1662 1160; x_wconf 87' lang='lat' dir='ltr'><strong>constat</strong></span> <span class='ocrx_word' id='word_1_482' title='bbox 1679 1133 1730 1159; x_wconf 73' lang='lat' dir='ltr'><strong>im~</strong></span> 
     </span>
    </p>
   </div>
   <div class='ocr_carea' id='block_1_66' title="bbox 943 1178 1729 1211">
    <p class='ocr_par' dir='ltr' id='par_1_66' title="bbox 943 1178 1729 1211">
     <span class='ocr_line' id='line_1_66' title="bbox 943 1178 1729 1211; baseline 0.008 -8"><span class='ocrx_word' id='word_1_483' title='bbox 943 1178 1048 1211; x_wconf 89' lang='lat' dir='ltr'><strong>perintn</strong></span> <span class='ocrx_word' id='word_1_484' title='bbox 1068 1178 1207 1206; x_wconf 88' lang='lat' dir='ltr'><strong>Orientalc</strong></span> <span class='ocrx_word' id='word_1_485' title='bbox 1225 1180 1346 1206; x_wconf 82' lang='lat' dir='ltr'><strong>tenuisse</strong></span> <span class='ocrx_word' id='word_1_486' title='bbox 1357 1181 1391 1207; x_wconf 91' lang='lat' dir='ltr'><strong>ab</strong></span> <span class='ocrx_word' id='word_1_487' title='bbox 1407 1188 1478 1207; x_wconf 85' lang='lat' dir='ltr'><strong>anno</strong></span> <span class='ocrx_word' id='word_1_488' title='bbox 1492 1181 1593 1208; x_wconf 81' lang='lat' dir='ltr'><strong>Christi</strong></span> <span class='ocrx_word' id='word_1_489' title='bbox 1616 1182 1682 1209; x_wconf 63' lang='lat' dir='ltr'><strong>lost)</strong></span> <span class='ocrx_word' id='word_1_490' title='bbox 1695 1183 1729 1209; x_wconf 83' lang='lat' dir='ltr'><strong>ad</strong></span> 
     </span>
    </p>
   </div>
   <div class='ocr_carea' id='block_1_67' title="bbox 944 1223 1730 1264">
    <p class='ocr_par' dir='ltr' id='par_1_67' title="bbox 944 1223 1730 1264">
     <span class='ocr_line' id='line_1_67' title="bbox 944 1223 1730 1264; baseline 0.008 -14"><span class='ocrx_word' id='word_1_491' title='bbox 944 1223 1022 1251; x_wconf 83' lang='lat' dir='ltr'><strong>lll8.</strong></span> <span class='ocrx_word' id='word_1_492' title='bbox 1040 1224 1096 1251; x_wconf 88' lang='lat' dir='ltr'><strong>Nec</strong></span> <span class='ocrx_word' id='word_1_493' title='bbox 1115 1225 1247 1252; x_wconf 85' lang='lat' dir='ltr'><strong>abhorret</strong></span> <span class='ocrx_word' id='word_1_494' title='bbox 1274 1226 1309 1253; x_wconf 87' lang='lat' dir='ltr'><strong>ab</strong></span> <span class='ocrx_word' id='word_1_495' title='bbox 1326 1226 1377 1254; x_wconf 88' lang='lat' dir='ltr'><strong>bac</strong></span> <span class='ocrx_word' id='word_1_496' title='bbox 1398 1228 1577 1262; x_wconf 81' lang='lat' dir='ltr'><strong>cbronologia</strong></span> <span class='ocrx_word' id='word_1_497' title='bbox 1596 1234 1662 1255; x_wconf 76' lang='lat' dir='ltr'><strong>mtas</strong></span> <span class='ocrx_word' id='word_1_498' title='bbox 1681 1229 1730 1264; x_wconf 67' lang='lat' dir='ltr'><strong>Sy-</strong></span> 
     </span>
    </p>
   </div>
   <div class='ocr_carea' id='block_1_68' title="bbox 944 1270 1730 1307">
    <p class='ocr_par' dir='ltr' id='par_1_68' title="bbox 944 1270 1730 1307">
     <span class='ocr_line' id='line_1_68' title="bbox 944 1270 1730 1307; baseline 0.008 -11"><span class='ocrx_word' id='word_1_499' title='bbox 944 1271 1050 1297; x_wconf 87' lang='lat' dir='ltr'><strong>meonis</strong></span> <span class='ocrx_word' id='word_1_500' title='bbox 1070 1270 1158 1301; x_wconf 83' lang='lat' dir='ltr'><strong>Setbi.</strong></span> <span class='ocrx_word' id='word_1_501' title='bbox 1176 1272 1277 1307; x_wconf 89' lang='lat' dir='ltr'><strong>quippe</strong></span> <span class='ocrx_word' id='word_1_502' title='bbox 1292 1280 1373 1307; x_wconf 87' lang='lat' dir='ltr'><strong>quem</strong></span> <span class='ocrx_word' id='word_1_503' title='bbox 1391 1274 1530 1301; x_wconf 77' lang='lat' dir='ltr'><strong>illustri-ss.</strong></span> <span class='ocrx_word' id='word_1_504' title='bbox 1544 1274 1600 1301; x_wconf 89' lang='lat' dir='ltr'><strong>Leo</strong></span> <span class='ocrx_word' id='word_1_505' title='bbox 1613 1275 1730 1302; x_wconf 83' lang='lat' dir='ltr'><strong>Allatins</strong></span> 
     </span>
    </p>
   </div>
   <div class='ocr_carea' id='block_1_69' title="bbox 944 1315 1730 1355">
    <p class='ocr_par' dir='ltr' id='par_1_69' title="bbox 944 1315 1730 1355">
     <span class='ocr_line' id='line_1_69' title="bbox 944 1315 1730 1355; baseline 0.009 -13"><span class='ocrx_word' id='word_1_506' title='bbox 944 1315 1062 1343; x_wconf 88' lang='lat' dir='ltr'><strong>diatriba</strong></span> <span class='ocrx_word' id='word_1_507' title='bbox 1089 1317 1122 1344; x_wconf 89' lang='lat' dir='ltr'><strong>de</strong></span> <span class='ocrx_word' id='word_1_508' title='bbox 1148 1317 1306 1345; x_wconf 89' lang='lat' dir='ltr'><strong>Simeonnm</strong></span> <span class='ocrx_word' id='word_1_509' title='bbox 1333 1320 1454 1354; x_wconf 76' lang='lat' dir='ltr'><strong>scriptis,</strong></span> <span class='ocrx_word' id='word_1_510' title='bbox 1476 1328 1503 1355; x_wconf 90' lang='lat' dir='ltr'><strong>p.</strong></span> <span class='ocrx_word' id='word_1_511' title='bbox 1522 1321 1583 1351; x_wconf 81' lang='lat' dir='ltr'><strong>lSI.</strong></span> <span class='ocrx_word' id='word_1_512' title='bbox 1603 1321 1730 1349; x_wconf 52' lang='lat' dir='ltr'><strong>ﬂoruisse</strong></span> 
     </span>
    </p>
   </div>
   <div class='ocr_carea' id='block_1_70' title="bbox 946 1361 1729 1401">
    <p class='ocr_par' dir='ltr' id='par_1_70' title="bbox 946 1361 1729 1401">
     <span class='ocr_line' id='line_1_70' title="bbox 946 1361 1729 1401; baseline 0.008 -15"><span class='ocrx_word' id='word_1_513' title='bbox 946 1365 1062 1388; x_wconf 89' lang='lat' dir='ltr'><strong>testatur</strong></span> <span class='ocrx_word' id='word_1_514' title='bbox 1079 1361 1130 1389; x_wconf 92' lang='lat' dir='ltr'><strong>sub</strong></span> <span class='ocrx_word' id='word_1_515' title='bbox 1145 1362 1311 1397; x_wconf 85' lang='lat' dir='ltr'><strong>imperatore</strong></span> <span class='ocrx_word' id='word_1_516' title='bbox 1329 1364 1461 1392; x_wconf 80' lang='lat' dir='ltr'><strong>Michaele</strong></span> <span class='ocrx_word' id='word_1_517' title='bbox 1473 1366 1545 1392; x_wconf 87' lang='lat' dir='ltr'><strong>Duca</strong></span> <span class='ocrx_word' id='word_1_518' title='bbox 1559 1374 1566 1398; x_wconf 71' lang='grc' dir='ltr'>ς</span> <span class='ocrx_word' id='word_1_519' title='bbox 1583 1367 1663 1401; x_wconf 86' lang='lat' dir='ltr'><strong>cujus</strong></span> <span class='ocrx_word' id='word_1_520' title='bbox 1678 1367 1729 1393; x_wconf 85' lang='lat' dir='ltr'><strong>im-</strong></span> 
     </span>
    </p>
   </div>
   <div class='ocr_carea' id='block_1_71' title="bbox 945 1407 1730 1447">
    <p class='ocr_par' dir='ltr' id='par_1_71' title="bbox 945 1407 1730 1447">
     <span class='ocr_line' id='line_1_71' title="bbox 945 1407 1730 1447; baseline 0.009 -15"><span class='ocrx_word' id='word_1_521' title='bbox 945 1407 1051 1440; x_wconf 88' lang='lat' dir='ltr'><strong>perium</strong></span> <span class='ocrx_word' id='word_1_522' title='bbox 1068 1415 1129 1434; x_wconf 87' lang='lat' dir='ltr'><strong>cum</strong></span> <span class='ocrx_word' id='word_1_523' title='bbox 1145 1408 1179 1435; x_wconf 85' lang='lat' dir='ltr'><strong>ab</strong></span> <span class='ocrx_word' id='word_1_524' title='bbox 1199 1416 1271 1436; x_wconf 87' lang='lat' dir='ltr'><strong>anno</strong></span> <span class='ocrx_word' id='word_1_525' title='bbox 1295 1409 1396 1437; x_wconf 87' lang='lat' dir='ltr'><strong>Christi</strong></span> <span class='ocrx_word' id='word_1_526' title='bbox 1422 1411 1484 1437; x_wconf 87' lang='lat' dir='ltr'><strong>l07l</strong></span> <span class='ocrx_word' id='word_1_527' title='bbox 1504 1412 1536 1438; x_wconf 86' lang='lat' dir='ltr'><strong>ad</strong></span> <span class='ocrx_word' id='word_1_528' title='bbox 1553 1412 1621 1439; x_wconf 84' lang='lat' dir='ltr'><strong>l078</strong></span> <span class='ocrx_word' id='word_1_529' title='bbox 1643 1414 1730 1447; x_wconf 86' lang='lat' dir='ltr'><strong>perti-</strong></span> 
     </span>
    </p>
   </div>
   <div class='ocr_carea' id='block_1_72' title="bbox 946 1453 1730 1489">
    <p class='ocr_par' dir='ltr' id='par_1_72' title="bbox 946 1453 1730 1489">
     <span class='ocr_line' id='line_1_72' title="bbox 946 1453 1730 1489; baseline 0.009 -10"><span class='ocrx_word' id='word_1_530' title='bbox 946 1453 1048 1485; x_wconf 87' lang='lat' dir='ltr'><strong>nuerit,</strong></span> <span class='ocrx_word' id='word_1_531' title='bbox 1072 1454 1151 1481; x_wconf 81' lang='lat' dir='ltr'><strong>facile</strong></span> <span class='ocrx_word' id='word_1_532' title='bbox 1173 1456 1264 1489; x_wconf 89' lang='lat' dir='ltr'><strong>potuit</strong></span> <span class='ocrx_word' id='word_1_533' title='bbox 1289 1456 1414 1484; x_wconf 84' lang='lat' dir='ltr'><strong>ﬂorentis</strong></span> <span class='ocrx_word' id='word_1_534' title='bbox 1437 1462 1502 1484; x_wconf 87' lang='lat' dir='ltr'><strong>tunc</strong></span> <span class='ocrx_word' id='word_1_535' title='bbox 1517 1459 1605 1486; x_wconf 77' lang='lat' dir='ltr'><strong>:ctatis</strong></span> <span class='ocrx_word' id='word_1_536' title='bbox 1629 1459 1730 1486; x_wconf 84' lang='lat' dir='ltr'><strong>Sethus</strong></span> 
     </span>
    </p>
   </div>
   <div class='ocr_carea' id='block_1_73' title="bbox 946 1499 1731 1547">
    <p class='ocr_par' dir='ltr' id='par_1_73' title="bbox 946 1499 1731 1547">
     <span class='ocr_line' id='line_1_73' title="bbox 946 1499 1731 1547; baseline 0.009 -22"><span class='ocrx_word' id='word_1_537' title='bbox 946 1499 1028 1526; x_wconf 76' lang='lat' dir='ltr'><strong>vitam</strong></span> <span class='ocrx_word' id='word_1_538' title='bbox 1055 1499 1087 1526; x_wconf 88' lang='lat' dir='ltr'><strong>ad</strong></span> <span class='ocrx_word' id='word_1_539' title='bbox 1105 1501 1206 1528; x_wconf 84' lang='lat' dir='ltr'><strong>multos</strong></span> <span class='ocrx_word' id='word_1_540' title='bbox 1220 1501 1284 1528; x_wconf 87' lang='lat' dir='ltr'><strong>inde</strong></span> <span class='ocrx_word' id='word_1_541' title='bbox 1300 1509 1388 1529; x_wconf 84' lang='lat' dir='ltr'><strong>annos</strong></span> <span class='ocrx_word' id='word_1_542' title='bbox 1403 1511 1567 1538; x_wconf 82' lang='lat' dir='ltr'><strong>propagasse</strong></span> <span class='ocrx_word' id='word_1_543' title='bbox 1588 1509 1616 1531; x_wconf 87' lang='lat' dir='ltr'><strong>et</strong></span> <span class='ocrx_word' id='word_1_544' title='bbox 1628 1513 1731 1547; x_wconf 49' lang='lat' dir='ltr'><strong>‘consc-</strong></span> 
     </span>
    </p>
   </div>
   <div class='ocr_carea' id='block_1_74' title="bbox 946 1546 1587 1580">
    <p class='ocr_par' dir='ltr' id='par_1_74' title="bbox 946 1546 1587 1580">
     <span class='ocr_line' id='line_1_74' title="bbox 946 1546 1587 1580; baseline 0.008 -9"><span class='ocrx_word' id='word_1_545' title='bbox 946 1549 1063 1580; x_wconf 89' lang='lat' dir='ltr'><strong>quenter</strong></span> <span class='ocrx_word' id='word_1_546' title='bbox 1074 1546 1120 1573; x_wconf 91' lang='lat' dir='ltr'><strong>diu</strong></span> <span class='ocrx_word' id='word_1_547' title='bbox 1141 1547 1242 1574; x_wconf 82' lang='lat' dir='ltr'><strong>vixisse</strong></span> <span class='ocrx_word' id='word_1_548' title='bbox 1256 1548 1308 1574; x_wconf 87' lang='lat' dir='ltr'><strong>sub</strong></span> <span class='ocrx_word' id='word_1_549' title='bbox 1323 1549 1417 1576; x_wconf 78' lang='lat' dir='ltr'><strong>Alexio</strong></span> <span class='ocrx_word' id='word_1_550' title='bbox 1435 1549 1587 1577; x_wconf 80' lang='lat' dir='ltr'><strong>Contueno.</strong></span> 
     </span>
    </p>
   </div>
   <div class='ocr_carea' id='block_1_75' title="bbox 984 1615 1732 1653">
    <p class='ocr_par' dir='ltr' id='par_1_75' title="bbox 984 1615 1732 1653">
     <span class='ocr_line' id='line_1_75' title="bbox 984 1615 1732 1653; baseline 0.012 -13"><span class='ocrx_word' id='word_1_551' title='bbox 984 1615 1205 1649; x_wconf 64' lang='grc' dir='ltr'><strong>Καῢωίλαρικηὶ</strong></span> <span class='ocrx_word' id='word_1_552' title='bbox 1225 1617 1314 1650; x_wconf 68' lang='grc' dir='ltr'><em>τιμαί,</em></span> <span class='ocrx_word' id='word_1_553' title='bbox 1330 1625 1355 1652; x_wconf 81' lang='lat' dir='ltr'><strong>p.</strong></span> <span class='ocrx_word' id='word_1_554' title='bbox 1374 1618 1435 1645; x_wconf 71' lang='grc'><strong>498.</strong></span> <span class='ocrx_word' id='word_1_555' title='bbox 1453 1618 1514 1653; x_wconf 75' lang='lat' dir='ltr'><strong>Agit</strong></span> <span class='ocrx_word' id='word_1_556' title='bbox 1535 1619 1568 1646; x_wconf 88' lang='lat' dir='ltr'><strong>de</strong></span> <span class='ocrx_word' id='word_1_557' title='bbox 1586 1620 1732 1649; x_wconf 58' lang='lat' dir='ltr'><strong>comitibuﬂ</strong></span> 
     </span>
    </p>
   </div>
   <div class='ocr_carea' id='block_1_76' title="bbox 948 1658 1734 1700">
    <p class='ocr_par' dir='ltr' id='par_1_76' title="bbox 948 1658 1734 1700">
     <span class='ocr_line' id='line_1_76' title="bbox 948 1658 1734 1700; baseline 0.009 -15"><span class='ocrx_word' id='word_1_558' title='bbox 948 1658 1101 1694; x_wconf 77' lang='lat' dir='ltr'><strong>Mpyrigerii</strong></span> <span class='ocrx_word' id='word_1_559' title='bbox 1114 1660 1234 1692; x_wconf 64' lang='lat' dir='ltr'><strong>Tentzae,</strong></span> <span class='ocrx_word' id='word_1_560' title='bbox 1253 1669 1369 1695; x_wconf 86' lang='lat' dir='ltr'><strong>quorum</strong></span> <span class='ocrx_word' id='word_1_561' title='bbox 1379 1663 1484 1697; x_wconf 84' lang='lat' dir='ltr'><strong>aliquos</strong></span> <span class='ocrx_word' id='word_1_562' title='bbox 1498 1664 1578 1691; x_wconf 84' lang='lat' dir='ltr'><strong>docet</strong></span> <span class='ocrx_word' id='word_1_563' title='bbox 1595 1665 1628 1691; x_wconf 86' lang='lat' dir='ltr'><strong>ab</strong></span> <span class='ocrx_word' id='word_1_564' title='bbox 1644 1665 1734 1700; x_wconf 73' lang='lat' dir='ltr'><strong>impe~</strong></span> 
     </span>
    </p>
   </div>
   <div class='ocr_carea' id='block_1_77' title="bbox 948 1707 1735 1741">
    <p class='ocr_par' dir='ltr' id='par_1_77' title="bbox 948 1707 1735 1741">
     <span class='ocr_line' id='line_1_77' title="bbox 948 1707 1735 1741; baseline 0.009 -10"><span class='ocrx_word' id='word_1_565' title='bbox 948 1710 1039 1732; x_wconf 84' lang='lat' dir='ltr'><strong>ratore</strong></span> <span class='ocrx_word' id='word_1_566' title='bbox 1055 1707 1231 1741; x_wconf 79' lang='lat' dir='ltr'><strong>equestribus</strong></span> <span class='ocrx_word' id='word_1_567' title='bbox 1246 1708 1330 1735; x_wconf 80' lang='lat' dir='ltr'><strong>fuisse</strong></span> <span class='ocrx_word' id='word_1_568' title='bbox 1348 1708 1502 1737; x_wconf 82' lang='lat' dir='ltr'><strong>honoribus</strong></span> <span class='ocrx_word' id='word_1_569' title='bbox 1513 1710 1637 1739; x_wconf 68' lang='lat' dir='ltr'><strong>allectos.</strong></span> <span class='ocrx_word' id='word_1_570' title='bbox 1652 1711 1735 1738; x_wconf 89' lang='lat' dir='ltr'><strong>lnlel-</strong></span> 
     </span>
    </p>
   </div>
   <div class='ocr_carea' id='block_1_78' title="bbox 948 1751 1736 1790">
    <p class='ocr_par' dir='ltr' id='par_1_78' title="bbox 948 1751 1736 1790">
     <span class='ocr_line' id='line_1_78' title="bbox 948 1751 1736 1790; baseline 0.004 -12"><span class='ocrx_word' id='word_1_571' title='bbox 948 1751 1018 1787; x_wconf 77' lang='lat' dir='ltr'><strong>ligit.</strong></span> <span class='ocrx_word' id='word_1_572' title='bbox 1050 1753 1159 1787; x_wconf 84' lang='lat' dir='ltr'><strong>opinor,</strong></span> <span class='ocrx_word' id='word_1_573' title='bbox 1174 1759 1329 1788; x_wconf 80' lang='lat' dir='ltr'><strong>equestrem</strong></span> <span class='ocrx_word' id='word_1_574' title='bbox 1355 1755 1437 1790; x_wconf 74' lang='lat'><strong>687</strong></span> <span class='ocrx_word' id='word_1_575' title='bbox 1463 1756 1622 1790; x_wconf 77' lang='lat' dir='ltr'><strong>dignitatem</strong></span> <span class='ocrx_word' id='word_1_576' title='bbox 1650 1758 1736 1785; x_wconf 67' lang='lat' dir='ltr'><strong>certis</strong></span> 
     </span>
    </p>
   </div>
   <div class='ocr_carea' id='block_1_79' title="bbox 949 1797 1736 1836">
    <p class='ocr_par' dir='ltr' id='par_1_79' title="bbox 949 1797 1736 1836">
     <span class='ocr_line' id='line_1_79' title="bbox 949 1797 1736 1836; baseline 0.008 -12"><span class='ocrx_word' id='word_1_577' title='bbox 949 1797 1075 1825; x_wconf 85' lang='lat' dir='ltr'><strong>formulis</strong></span> <span class='ocrx_word' id='word_1_578' title='bbox 1092 1805 1118 1826; x_wconf 93' lang='lat' dir='ltr'><strong>ct</strong></span> <span class='ocrx_word' id='word_1_579' title='bbox 1134 1800 1242 1834; x_wconf 70' lang='lat' dir='ltr'><strong>publica</strong></span> <span class='ocrx_word' id='word_1_580' title='bbox 1256 1801 1419 1828; x_wconf 62' lang='lat' dir='ltr'><strong>catrcmonia</strong></span> <span class='ocrx_word' id='word_1_581' title='bbox 1441 1801 1506 1836; x_wconf 85' lang='lat' dir='ltr'><strong>ipsis</strong></span> <span class='ocrx_word' id='word_1_582' title='bbox 1529 1802 1563 1829; x_wconf 90' lang='lat' dir='ltr'><strong>ab</strong></span> <span class='ocrx_word' id='word_1_583' title='bbox 1577 1803 1736 1830; x_wconf 80' lang='lat' dir='ltr'><strong>Andronico</strong></span> 
     </span>
    </p>
   </div>
   <div class='ocr_carea' id='block_1_80' title="bbox 948 1844 1734 1880">
    <p class='ocr_par' dir='ltr' id='par_1_80' title="bbox 948 1844 1734 1880">
     <span class='ocr_line' id='line_1_80' title="bbox 948 1844 1734 1880; baseline 0.006 -9"><span class='ocrx_word' id='word_1_584' title='bbox 948 1844 1071 1879; x_wconf 72' lang='lat' dir='ltr'><strong>Angusto</strong></span> <span class='ocrx_word' id='word_1_585' title='bbox 1088 1846 1237 1873; x_wconf 78' lang='lat' dir='ltr'><strong>honorifice</strong></span> <span class='ocrx_word' id='word_1_586' title='bbox 1254 1847 1391 1874; x_wconf 86' lang='lat' dir='ltr'><strong>collatam.</strong></span> <span class='ocrx_word' id='word_1_587' title='bbox 1405 1847 1482 1880; x_wconf 86' lang='lat' dir='ltr'><strong>Quod</strong></span> <span class='ocrx_word' id='word_1_588' title='bbox 1505 1848 1531 1874; x_wconf 93' lang='lat' dir='ltr'><strong>in</strong></span> <span class='ocrx_word' id='word_1_589' title='bbox 1548 1848 1671 1876; x_wconf 80' lang='lat' dir='ltr'><strong>historiis</strong></span> <span class='ocrx_word' id='word_1_590' title='bbox 1684 1851 1734 1876; x_wconf 73' lang='lat' dir='ltr'><strong>:ct&#39;i</strong></span> 
     </span>
    </p>
   </div>
   <div class='ocr_carea' id='block_1_81' title="bbox 949 1890 1735 1928">
    <p class='ocr_par' dir='ltr' id='par_1_81' title="bbox 949 1890 1735 1928">
     <span class='ocr_line' id='line_1_81' title="bbox 949 1890 1735 1928; baseline 0.006 -12"><span class='ocrx_word' id='word_1_591' title='bbox 949 1890 1087 1917; x_wconf 84' lang='lat' dir='ltr'><strong>citerioris</strong></span> <span class='ocrx_word' id='word_1_592' title='bbox 1102 1891 1199 1918; x_wconf 87' lang='lat' dir='ltr'><strong>crebro</strong></span> <span class='ocrx_word' id='word_1_593' title='bbox 1214 1891 1366 1919; x_wconf 85' lang='lat' dir='ltr'><strong>factitatum</strong></span> <span class='ocrx_word' id='word_1_594' title='bbox 1382 1901 1396 1918; x_wconf 91' lang='lat' dir='ltr'><strong>a</strong></span> <span class='ocrx_word' id='word_1_595' title='bbox 1410 1893 1520 1928; x_wconf 74' lang='lat' dir='ltr'><strong>regibus</strong></span> <span class='ocrx_word' id='word_1_596' title='bbox 1533 1893 1659 1928; x_wconf 73' lang='lat' dir='ltr'><strong>legimus.</strong></span> <span class='ocrx_word' id='word_1_597' title='bbox 1669 1899 1735 1928; x_wconf 79' lang='lat' dir='ltr'><strong>puta</strong></span> 
     </span>
    </p>
   </div>
   <div class='ocr_carea' id='block_1_82' title="bbox 949 1937 1736 1966">
    <p class='ocr_par' dir='ltr' id='par_1_82' title="bbox 949 1937 1736 1966">
     <span class='ocr_line' id='line_1_82' title="bbox 949 1937 1736 1966; baseline 0.006 -5"><span class='ocrx_word' id='word_1_598' title='bbox 949 1943 1011 1962; x_wconf 87' lang='lat' dir='ltr'><strong>cum</strong></span> <span class='ocrx_word' id='word_1_599' title='bbox 1030 1944 1110 1962; x_wconf 88' lang='lat' dir='ltr'><strong>tnanu</strong></span> <span class='ocrx_word' id='word_1_600' title='bbox 1131 1945 1180 1963; x_wconf 86' lang='lat' dir='ltr'><strong>sua</strong></span> <span class='ocrx_word' id='word_1_601' title='bbox 1204 1937 1319 1964; x_wconf 85' lang='lat' dir='ltr'><strong>calcaria</strong></span> <span class='ocrx_word' id='word_1_602' title='bbox 1349 1938 1488 1965; x_wconf 87' lang='lat' dir='ltr'><strong>nobilibus</strong></span> <span class='ocrx_word' id='word_1_603' title='bbox 1514 1939 1566 1965; x_wconf 90' lang='lat' dir='ltr'><strong>sibi</strong></span> <span class='ocrx_word' id='word_1_604' title='bbox 1584 1939 1676 1966; x_wconf 84' lang='lat' dir='ltr'><strong>charis</strong></span> <span class='ocrx_word' id='word_1_605' title='bbox 1695 1940 1736 1966; x_wconf 91' lang='lat' dir='ltr'><strong>in-</strong></span> 
     </span>
    </p>
   </div>
   <div class='ocr_carea' id='block_1_83' title="bbox 950 1981 1735 2019">
    <p class='ocr_par' dir='ltr' id='par_1_83' title="bbox 950 1981 1735 2019">
     <span class='ocr_line' id='line_1_83' title="bbox 950 1981 1735 2019; baseline 0.008 -13"><span class='ocrx_word' id='word_1_606' title='bbox 950 1981 1049 2011; x_wconf 77' lang='lat' dir='ltr'><strong>duunt.</strong></span> <span class='ocrx_word' id='word_1_607' title='bbox 1075 1986 1122 2008; x_wconf 88' lang='lat' dir='ltr'><strong>aut</strong></span> <span class='ocrx_word' id='word_1_608' title='bbox 1152 1987 1275 2016; x_wconf 74' lang='lat' dir='ltr'><strong>torquent</strong></span> <span class='ocrx_word' id='word_1_609' title='bbox 1303 1983 1328 2009; x_wconf 91' lang='lat' dir='ltr'><strong>in</strong></span> <span class='ocrx_word' id='word_1_610' title='bbox 1350 1983 1449 2010; x_wconf 90' lang='lat' dir='ltr'><strong>collum</strong></span> <span class='ocrx_word' id='word_1_611' title='bbox 1473 1984 1610 2019; x_wconf 86' lang='lat' dir='ltr'><strong>injiciunl,</strong></span> <span class='ocrx_word' id='word_1_612' title='bbox 1628 1984 1735 2019; x_wconf 83' lang='lat' dir='ltr'><strong>insigne</strong></span> 
     </span>
    </p>
   </div>
   <div class='ocr_carea' id='block_1_84' title="bbox 951 2026 1450 2063">
    <p class='ocr_par' dir='ltr' id='par_1_84' title="bbox 951 2026 1450 2063">
     <span class='ocr_line' id='line_1_84' title="bbox 951 2026 1450 2063; baseline 0.006 -11"><span class='ocrx_word' id='word_1_613' title='bbox 951 2026 1129 2053; x_wconf 85' lang='lat' dir='ltr'><strong>honorarium</strong></span> <span class='ocrx_word' id='word_1_614' title='bbox 1146 2027 1282 2061; x_wconf 82' lang='lat' dir='ltr'><strong>equestris</strong></span> <span class='ocrx_word' id='word_1_615' title='bbox 1300 2028 1450 2063; x_wconf 65' lang='lat' dir='ltr'><strong>dignitatis.</strong></span> 
     </span>
    </p>
   </div>
   <div class='ocr_carea' id='block_1_85' title="bbox 986 2093 1736 2131">
    <p class='ocr_par' dir='ltr' id='par_1_85' title="bbox 986 2093 1736 2131">
     <span class='ocr_line' id='line_1_85' title="bbox 986 2093 1736 2131; baseline 0.005 -11"><span class='ocrx_word' id='word_1_616' title='bbox 986 2093 1068 2127; x_wconf 78' lang='grc' dir='ltr'><em>Κάκη</em></span> <span class='ocrx_word' id='word_1_617' title='bbox 1097 2095 1145 2120; x_wconf 78' lang='grc' dir='ltr'><strong>καὶ</strong></span> <span class='ocrx_word' id='word_1_618' title='bbox 1172 2094 1270 2127; x_wconf 78' lang='grc' dir='ltr'><em>κάκην</em></span> <span class='ocrx_word' id='word_1_619' title='bbox 1287 2095 1435 2128; x_wconf 73' lang='grc' dir='ltr'><strong>ἐπιλύειν,</strong></span> <span class='ocrx_word' id='word_1_620' title='bbox 1459 2105 1486 2131; x_wconf 81' lang='lat' dir='ltr'><strong>p.</strong></span> <span class='ocrx_word' id='word_1_621' title='bbox 1506 2095 1567 2123; x_wconf 78' lang='lat' dir='ltr'><strong>l28.</strong></span> <span class='ocrx_word' id='word_1_622' title='bbox 1588 2097 1657 2131; x_wconf 73' lang='grc' dir='ltr'><strong>Μηδ*</strong></span> <span class='ocrx_word' id='word_1_623' title='bbox 1676 2099 1736 2124; x_wconf 76' lang='grc' dir='ltr'><strong>ἐπι-</strong></span> 
     </span>
    </p>
   </div>
   <div class='ocr_carea' id='block_1_86' title="bbox 950 2141 1738 2177">
    <p class='ocr_par' dir='ltr' id='par_1_86' title="bbox 950 2141 1738 2177">
     <span class='ocr_line' id='line_1_86' title="bbox 950 2141 1738 2177; baseline 0.005 -10"><span class='ocrx_word' id='word_1_624' title='bbox 950 2141 1024 2167; x_wconf 67' lang='grc' dir='ltr'><strong>ὶύεεν</strong></span> <span class='ocrx_word' id='word_1_625' title='bbox 1048 2142 1097 2175; x_wconf 80' lang='grc' dir='ltr'><strong>τὴν</strong></span> <span class='ocrx_word' id='word_1_626' title='bbox 1113 2143 1214 2174; x_wconf 71' lang='grc' dir='ltr'><strong>κάκην.</strong></span> <span class='ocrx_word' id='word_1_627' title='bbox 1234 2141 1270 2168; x_wconf 90' lang='lat' dir='ltr'><strong>lta</strong></span> <span class='ocrx_word' id='word_1_628' title='bbox 1286 2141 1372 2168; x_wconf 81' lang='lat' dir='ltr'><strong>codex</strong></span> <span class='ocrx_word' id='word_1_629' title='bbox 1388 2147 1504 2177; x_wconf 87' lang='lat' dir='ltr'><strong>utcrqtte</strong></span> <span class='ocrx_word' id='word_1_630' title='bbox 1522 2143 1688 2172; x_wconf 86' lang='lat' dir='ltr'><strong>Barberinus</strong></span> <span class='ocrx_word' id='word_1_631' title='bbox 1709 2149 1738 2171; x_wconf 79' lang='lat' dir='ltr'><strong>et</strong></span> 
     </span>
    </p>
   </div>
   <div class='ocr_carea' id='block_1_87' title="bbox 950 2187 1738 2221">
    <p class='ocr_par' dir='ltr' id='par_1_87' title="bbox 950 2187 1738 2221">
     <span class='ocr_line' id='line_1_87' title="bbox 950 2187 1738 2221; baseline 0.004 -7"><span class='ocrx_word' id='word_1_632' title='bbox 950 2187 1111 2219; x_wconf 84' lang='lat' dir='ltr'><strong>Allatianus,</strong></span> <span class='ocrx_word' id='word_1_633' title='bbox 1125 2195 1185 2221; x_wconf 79' lang='lat' dir='ltr'><strong>qua:</strong></span> <span class='ocrx_word' id='word_1_634' title='bbox 1204 2187 1351 2214; x_wconf 83' lang='lat' dir='ltr'><strong>Vaticanus</strong></span> <span class='ocrx_word' id='word_1_635' title='bbox 1371 2188 1483 2217; x_wconf 88' lang='lat' dir='ltr'><strong>omittit.</strong></span> <span class='ocrx_word' id='word_1_636' title='bbox 1501 2190 1530 2217; x_wconf 93' lang='lat' dir='ltr'><strong>ln</strong></span> <span class='ocrx_word' id='word_1_637' title='bbox 1544 2191 1595 2218; x_wconf 91' lang='lat' dir='ltr'><strong>hoc</strong></span> <span class='ocrx_word' id='word_1_638' title='bbox 1610 2191 1670 2217; x_wconf 88' lang='lat' dir='ltr'><strong>loco</strong></span> <span class='ocrx_word' id='word_1_639' title='bbox 1684 2198 1738 2217; x_wconf 88' lang='lat' dir='ltr'><strong>no-</strong></span> 
     </span>
    </p>
   </div>
   <div class='ocr_carea' id='block_1_88' title="bbox 106 2234 1738 2272">
    <p class='ocr_par' dir='ltr' id='par_1_88' title="bbox 106 2234 1738 2272">
     <span class='ocr_line' id='line_1_88' title="bbox 106 2234 1738 2272; baseline 0.001 -10"><span class='ocrx_word' id='word_1_640' title='bbox 106 2244 156 2263; x_wconf 78' lang='lat' dir='ltr'><strong>nus</strong></span> <span class='ocrx_word' id='word_1_641' title='bbox 182 2237 221 2262; x_wconf 92' lang='lat' dir='ltr'><strong>tui</strong></span> <span class='ocrx_word' id='word_1_642' title='bbox 246 2235 390 2270; x_wconf 78' lang='lat' dir='ltr'><strong>Symeonis</strong></span> <span class='ocrx_word' id='word_1_643' title='bbox 414 2235 492 2262; x_wconf 83' lang='lat' dir='ltr'><strong>Scth.</strong></span> <span class='ocrx_word' id='word_1_644' title='bbox 508 2235 593 2262; x_wconf 86' lang='lat' dir='ltr'><strong>Addit</strong></span> <span class='ocrx_word' id='word_1_645' title='bbox 612 2235 727 2261; x_wconf 80' lang='lat' dir='ltr'><strong>Texeira</strong></span> <span class='ocrx_word' id='word_1_646' title='bbox 748 2235 808 2270; x_wconf 75' lang='lat' dir='ltr'><strong>ejus</strong></span> <span class='ocrx_word' id='word_1_647' title='bbox 825 2235 897 2269; x_wconf 78' lang='lat' dir='ltr'><strong>regis</strong></span> <span class='ocrx_word' id='word_1_648' title='bbox 914 2244 935 2271; x_wconf 80' lang='grc' dir='ltr'>υ</span> <span class='ocrx_word' id='word_1_649' title='bbox 952 2236 1032 2261; x_wconf 86' lang='lat' dir='ltr'><strong>tanda</strong></span> <span class='ocrx_word' id='word_1_650' title='bbox 1048 2234 1199 2268; x_wconf 64' lang='lat' dir='ltr'><strong>priesertin)</strong></span> <span class='ocrx_word' id='word_1_651' title='bbox 1220 2241 1268 2261; x_wconf 78' lang='lat' dir='ltr'><strong>vox</strong></span> <span class='ocrx_word' id='word_1_652' title='bbox 1284 2234 1373 2269; x_wconf 76' lang='grc' dir='ltr'>κάκην</span> <span class='ocrx_word' id='word_1_653' title='bbox 1397 2243 1459 2262; x_wconf 93' lang='lat' dir='ltr'><strong>cum</strong></span> <span class='ocrx_word' id='word_1_654' title='bbox 1473 2243 1588 2264; x_wconf 87' lang='lat' dir='ltr'><strong>accentu</strong></span> <span class='ocrx_word' id='word_1_655' title='bbox 1603 2237 1630 2264; x_wconf 94' lang='lat' dir='ltr'><strong>in</strong></span> <span class='ocrx_word' id='word_1_656' title='bbox 1645 2237 1738 2272; x_wconf 82' lang='lat' dir='ltr'><strong>priore</strong></span> 
     </span>
    </p>
   </div>
   <div class='ocr_carea' id='block_1_89' title="bbox 107 2281 897 2317">
    <p class='ocr_par' dir='ltr' id='par_1_89' title="bbox 107 2281 897 2317">
     <span class='ocr_line' id='line_1_89' title="bbox 107 2281 897 2317; baseline -0.004 -7"><span class='ocrx_word' id='word_1_657' title='bbox 107 2288 234 2317; x_wconf 58' lang='lat' dir='ltr'><strong>tempore</strong></span> <span class='ocrx_word' id='word_1_658' title='bbox 253 2281 361 2308; x_wconf 86' lang='lat' dir='ltr'><strong>delatos</strong></span> <span class='ocrx_word' id='word_1_659' title='bbox 378 2290 410 2308; x_wconf 82' lang='lat' dir='ltr'><strong>ex</strong></span> <span class='ocrx_word' id='word_1_660' title='bbox 426 2282 503 2308; x_wconf 90' lang='lat' dir='ltr'><strong>India</strong></span> <span class='ocrx_word' id='word_1_661' title='bbox 525 2281 552 2308; x_wconf 84' lang='lat' dir='ltr'><strong>iit</strong></span> <span class='ocrx_word' id='word_1_662' title='bbox 565 2281 706 2308; x_wconf 79' lang='lat' dir='ltr'><strong>Persidem</strong></span> <span class='ocrx_word' id='word_1_663' title='bbox 724 2281 811 2308; x_wconf 87' lang='lat' dir='ltr'><strong>libros</strong></span> <span class='ocrx_word' id='word_1_664' title='bbox 827 2281 897 2307; x_wconf 83' lang='lat' dir='ltr'><strong>duos</strong></span> 
     </span>
    </p>
   </div>
   <div class='ocr_carea' id='block_1_90' title="bbox 105 2326 897 2362">
    <p class='ocr_par' dir='ltr' id='par_1_90' title="bbox 105 2326 897 2362">
     <span class='ocr_line' id='line_1_90' title="bbox 105 2326 897 2362; baseline -0.003 -8"><span class='ocrx_word' id='word_1_665' title='bbox 105 2327 328 2362; x_wconf 87' lang='lat' dir='ltr'><strong>philosopbieos,</strong></span> <span class='ocrx_word' id='word_1_666' title='bbox 342 2334 460 2361; x_wconf 87' lang='lat' dir='ltr'><strong>quorum</strong></span> <span class='ocrx_word' id='word_1_667' title='bbox 476 2326 523 2353; x_wconf 91' lang='lat' dir='ltr'><strong>uni</strong></span> <span class='ocrx_word' id='word_1_668' title='bbox 538 2334 638 2353; x_wconf 88' lang='lat' dir='ltr'><strong>nomen</strong></span> <span class='ocrx_word' id='word_1_669' title='bbox 656 2326 706 2353; x_wconf 86' lang='lat' dir='ltr'><strong>fuit</strong></span> <span class='ocrx_word' id='word_1_670' title='bbox 723 2326 836 2357; x_wconf 82' lang='lat' dir='ltr'><strong>Celilnli,</strong></span> <span class='ocrx_word' id='word_1_671' title='bbox 855 2326 897 2352; x_wconf 86' lang='lat' dir='ltr'><strong>al-</strong></span> 
     </span>
    </p>
   </div>
   <div class='ocr_carea' id='block_1_91' title="bbox 107 2372 896 2400">
    <p class='ocr_par' dir='ltr' id='par_1_91' title="bbox 107 2372 896 2400">
     <span class='ocr_line' id='line_1_91' title="bbox 107 2372 896 2400; baseline -0.001 0"><span class='ocrx_word' id='word_1_672' title='bbox 107 2375 159 2400; x_wconf 77' lang='lat' dir='ltr'><strong>teri</strong></span> <span class='ocrx_word' id='word_1_673' title='bbox 182 2373 365 2400; x_wconf 82' lang='lat' dir='ltr'><strong>Vuademana.</strong></span> <span class='ocrx_word' id='word_1_674' title='bbox 385 2372 474 2400; x_wconf 86' lang='lat' dir='ltr'><strong>Unum</strong></span> <span class='ocrx_word' id='word_1_675' title='bbox 489 2372 622 2399; x_wconf 89' lang='lat' dir='ltr'><strong>nimirum</strong></span> <span class='ocrx_word' id='word_1_676' title='bbox 640 2373 741 2399; x_wconf 90' lang='lat' dir='ltr'><strong>librum</strong></span> <span class='ocrx_word' id='word_1_677' title='bbox 757 2372 851 2399; x_wconf 88' lang='lat' dir='ltr'><strong>divisit</strong></span> <span class='ocrx_word' id='word_1_678' title='bbox 869 2373 896 2399; x_wconf 94' lang='lat' dir='ltr'><strong>in</strong></span> 
     </span>
    </p>
   </div>
   <div class='ocr_carea' id='block_1_92' title="bbox 53 2419 896 2455">
    <p class='ocr_par' dir='ltr' id='par_1_92' title="bbox 53 2419 896 2455">
     <span class='ocr_line' id='line_1_92' title="bbox 53 2419 896 2455; baseline -0.001 -8"><span class='ocrx_word' id='word_1_679' title='bbox 53 2420 60 2426; x_wconf 87' lang='lat'>&#39;</span> <span class='ocrx_word' id='word_1_680' title='bbox 105 2420 190 2451; x_wconf 81' lang='lat' dir='ltr'><strong>duos.</strong></span> <span class='ocrx_word' id='word_1_681' title='bbox 209 2427 260 2455; x_wconf 90' lang='lat' dir='ltr'><strong>pro</strong></span> <span class='ocrx_word' id='word_1_682' title='bbox 279 2419 390 2454; x_wconf 86' lang='lat' dir='ltr'><strong>duplice</strong></span> <span class='ocrx_word' id='word_1_683' title='bbox 405 2419 518 2446; x_wconf 77' lang='lat' dir='ltr'><strong>neruine</strong></span> <span class='ocrx_word' id='word_1_684' title='bbox 534 2420 650 2446; x_wconf 86' lang='lat' dir='ltr'><strong>duorunt</strong></span> <span class='ocrx_word' id='word_1_685' title='bbox 670 2420 896 2446; x_wconf 89' lang='lat' dir='ltr'><strong>interlocutorutn</strong></span> 
     </span>
    </p>
   </div>
   <div class='ocr_carea' id='block_1_93' title="bbox 106 2457 894 2501">
    <p class='ocr_par' dir='ltr' id='par_1_93' title="bbox 106 2457 894 2501">
     <span class='ocr_line' id='line_1_93' title="bbox 106 2457 894 2501; baseline -0.001 -9"><span class='ocrx_word' id='word_1_686' title='bbox 106 2467 206 2501; x_wconf 83' lang='lat' dir='ltr'><strong>primae</strong></span> <span class='ocrx_word' id='word_1_687' title='bbox 227 2465 443 2492; x_wconf 84' lang='lat' dir='ltr'><strong>dissertationis.</strong></span> <span class='ocrx_word' id='word_1_688' title='bbox 461 2457 522 2494; x_wconf 55' lang='grc' dir='ltr'><strong>ιώ)</strong></span> <span class='ocrx_word' id='word_1_689' title='bbox 547 2465 654 2496; x_wconf 75' lang='lat' dir='ltr'><strong>cclilah,</strong></span> <span class='ocrx_word' id='word_1_690' title='bbox 681 2466 752 2498; x_wconf 84' lang='lat' dir='ltr'><strong>apud</strong></span> <span class='ocrx_word' id='word_1_691' title='bbox 777 2465 894 2493; x_wconf 76' lang='lat' dir='ltr'><strong>Subind-</strong></span> 
     </span>
    </p>
   </div>
   <div class='ocr_carea' id='block_1_94' title="bbox 105 2510 899 2545">
    <p class='ocr_par' dir='ltr' id='par_1_94' title="bbox 105 2510 899 2545">
     <span class='ocr_line' id='line_1_94' title="bbox 105 2510 899 2545; baseline -0.003 -6"><span class='ocrx_word' id='word_1_692' title='bbox 105 2513 212 2542; x_wconf 79' lang='lat' dir='ltr'><strong>lerum,</strong></span> <span class='ocrx_word' id='word_1_693' title='bbox 238 2519 266 2545; x_wconf 87' lang='lat' dir='ltr'><strong>p.</strong></span> <span class='ocrx_word' id='word_1_694' title='bbox 287 2511 351 2542; x_wconf 79' lang='grc'><strong>861.</strong></span> <span class='ocrx_word' id='word_1_695' title='bbox 369 2510 504 2545; x_wconf 74' lang='lat' dir='ltr'><strong>significat</strong></span> <span class='ocrx_word' id='word_1_696' title='bbox 525 2511 640 2537; x_wconf 73' lang='lat' dir='ltr'><strong>Arabica</strong></span> <span class='ocrx_word' id='word_1_697' title='bbox 653 2519 760 2541; x_wconf 79' lang='lat' dir='ltr'><strong>corona.</strong></span> <span class='ocrx_word' id='word_1_698' title='bbox 778 2511 805 2537; x_wconf 92' lang='lat' dir='ltr'><strong>in</strong></span> <span class='ocrx_word' id='word_1_699' title='bbox 832 2518 899 2538; x_wconf 88' lang='lat' dir='ltr'><strong>voce</strong></span> 
     </span>
    </p>
   </div>
   <div class='ocr_carea' id='block_1_95' title="bbox 105 2555 898 2591">
    <p class='ocr_par' dir='ltr' id='par_1_95' title="bbox 105 2555 898 2591">
     <span class='ocr_line' id='line_1_95' title="bbox 105 2555 898 2591; baseline -0.001 -7"><span class='ocrx_word' id='word_1_700' title='bbox 105 2559 278 2584; x_wconf 78' lang='lat' dir='ltr'><strong>vuademana</strong></span> <span class='ocrx_word' id='word_1_701' title='bbox 307 2557 426 2591; x_wconf 88' lang='lat' dir='ltr'><strong>primum</strong></span> <span class='ocrx_word' id='word_1_702' title='bbox 451 2564 465 2582; x_wconf 84' lang='grc' dir='ltr'><strong>υ</strong></span> <span class='ocrx_word' id='word_1_703' title='bbox 488 2556 646 2590; x_wconf 87' lang='lat' dir='ltr'><strong>conjunctio</strong></span> <span class='ocrx_word' id='word_1_704' title='bbox 667 2562 708 2582; x_wconf 77' lang='lat' dir='ltr'><strong>est</strong></span> <span class='ocrx_word' id='word_1_705' title='bbox 729 2561 749 2585; x_wconf 80' lang='grc' dir='ltr'>Ὶ.</span> <span class='ocrx_word' id='word_1_706' title='bbox 774 2555 898 2583; x_wconf 87' lang='lat' dir='ltr'><strong>Secunda</strong></span> 
     </span>
    </p>
   </div>
   <div class='ocr_carea' id='block_1_96' title="bbox 105 2602 899 2639">
    <p class='ocr_par' dir='ltr' id='par_1_96' title="bbox 105 2602 899 2639">
     <span class='ocr_line' id='line_1_96' title="bbox 105 2602 899 2639; baseline 0.001 -11"><span class='ocrx_word' id='word_1_707' title='bbox 105 2603 212 2639; x_wconf 77' lang='lat' dir='ltr'><strong>syllaba</strong></span> <span class='ocrx_word' id='word_1_708' title='bbox 229 2611 261 2629; x_wconf 87' lang='lat' dir='ltr'><strong>va</strong></span> <span class='ocrx_word' id='word_1_709' title='bbox 273 2608 315 2630; x_wconf 89' lang='lat' dir='ltr'><strong>est</strong></span> <span class='ocrx_word' id='word_1_710' title='bbox 331 2603 443 2629; x_wconf 83' lang='lat' dir='ltr'><strong>verbum</strong></span> <span class='ocrx_word' id='word_1_711' title='bbox 460 2607 497 2631; x_wconf 72' lang='grc' dir='ltr'><strong>ΝΞ</strong></span> <span class='ocrx_word' id='word_1_712' title='bbox 516 2610 557 2634; x_wconf 73' lang='lat' dir='ltr'><strong>ra.</strong></span> <span class='ocrx_word' id='word_1_713' title='bbox 573 2602 715 2636; x_wconf 76' lang='lat' dir='ltr'><strong>ingressus,</strong></span> <span class='ocrx_word' id='word_1_714' title='bbox 729 2602 769 2629; x_wconf 91' lang='lat' dir='ltr'><strong>vel</strong></span> <span class='ocrx_word' id='word_1_715' title='bbox 785 2603 849 2636; x_wconf 83' lang='lat' dir='ltr'><strong>qultl</strong></span> <span class='ocrx_word' id='word_1_716' title='bbox 866 2610 899 2629; x_wconf 76' lang='lat' dir='ltr'><strong>ex</strong></span> 
     </span>
    </p>
   </div>
   <div class='ocr_carea' id='block_1_97' title="bbox 106 2648 900 2683">
    <p class='ocr_par' dir='ltr' id='par_1_97' title="bbox 106 2648 900 2683">
     <span class='ocr_line' id='line_1_97' title="bbox 106 2648 900 2683; baseline -0.003 -7"><span class='ocrx_word' id='word_1_717' title='bbox 106 2657 142 2676; x_wconf 87' lang='lat' dir='ltr'><strong>eo</strong></span> <span class='ocrx_word' id='word_1_718' title='bbox 155 2649 324 2676; x_wconf 84' lang='lat' dir='ltr'><strong>derivatum.</strong></span> <span class='ocrx_word' id='word_1_719' title='bbox 341 2648 464 2682; x_wconf 74' lang='lat' dir='ltr'><strong>Reliqua:</strong></span> <span class='ocrx_word' id='word_1_720' title='bbox 479 2652 535 2675; x_wconf 88' lang='lat' dir='ltr'><strong>tres</strong></span> <span class='ocrx_word' id='word_1_721' title='bbox 551 2649 662 2683; x_wconf 76' lang='lat' dir='ltr'><strong>syllaba:</strong></span> <span class='ocrx_word' id='word_1_722' title='bbox 675 2649 789 2674; x_wconf 81' lang='lat' dir='ltr'><strong>demana</strong></span> <span class='ocrx_word' id='word_1_723' title='bbox 803 2649 900 2675; x_wconf 73' lang='lat' dir='ltr'><strong>viden-</strong></span> 
     </span>
    </p>
   </div>
   <div class='ocr_carea' id='block_1_98' title="bbox 109 2693 900 2726">
    <p class='ocr_par' dir='ltr' id='par_1_98' title="bbox 109 2693 900 2726">
     <span class='ocr_line' id='line_1_98' title="bbox 109 2693 900 2726; baseline -0.003 -4"><span class='ocrx_word' id='word_1_724' title='bbox 109 2700 157 2722; x_wconf 91' lang='lat' dir='ltr'><strong>tur</strong></span> <span class='ocrx_word' id='word_1_725' title='bbox 167 2702 228 2722; x_wconf 82' lang='lat' dir='ltr'><strong>esse</strong></span> <span class='ocrx_word' id='word_1_726' title='bbox 241 2702 256 2721; x_wconf 66' lang='grc' dir='ltr'><strong>δ</strong></span> <span class='ocrx_word' id='word_1_727' title='bbox 267 2699 328 2723; x_wconf 73' lang='lat' dir='ltr'><strong>nm</strong></span> <span class='ocrx_word' id='word_1_728' title='bbox 341 2694 432 2724; x_wconf 84' lang='lat' dir='ltr'><strong>dama.</strong></span> <span class='ocrx_word' id='word_1_729' title='bbox 445 2693 597 2720; x_wconf 74' lang='lat' dir='ltr'><strong>observavit.</strong></span> <span class='ocrx_word' id='word_1_730' title='bbox 610 2693 682 2720; x_wconf 87' lang='lat' dir='ltr'><strong>unde</strong></span> <span class='ocrx_word' id='word_1_731' title='bbox 694 2701 755 2720; x_wconf 90' lang='lat' dir='ltr'><strong>cum</strong></span> <span class='ocrx_word' id='word_1_732' title='bbox 772 2694 900 2726; x_wconf 85' lang='lat' dir='ltr'><strong>adiuncto</strong></span> 
     </span>
    </p>
   </div>
   <div class='ocr_carea' id='block_1_99' title="bbox 106 2739 899 2773">
    <p class='ocr_par' dir='ltr' id='par_1_99' title="bbox 106 2739 899 2773">
     <span class='ocr_line' id='line_1_99' title="bbox 106 2739 899 2773; baseline -0.001 -7"><span class='ocrx_word' id='word_1_733' title='bbox 106 2746 121 2769; x_wconf 70' lang='grc' dir='ltr'><strong>,ι</strong></span> <span class='ocrx_word' id='word_1_734' title='bbox 148 2740 212 2766; x_wconf 86' lang='lat' dir='ltr'><strong>Nun</strong></span> <span class='ocrx_word' id='word_1_735' title='bbox 236 2740 396 2766; x_wconf 82' lang='lat' dir='ltr'><strong>heemantico</strong></span> <span class='ocrx_word' id='word_1_736' title='bbox 414 2746 514 2765; x_wconf 88' lang='lat' dir='ltr'><strong>nomen</strong></span> <span class='ocrx_word' id='word_1_737' title='bbox 532 2739 666 2765; x_wconf 85' lang='lat' dir='ltr'><strong>formatur</strong></span> <span class='ocrx_word' id='word_1_738' title='bbox 681 2739 837 2773; x_wconf 80' lang='lat' dir='ltr'><strong>signiﬁcans</strong></span> <span class='ocrx_word' id='word_1_739' title='bbox 854 2739 899 2765; x_wconf 83' lang='lat' dir='ltr'><strong>ob-</strong></span> 
     </span>
    </p>
   </div>
   <div class='ocr_carea' id='block_1_100' title="bbox 107 2785 901 2821">
    <p class='ocr_par' dir='ltr' id='par_1_100' title="bbox 107 2785 901 2821">
     <span class='ocr_line' id='line_1_100' title="bbox 107 2785 901 2821; baseline -0.003 -7"><span class='ocrx_word' id='word_1_740' title='bbox 107 2792 269 2814; x_wconf 72' lang='lat' dir='ltr'><strong>aervatorem</strong></span> <span class='ocrx_word' id='word_1_741' title='bbox 282 2794 429 2820; x_wconf 71' lang='lat' dir='ltr'><strong>gressuum,</strong></span> <span class='ocrx_word' id='word_1_742' title='bbox 443 2785 590 2819; x_wconf 72' lang='grc' dir='ltr'><strong>ίχνηλάτην</strong></span> <span class='ocrx_word' id='word_1_743' title='bbox 603 2785 733 2812; x_wconf 73' lang='lat' dir='ltr'><strong>videlicet</strong></span> <span class='ocrx_word' id='word_1_744' title='bbox 747 2793 777 2812; x_wconf 88' lang='lat' dir='ltr'><strong>ac</strong></span> <span class='ocrx_word' id='word_1_745' title='bbox 787 2786 901 2821; x_wconf 75' lang='lat' dir='ltr'><strong>vestiga-</strong></span> 
     </span>
    </p>
   </div>
   <div class='ocr_carea' id='block_1_101' title="bbox 108 2831 900 2867">
    <p class='ocr_par' dir='ltr' id='par_1_101' title="bbox 108 2831 900 2867">
     <span class='ocr_line' id='line_1_101' title="bbox 108 2831 900 2867; baseline -0.003 -7"><span class='ocrx_word' id='word_1_746' title='bbox 108 2839 196 2860; x_wconf 80' lang='lat' dir='ltr'><strong>lorem</strong></span> <span class='ocrx_word' id='word_1_747' title='bbox 208 2838 297 2859; x_wconf 91' lang='lat' dir='ltr'><strong>tuum.</strong></span> <span class='ocrx_word' id='word_1_748' title='bbox 311 2832 429 2867; x_wconf 74' lang='lat' dir='ltr'><strong>Symeon</strong></span> <span class='ocrx_word' id='word_1_749' title='bbox 448 2831 512 2858; x_wconf 85' lang='lat' dir='ltr'><strong>Sctb</strong></span> <span class='ocrx_word' id='word_1_750' title='bbox 530 2831 659 2859; x_wconf 86' lang='lat' dir='ltr'><strong>aitiuitio</strong></span> <span class='ocrx_word' id='word_1_751' title='bbox 674 2832 753 2865; x_wconf 87' lang='lat' dir='ltr'><strong>printi</strong></span> <span class='ocrx_word' id='word_1_752' title='bbox 773 2831 900 2867; x_wconf 75' lang='lat' dir='ltr'><strong>Prolcgo-</strong></span> 
     </span>
    </p>
   </div>
   <div class='ocr_carea' id='block_1_102' title="bbox 109 2878 898 2908">
    <p class='ocr_par' dir='ltr' id='par_1_102' title="bbox 109 2878 898 2908">
     <span class='ocr_line' id='line_1_102' title="bbox 109 2878 898 2908; baseline -0.003 0"><span class='ocrx_word' id='word_1_753' title='bbox 109 2880 185 2908; x_wconf 78' lang='lat' dir='ltr'><strong>meni</strong></span> <span class='ocrx_word' id='word_1_754' title='bbox 207 2880 339 2908; x_wconf 74' lang='lat' dir='ltr'><strong>Chosroeu</strong></span> <span class='ocrx_word' id='word_1_755' title='bbox 359 2880 546 2906; x_wconf 79' lang='lat' dir='ltr'><strong>Annsuranum</strong></span> <span class='ocrx_word' id='word_1_756' title='bbox 569 2879 652 2906; x_wconf 76' lang='lat' dir='ltr'><strong>fuisse</strong></span> <span class='ocrx_word' id='word_1_757' title='bbox 673 2880 759 2906; x_wconf 77' lang='lat' dir='ltr'><strong>‘ilium</strong></span> <span class='ocrx_word' id='word_1_758' title='bbox 781 2878 898 2906; x_wconf 71' lang='lat' dir='ltr'><strong>Dacitlix.</strong></span> 
     </span>
    </p>
   </div>
   <div class='ocr_carea' id='block_1_103' title="bbox 297 2927 667 2958">
    <p class='ocr_par' dir='ltr' id='par_1_103' title="bbox 297 2927 667 2958">
     <span class='ocr_line' id='line_1_103' title="bbox 297 2927 667 2958; baseline 0 -1"><span class='ocrx_word' id='word_1_759' title='bbox 297 2929 433 2958; x_wconf 71' lang='lat' dir='ltr'><strong>l’n‘noc.</strong></span> <span class='ocrx_word' id='word_1_760' title='bbox 456 2928 512 2956; x_wconf 77' lang='lat' dir='ltr'><strong>Gn.</strong></span> <span class='ocrx_word' id='word_1_761' title='bbox 533 2927 667 2957; x_wconf 69' lang='lat' dir='ltr'><strong>CXLIV.</strong></span> 
     </span>
    </p>
   </div>
   <div class='ocr_carea' id='block_1_104' title="bbox 951 2280 1740 2318">
    <p class='ocr_par' dir='ltr' id='par_1_104' title="bbox 951 2280 1740 2318">
     <span class='ocr_line' id='line_1_104' title="bbox 951 2280 1740 2318; baseline 0.004 -12"><span class='ocrx_word' id='word_1_762' title='bbox 951 2281 1064 2315; x_wconf 76' lang='lat' dir='ltr'><strong>syllaba,</strong></span> <span class='ocrx_word' id='word_1_763' title='bbox 1075 2280 1154 2314; x_wconf 77' lang='lat' dir='ltr'><strong>longe</strong></span> <span class='ocrx_word' id='word_1_764' title='bbox 1169 2280 1231 2307; x_wconf 85' lang='lat' dir='ltr'><strong>ideo</strong></span> <span class='ocrx_word' id='word_1_765' title='bbox 1245 2281 1352 2308; x_wconf 81' lang='lat' dir='ltr'><strong>diversa</strong></span> <span class='ocrx_word' id='word_1_766' title='bbox 1368 2289 1382 2307; x_wconf 91' lang='lat' dir='ltr'><strong>a</strong></span> <span class='ocrx_word' id='word_1_767' title='bbox 1397 2281 1530 2309; x_wconf 84' lang='lat' dir='ltr'><strong>feminino</strong></span> <span class='ocrx_word' id='word_1_768' title='bbox 1546 2282 1673 2318; x_wconf 83' lang='lat' dir='ltr'><strong>adjectivi</strong></span> <span class='ocrx_word' id='word_1_769' title='bbox 1691 2291 1740 2309; x_wconf 72' lang='grc' dir='ltr'><strong>κα-</strong></span> 
     </span>
    </p>
   </div>
   <div class='ocr_carea' id='block_1_105' title="bbox 951 2324 1740 2360">
    <p class='ocr_par' dir='ltr' id='par_1_105' title="bbox 951 2324 1740 2360">
     <span class='ocr_line' id='line_1_105' title="bbox 951 2324 1740 2360; baseline 0.005 -9"><span class='ocrx_word' id='word_1_770' title='bbox 951 2326 1008 2356; x_wconf 74' lang='grc' dir='ltr'><strong>κός,</strong></span> <span class='ocrx_word' id='word_1_771' title='bbox 1026 2324 1097 2360; x_wconf 88' lang='lat' dir='ltr'><strong>quod</strong></span> <span class='ocrx_word' id='word_1_772' title='bbox 1112 2333 1221 2359; x_wconf 86' lang='lat' dir='ltr'><strong>semper</strong></span> <span class='ocrx_word' id='word_1_773' title='bbox 1234 2326 1304 2360; x_wconf 60' lang='grc' dir='ltr'>κακή</span> <span class='ocrx_word' id='word_1_774' title='bbox 1322 2334 1383 2352; x_wconf 77' lang='lat' dir='ltr'><strong>eum</strong></span> <span class='ocrx_word' id='word_1_775' title='bbox 1397 2326 1471 2359; x_wconf 79' lang='lat' dir='ltr'><strong>gravi</strong></span> <span class='ocrx_word' id='word_1_776' title='bbox 1488 2326 1514 2353; x_wconf 94' lang='lat' dir='ltr'><strong>in</strong></span> <span class='ocrx_word' id='word_1_777' title='bbox 1528 2327 1623 2354; x_wconf 87' lang='lat' dir='ltr'><strong>ultima</strong></span> <span class='ocrx_word' id='word_1_778' title='bbox 1639 2327 1740 2354; x_wconf 89' lang='lat' dir='ltr'><strong>scribi-</strong></span> 
     </span>
    </p>
   </div>
   <div class='ocr_carea' id='block_1_106' title="bbox 953 2372 1740 2407">
    <p class='ocr_par' dir='ltr' id='par_1_106' title="bbox 953 2372 1740 2407">
     <span class='ocr_line' id='line_1_106' title="bbox 953 2372 1740 2407; baseline 0.001 -8"><span class='ocrx_word' id='word_1_779' title='bbox 953 2377 1006 2399; x_wconf 88' lang='lat' dir='ltr'><strong>tur.</strong></span> <span class='ocrx_word' id='word_1_780' title='bbox 1019 2372 1074 2399; x_wconf 86' lang='lat' dir='ltr'><strong>Nec</strong></span> <span class='ocrx_word' id='word_1_781' title='bbox 1090 2372 1210 2405; x_wconf 88' lang='lat' dir='ltr'><strong>antiquis</strong></span> <span class='ocrx_word' id='word_1_782' title='bbox 1226 2372 1317 2407; x_wconf 79' lang='lat' dir='ltr'><strong>ignota</strong></span> <span class='ocrx_word' id='word_1_783' title='bbox 1334 2377 1376 2399; x_wconf 86' lang='lat' dir='ltr'><strong>est</strong></span> <span class='ocrx_word' id='word_1_784' title='bbox 1392 2373 1450 2399; x_wconf 67' lang='lat' dir='ltr'><strong>haec</strong></span> <span class='ocrx_word' id='word_1_785' title='bbox 1465 2373 1632 2401; x_wconf 76' lang='lat' dir='ltr'><strong>differentia.</strong></span> <span class='ocrx_word' id='word_1_786' title='bbox 1651 2373 1740 2400; x_wconf 82' lang='lat' dir='ltr'><strong>Enar-</strong></span> 
     </span>
    </p>
   </div>
   <div class='ocr_carea' id='block_1_107' title="bbox 953 2418 1739 2452">
    <p class='ocr_par' dir='ltr' id='par_1_107' title="bbox 953 2418 1739 2452">
     <span class='ocr_line' id='line_1_107' title="bbox 953 2418 1739 2452; baseline 0.003 -8"><span class='ocrx_word' id='word_1_787' title='bbox 953 2424 994 2445; x_wconf 89' lang='lat' dir='ltr'><strong>rat</strong></span> <span class='ocrx_word' id='word_1_788' title='bbox 1006 2418 1157 2452; x_wconf 76' lang='lat' dir='ltr'><strong>Hesychius</strong></span> <span class='ocrx_word' id='word_1_789' title='bbox 1168 2418 1314 2452; x_wconf 88' lang='lat' dir='ltr'><strong>quemdam</strong></span> <span class='ocrx_word' id='word_1_790' title='bbox 1327 2419 1416 2445; x_wconf 87' lang='lat' dir='ltr'><strong>locum</strong></span> <span class='ocrx_word' id='word_1_791' title='bbox 1427 2419 1591 2446; x_wconf 84' lang='lat' dir='ltr'><strong>innominati</strong></span> <span class='ocrx_word' id='word_1_792' title='bbox 1605 2419 1739 2449; x_wconf 84' lang='lat' dir='ltr'><strong>auctoris.</strong></span> 
     </span>
    </p>
   </div>
   <div class='ocr_carea' id='block_1_108' title="bbox 954 2463 1740 2500">
    <p class='ocr_par' dir='ltr' id='par_1_108' title="bbox 954 2463 1740 2500">
     <span class='ocr_line' id='line_1_108' title="bbox 954 2463 1740 2500; baseline 0.001 -9"><span class='ocrx_word' id='word_1_793' title='bbox 954 2465 980 2491; x_wconf 95' lang='lat' dir='ltr'><strong>in</strong></span> <span class='ocrx_word' id='word_1_794' title='bbox 998 2471 1054 2499; x_wconf 91' lang='lat' dir='ltr'><strong>quo</strong></span> <span class='ocrx_word' id='word_1_795' title='bbox 1066 2463 1226 2491; x_wconf 79' lang='lat' dir='ltr'><strong>visebantur</strong></span> <span class='ocrx_word' id='word_1_796' title='bbox 1243 2464 1301 2491; x_wconf 68' lang='lat' dir='ltr'><strong>hmc</strong></span> <span class='ocrx_word' id='word_1_797' title='bbox 1316 2465 1397 2491; x_wconf 83' lang='lat' dir='ltr'><strong>verba</strong></span> <span class='ocrx_word' id='word_1_798' title='bbox 1413 2465 1462 2500; x_wconf 79' lang='grc' dir='ltr'><strong>τῆς</strong></span> <span class='ocrx_word' id='word_1_799' title='bbox 1478 2465 1552 2500; x_wconf 69' lang='grc' dir='ltr'><strong>ἐμῆς</strong></span> <span class='ocrx_word' id='word_1_800' title='bbox 1565 2465 1663 2499; x_wconf 77' lang='grc' dir='ltr'><strong>κάκης,</strong></span> <span class='ocrx_word' id='word_1_801' title='bbox 1678 2465 1740 2492; x_wconf 85' lang='lat' dir='ltr'><strong>voci</strong></span> 
     </span>
    </p>
   </div>
   <div class='ocr_carea' id='block_1_109' title="bbox 953 2510 1741 2546">
    <p class='ocr_par' dir='ltr' id='par_1_109' title="bbox 953 2510 1741 2546">
     <span class='ocr_line' id='line_1_109' title="bbox 953 2510 1741 2546; baseline 0.003 -10"><span class='ocrx_word' id='word_1_802' title='bbox 953 2510 1042 2544; x_wconf 75' lang='grc' dir='ltr'><strong>κάκης</strong></span> <span class='ocrx_word' id='word_1_803' title='bbox 1067 2514 1097 2536; x_wconf 84' lang='lat' dir='ltr'><strong>ut</strong></span> <span class='ocrx_word' id='word_1_804' title='bbox 1121 2517 1299 2546; x_wconf 78' lang='lat' dir='ltr'><strong>synonymam</strong></span> <span class='ocrx_word' id='word_1_805' title='bbox 1317 2510 1467 2546; x_wconf 84' lang='lat' dir='ltr'><strong>subjiciens</strong></span> <span class='ocrx_word' id='word_1_806' title='bbox 1478 2519 1572 2538; x_wconf 86' lang='lat' dir='ltr'><strong>vocem</strong></span> <span class='ocrx_word' id='word_1_807' title='bbox 1590 2511 1741 2543; x_wconf 73' lang='grc' dir='ltr'><strong>κακουκὶας</strong></span> 
     </span>
    </p>
   </div>
   <div class='ocr_carea' id='block_1_110' title="bbox 953 2557 1740 2593">
    <p class='ocr_par' dir='ltr' id='par_1_110' title="bbox 953 2557 1740 2593">
     <span class='ocr_line' id='line_1_110' title="bbox 953 2557 1740 2593; baseline 0 -9"><span class='ocrx_word' id='word_1_808' title='bbox 953 2557 1086 2591; x_wconf 87' lang='lat' dir='ltr'><strong>(rescribe</strong></span> <span class='ocrx_word' id='word_1_809' title='bbox 1109 2558 1281 2591; x_wconf 65' lang='grc' dir='ltr'><strong>κακουχίαις).</strong></span> <span class='ocrx_word' id='word_1_810' title='bbox 1296 2557 1458 2584; x_wconf 87' lang='lat' dir='ltr'><strong>Eustathius</strong></span> <span class='ocrx_word' id='word_1_811' title='bbox 1478 2564 1588 2593; x_wconf 85' lang='lat' dir='ltr'><strong>quoque</strong></span> <span class='ocrx_word' id='word_1_812' title='bbox 1602 2558 1740 2593; x_wconf 76' lang='grc' dir='ltr'><strong>παρεκδο-</strong></span> 
     </span>
    </p>
   </div>
   <div class='ocr_carea' id='block_1_111' title="bbox 953 2602 1742 2639">
    <p class='ocr_par' dir='ltr' id='par_1_111' title="bbox 953 2602 1742 2639">
     <span class='ocr_line' id='line_1_111' title="bbox 953 2602 1742 2639; baseline 0.001 -10"><span class='ocrx_word' id='word_1_813' title='bbox 953 2604 1012 2634; x_wconf 59' lang='lat' dir='ltr'><strong>iui;</strong></span> <span class='ocrx_word' id='word_1_814' title='bbox 1028 2603 1060 2630; x_wconf 88' lang='lat' dir='ltr'><strong>ad</strong></span> <span class='ocrx_word' id='word_1_815' title='bbox 1076 2602 1156 2629; x_wconf 80' lang='lat' dir='ltr'><strong>Iliad.</strong></span> <span class='ocrx_word' id='word_1_816' title='bbox 1172 2612 1197 2634; x_wconf 89' lang='grc' dir='ltr'><strong>ν,</strong></span> <span class='ocrx_word' id='word_1_817' title='bbox 1219 2603 1250 2630; x_wconf 73' lang='lat' dir='ltr'><strong>atl</strong></span> <span class='ocrx_word' id='word_1_818' title='bbox 1269 2603 1345 2629; x_wconf 89' lang='lat' dir='ltr'><strong>illum</strong></span> <span class='ocrx_word' id='word_1_819' title='bbox 1359 2611 1466 2630; x_wconf 76' lang='lat' dir='ltr'><strong>versant</strong></span> <span class='ocrx_word' id='word_1_820' title='bbox 1479 2604 1542 2636; x_wconf 66' lang='lat' dir='ltr'><strong>6M,</strong></span> <span class='ocrx_word' id='word_1_821' title='bbox 1559 2605 1610 2630; x_wconf 84' lang='grc' dir='ltr'>Ἦν</span> <span class='ocrx_word' id='word_1_822' title='bbox 1626 2605 1676 2639; x_wconf 73' lang='grc' dir='ltr'><strong>ἐμὲ</strong></span> <span class='ocrx_word' id='word_1_823' title='bbox 1691 2604 1742 2630; x_wconf 63' lang='grc' dir='ltr'><strong>λω-</strong></span> 
     </span>
    </p>
   </div>
   <div class='ocr_carea' id='block_1_112' title="bbox 954 2649 1744 2685">
    <p class='ocr_par' dir='ltr' id='par_1_112' title="bbox 954 2649 1744 2685">
     <span class='ocr_line' id='line_1_112' title="bbox 954 2649 1744 2685; baseline 0 -9"><span class='ocrx_word' id='word_1_824' title='bbox 954 2650 1084 2685; x_wconf 76' lang='grc' dir='ltr'><strong>ϐήσασθε,</strong></span> <span class='ocrx_word' id='word_1_825' title='bbox 1110 2650 1195 2676; x_wconf 75' lang='grc' dir='ltr'>κακαὶ</span> <span class='ocrx_word' id='word_1_826' title='bbox 1218 2649 1308 2681; x_wconf 77' lang='grc' dir='ltr'><strong>κύνες,</strong></span> <span class='ocrx_word' id='word_1_827' title='bbox 1334 2650 1459 2683; x_wconf 78' lang='lat' dir='ltr'><strong>agnoscit</strong></span> <span class='ocrx_word' id='word_1_828' title='bbox 1483 2650 1647 2678; x_wconf 86' lang='lat' dir='ltr'><strong>vocabulum</strong></span> <span class='ocrx_word' id='word_1_829' title='bbox 1670 2651 1744 2683; x_wconf 73' lang='grc' dir='ltr'>κάκη</span> 
     </span>
    </p>
   </div>
   <div class='ocr_carea' id='block_1_113' title="bbox 953 2696 1744 2732">
    <p class='ocr_par' dir='ltr' id='par_1_113' title="bbox 953 2696 1744 2732">
     <span class='ocr_line' id='line_1_113' title="bbox 953 2696 1744 2732; baseline -0.001 -10"><span class='ocrx_word' id='word_1_830' title='bbox 953 2697 1092 2723; x_wconf 85' lang='lat' dir='ltr'><strong>diversum</strong></span> <span class='ocrx_word' id='word_1_831' title='bbox 1108 2703 1122 2722; x_wconf 81' lang='lat' dir='ltr'><strong>a</strong></span> <span class='ocrx_word' id='word_1_832' title='bbox 1133 2696 1217 2729; x_wconf 79' lang='grc' dir='ltr'>κακή,</span> <span class='ocrx_word' id='word_1_833' title='bbox 1231 2697 1271 2723; x_wconf 87' lang='lat' dir='ltr'><strong>sic</strong></span> <span class='ocrx_word' id='word_1_834' title='bbox 1287 2696 1420 2723; x_wconf 83' lang='lat' dir='ltr'><strong>adnotans</strong></span> <span class='ocrx_word' id='word_1_835' title='bbox 1433 2704 1440 2722; x_wconf 91' lang='lat'><strong>:</strong></span> <span class='ocrx_word' id='word_1_836' title='bbox 1454 2696 1533 2732; x_wconf 84' lang='grc' dir='ltr'><strong>Κάκη</strong></span> <span class='ocrx_word' id='word_1_837' title='bbox 1547 2696 1601 2731; x_wconf 80' lang='grc' dir='ltr'><strong>γὰρ</strong></span> <span class='ocrx_word' id='word_1_838' title='bbox 1616 2697 1646 2722; x_wconf 64' lang='grc' dir='ltr'><strong>οὔ</strong></span> <span class='ocrx_word' id='word_1_839' title='bbox 1661 2697 1744 2730; x_wconf 70' lang='grc' dir='ltr'>μόνον</span> 
     </span>
    </p>
   </div>
   <div class='ocr_carea' id='block_1_114' title="bbox 954 2740 1742 2777">
    <p class='ocr_par' dir='ltr' id='par_1_114' title="bbox 954 2740 1742 2777">
     <span class='ocr_line' id='line_1_114' title="bbox 954 2740 1742 2777; baseline -0.005 -8"><span class='ocrx_word' id='word_1_840' title='bbox 954 2744 970 2777; x_wconf 79' lang='grc' dir='ltr'>ἠ</span> <span class='ocrx_word' id='word_1_841' title='bbox 992 2742 1089 2772; x_wconf 62' lang='grc' dir='ltr'>κακία,</span> <span class='ocrx_word' id='word_1_842' title='bbox 1101 2741 1171 2767; x_wconf 73' lang='grc' dir='ltr'>κατὰ</span> <span class='ocrx_word' id='word_1_843' title='bbox 1191 2742 1253 2772; x_wconf 76' lang='grc' dir='ltr'>τοὺς</span> <span class='ocrx_word' id='word_1_844' title='bbox 1267 2742 1330 2776; x_wconf 72' lang='grc' dir='ltr'>περὶ</span> <span class='ocrx_word' id='word_1_845' title='bbox 1350 2742 1491 2774; x_wconf 76' lang='grc' dir='ltr'><strong>Πλάτωνα,</strong></span> <span class='ocrx_word' id='word_1_846' title='bbox 1505 2741 1573 2768; x_wconf 68' lang='grc' dir='ltr'><strong>ἀλλὰ</strong></span> <span class='ocrx_word' id='word_1_847' title='bbox 1590 2742 1638 2766; x_wconf 70' lang='grc' dir='ltr'><strong>καὶ</strong></span> <span class='ocrx_word' id='word_1_848' title='bbox 1656 2741 1671 2774; x_wconf 81' lang='grc' dir='ltr'>ἡ</span> <span class='ocrx_word' id='word_1_849' title='bbox 1686 2740 1742 2765; x_wconf 70' lang='grc' dir='ltr'><strong>δει-</strong></span> 
     </span>
    </p>
   </div>
   <div class='ocr_carea' id='block_1_115' title="bbox 954 2786 1793 2822">
    <p class='ocr_par' dir='ltr' id='par_1_115' title="bbox 954 2786 1793 2822">
     <span class='ocr_line' id='line_1_115' title="bbox 954 2786 1793 2822; baseline -0.002 -7"><span class='ocrx_word' id='word_1_850' title='bbox 954 2789 1008 2815; x_wconf 70' lang='grc' dir='ltr'><strong>λίκ.</strong></span> <span class='ocrx_word' id='word_1_851' title='bbox 1025 2788 1146 2822; x_wconf 78' lang='lat' dir='ltr'><strong>Denique</strong></span> <span class='ocrx_word' id='word_1_852' title='bbox 1162 2787 1292 2822; x_wconf 89' lang='lat' dir='ltr'><strong>antiquus</strong></span> <span class='ocrx_word' id='word_1_853' title='bbox 1303 2788 1498 2822; x_wconf 74' lang='lat' dir='ltr'><strong>graitnnaticus</strong></span> <span class='ocrx_word' id='word_1_854' title='bbox 1510 2791 1606 2814; x_wconf 79' lang='lat' dir='ltr'><strong>auctor</strong></span> <span class='ocrx_word' id='word_1_855' title='bbox 1618 2786 1744 2821; x_wconf 86' lang='lat' dir='ltr'><strong>opusculi</strong></span> <span class='ocrx_word' id='word_1_856' title='bbox 1789 2814 1793 2819; x_wconf 69' lang='grc'><em>,</em></span> 
     </span>
    </p>
   </div>
   <div class='ocr_carea' id='block_1_116' title="bbox 955 2833 1749 2869">
    <p class='ocr_par' dir='ltr' id='par_1_116' title="bbox 955 2833 1749 2869">
     <span class='ocr_line' id='line_1_116' title="bbox 955 2833 1749 2869; baseline -0.004 -8"><span class='ocrx_word' id='word_1_857' title='bbox 955 2835 998 2862; x_wconf 86' lang='lat' dir='ltr'><strong>cui</strong></span> <span class='ocrx_word' id='word_1_858' title='bbox 1017 2834 1112 2861; x_wconf 84' lang='lat' dir='ltr'><strong>titulus</strong></span> <span class='ocrx_word' id='word_1_859' title='bbox 1127 2839 1187 2861; x_wconf 84' lang='lat' dir='ltr'><strong>est:</strong></span> <span class='ocrx_word' id='word_1_860' title='bbox 1203 2835 1283 2860; x_wconf 62' lang='grc' dir='ltr'><strong>Ὅσαι</strong></span> <span class='ocrx_word' id='word_1_861' title='bbox 1296 2833 1381 2865; x_wconf 75' lang='grc' dir='ltr'><strong>λέξεις</strong></span> <span class='ocrx_word' id='word_1_862' title='bbox 1396 2834 1463 2869; x_wconf 77' lang='grc' dir='ltr'>πρὸς</span> <span class='ocrx_word' id='word_1_863' title='bbox 1475 2833 1603 2866; x_wconf 59' lang='grc' dir='ltr'>διάφορον</span> <span class='ocrx_word' id='word_1_864' title='bbox 1616 2833 1749 2866; x_wconf 63' lang='grc' dir='ltr'><strong>σημαινό-</strong></span> 
     </span>
    </p>
   </div>
   <div class='ocr_carea' id='block_1_117' title="bbox 960 2879 1748 2916">
    <p class='ocr_par' dir='ltr' id='par_1_117' title="bbox 960 2879 1748 2916">
     <span class='ocr_line' id='line_1_117' title="bbox 960 2879 1748 2916; baseline 0.001 -9"><span class='ocrx_word' id='word_1_865' title='bbox 960 2890 1041 2916; x_wconf 71' lang='grc' dir='ltr'>μενον</span> <span class='ocrx_word' id='word_1_866' title='bbox 1055 2880 1185 2915; x_wconf 50' lang='grc' dir='ltr'><strong>διᾶξςθρον</strong></span> <span class='ocrx_word' id='word_1_867' title='bbox 1208 2881 1331 2915; x_wconf 73' lang='grc' dir='ltr'><strong>δέχονται</strong></span> <span class='ocrx_word' id='word_1_868' title='bbox 1347 2880 1435 2914; x_wconf 71' lang='grc' dir='ltr'>τόνον,</span> <span class='ocrx_word' id='word_1_869' title='bbox 1457 2880 1528 2906; x_wconf 87' lang='lat' dir='ltr'><strong>inter</strong></span> <span class='ocrx_word' id='word_1_870' title='bbox 1547 2879 1680 2906; x_wconf 75' lang='lat' dir='ltr'><strong>vocabula</strong></span> <span class='ocrx_word' id='word_1_871' title='bbox 1697 2886 1748 2915; x_wconf 86' lang='lat' dir='ltr'><strong>pro</strong></span> 
     </span>
    </p>
   </div>
   <div class='ocr_carea' id='block_1_118' title="bbox 1554 2925 1593 2956">
    <p class='ocr_par' dir='ltr' id='par_1_118' title="bbox 1554 2925 1593 2956">
     <span class='ocr_line' id='line_1_118' title="bbox 1554 2925 1593 2956; baseline 0.026 -1"><span class='ocrx_word' id='word_1_872' title='bbox 1554 2925 1593 2956; x_wconf 54' lang='lat'><strong>&#39;24</strong></span> 
     </span>
    </p>
   </div>
  </div>
