1954 3063
228 131 278 162 747

701 131 732 162 Ρ.
753 131 905 161 POSSINI
923 131 1248 164 OBSERVATlONUM
1271 134 1341 166 ΠΒ.
1368 134 1390 165 ῐ.

1808 137 1867 169 ’148

226 193 358 217 accentus
381 188 540 216 diversitate
569 187 751 224 signiﬁcatum
775 190 908 216 imitantia
920 196 1016 216 recen~
1032 193 1051 219 Α
1068 190 1150 217 nicleo
1170 193 1451 227 prwcralNicepliorus
1465 192 1608 224 Cliumnus.
1626 194 1731 228 sapiens
1746 199 1770 221 et
1785 204 1867 222 mir..-

226 239 268 262 set
293 235 378 269 κάκη,
400 234 563 261 vocabulum
593 233 665 261 aliud
695 241 796 260 sonans
824 241 906 267 quam
929 234 1013 266 κακή.

228 281 323 308 Restat
337 289 412 308 nunc
427 280 604 308 statuendum
619 287 702 315 quam
717 279 783 306 huic
798 280 858 306 voci
873 279 1016 306 notionem

225 329 279 356 hoc
307 328 368 355 loco
399 327 529 363 subjiciat
557 326 750 362 Pachymcres.
776 325 851 352 Alias
870 325 1014 352 observavi

225 375 346 409 pendere
374 374 450 401 illum
467 382 502 401 ex
519 373 665 409 llesyehio.
688 372 841 408 llesychius
866 376 969 403 autem,
984 376 1015 398 ut

228 421 309 448 modo
321 419 429 451 monui,
444 419 531 453 κάκην
545 426 592 453 per
605 417 754 452 κακουχίαν
767 417 890 451 exponit.
904 416 1016 443 Roscia-

228 475 289 495 mus
305 472 397 494 autem
416 467 480 493 licet
495 473 526 493 ex
542 465 637 492 eodem
657 463 791 499 llesychio
815 470 875 498 qua:
889 463 924 490 sit
942 462 1014 497 apud

229 514 317 549 ipsum
341 513 383 540 vis
406 512 489 548 hujus
514 510 650 539 vocabuli.
669 510 822 544 Κακουχία,
841 510 931 543 inquit
957 509 1014 542 ille,

228 559 367 591 ᾰσῡένεια,
379 558 506 593 ἀμέλεια,
521 556 718 592 ἀθεραπευσίαι.
734 556 782 582 Est
798 563 863 590 ergo
879 555 1015 591 llcsychio

228 605 362 641 κακουχὶα
378 613 434 632 non
449 604 580 640 quaelibet
600 602 756 635 infirmitas,
771 602 819 630 sed
838 601 962 629 incurata
987 605 1015 628 et

226 654 361 689 neglecta.
380 652 451 686 Quid
466 660 532 687 ergo
555 651 600 678 hic
618 650 670 678 sibi
685 651 781 678 volunt
803 649 959 684 Ephesinus
988 653 1014 675 et

225 700 378 736 Cyzicenus
390 698 523 734 episcopi,
536 703 682 733 negantes,
695 696 890 724 declarandum
900 702 959 723 esse
969 703 1014 722 or-

227 746 377 774 thodoxum
392 744 556 780 Gregorium
567 744 696 780 Cyprium
712 742 1013 778 priusquamjudicium

226 792 355 824 subierit,
367 794 394 818 et
405 798 487 818 secus
499 790 589 817 facere
610 789 733 816 dicentes
747 788 805 814 fore
825 787 949 813 ἐπιλύειν
965 786 1013 821 τὴν

225 839 325 873 κάκην,
351 837 452 865 solvere
478 837 586 871 plagam
616 833 790 862 incuralum?
815 833 883 866 Hoc,
903 833 1012 868 opinor,

224 885 342 912 volunt:
360 888 413 911 tam
430 890 574 918 perperam
598 881 625 909 id
651 885 744 908 actum
759 881 804 912 iri,
821 887 903 914 quam
916 879 1010 906 incon-

224 931 296 959 sulte
328 929 454 957 medicus
480 928 627 962 chirurgus
656 927 756 954 vulnus
777 926 863 952 altum
888 924 1012 951 nondum

223 976 355 1005 coalitum
367 980 414 1003 aut
431 974 560 1003 cicatrice
575 973 694 1001 obducta
707 976 884 1008 persanatum
896 970 1013 998 solveret

223 1024 318 1052 fasciis
332 1029 360 1051 et
376 1030 424 1057 pro
441 1023 521 1058 plane
533 1024 628 1049 curato
639 1020 790 1047 dimitteret
805 1026 836 1046 ac
854 1023 956 1045 temere
970 1019 1012 1052 ja-

222 1074 319 1098 ctaret.
353 1069 433 1097 Hunc
461 1075 572 1095 sensum
593 1066 741 1094 adstruunt
774 1064 835 1091 diue
859 1063 923 1094 illae,
944 1070 1012 1097 quas

223 1116 355 1145 continuo
384 1115 566 1150 subiungunt,
593 1110 781 1147 proverbiales
803 1109 846 1145 [1).
862 1108 924 1144 48η
945 1109 1011 1135 item

223 1161 388 1194 locutiones,
410 1160 476 1188 ἄλλα
499 1159 646 1189 motion-ai;
677 1157 744 1183 ἄλλα
766 1156 869 1191 βάζειν,
892 1154 947 1181 alia
972 1162 1014 1181 oc-

223 1208 354 1235 cultantes
384 1206 439 1233 alia
464 1206 574 1240 effutire,
592 1208 620 1230 et
636 1201 847 1236 οἰκονομοῦντας
874 1200 1011 1226 ἀνοικονό-

225 1262 310 1289 μητα,
324 1256 478 1281 excusanles
495 1249 693 1281 inexcusabilia,
712 1256 773 1283 qua:
797 1248 825 1274 in
843 1255 934 1282 parem
950 1254 1012 1273 scn-

222 1300 335 1328 tentiam
361 1299 441 1327 facile
467 1303 569 1326 coeunt
595 1304 644 1332 pro
668 1295 826 1323 conditione
857 1293 1011 1329 argumenti

222 1344 352 1381 subjecti.

255 1413 380 1448 Κάμπος
406 1410 601 1447 μαινομένου,
623 1417 650 1444 p.
676 1409 737 1436 5H.
757 1408 851 1443 Campi
879 1406 1006 1434 Latinum

221 1466 322 1486 nomen
347 1458 434 1486 Graeci
454 1457 625 1485 recentiores
644 1456 702 1483 suis
725 1455 825 1484 litteris
842 1453 937 1481 eadem
958 1459 1009 1479 no-

222 1504 296 1533 tione
320 1504 502 1538 scripserunt.
515 1501 646 1537 Exempla
662 1501 708 1528 (lat
726 1500 874 1528 Meursius.
891 1499 946 1526 Nec
958 1497 1010 1524 du-

220 1551 296 1579 bium
309 1549 419 1578 videtur
430 1549 496 1584 quin
508 1549 553 1576 hic
565 1548 598 1576 de
615 1555 712 1582 campo
726 1547 843 1582 quodam
855 1551 883 1573 et
896 1545 1008 1580 planitie

221 1602 329 1633 agatur,
346 1596 416 1624 forte
433 1595 567 1623 interiore
587 1593 684 1621 ditioni
703 1593 831 1620 Romana:
846 1597 873 1619 et
891 1592 1009 1619 distante

220 1651 235 1671 a
248 1643 347 1674 limite,
365 1650 451 1677 usque
467 1641 494 1668 in
509 1648 590 1676 quam
603 1646 693 1667 tamen
712 1639 826 1667 licenter
837 1640 1010 1665 excurrendo

220 1686 332 1714 barbari
349 1684 529 1721 penetrarint.
551 1684 618 1717 Quis
642 1684 752 1718 proprie
773 1683 817 1710 hic
838 1683 916 1710 locus
939 1683 1011 1710 inter

221 1733 375 1761 Orientales
387 1731 495 1767 imperii
504 1731 589 1766 688
598 1729 724 1765 regiones
736 1730 828 1762 fuerit,
846 1734 873 1756 et
885 1737 934 1756 cur
947 1737 1010 1764 μαι-

221 1779 335 1814 νομένου
354 1777 477 1813 κάμπας,
492 1777 602 1812 {urentis
622 1784 728 1809 campus
751 1775 917 1810 appellatus,
937 1783 1009 1802 tton-

222 1826 289 1852 dum
308 1824 411 1859 reperi.
438 1823 489 1850 etsi
515 1822 664 1858 repereritu
685 1822 712 1848 in
737 1822 806 1849 actis
835 1821 864 1849 S.
887 1822 1009 1849 Platonis

221 1870 357 1907 Ancyrani
385 1870 513 1905 martyris
544 1867 745 1904 elegantissime
767 1867 860 1895 Grzece
887 1868 1008 1902 scriptis,

221 1926 282 1953 quae
299 1925 382 1945 manu
408 1916 510 1951 scripta
530 1918 674 1942 servantur
695 1913 722 1941 in
744 1913 910 1941 bibliotheca
932 1914 1008 1941 Vali-

221 1973 301 1997 cana,
329 1965 414 1992 luisse
446 1970 532 1998 prope
561 1962 696 1998 Ancyram
728 1961 831 1992 locum,
861 1960 908 1996 qui
928 1961 1007 1996 Κάμ-

221 2021 272 2044 no;
288 2011 448 2040 vovabatur.
467 2009 494 2037 in
507 2016 561 2044 quo
574 2013 698 2036 sanctum
715 2008 774 2043 ejus
795 2008 924 2042 martyris
947 2015 1008 2035 cor-

221 2065 273 2094 pus
290 2065 305 2084 a
318 2055 482 2085 Christianis
505 2054 643 2090 sepultum
659 2058 713 2086 est,
739 2053 784 2080 ubi
805 2057 833 2080 et
859 2053 929 2080 idem
947 2061 1006 2080 am-

222 2108 317 2140 putato
347 2102 437 2138 capite
463 2100 625 2136 martyrium
660 2104 911 2126 consummaverat.
944 2098 1006 2126 llaec

220 2150 293 2178 enim
311 2149 367 2176 illic
379 2149 508 2184 leguntur
523 2155 532 2174 :
546 2146 583 2173 Τὸ
603 2145 631 2172 δὲ
643 2145 734 2180 τίμιον
752 2145 800 2171 καὶ
816 2145 894 2177 ἆγιον
913 2145 1007 2179 λείψα-

219 2205 264 2223 νον
281 2194 329 2222 τοῦ
345 2193 481 2230 μακαρίου
505 2192 659 2222 Πλάτωνος,
675 2189 801 2221 λαϐόντες
822 2190 846 2216 oi
872 2191 1004 2225 Χριστια-

220 2244 271 2276 vel,
294 2241 441 2269 κατέθεντο
459 2240 488 2266 ὲν
507 2237 548 2273 τῷ
564 2236 639 2271 αὺτῷ
653 2236 741 2270 τόπῳ,
757 2236 795 2270 τῷ
819 2236 1005 2271 ἐπιλεγομένῳ

220 2289 342 2324 Κάμπῳ.

246 2352 444 2381 Ἡιινικλεῐην.
462 2359 489 2386 p.
506 2350 566 2377 195.
583 2349 654 2383 Quid
670 2355 742 2378 esset
754 2350 918 2382 κανικλεῖον,
937 2359 1004 2378 nus-

213 2408 301 2436 quam
329 2399 396 2426 satis
412 2398 577 2432 explicatum
593 2397 721 2424 occurrit.
738 2396 843 2425 Vereor
863 2402 954 2424 autem
975 2402 1004 2424 ut

219 2445 321 2481 possint
339 2443 452 2472 credere
466 2443 589 2470 Pontano
605 2450 695 2471 arcem
719 2443 744 2469 id
760 2447 787 2470 et
803 2443 1002 2470 monasterium

219 2492 304 2519 fuisse
323 2489 562 2524 Constantinopoli
582 2489 676 2521 aienti,
695 2489 767 2516 notis
791 2489 824 2515 ad
845 2497 870 2516 c.
893 2490 938 2520 M,
956 2489 972 2516 l.
996 2497 1004 2516 ι

219 2538 342 2566 Ιιίδῑοτίιρ
356 2536 550 2569 Cantacuzeni,
565 2536 610 2563 ubi
636 2536 669 2562 de
692 2535 743 2563 hoc
767 2536 827 2570 ipso
847 2535 1005 2570 Nicephoro

218 2586 355 2615 Chuimto,
374 2591 455 2618 quem
470 2583 650 2618 Paehymeres
672 2581 717 2609 hic
738 2582 776 2608 ait
798 2582 919 2609 eaniclco
937 2590 1005 2616 prae—

220 2633 339 2667 positum
357 2630 442 2657 fuisse
458 2630 491 2657 ab
509 2630 643 2664 Augusto,
660 2636 798 2664 quemque
811 2628 887 2662 prius
898 2635 924 2662 p.
940 2628 1004 2659 itii,

219 2679 326 2705 dixerat
342 2685 374 2704 ex
392 2682 528 2712 quaestore
541 2680 664 2702 creatura
684 2674 718 2701 ab
733 2673 830 2700 eodem
847 2674 1002 2708 mysticum.

218 2724 428 2752 Cantacuzenus
451 2726 637 2750 consentanee
667 2724 763 2747 nostro
795 2719 852 2747 haec
879 2719 1000 2747 scribit:

219 2769 276 2796 Καὶ
287 2769 300 2794 ὁ
312 2769 358 2795 ἐπὶ
367 2767 413 2794 τοῦ
434 2766 590 2794 κεινικλείου
610 2765 768 2800 Nix-(197690;
782 2765 795 2790 ὀ
809 2764 944 2799 Χοῦμνοξ,
959 2773 1005 2790 co-

220 2816 270 2849 φδς
297 2815 366 2850 ἀνὴρ
395 2815 441 2841 καὶ
466 2813 616 2848 θαυμάσιος
645 2812 674 2837 ἐν
697 2812 838 2846 φρονήσει,
859 2811 959 2844 πολλῆς
976 2819 1003 2836 τε

219 2861 364 2888 amid.wa
378 2860 510 2895 βαδιλέως
523 2858 629 2890 εὐνοίας
644 2866 673 2884 τε
687 2858 734 2884 καὶ
750 2857 841 2893 τιμῆς.
853 2857 884 2885 Et
897 2858 942 2892 qui
958 2866 1002 2882 εα-

515 2956 531 2978 λ

1067 237 1214 270 prudentia:
1230 239 1280 270 uir,
1293 239 1319 265 in
1331 239 1423 273 primis
1435 240 1530 266 claurus
1550 241 1703 275 imperatori
1718 242 1865 276 magnique

1067 281 1099 308 ab
1118 290 1146 308 eo
1163 283 1277 309 habitus.
1294 283 1391 310 Arcem
1416 283 1500 311 fuisse
1525 283 1764 320 Constantinopoli
1782 285 1864 312 eani-

1067 327 1156 354 clcum
1173 334 1296 356 vocatam
1314 337 1368 356 non
1384 329 1495 357 memini
1510 330 1610 365 legere.
1625 329 1784 359 Monasterii
1799 332 1864 367 ejus

1067 373 1188 400 nominis
1203 374 1329 402 meminit
1345 375 1435 402 obiter
1451 375 1572 403 Zonaras
1587 376 1613 402 iu
1632 375 1727 403 Alexio
1741 375 1864 403 Corunc-

1067 426 1115 451 no,
1132 419 1198 446 dum
1218 420 1255 447 ait
1268 419 1424 448 Comnenos
1440 422 1541 449 fratres
1559 421 1626 449 urbe
1647 426 1727 456 capta
1744 422 1798 456 iam
1816 430 1863 448 se—

1066 472 1148 492 curos
1173 472 1302 492 evocasse
1319 471 1433 494 matrem
1455 472 1483 494 et
1507 467 1638 502 conjuch
1660 474 1676 494 e
1690 467 1862 494 monasterio

1066 509 1182 537 caniclei
1215 511 1242 537 in
1272 512 1419 545 palatium.
1437 513 1525 540 Verba
1542 514 1656 540 Zonara:
1678 516 1744 540 sunt
1763 522 1770 540 :
1788 514 1862 546 Ἤδη

1066 555 1088 581 δ’
1104 557 1132 582 ἐν
1146 557 1265 591 ἀσφαλεῖ
1279 558 1423 592 γεγονότες
1437 559 1461 584 oi
1473 558 1609 594 Κομνηνοὶ
1625 559 1672 585 καὶ
1685 558 1734 594 τὴν
1747 560 1858 593 μητέρι

1068 601 1143 636 σφῶν
1156 604 1202 628 καὶ
1219 603 1268 634 τὰς
1281 604 1456 637 ὁμευνέτιδας
1489 605 1521 631 ὲκ
1542 605 1592 639 τῆς
1608 605 1691 639 μονῆς
1711 604 1760 630 τοῦ
1781 613 1861 630 xxv:—

1067 649 1157 675 κλείου
1188 649 1255 683 πρὸς
1272 649 1305 676 τὰ
1324 649 1450 685 βασίλεια
1468 651 1686 684 μετεστείλαντο.
1707 650 1810 678 Tamen
1831 651 1858 677 id

1067 696 1276 727 monasterium.
1294 704 1350 731 quo
1367 696 1519 724 abstractas
1537 704 1552 724 e
1570 697 1671 732 templo
1687 696 1715 724 S.
1733 697 1857 732 Sophite,

1066 740 1094 767 in
1111 741 1185 775 quod
1197 741 1265 778 asyli
1276 743 1338 777 jure
1350 743 1540 778 confugerant,
1553 748 1691 770 matronas
1704 742 1858 770 Conmeno-

1066 794 1127 814 rum
1142 787 1299 816 Botaniates
1315 789 1501 822 transtulerat,
1519 794 1549 816 ut
1564 789 1636 816 idetn
1657 789 1779 816 Zonaras
1792 798 1856 817 mox

1065 833 1114 864 ait,
1137 833 1215 860 Anna
1241 833 1383 862 Conmena
1408 843 1466 862 rem
1495 834 1620 862 eamdem
1645 834 1769 862 referens
1793 835 1811 861 l.
1833 844 1854 866 t,

1065 887 1092 914 p.
1109 879 1156 911 54,
1169 885 1249 907 vocat
1263 880 1423 914 γυναικείαν
1442 881 1526 916 μρνὴν
1539 881 1593 907 τῷν
1609 881 1741 916 Πετρζων,
1761 881 1856 908 mulie-

1064 925 1109 952 bre
1134 926 1323 952 monasterium
1350 926 1513 958 Petriorum,
1548 926 1621 961 quod
1651 927 1740 954 et-ait
1769 927 1853 954 situm

1064 971 1149 999 fuisse
1164 979 1245 1006 prope
1257 971 1381 999 Ferreum
1397 972 1445 1007 τὴν
1459 972 1544 1006 ἀγχοῦ
1556 973 1607 1007 τῆς
1620 973 1735 1008 Σιδηρᾶς
1751 973 1854 999 διαχει-

1065 1018 1160 1053 μένην.
1176 1018 1308 1053 Suspicor
1324 1018 1476 1045 κανικλεῖον
1495 1018 1569 1045 aedes
1593 1018 1679 1046 fuisse
1709 1019 1736 1046 in
1752 1019 1855 1054 quibus

1063 1065 1276 1092 asscrvabantur
1295 1066 1437 1099 scriptura:
1462 1064 1589 1099 publicaa,
1606 1069 1634 1092 et
1659 1065 1706 1092 ubi
1723 1065 1854 1099 expedie-

1065 1111 1166 1138 bantur
1181 1104 1356 1145 imperatoria
1374 1109 1534 1145 diplomata,
1549 1110 1629 1145 quale
1645 1111 1738 1137 Roma:
1754 1110 1854 1138 visitur

1063 1157 1194 1191 palatium
1206 1157 1393 1190 caucellarizc;
1407 1157 1657 1191 monasteriumque
1669 1156 1734 1184 illud
1749 1156 1853 1184 Petrio-

1064 1210 1125 1229 rum
1154 1203 1263 1237 proprie
1287 1208 1413 1230 vocatum
1438 1210 1471 1229 ex
1494 1203 1554 1238 ejus
1569 1203 1667 1229 domus
1689 1202 1805 1238 publica!
1821 1210 1854 1230 ac

1064 1248 1214 1276 notissimae
1227 1249 1328 1276 vicinia
1346 1249 1494 1276 indicatum
1509 1254 1537 1275 et
1547 1249 1754 1276 denominatutn
1770 1256 1785 1275 a
1798 1248 1853 1275 Zo-

1063 1301 1129 1320 nara
1158 1294 1252 1325 fuisse,
1276 1294 1434 1328 praefectum
1458 1299 1550 1321 autem
1573 1294 1687 1321 caniclei
1711 1297 1851 1325 vocatum,

1063 1347 1145 1375 quem
1158 1340 1352 1367 cancellariutn
1367 1340 1494 1372 dicimus,
1510 1340 1554 1367 cui
1570 1344 1644 1367 esset
1661 1339 1788 1367 tabularii
1805 1347 1850 1366 re-

1062 1386 1099 1422 gii
1110 1387 1234 1414 custodia
1250 1391 1277 1414 et
1288 1386 1446 1414 chartarum
1459 1386 1696 1419 impcratoriarum
1710 1386 1851 1420 expeditio

1062 1434 1220 1465 commissa,
1237 1433 1358 1467 atnplutn
1381 1433 1437 1468 jam
1462 1437 1489 1459 et
1501 1432 1620 1460 celebris
1634 1433 1661 1459 in
1673 1433 1744 1460 aulis
1760 1433 1851 1459 omni-

1062 1479 1115 1506 bus
1138 1479 1293 1514 splendoris
1311 1478 1439 1506 ollieium.
1458 1479 1606 1507 Auctorem
1622 1479 1712 1506 habeo
1729 1479 1852 1506 ltadevi-

1023 1534 1044 1564 ο
1061 1534 1135 1558 cum,
1151 1526 1169 1552 l.
1188 1534 1195 1553 ι
1222 1525 1259 1552 De
1292 1526 1370 1560 gestis
1399 1524 1529 1552 Friderici
1554 1526 1732 1560 imperatoris,
1746 1533 1770 1552 c.
1790 1525 1825 1552 47
1841 1534 1848 1552 :

1065 1572 1145 1605 Unus,
1168 1572 1216 1605 ait,
1239 1572 1270 1598 de
1301 1573 1380 1598 servi»
1407 1571 1512 1607 palatii,
1543 1571 1689 1598 caniclinus
1718 1571 1850 1603 videlicet,

1060 1627 1138 1654 quem
1162 1627 1208 1646 nos
1236 1620 1427 1646 cancellarium
1454 1620 1541 1646 dicere
1558 1627 1706 1654 possumus.
1722 1618 1767 1646 Sic
1788 1619 1846 1650 illc,

1060 1665 1171 1696 melius,
1190 1664 1298 1699 opinor,
1313 1672 1394 1699 quam
1421 1663 1591 1696 Guntherus,
1610 1663 1656 1699 qui
1676 1663 1755 1690 metri
1775 1663 1847 1690 forte

1060 1710 1284 1738 commoditatem
1316 1711 1617 1743 sccutus,caniclinum
1646 1711 1848 1745 interpretatur

1059 1763 1165 1782 camera
1171 1757 1248 1782 rium.

1163 1836 1247 1871 689
1263 1836 1347 1864 Cra-ci
1362 1838 1523 1871 cognominis
1543 1845 1592 1864 usu

1112 1871 1160 1898 llic
1176 1873 1322 1899 cuniclinus
1339 1878 1408 1900 erat.
1427 1872 1508 1899 Nobis
1526 1873 1689 1900 camerarius
1703 1873 1772 1900 idem

1112 1907 1178 1933 Εοεε
1184 1912 1279 1942 potest.

1059 1984 1106 2013 Est
1115 1985 1142 2013 in
1157 1986 1252 2013 eadem
1264 1987 1401 2014 sententia
1417 1987 1602 2022 Spelmannus
1612 1988 1638 2015 in
1654 1988 1844 2024 Archazologo,

1059 2030 1144 2058 verbo
1171 2031 1355 2058 (.‘ancellarius
1382 2037 1410 2059 et
1437 2032 1603 2061 Caniclinus.
1632 2034 1746 2061 Videtur
1770 2035 1843 2062 idem

1057 2077 1219 2104 conﬁrmare
1237 2077 1358 2109 Nicetas,
1373 2079 1391 2105 l.
1407 2087 1438 2110 ιι.
1457 2079 1483 2105 in
1499 2079 1607 2111 Alexio,
1622 2079 1688 2106 dum
1702 2079 1736 2107 de
1749 2080 1845 2108 ofﬁcio

1057 2121 1176 2156 przefeeti
1193 2123 1316 2150 canicleo
1334 2122 1376 2158 [P.
1397 2122 1460 2158 485]
1479 2124 1593 2156 scribit,
1609 2125 1795 2152 existimatum
1816 2126 1844 2152 id

1057 2167 1141 2195 fuisse
1153 2176 1268 2196 summa:
1290 2169 1362 2203 apud
1383 2169 1578 2204 impcratoretn
1595 2176 1641 2198 aut
1659 2171 1709 2198 sub
1725 2171 1845 2206 impera-
1869 2171 1874 2176 '

1024 2211 1042 2236 Ι)
1058 2218 1117 2241 tore
1144 2216 1297 2248 potestatis.
1312 2215 1400 2243 Verba
1429 2217 1489 2252 ejus
1520 2223 1609 2244 sunt:
1638 2218 1719 2252 Παρὰ
1737 2218 1845 2251 βασιλεῖ

1056 2259 1185 2287 δύνασθαι
1207 2261 1241 2287 τὰ
1264 2261 1352 2287 πάντι
1377 2262 1501 2296 οἰόμενος
1525 2262 1554 2288 τὸ
1571 2263 1621 2296 μὲν
1638 2263 1685 2289 ἐπὶ
1704 2263 1750 2289 τοῦ
1766 2272 1845 2290 κανιο

1056 2306 1145 2333 κλείω
1171 2307 1308 2341 ὸφφεκιον.
1329 2307 1406 2340 Quod
1425 2308 1468 2334 cui
1485 2310 1571 2343 magis
1593 2316 1674 2342 quam
1697 2310 1798 2344 magni,
1813 2316 1843 2336 ut

1055 2360 1106 2379 nos
1135 2352 1284 2386 loquimur,
1308 2353 1463 2380 cancellarii
1487 2354 1579 2381 officio
1606 2356 1762 2387 conveniat,
1786 2364 1842 2383 non

1056 2398 1136 2425 video
1149 2407 1155 2424 :
1166 2398 1217 2426 hoc
1230 2398 1302 2425 enim
1315 2399 1360 2433 qui
1376 2405 1499 2432 excreat,
1508 2408 1585 2427 triens
1601 2401 1686 2427 veluti
1701 2406 1728 2428 et
1743 2409 1843 2428 manus

1054 2449 1097 2471 est
1112 2445 1253 2479 principis.
1270 2445 1450 2472 Κανικλείονα
1475 2454 1529 2473 uno
1552 2447 1696 2477 vocabulo.
1711 2449 1841 2474 eaniclco-

1056 2499 1124 2521 nem,
1140 2492 1191 2518 isto
1207 2491 1364 2526 fungentem
1384 2492 1544 2528 magistratu
1562 2494 1651 2520 virum
1673 2495 1841 2528 appellatum

1054 2537 1357 2572 afﬁrmatGrcgentius.
1367 2539 1458 2573 Agens
1473 2539 1546 2566 enim
1563 2539 1597 2567 de
1609 2540 1726 2573 quodam
1740 2540 1841 2572 Herba,

1056 2583 1171 2617 probato
1185 2588 1213 2610 et
1226 2583 1311 2610 charo
1336 2584 1506 2618 imperatori,
1522 2585 1567 2619 qui
1593 2588 1622 2611 et
1644 2585 1718 2611 hunc
1733 2593 1748 2611 e
1760 2593 1842 2612 sacro

1054 2630 1130 2656 fonte
1150 2634 1326 2664 susceperat,
1343 2631 1380 2656 ait
1396 2638 1460 2658 cum
1483 2638 1497 2657 a
1520 2631 1628 2658 favente
1649 2631 1701 2666 ipsi
1717 2631 1843 2666 Augusto

1054 2680 1211 2709 cooptatum
1237 2676 1263 2702 in
1287 2681 1414 2703 senatum
1446 2682 1473 2704 ct
1508 2677 1609 2703 factum
1636 2677 1841 2711 ὑπεκκλησίονα

1054 2719 1284 2754 Izypccclcsioucm,
1296 2720 1411 2754 quidem,
1425 2725 1452 2747 ut
1469 2721 1556 2751 addit.
1569 2721 1682 2748 Romani
1697 2724 1841 2756 patricium

1055 2771 1078 2792 et
1103 2766 1279 2793 canit-leonem
1318 2767 1465 2801 appellant.

1054 2812 1149 2839 τοῦτον
1171 2814 1312 2847 ἀπέφηνε.
1330 2813 1534 2848 ὑπεκκλησίονι
1561 2815 1642 2840 ac,th
1665 2817 1791 2848 ποιήσαις,
1811 2815 1842 2841 ὃν

1053 2859 1077 2884 ci
1098 2858 1226 2892 Ῥωμαῖοι
1250 2859 1393 2893 πατρίκιθν
1408 2861 1454 2886 καὶ
1465 2860 1635 2886 κανιχί.εέονα
1652 2869 1753 2896 7:90:11
1761 2862 1841 2896 agati—

1507 2768 1574 2794 Ἐνει
1603 2771 1652 2802 τῆς
1685 2769 1841 2803 συγκλήτῳ
