1954 3063
107 141 161 172 τις

800 135 941 167 GLOSSA
947 135 970 164 Β
978 135 987 164 ι
994 135 1048 164 UM
1054 159 1060 164 .

1692 132 1746 163 7ἱο

110 207 178 224 ’πμ
205 197 254 225 Ubi
281 196 371 224 obiter
389 195 524 223 habemus
550 202 605 221 non
629 197 813 221 memoratum
837 192 902 219 alibi
917 193 941 221 Α
958 192 1082 215 noverat.
1103 185 1209 214 Etenim
1229 185 1356 212 Sinarutn
1384 193 1448 214 rex.
1471 193 1552 220 quem
1575 184 1653 213 Katttt
1681 188 1746 215 vicit

108 246 290 280 magistratus
305 244 388 279 hujus
406 251 506 270 nomen
523 241 739 276 ὑπεκκλησιονα.
757 241 793 267 De
810 245 901 275 etyuto

108 292 239 319 vocabuli
265 291 357 325 hujus,
373 289 425 317 nisi
458 293 501 316 est
519 297 532 316 a
551 289 648 316 Latina
681 295 747 314 voce
776 286 899 317 macelli.

109 339 183 365 ttnde
210 337 401 364 crmccllurt'ttm
425 336 526 363 merito
552 336 740 371 Spelmannns
769 333 899 365 deducit,

109 386 247 411 rationem
269 383 385 418 originis
406 383 559 418 explicans,
577 381 695 416 amplius
718 380 899 416 quaerendum

109 436 189 465 puto.

144 479 249 511 Κὰνις,
264 487 290 514 p.
303 479 364 507 456.
382 480 420 506 De
436 486 503 506 voce
520 479 604 507 Κάνις
615 483 673 509 aut,
684 482 712 505 ut
728 477 792 504 alibi
807 481 902 504 noster

107 526 208 554 scribit
231 526 334 560 Κάνης,
358 526 413 552 dixi
436 526 561 560 quredatn
587 525 728 552 Glossario
751 523 849 558 priori.
866 523 901 550 lis

110 580 185 599 nunc
202 573 258 599 haec
271 572 360 598 habeo
374 578 434 605 quae
451 570 559 597 addam.
574 569 762 596 Animadverti
774 569 802 595 in
815 569 902 595 Chro-

109 620 172 645 nico
186 617 305 645 Arabico
319 617 526 652 Abulpltaragii.
538 616 610 643 unde
625 616 781 642 universam
792 614 900 649 imperii

108 664 300 691 Tocharorum
319 663 447 698 Mogulici
471 661 691 696 ehronologi-am,
717 667 854 696 quatenus
867 660 901 687 ad

106 711 335 746 Pachymeriante
371 709 494 736 historiae
525 708 736 735 illustrationem
770 707 900 742 pertinet,

109 757 227 783 inferius
240 756 313 783 libro
322 756 419 782 harum
433 755 651 782 Observationum
662 754 689 785 5,
699 760 724 780 c.
737 754 752 779 7
766 753 900 787 digeram,

108 802 306 834 animadverti,
333 802 458 836 inquam,
487 801 625 835 duplicem
650 800 677 827 in
695 807 746 826 ttsu
770 798 900 827 Orienta-

107 850 176 876 lium
200 849 322 883 gentiom
347 848 439 875 all'mis
455 847 517 874 soni
545 854 638 873 vocem
660 846 746 872 fuisse
766 852 901 879 supremae

108 895 288 922 indicativatn
317 893 471 929 potestatis,
495 900 612 927 quarunt
636 892 722 918 altera
746 890 902 919 communis

107 941 244 969 Tocharis
272 948 334 968 cum
362 939 649 967 Prassteiannensibus
674 943 702 966 et
726 937 901 968 Sinensibus,

107 989 163 1016 alia
187 987 387 1022 Mogulensium
415 987 467 1014 fuit
494 986 618 1021 propria.
644 985 732 1013 Voces
762 985 802 1012 ltre
837 989 903 1011 suttt

108 1034 185 1061 Chan
202 1038 229 1060 et
244 1031 335 1059 Kaan.
360 1033 456 1060 Priore
475 1032 625 1067 insignitus
653 1031 756 1066 legitur
772 1030 819 1064 qui
838 1030 903 1057 ulti-

108 1088 172 1108 mus
200 1081 225 1107 ei
248 1079 358 1114 pratfuit
389 1078 507 1114 imperio
528 1078 602 1113 quod
618 1077 773 1113 presbyteri
789 1077 904 1104 Joannis

107 1126 322 1161 appellabatur;
349 1133 382 1152 ex
401 1125 480 1160 cujus
502 1125 648 1152 eversione
674 1124 841 1159 Mogulieum
858 1132 904 1151 or-

109 1178 167 1199 tum
198 1177 249 1199 est.
282 1171 378 1198 Refert
407 1171 481 1197 enim
503 1171 723 1205 Abulpharagitts
749 1175 903 1197 extremum

107 1219 187 1245 illum
213 1217 346 1244 Joannem
367 1216 453 1243 fuiSse
471 1216 586 1250 proprio
603 1216 738 1242 vocabulo
755 1215 904 1250 Ling—Clum

107 1263 290 1298 appellatum.
311 1260 388 1288 Hune
415 1261 461 1296 qui
485 1261 589 1288 occidit
617 1261 734 1295 ejusque
759 1261 905 1295 occupavit

108 1309 211 1337 solium
242 1307 398 1335 Tamuiiuus
432 1307 551 1342 printutn
579 1307 688 1339 dictus,
712 1315 783 1333 novo
804 1307 904 1334 deinde

108 1355 219 1383 adscito
237 1355 330 1388 Cittyiz
347 1353 452 1380 nomini
476 1353 574 1380 Cltanis
599 1353 849 1380 nomenclationem
876 1359 905 1380 ut

109 1402 188 1437 regni
207 1402 328 1428 indicem
343 1400 463 1430 addidit.
477 1400 704 1427 Ginhiz-Chanes
716 1404 904 1433 nuncupatus.

109 1449 197 1483 llujus
215 1448 287 1475 ﬁlius
308 1452 335 1474 et
351 1447 438 1474 haeres
457 1446 533 1480 prius
551 1452 665 1473 vocatus
694 1445 784 1480 Oglai.
801 1445 905 1472 Kaanis

108 1496 137 1522 itt
166 1494 301 1529 auspiciis
327 1493 404 1528 regni
429 1493 605 1520 vocaltulum-
626 1492 748 1526 accepit.
777 1491 849 1526 quod
878 1496 906 1518 et

109 1542 218 1569 illustre
242 1540 364 1566 reddidit
387 1539 473 1573 gestis
489 1539 571 1565 rebus
588 1538 769 1572 victoriisque
783 1538 905 1564 t-lztrissi-
919 1546 940 1573 ο

110 1588 172 1615 mis.
189 1587 255 1614 Inde
272 1587 373 1614 factum
391 1591 457 1621 puto
474 1589 503 1612 ut
518 1584 631 1620 quidam
653 1585 713 1619 ejus
731 1589 903 1619 posterorum

111 1642 212 1661 nomen
234 1633 301 1660 illttd
331 1640 381 1667 pro
409 1631 487 1666 regni
508 1631 609 1666 insigni
635 1637 810 1666 usurparent.
839 1631 904 1657 Dico

109 1680 225 1715 quidam
246 1689 252 1706 :
283 1687 336 1706 non
360 1679 434 1707 enim
452 1685 566 1708 omnes,
582 1685 643 1704 cutn
669 1677 715 1711 qui
733 1677 820 1704 Kaani
841 1677 906 1704 huic

110 1728 162 1759 ipsi
191 1727 302 1761 ἀμέσως
330 1724 466 1752 successit
491 1725 552 1759 ejtts
577 1724 649 1750 filius
665 1723 824 1758 Cayucltus.
850 1730 903 1748 non

110 1773 227 1803 Kaanis,
244 1771 292 1798 sed
316 1771 416 1798 Chattis
433 1770 612 1805 appendicem
643 1770 668 1795 itt
684 1769 791 1803 imperii
811 1774 904 1796 notam

109 1820 218 1853 privato
236 1817 340 1844 nomini
353 1816 510 1851 adjunxerit
523 1815 605 1850 690
617 1820 732 1841 vocatus
745 1819 906 1841 constanter

106 1864 321 1900 Cayuch-chan.
346 1863 454 1890 Primus
471 1862 518 1896 qui
532 1861 662 1895 (layucho
685 1860 829 1887 decedenti
846 1860 903 1887 suf-

111 1910 200 1936 fectus
215 1913 268 1940 est,
287 1906 458 1934 Mnttkakaus
476 1913 530 1932 non
544 1905 642 1932 C/tattis
658 1903 706 1931 sed
726 1903 830 1930 Kaam's
844 1905 905 1938 epi-

111 1957 207 1983 theton
228 1954 335 1981 ascivit.
365 1951 520 1980 Munkakao
540 1955 650 1978 mortuo
668 1955 696 1976 et
712 1950 773 1985 ejus
795 1958 906 1977 ειη-ως.

110 2003 189 2027 sione
204 1999 310 2027 incerta
324 2003 438 2032 propter
455 1996 554 2023 Kublai
574 2001 602 2023 et
617 1995 748 2029 Aribuga:
774 1995 906 2022 candida-

111 2053 203 2074 torum
220 2045 327 2080 imperii
342 2053 390 2079 per
401 2043 591 2077 duodeviginti
608 2051 696 2070 annos
714 2042 784 2069 bella
801 2043 904 2076 civilia,

110 2093 218 2121 Ilulqcu
242 2093 327 2119 frater
351 2089 508 2123 itiunkakai,
529 2089 630 2116 missus
652 2089 756 2116 dudum
774 2089 807 2115 ab
826 2097 859 2116 eo
876 2094 906 2116 ut

111 2149 162 2175 pro
181 2148 210 2166 se
229 2143 360 2174 praeesset
386 2137 516 2165 Occiduis
538 2136 648 2170 imperii
679 2135 822 2166 tractibus,
840 2135 904 2167 etsi,

110 2192 253 2218 nunquam
279 2184 333 2210 tite
357 2183 446 2210 lectus
471 2187 519 2209 aut
536 2181 718 2215 inauguratus
741 2181 903 2215 imperator,

111 2231 186 2258 haud
211 2230 306 2257 obtine
323 2237 337 2256 e
364 2228 506 2255 videretur
531 2236 625 2255 verum
647 2229 693 2262 jus
711 2227 786 2262 regni
807 2227 899 2261 Mogtt-
921 2226 942 2252 Ι)

110 2277 241 2307 lensiutn,
261 2280 349 2302 tamen
365 2274 430 2309 quia
451 2274 485 2301 de
499 2274 572 2301 facto
589 2274 635 2300 taii
652 2278 789 2308 potestate
806 2273 905 2307 funge-

112 2325 204 2353 batur.
222 2323 256 2349 ab
278 2321 483 2356 Abulpltaragio
496 2320 646 2356 aliquando
669 2320 826 2355 appellatur
851 2319 906 2345 Ilu-

110 2369 173 2396 luru
202 2369 221 2395 il
247 2369 332 2395 Citati.
360 2367 416 2394 lloc
446 2375 511 2395 vero
537 2372 665 2399 tttorttto,
696 2366 743 2392 ubi
773 2364 904 2399 legitimis

111 2416 254 2449 suffragiis
280 2415 369 2450 gentis
387 2415 554 2442 coilocatum
575 2413 602 2440 in
619 2413 819 2447 Mogulensinm
836 2411 905 2438 solio

111 2462 235 2490 Abahatn
248 2461 350 2488 llulacu
368 2460 454 2488 filium
469 2460 695 2494 retulit,semper
712 2459 790 2486 illum
805 2457 905 2485 deinde

110 2508 239 2536 Aluum-tl
257 2509 332 2535 Clum
358 2506 480 2534 Abakam
505 2506 628 2534 Chanem
653 2506 789 2535 nominat.
806 2509 835 2531 ttt
851 2512 907 2531 etn-

111 2553 220 2590 piiasilll
239 2554 473 2589 αὑτοκρατορικῆς
500 2552 668 2580 monarchiaa
687 2552 714 2578 in
739 2559 807 2579 voce
831 2550 906 2578 Clum

112 2611 168 2630 non
199 2602 311 2628 dubiam
344 2604 484 2635 agnoscat.
511 2600 638 2627 Calain-tt
678 2598 793 2629 deinde,
823 2605 905 2632 quem

113 2650 297 2683 l’aehvmercs
311 2647 432 2674 celebrat
449 2646 605 2680 principum
624 2647 750 2671 veterum
767 2643 794 2670 itt
811 2642 907 2677 paucis

113 2695 265 2722 ἱιΙιι.‹.ινὶιιιιι
293 2693 471 2720 ambitiosunt
494 2691 697 2720 aemulatorem,
715 2689 794 2715 facile
815 2688 908 2715 cretii-

112 2742 202 2768 derint
221 2740 324 2767 [inanis
341 2737 456 2766 secundi
475 2746 531 2764 sine
547 2745 598 2772 gen
614 2736 636 2762 is
658 2736 738 2770 longe
760 2734 905 2762 clarissimi

114 2787 273 2814 tnnttztreha:
287 2792 440 2819 cognomen
460 2785 551 2818 potius
564 2787 674 2816 optasse
693 2790 775 2816 quam
798 2781 905 2810 Clum}.

112 2834 187 2867 quotl
208 2833 234 2858 in
256 2840 332 2866 rcges
357 2837 470 2865 quoque
484 2838 540 2857 sure
560 2828 650 2864 gentis
675 2835 730 2854 non
748 2826 907 2854 laudatissi-

113 2880 334 2914 n.os.vulgatum
350 2882 376 2905 σε
395 2877 424 2903 in
439 2877 502 2904 aliis
522 2877 634 2910 insuper
647 2875 755 2910 populis
773 2874 906 2900 usitatum

955 235 995 270 [Ρ.
1026 233 1087 268 486]
1113 239 1141 260 et
1164 233 1197 260 ad
1227 239 1322 259 necent
1350 233 1422 259 ultro
1442 232 1495 259 sibi
1520 233 1746 260 consciscetnlatu

953 281 1054 316 adegit,
1074 279 1244 307 Altutt-Cltatt
1261 281 1417 306 nominatus
1444 280 1571 306 traditur.
1597 280 1660 307 Ηωο
1682 288 1745 308 cum

954 328 990 354 ita
1008 329 1074 359 sint,
1093 327 1285 361 Pachymeres,
1303 326 1341 352 ttti
1360 331 1387 352 ct
1401 325 1477 352 ntulti
1505 326 1550 352 alii
1579 327 1743 360 scriptores.

953 382 986 400 ex
1004 373 1078 401 Clum
1091 380 1119 399 et
1132 374 1210 400 lt'aan
1223 372 1331 399 unicam
1349 372 1503 398 eontlarunt
1520 371 1742 406 appellationem.

953 421 1115 448 Tatarorum
1131 440 1138 452 ,
1161 424 1189 447 ut
1216 424 1313 454 putant
1329 440 1335 450 ,
1369 419 1535 454 peculiarem
1568 419 1742 454 principum,

953 475 1016 494 cum
1048 472 1139 494 tamen
1157 467 1203 496 sit.
1223 473 1286 493 meo
1310 465 1427 500 judicio,
1447 466 1625 493 verisimilius
1649 473 1743 493 vocem

953 513 1064 547 quidem
1095 513 1173 539 Kamt
1194 513 1337 547 propriam
1355 511 1445 546 gentis
1474 511 1615 547 lllogulica:
1642 512 1744 543 fuisse.

951 560 1028 587 Clum
1051 563 1144 586 autem
1161 559 1323 587 Sinensibus
1342 559 1439 586 saltem
1459 563 1486 584 et
1501 558 1747 586 Ptaestciannensi-

954 609 1015 638 Lus.
1035 607 1161 635 fortassis
1188 607 1271 634 etiam
1297 610 1326 633 et
1342 606 1405 633 aliis
1429 605 1570 632 interioris
1588 604 1658 632 Asia:
1681 612 1747 640 gen-

953 654 1021 681 t-iutn
1037 653 1161 690 dynastis
1176 653 1262 681 tribui
1280 658 1412 688 praiterea
1430 652 1517 680 fuisse
1533 651 1656 679 solitam.

990 723 1134 758 Κάραϐος,
1152 731 1179 758 ρ.
1202 722 1266 750 ριι.
1281 721 1435 758 Hesychius
1450 721 1573 756 κάραϐον
1586 729 1601 748 a
1618 703 1746 748 tiaccdo-

954 770 1100 797 ttibusdiei
1115 770 1154 796 ait
1169 769 1268 804 πύλην.
1290 768 1354 796 Hine
1370 769 1427 796 sola
1443 776 1457 796 e
1469 767 1564 796 ntultis
1577 767 1659 803 hujus
1672 767 1748 794 vocis

955 816 1117 843 notionibus
1142 816 1195 843 ltue
1220 817 1349 850 quadrat,
1363 815 1429 842 duttt
1447 823 1479 842 ea
1500 822 1550 849 pro
1567 819 1665 842 natura
1680 813 1746 840 sub-

919 863 1031 898 Bjectae
1051 864 1090 889 rei
1109 862 1279 896 sigttilicatos
1299 868 1428 896 putemus
1450 862 1542 889 exitus
1557 861 1667 896 paludis
1688 861 1747 888 sive

954 909 1064 936 canales
1079 909 1162 936 certis
1177 908 1245 936 locis
1260 909 1385 936 defossos
1395 914 1423 935 et
1443 908 1508 935 hinc
1522 907 1586 934 inde
1597 908 1680 943 tignis
1692 907 1747 934 alte

955 957 1015 984 lixis
1034 957 1157 983 munitos
1176 955 1211 983 ad
1234 963 1334 990 aquam
1357 954 1563 982 corrivandam.
1584 953 1687 981 llorum
1701 962 1747 981 ca-

955 1003 1010 1039 pita
1025 1003 1160 1030 exstantia
1175 1002 1312 1037 tignorum
1322 1001 1442 1036 primum
1458 1000 1613 1027 devinxisse
1627 999 1747 1026 invicem

955 1049 1056 1076 validis
1085 1047 1198 1075 funibus
1235 1047 1490 1082 Philanthropenus
1524 1047 1568 1073 hii:
1603 1049 1746 1075 narratur.

955 1095 1055 1122 deinde
1080 1094 1245 1122 instravisse
1277 1093 1444 1120 transversis
1469 1092 1580 1123 tabulis.
1608 1097 1665 1119 tum
1696 1091 1748 1118 hoc

956 1142 1037 1177 plano
1053 1149 1104 1176 pro
1129 1141 1215 1168 fundo
1233 1147 1297 1168 usus
1316 1140 1441 1167 turribus
1458 1139 1600 1171 tollendis,
1617 1148 1632 1167 e
1646 1139 1748 1174 quibus

955 1195 1046 1214 arceto
1061 1192 1243 1221 oppugnaret.
1263 1185 1321 1212 Non
1339 1193 1381 1212 tne
1399 1185 1501 1212 latebat
1519 1193 1582 1212 eum
1599 1185 1658 1212 lure
1677 1185 1748 1212 sori-

956 1234 1050 1260 berem
1070 1233 1191 1268 κάραὸον
1208 1239 1305 1259 navent
1320 1239 1429 1266 quoque
1445 1231 1615 1266 significare.
1631 1231 1699 1258 Nam
1720 1235 1748 1257 et

957 1279 1022 1306 alibi
1038 1279 1108 1306 hanc
1124 1283 1286 1311 usurpatam
1300 1286 1313 1304 a
1330 1277 1500 1313 Paebyntere
1518 1285 1613 1305 vocem
1630 1277 1670 1304 sic
1687 1284 1748 1304 sum

957 1325 1166 1358 interpretatus.
1182 1324 1249 1350 Ideo
1272 1328 1363 1350 tamen
1384 1324 1450 1350 mihi
1478 1323 1569 1350 minus
1596 1323 1750 1351 verisimile

957 1371 1045 1398 visum
1071 1375 1123 1402 est,
1138 1370 1163 1396 id
1184 1370 1348 1397 vocabufutn
1371 1371 1423 1397 isto
1436 1370 1498 1397 loco
1515 1378 1528 1396 a
1547 1375 1642 1397 nostro
1657 1369 1748 1397 histo-

958 1418 1014 1444 rico
1033 1417 1059 1444 in
1077 1417 1129 1444 hac
1152 1416 1257 1451 vulgari
1273 1417 1386 1444 notione
1400 1421 1574 1451 usurpatum,
1587 1417 1660 1452 quod
1673 1418 1750 1445 navi-

957 1464 1045 1494 culas.
1062 1463 1271 1498 quantumlibet
1296 1463 1368 1490 inter
1393 1471 1422 1489 se
1443 1463 1567 1495 vinctas,
1591 1463 1750 1491 innatantes

957 1515 1063 1544 stagno.
1075 1516 1171 1543 parum
1186 1508 1305 1535 solidum
1318 1508 1433 1534 fundum
1449 1509 1636 1535 existimarem
1647 1509 1750 1543 pnlior-

957 1555 1052 1582 cetieis
1081 1555 1216 1581 nzachinis
1244 1555 1424 1586 sustinendis,
1455 1559 1538 1589 prout
1563 1555 1667 1582 factum
1693 1555 1749 1583 illic

958 1606 1099 1627 narraturo
1126 1600 1218 1634 exigit.
1239 1600 1308 1632 Quia
1335 1607 1424 1627 tamen
1439 1600 1564 1634 exempla
1581 1607 1635 1627 non
1650 1601 1751 1628 desunt

960 1647 1094 1682 por-32w.
1114 1646 1262 1673 obsitliuttul
1274 1654 1316 1672 aut
1332 1647 1458 1679 turrium,
1476 1647 1705 1674 etmachinarutn
1724 1647 1750 1674 id

958 1701 1056 1727 genus,
1079 1692 1243 1725 ἐλεπᾶλεων,
1263 1693 1379 1720 navibus
1405 1692 1598 1727 intpositarum
1615 1693 1643 1719 in
1661 1700 1751 1728 oppu—

957 1738 1134 1774 gnationibus
1163 1738 1329 1765 litturalium
1355 1739 1484 1771 arcium;
1507 1738 1529 1766 si
1557 1739 1602 1765 cui
1630 1739 1752 1774 pruden-

958 1785 1021 1812 tiori
1049 1793 1092 1812 tne
1118 1785 1216 1812 lectori
1238 1785 1410 1820 pra-ferenda
1436 1785 1580 1814 videretur
1597 1785 1752 1820 simplicior

956 1832 1036 1868 691!-
1064 1837 1091 1859 et
1119 1833 1205 1867 magis
1229 1832 1311 1859 obvia
1328 1833 1379 1859 loci
1405 1833 1467 1866 ejus
1496 1832 1645 1867 expositio,
1667 1832 1752 1860 inter-

958 1878 1140 1912 pretationem
1161 1878 1234 1904 illam
1250 1886 1338 1904 meatn
1360 1878 1388 1904 itt
1407 1878 1481 1905 hunc
1500 1878 1612 1905 modum
1628 1879 1751 1906 relictam

959 1925 1004 1951 hic
1029 1924 1128 1951 habeat
1145 1933 1151 1951 :
1170 1932 1219 1958 pro
1238 1924 1316 1951 hisee
1342 1924 1445 1951 Grmcis
1468 1924 1645 1960 Pacbymeris
1658 1925 1752 1953 verbis

958 1979 1021 2005 pag.
1038 1970 1087 1997 (ΞΗ
1121 1979 1128 1996 :
1166 1969 1304 2005 Ἐπισχὼν
1324 1970 1387 2001 τοὺς
1413 1970 1463 2003 τῆς
1489 1969 1588 2005 λίμνης
1613 1971 1752 2004 καράϐους

959 2017 1050 2042 συνιᾱί
1080 2016 1196 2050 σχοίνοις
1207 2037 1213 2048 ,
1241 2017 1287 2042 καὶ
1302 2016 1368 2048 ξύλα
1388 2017 1505 2050 μέγιστα
1518 2017 1602 2048 ἐνιεὶς
1618 2017 1661 2043 ἐπ’
1679 2017 1752 2043 ἐκεί-

959 2073 1011 2089 νων
1032 2064 1268 2095 κατασκευάζεται
1286 2065 1424 2098 μόσυναςς
1446 2063 1503 2090 hrec
1524 2063 1550 2090 in
1571 2063 1670 2090 Latina
1691 2072 1752 2091 ver-

959 2109 1037 2136 sione
1046 2108 1250 2135 substituantur
1264 2117 1270 2135 :
1283 2109 1422 2142 Art-optas,
1432 2116 1491 2143 qua:
1499 2109 1525 2135 in
1536 2113 1631 2145 stagno
1641 2115 1753 2146 reperta:

957 2159 1030 2186 sunt,
1059 2155 1165 2190 cymba:
1189 2154 1293 2190 funibus
1316 2155 1442 2191 colligat;
1472 2161 1495 2182 et
1519 2155 1596 2191 lignis
1613 2164 1693 2191 super
1707 2165 1753 2184 ea:

959 2201 1100 2227 anttslratia
1133 2201 1268 2232 malimis,
1295 2205 1380 2228 turres
1405 2202 1431 2228 in
1450 2209 1479 2227 eo
1499 2201 1630 2234 tabulato,
1650 2208 1674 2229 et
1695 2211 1754 2230 ma-

957 2250 1048 2276 cltinas
1070 2251 1209 2276 rottstt-uit.
1230 2250 1321 2284 Atque
1344 2249 1414 2276 hanc
1431 2249 1549 2285 ingenue
1563 2250 1662 2281 fateor,
1678 2258 1753 2278 nunc

960 2294 1026 2321 mihi
1044 2294 1275 2321 verosimiliorent
1289 2293 1375 2321 videri
1392 2289 1558 2322 sententiam
1571 2304 1577 2328 ;
1594 2303 1628 2322 ex
1640 2302 1672 2323 eo
1684 2303 1754 2330 pra:-

957 2340 1054 2368 sertim
1080 2340 1155 2375 qttod
1181 2340 1366 2376 I’achymeres
1376 2341 1466 2368 statim
1491 2341 1587 2375 addat,
1602 2341 1636 2368 τὰ
1651 2341 1673 2369 δ’
1685 2341 1753 2368 ἄλλα

959 2387 1038 2413 πλοῖα
1052 2386 1211 2420 πληρώσας.
1226 2386 1279 2413 Ista
1303 2387 1377 2414 enim
1393 2386 1510 2413 aliarum
1525 2387 1633 2415 navium
1647 2387 1753 2415 mentio

959 2433 1027 2459 satis
1051 2432 1165 2462 indicat,
1193 2437 1305 2467 putasse
1330 2433 1433 2467 ipsum,
1452 2433 1591 2468 καράϐους
1628 2441 1751 2469 quoque,

959 2485 1027 2511 quos
1053 2477 1134 2512 paulo
1159 2481 1223 2505 ante
1241 2482 1494 2509 memoraverat,ex
1516 2479 1614 2506 eodem
1649 2479 1752 2507 πλοίων

959 2524 1017 2551 sive
1036 2524 1207 2558 navigiorum
1226 2531 1328 2559 genere
1351 2531 1421 2551 esse.

996 2591 1126 2624 Καρπός,
1152 2599 1178 2625 p.
1209 2591 1273 2618 HG.
1295 2592 1353 2619 Vox
1383 2591 1492 2627 καρπός
1518 2592 1563 2620 hic
1588 2593 1616 2619 in
1640 2592 1753 2619 notione

960 2637 1070 2672 qualem
1087 2638 1152 2664 alibi
1167 2638 1296 2673 nttspiant
1323 2639 1537 2666 observaveram
1557 2640 1679 2674 ponitur,
1693 2639 1752 2666 folii

961 2685 1087 2718 paginam
1107 2685 1250 2716 indicans,
1271 2685 1434 2720 metaphora
1461 2685 1592 2712 nimirum
1613 2685 1751 2719 populari.

960 2731 1033 2765 quali
1059 2731 1141 2765 vulgo
1168 2732 1194 2758 itt
1217 2732 1304 2759 Gallia
1331 2739 1430 2766 scapus
1445 2731 1548 2758 charta:
1564 2731 1657 2758 vocari
1684 2731 1754 2758 solet

963 2787 1013 2804 une
1030 2780 1103 2804 main
1123 2779 1155 2804 de
1183 2779 1287 2814 papier.
1302 2778 1350 2806 Est
1375 2778 1481 2812 καρπός
1496 2777 1626 2813 junctura
1647 2776 1756 2804 brachii

961 2833 1024 2851 cum
1042 2832 1135 2855 manu,
1154 2826 1255 2859 ἆρῦρςιν
1276 2826 1369 2860 χειρδς
1387 2824 1433 2850 καὶ
1448 2823 1603 2858 βραχίονος,
1619 2826 1649 2850 ut
1666 2821 1758 2857 loqui-

963 2876 1008 2898 tur
1032 2872 1205 2904 Ar‘stoteles,
1225 2879 1242 2898 tt
1261 2871 1298 2898 De
1316 2877 1386 2906 part.
1405 2871 1651 2905 attr‘mal.Apparet
1665 2874 1761 2897 tamen
