1954 3063
184 122 185 125 η
205 108 251 142 751

666 108 703 140 Ῥ.
723 109 873 140 POSSlNl
886 107 1215 139 'OBSERVATIONUM
1249 107 1322 138 LIB.
1339 107 1369 138 Ἰ.

1779 106 1842 136 ’ἵΓΞ

205 168 293 195 t'olam
320 172 405 200 ipsam
436 172 485 192 seu
512 164 628 200 palmam
659 170 686 193 ct
713 165 830 193 mediam
851 165 991 199 planitiem
1007 169 1029 196 Λ
1046 163 1186 190 Annniano
1215 162 1384 195 Marcellino,
1415 162 1434 190 l.
1453 170 1529 193 xvii.
1559 161 1595 189 sic
1619 161 1708 188 notari
1735 162 1770 188 ad
1787 160 1843 187 illa

200 220 333 240 concava:
348 219 447 238 manus
460 210 567 245 καρπόν
576 211 660 238 etiam
675 211 740 239 dici.
757 211 824 238 Nam
846 210 992 242 llomcrus,

204 259 285 286 Iliad.
318 257 341 285 σ”
359 259 475 286 choreas
501 257 662 285 describens
689 259 820 292 iuvenum
847 265 910 284 cum
939 257 995 283 vir-

198 305 318 340 ginibus
348 304 478 331 manibus
507 303 626 331 invicem
656 304 793 331 consertis
821 303 991 335 saltantium,

206 352 253 379 tali
287 350 398 378 videtur
427 349 582 385 signiﬁcatu
613 350 719 386 καρπόν
746 356 900 385 usurpare,
927 349 993 377 dum

205 398 318 425 scribit:

206 470 301 495 ’Ἑπτὶά
314 467 369 501 μὲν
383 468 477 501 ἠΐθεοι
497 467 547 494 καὶ
568 466 710 501 παρθένοι
730 466 922 500 ἀλφεσίϐοιαι

205 500 372 538 Ὡρκεῦάλτκ
385 504 532 537 ἀλλήλων
550 500 725 536 ἐπὶνκιιρπῷ
738 502 841 536 χεῖρας
857 501 992 536 ἔχοντες.

207 571 234 597 Si
251 571 324 597 enim
343 570 412 597 alter
425 570 451 597 in
467 569 582 597 alterius
593 576 679 605 carpo
692 577 803 596 manum
814 568 944 599 habebat.
963 573 994 596 ut

205 618 254 650 ait,
269 625 323 644 non
351 617 447 652 utique
473 616 579 644 brachii
592 616 752 651 juncturam
778 623 893 651 carpum
914 615 993 649 dicit,

205 664 252 690 sed
282 664 399 698 palmam
424 667 453 690 et
474 663 575 694 volam,
593 670 648 697 qua
668 662 754 689 teneri
771 666 798 689 et
813 662 909 697 stringi
924 662 994 689 solet

207 720 305 739 manus
334 719 363 738 se
390 711 509 737 invicem
535 709 662 737 saltando
695 709 876 736 trahentium.
905 708 995 736 Habet

205 763 296 785 autem
322 757 468 792 quamdam
485 756 603 791 speciem
620 755 688 783 vola:
708 760 828 783 extensae
842 755 951 790 pagina,
964 759 995 781 ut

206 804 416 831 lumlamcntum
434 800 624 830 translationis
635 807 691 828 non
704 800 788 831 desit.
805 801 913 828 usitatae
929 806 995 827 tunc

1045 210 1124 236 verba
1143 210 1193 236 mei
1219 209 1342 244 Procopii
1362 215 1369 234 :
1393 208 1521 236 Arsacem
1549 207 1576 234 in
1601 206 1846 235 castellumeobli-

1046 256 1138 283 vionis
1169 255 1291 288 detrudi,
1316 255 1400 282 verba
1427 254 1626 290 Thcophylacti
1652 253 1755 281 Simoc.
1775 260 1845 288 qua:

1048 310 1090 330 me
1106 302 1278 329 redditurum
1297 301 1412 336 promisi
1425 309 1521 336 supra,
1539 301 1583 328 hic
1596 301 1689 335 accipe
1703 307 1736 327 cx
1752 299 1772 326 l.
1795 307 1842 328 in.

1045 356 1070 375 c.
1091 348 1108 375 5
1123 357 1129 376 :
1147 348 1280 383 Φρῡύριον
1297 347 1474 383 (Γιλιγέρδων
1495 348 1581 382 ὄνομα.
1601 347 1687 381 αὐτῷ)
1704 346 1844 381 ἐνδοτέρω

1046 395 1096 429 ιτῆς
1112 395 1240 429 Μηδικῆς
1256 394 1431 430 ᾠκοδόμηται
1444 395 1473 420 ἒν
1491 394 1568 430 χώρᾳ
1589 393 1774 428 ἐπιλεγομένη
1794 389 1846 418 Βι-

1046 441 1141 473 ζακοῦ,
1160 441 1190 467 οὐ
1206 441 1301 477 πόρῥω
1316 441 1534 476 Βενδοσαϐεἰρων
1549 442 1599 475 τῆς
1613 441 1729 471 πόλεως.
1747 440 1843 475 Πρόσ-

1046 496 1104 513 εστι
1118 487 1147 513 δὲ
1163 487 1254 521 τούτῳ
1268 488 1314 513 καί
1331 496 1372 518 τις
1393 488 1501 522 εἱρκτὴ.
1517 487 1610 521 Λήθην
1627 486 1656 512 δὲ
1672 486 1844 521 ὀνομάζουσι

1045 534 1150 569 ταύτην
1174 535 1199 560 ol
1224 534 1367 569 βάρϐαροι.
1393 533 1462 561 Hinc
1489 540 1539 560 nos
1565 534 1674 560 videtur
1698 533 1843 560 abducere

1045 579 1208 607 Ammianus
1223 579 1409 609 Marcellinus.
1430 587 1492 606 cum
1510 578 1548 606 ait
1568 579 1697 606 Arsacem
1713 580 1844 605 extermi—

1045 630 1139 654 nalum
1162 627 1241 660 {uisse
1252 627 1279 653 in
1297 626 1436 652 castellum
1453 626 1591 660 Agabana.
1610 627 1643 652 At
1662 625 1716 652 hoc
1734 625 1841 660 ipsum.

1047 681 1106 701 mea
1128 673 1240 708 quidem
1261 673 1411 703 sententia.
1432 672 1507 699 illius
1534 676 1576 698 est
1598 671 1719 698 careeris
1736 679 1841 698 nomen

1046 727 1080 747 ex
1094 719 1205 746 duobus
1219 720 1348 746 coalitum
1362 727 1424 746 cum
1441 719 1571 745 articulo.
1589 718 1714 745 Proxime
1726 719 1759 745 ad
1782 719 1843 745 ori-

1047 766 1123 801 gines
1154 766 1267 793 accedet
1291 766 1339 800 qui
1364 767 1400 793 ita
1425 765 1581 800 scripserit,
1600 765 1775 800 [lugebo-nu:
1795 766 1842 792 vel

1050 811 1256 847 Magaba-naso.
1277 813 1384 840 Etenim
1410 811 1475 845 σοι,
1497 817 1524 839 ct
1548 811 1696 839 Chaldaiee
1711 812 1777 847 goba
1795 813 1841 838 vel

205 851 273 877 Γ⁰¹¹⁴Ί
295 849 400 884 "mgni
430 855 568 880 sermone:
583 847 635 874 θιδί
658 847 748 874 rarius
764 847 800 894 ri"
818 847 897 894 “bris
913 854 992 881 τθβθ·
1009 853 1029 881 Β
1045 859 1142 893 gubba,
1155 859 1230 894 quod
1246 859 1328 886 toties
1347 859 1373 885 in
1387 859 1436 885 (λϐ
1454 859 1714 890 Danielisoceurrit,
1732 859 1841 886 foveam

205 898 302 924 riatur.
322 895 477 929 Aliquando
494 897 622 929 putaram
640 894 748 929 καρπόν
763 893 808 920 hic
825 893 901 921 reddi
915 900 994 928 posse

203 942 350 970 articulant
369 945 414 968 aut
441 939 600 975 capitulum,
617 947 726 967 comma
748 939 855 967 scilicet
872 940 994 974 primum

203 990 230 1016 in
243 988 340 1015 oculos
354 988 499 1014 incurrens
510 986 582 1014 libro
595 990 700 1021 aperto.
717 987 790 1021 quod
802 989 894 1021 potest
909 986 996 1013 inter-

203 1035 269 1062 dum
290 1041 351 1062 esse
382 1041 416 1060 ex
443 1032 534 1060 media
558 1037 606 1060 aut
634 1033 729 1059 infima
756 1033 867 1067 pagina.
896 1032 950 1059 Sed
968 1032 994 1059 id

204 1081 259 1109 diei
283 1079 381 1115 nequit
408 1079 462 1106 hoc
491 1079 562 1106 loco.
581 1078 652 1106 Satis
677 1077 752 1105 enim
774 1082 869 1105 noster
891 1078 996 1106 indicat

205 1135 285 1154 omen
314 1126 348 1153 de
375 1133 430 1160 quo
451 1124 517 1160 agit,
535 1124 641 1159 captari
668 1123 780 1152 solitum
805 1131 839 1150 ex
861 1123 995 1151 verbisin

205 1174 295 1208 capite
311 1172 368 1200 sive
381 1171 518 1206 principio
530 1170 635 1205 paginae
651 1170 875 1198 occurrentibus.
885 1169 996 1204 Alioqui

205 1220 280 1247 enim
298 1226 353 1246 non
366 1226 464 1246 omnes
490 1216 687 1244 convenissent
703 1216 732 1243 in
750 1216 997 1244 animadvertendo

205 1267 278 1294 malo
291 1266 406 1301 augurio
421 1272 454 1292 ex
464 1264 555 1292 verbis
570 1263 666 1291 iisdem
681 1272 686 1290 :
701 1263 761 1290 ﬁeri
777 1263 851 1290 enim
863 1263 999 1298 potuisset

205 1317 237 1340 ut
249 1318 306 1340 tres
320 1311 456 1347 episcopi,
469 1311 515 1346 qui
528 1318 590 1338 cum
604 1309 763 1337 celebrante
776 1310 999 1344 conparabantur

206 1360 234 1386 iu
254 1359 299 1386 illa
316 1358 459 1393 apertione
475 1361 503 1384 et
523 1356 700 1391 impositione
716 1355 819 1393 codicis
833 1355 998 1389 evangelici,

207 1413 263 1432 non
274 1405 301 1432 in
317 1404 441 1432 eamdem
457 1410 552 1430 omnes
564 1402 669 1438 pagina:
681 1405 786 1437 partem
799 1401 894 1428 oculos
907 1400 999 1436 conje-

207 1452 319 1480 cisscnt.
340 1450 404 1478 ll=ec
419 1457 463 1481 me
480 1456 570 1476 causa:
590 1447 762 1482 impulerunt
775 1449 809 1474 ad
827 1447 933 1482 καρπόν
945 1446 998 1474 hoc

207 1499 268 1526 loco
286 1498 415 1533 paginam
430 1494 680 1530 interpretandum.

244 1555 393 1588 Κάστρον.
419 1552 458 1580 Ad
481 1559 513 1579 ca
529 1559 590 1588 quce
612 1551 717 1579 dudum
739 1550 831 1577 nomvi
857 1549 999 1577 Glossario

206 1601 263 1628 vol.
277 1601 297 1633 l,
310 1609 339 1636 p.
352 1600 416 1633 571,
433 1599 498 1634 περὶ
511 1599 633 1633 κάστρου
658 1597 715 1635 sive
726 1598 837 1632 εἱρκτῆς
850 1596 947 1631 λήθης,
965 1595 999 1622 de

207 1647 321 1674 castello
348 1646 406 1673 sive
433 1652 546 1672 carcere
573 1643 734 1675 oblivionis,
751 1643 849 1670 addam
873 1643 918 1670 hic
938 1650 998 1677 qua:

209 1693 347 1728 suggessit
362 1691 443 1718 Pater
458 1689 592 1719 Claudius
607 1689 750 1716 Mallretus
765 1688 830 1716 Soc.
841 1689 918 1720 Jesu,
930 1689 1001 1716 datis

210 1740 243 1766 ad
258 1747 299 1765 mc
317 1741 378 1772 post
389 1737 434 1764 illa
447 1736 516 1763 lecta
531 1735 854 1763 humanissimislitteris.
871 1744 879 1760 ι
896 1735 1001 1762 Dudum

211 1785 326 1820 (inquit)
338 1785 393 1811 lucc
406 1787 558 1810 notaveram
573 1783 607 1809 ad
623 1790 647 1808 c.
665 1782 691 1815 5,
704 1781 721 1808 l.
733 1789 741 1808 ι
752 1781 875 1817 Procopii
887 1781 924 1808 Da
934 1781 1002 1808 bello

209 1830 316 1857 Persico
337 1828 418 1865 692
435 1828 466 1854 dc
494 1826 602 1854 castello
625 1826 762 1854 oblivionis
778 1834 788 1853 :
820 1826 903 1861 hujus
929 1826 1002 1853 arcis

211 1877 379 1904 mentionem
405 1875 511 1902 faciunt
535 1873 563 1900 in
588 1873 648 1900 Vita
674 1872 702 1900 S.
725 1872 842 1900 Joannis
867 1871 907 1908 [P.
939 1872 1002 1908 487]

209 1919 426 1956 EleemOsynarii
443 1919 576 1946 Leontius
592 1923 620 1945 ct
633 1917 834 1952 Melaphrastes
847 1916 919 1952 apud
938 1916 1003 1944 Bol-

209 1969 321 1997 landum
343 1975 430 1994 mens.
447 1966 508 1994 Jan.
534 1969 601 1992 tom.
624 1964 644 1996 1⁷
661 1971 688 1998 p.
705 1963 756 1991 503
779 1967 808 1990 et
823 1963 891 1996 5:25;
908 1962 941 1990 de
954 1970 1002 1989 co-

210 2016 273 2043 dem
291 2018 375 2050 agunt
393 2012 538 2040 Ccdrenus
554 2011 599 2038 ed.
628 2010 695 2045 ltcg.
714 2017 743 2044 p.
759 2009 822 2042 546,
841 2014 938 2036 auctor
952 2009 1004 2035 Mi-

212 2061 312 2093 scellm.
333 2060 352 2088 l.
378 2067 447 2092 xvu,
464 2067 491 2093 p.
512 2057 575 2090 5H),
599 2056 784 2091 Theophanes
812 2063 839 2090 p.
857 2055 920 2085 Q20.
935 2055 1005 2090 Aga-

214 2109 285 2136 tbias
303 2107 321 2135 l.
343 2114 379 2139 Iv,
403 2106 449 2133 ed.
477 2106 545 2140 Reg.
564 2113 594 2139 p.
623 2104 685 2131 158.
708 2103 873 2130 Accuratius
898 2102 1004 2129 caeteris

213 2153 438 2188 Theophylaetus
464 2150 626 2180 Simocatta,
647 2149 726 2184 cujus
741 2148 826 2175 verba
843 2147 876 2174 ad
900 2146 1003 2173 calcem

1046 909 1074 932 ct
1090 905 1180 931 lacum
1197 905 1342 940 signiﬁcat.
1362 905 1484 940 Utroque
1504 910 1595 932 autem
1612 905 1746 932 vocabulo
1762 905 1853 937 Sui--

1046 956 1135 985 plura:
1165 959 1250 978 sacrm
1279 951 1446 986 interpretes
1476 959 1614 978 carcerem
1638 952 1707 979 bene
1729 957 1840 987 septum

1046 1001 1074 1024 et
1093 997 1216 1032 praraltis
1231 997 1386 1032 parietibus
1411 997 1548 1023 munitum
1564 997 1721 1032 designant.
1738 998 1841 1024 Carcer

1047 1041 1074 1068 in
1087 1050 1168 1076 quem
1178 1042 1280 1076 Joseph
1296 1043 1438 1077 conjectus
1451 1042 1514 1074 fuit,
1525 1042 1603 1069 fovea
1620 1043 1722 1069 dicitur
1734 1044 1797 1076 Sap.
1812 1051 1840 1073 κ,

1049 1089 1092 1118 15.
1103 1088 1206 1120 aLXX,
1215 1089 1326 1120 λάκκος,
1336 1088 1438 1115 etGen.
1449 1096 1501 1120 XLI,
1515 1089 1556 1120 li,
1567 1089 1649 1123 ὸχὺρτι
1663 1098 1699 1122 μα.
1709 1089 1838 1116 munitio.

1048 1134 1111 1162 llaec
1126 1141 1168 1162 est
1191 1134 1332 1162 Chaldaiei
1360 1139 1484 1168 potestas
1506 1135 1627 1161 nominis
1653 1141 1707 1164 N3:
1733 1135 1775 1161 vel
1796 1141 1843 1165 :u

1049 1181 1172 1209 Alterum
1195 1189 1261 1208 vero
1277 1189 1291 1208 a
1305 1182 1391 1207 verbo
1407 1186 1464 1210 ΠΨ]
1484 1182 1660 1215 progenitum
1686 1182 1843 1209 oblivionem

1049 1232 1138 1254 sonat.
1167 1226 1306 1261 Origiuem
1327 1234 1438 1261 quoque
1461 1227 1581 1254 nominis
1600 1227 1752 1262 Giligcrdon
1773 1228 1842 1254 mihi

1050 1272 1146 1299 videor
1165 1272 1192 1298 in
1209 1280 1242 1299 eo
1259 1271 1479 1305 deprehendisse
1500 1272 1572 1306 quod
1606 1273 1719 1307 subjicit
1748 1272 1842 1299 Stu.o-

1050 1324 1132 1350 calta,
1142 1326 1232 1345 arcem
1241 1318 1314 1345 illam
1325 1318 1408 1346 fuisse
1419 1318 1555 1345 addictam
1566 1319 1757 1346 custodiendis
1768 1320 1842 1346 bello

1051 1363 1148 1398 captis,
1169 1370 1238 1398 quos
1253 1371 1299 1390 rex
1317 1364 1453 1390 intentius
1467 1365 1603 1390 asservari
1618 1365 1712 1391 vellet.
1729 1364 1783 1392 Gili
1798 1365 1842 1392 vel

1050 1410 1101 1444 geli
1114 1409 1221 1436 deduco
1239 1417 1254 1436 a
1271 1408 1356 1436 verbo
1371 1401 1424 1440 n5:
1439 1409 1512 1444 quod
1544 1410 1619 1437 valet
1644 1411 1776 1444 captivum
1795 1412 1843 1438 ab-

1049 1456 1121 1484 duci.
1137 1456 1185 1483 Est
1202 1462 1294 1483 autem
1317 1458 1394 1491 gerd.
1412 1457 1464 1483 nisi
1487 1457 1576 1491 fallor,
1603 1457 1676 1484 idem
1695 1465 1727 1485 ac
1751 1458 1858 1493 gula,-

1052 1502 1149 1529 Latine
1175 1506 1292 1537 septum,
1322 1510 1337 1529 a
1360 1502 1448 1530 verbo
1463 1508 1515 1533 11a
1529 1504 1625 1538 gadar,
1649 1504 1720 1531 unde
1741 1513 1844 1532 nomen

1013 1533 1034 1564 Ο
1053 1547 1149 1581 Gades,
1174 1533 1210 1575 et.
1228 1549 1354 1584 Γάδειρα,
1379 1550 1452 1584 quod
1477 1533 1631 1585 lles'yehius
1658 1551 1842 1586 περίφραγμα

1052 1594 1262 1629 interpretatur.
1296 1595 1452 1623 Subscr.bit
1482 1597 1613 1628 Avienus,
1642 1605 1669 1624 ν.
1696 1598 1758 1630 illi,
1779 1606 1841 1626 cum

1052 1640 1104 1666 ait:

1054 1685 1176 1724 Barbara
1191 1687 1255 1720 quin
1279 1688 1359 1724 eliam
1383 1687 1468 1714 Gades
1483 1689 1540 1715 hinc
1563 1689 1652 1724 lingua
1669 1691 1818 1724 frequentat
1831 1699 1842 1717 :

1053 1720 1147 1748 Poenus
1164 1730 1259 1757 quippe
1275 1722 1360 1749 locum
1389 1723 1471 1750 Uudir
1500 1730 1573 1750 vocat
1587 1720 1703 1759 undique
1715 1720 1840 1761 'septum.

1054 1778 1092 1805 Ex
1113 1779 1161 1806 illo
1183 1779 1257 1807 fonte
1276 1781 1461 1807 transmarino
1488 1781 1601 1808 ﬂuxisse
1623 1782 1747 1809 arbitror
1760 1791 1843 1810 voces

1053 1825 1170 1852 Gallicas
1196 1826 1297 1861 garde.
1317 1827 1399 1861 693
1421 1827 1528 1861 garrler,
1547 1828 1643 1854 leviter
1669 1831 1844 1863 transpositis

1053 1873 1163 1905 litteris,
1191 1878 1219 1899 ut
1248 1873 1276 1898 [it
1297 1873 1323 1899 iu
1346 1873 1440 1900 ultima
1467 1879 1545 1908 parte
1574 1875 1693 1901 nominis
1720 1876 1842 1910 qiligerd,

1053 1920 1137 1954 quod,
1155 1920 1208 1947 nisi
1224 1928 1266 1947 me
1283 1921 1352 1947 fallit
1363 1921 1532 1956 conjectura,
1548 1923 1713 1956 captivorum
1741 1928 1843 1958 septum

1053 1966 1200 2000 siguilieat.
1222 1975 1230 1990 ι
1247 1965 1308 1992 lla'c
1334 1967 1427 1993 verbis
1446 1966 1560 1992 totidem
1577 1967 1718 1994 Maltrctus
1737 1972 1842 1999 noster,

1053 2012 1133 2047 cujus
1147 2012 1289 2047 specimen
1314 2017 1442 2039 notarum
1461 2013 1696 2044 doctissimarum,
1711 2013 1759 2040 sed
1775 2021 1845 2041 non-

1053 2057 1118 2083 dum
1147 2058 1297 2088 cditarum,
1315 2058 1342 2084 in
1371 2058 1547 2092 Procopium,
1573 2059 1619 2092 qui
1649 2058 1753 2085 dudum
1773 2060 1844 2094 typis

1055 2102 1149 2137 Regiis
1169 2111 1232 2130 cum
1245 2104 1306 2138 ejus
1333 2108 1460 2131 accurata
1488 2104 1650 2139 cteleganti
1678 2105 1844 2140 interpreta-

1056 2149 1130 2176 tione
1160 2150 1272 2183 prodiit,
1287 2148 1392 2176 vidisse
1420 2149 1471 2176 hac
1496 2150 1641 2177 occasione
1661 2159 1715 2178 non
1741 2152 1844 2187 pigebit

214 2199 297 2235 hujus
310 2198 409 2233 capitis
424 2195 598 2224 commodius
615 2195 738 2222 reddam.
756 2194 851 2221 Simile
864 2193 1001 2229 quoddam
1021 2207 1041 2233 ο
1056 2195 1174 2222 lectores
1189 2194 1327 2222 eruditos.

213 2244 344 2273 habuisse
365 2243 510 2271 castellum
526 2242 656 2269 videntur
673 2241 760 2268 Graeci
778 2241 932 2275 imperante
947 2239 1003 2266 Au-

213 2291 329 2319 dronico
355 2289 478 2322 seniore,
504 2289 547 2315 cui
563 2287 736 2322 Nicephorus
765 2286 899 2321 Gregoras
925 2285 943 2312 l.
964 2293 1002 2317 ix,

213 2346 240 2372 p.
271 2337 335 2368 208,
354 2336 399 2362 ed.
430 2334 512 2362 Basil.
539 2334 630 2362 datam
664 2333 748 2360 luisse
768 2332 836 2360 dicit
863 2332 1002 2366 optionem

214 2383 342 2410 malletne
364 2381 548 2409 monasticum
574 2380 699 2408 habitum
721 2379 839 2406 induere
857 2383 904 2405 aut
928 2377 1002 2404 aliud

213 2430 307 2457 subire
337 2429 455 2461 malum;
483 2436 543 2463 quae
570 2432 709 2462 postrema
722 2427 804 2453 verba
829 2430 876 2452 aut
901 2425 1003 2452 ctedcm

215 2475 377 2508 innuehaut,
412 2475 501 2510 inquit
529 2473 682 2508 Grcgoras,
706 2478 753 2499 aut
788 2472 928 2504 exsilium,
957 2475 1005 2498 aut

215 2523 308 2558 βιαίαν
330 2522 484 2556 ἀπαγωγὴν
508 2522 548 2552 si;
578 2521 608 2546 τὸ
621 2520 670 2555 τῆς
685 2519 770 2554 λήθης
787 2519 928 2554 φρούριον,
948 2519 1006 2544 vio-

215 2570 317 2596 lentam
330 2567 526 2594 abdnctioncm
537 2566 564 2592 in
578 2565 722 2592 castellum
737 2563 896 2590 oblivionis.
916 2562 1006 2590 Lenn-

208 2614 319 2647 _clavius
344 2613 371 2640 in
390 2612 531 2640 Pandectis
546 2611 661 2638 historia
682 2609 810 2641 Turcicaa,
832 2618 859 2644 p.
882 2609 945 2639 445.
960 2609 1004 2636 ed.

215 2661 283 2695 Reg.
302 2668 331 2686 n.
349 2659 398 2685 l28
412 2657 554 2685 castellum
574 2657 640 2684 illud
664 2656 806 2691 Bosphoro
824 2656 908 2683 fuisse
921 2663 1006 2690 appo-

207 2707 300 2739 situm
317 2713 350 2732 ex
366 2704 486 2739 Grcgora
514 2703 636 2737 coniicit.
655 2703 690 2729 At
717 2709 852 2736 nusquam
872 2701 1007 2736 Gregoras

206 2753 276 2786 .ejus
295 2751 376 2778 situm
395 2749 532 2784 designat.
567 2748 605 2775 De
614 2748 723 2776 castello
737 2756 799 2775 vero
816 2748 922 2775 Persico
944 2747 1009 2774 obli-

206 2798 301 2824 .ziouis
325 2797 403 2827 dicto,
437 2801 577 2830 postquam
599 2795 700 2822 astemli
735 2795 865 2829 tragicam
901 2795 1008 2822 Arsacis

217 2844 357 2870 Historiam
371 2852 386 2870 ιι
407 2843 536 2878 Procopio
552 2846 706 2876 narratam,
721 2843 841 2869 eamdem
860 2841 953 2876 referri
975 2841 1007 2869 ab

1090 2240 1266 2274 Katagjgir,
1286 2249 1346 2275 pag.
1374 2241 1437 2267 ΞΜ).
1457 2241 1598 2276 Nusquam
1618 2243 1682 2269 alibi
1710 2243 1763 2270 hoc
1781 2252 1844 2271 ver-

1055 2287 1120 2314 bum
1145 2287 1244 2321 legisse
1267 2287 1391 2314 memini.
1413 2287 1538 2314 intellexi
1566 2293 1659 2314 autem
1676 2291 1742 2322 qurd
1759 2290 1845 2324 signi-

1057 2333 1118 2360 licct
1142 2341 1174 2359 ex
1190 2341 1223 2359 eo
1239 2332 1311 2366 quod
1336 2333 1490 2368 Hesychius
1511 2334 1625 2360 verbum
1643 2336 1711 2370 φἰᾷν
1725 2343 1845 2371 exponat

1057 2379 1210 2413 μαλάσσειν
1240 2378 1370 2412 ximat,
1385 2378 1470 2413 plagis
1485 2379 1612 2414 subigere.
1639 2382 1797 2410 Eustathius
1812 2385 1844 2410 ad

1055 2426 1132 2453 ἰΙΙιιιιι
1152 2433 1260 2452 versum
1273 2425 1314 2461 [i’.
1332 2426 1395 2462 488]
1410 2426 1490 2453 Iliad.
1502 2436 1530 2456 α.
1549 2428 1603 2453 Καὶ
1613 2429 1767 2462 καρτίστοις
1780 2431 1847 2463 ἐμά-

1056 2480 1134 2506 χ··ιντο
1142 2480 1160 2504 ῳ
1167 2481 1178 2505 η
1185 2473 1244 2506 ρσίν
1254 2471 1428 2507 ὀρεσκῴοισι,
1437 2473 1580 2500 contendit
1590 2474 1634 2500 ’Λτ
1643 2475 1714 2509 xxi};
1722 2483 1784 2502 csse
1791 2476 1844 2502 δια-

1056 2518 1153 2544 λέκτου
1170 2518 1402 2553 permutationem
1414 2519 1427 2545 0
1442 2519 1469 2546 in
1484 2529 1501 2553 φ
1511 2521 1622 2555 ctjuxta
1634 2521 1708 2547 illam
1721 2521 1775 2548 dici
1788 2514 1845 2557 φῆρ

1056 2571 1106 2598 pro
1120 2564 1184 2598 θήρ,
1198 2564 1276 2598 φλὰω
1293 2573 1342 2599 pro
1358 2565 1442 2592 ολάω.
1463 2566 1541 2599 Quod
1570 2567 1593 2593 si
1624 2568 1768 2601 recipitur,
1789 2569 1844 2603 jam
1864 2584 1868 2591 -

1058 2616 1130 2646 patet
1142 2611 1208 2645 quid
1223 2612 1258 2638 sit
1270 2612 1358 2646 φλάω,
1372 2615 1502 2647 pertundo
1515 2613 1644 2641 videlicet
1657 2623 1687 2641 ac
1700 2616 1844 2650 perfringe.

1058 2658 1149 2690 Quare
1166 2658 1309 2694 καταφλᾷν
1325 2659 1370 2687 hic
1383 2667 1398 2686 a
1416 2665 1511 2687 nostro
1526 2662 1645 2695 positum
1661 2662 1740 2688 istam
1761 2664 1846 2689 notio-

1057 2712 1120 2732 ncm
1147 2704 1252 2740 impetu
1276 2706 1395 2740 quodam
1421 2714 1454 2733 cx
1471 2707 1675 2741 praepositionis
1691 2708 1847 2742 adiectione

1059 2750 1211 2782 roborabit,
1230 2755 1259 2778 ut
1284 2751 1400 2786 intelligi
1417 2752 1517 2779 debeat
1529 2761 1679 2787 expressus
1697 2754 1846 2781 vehemen-

1060 2795 1185 2823 tissimus
1210 2796 1292 2830 ictus,
1312 2798 1403 2832 qualis
1418 2803 1479 2825 erat
1496 2798 1565 2825 vasti
1583 2799 1694 2826 molaris
1710 2804 1845 2825 tormento

1059 2842 1200 2878 ejaeulati,
1227 2847 1275 2870 aut
1290 2847 1319 2870 ut
1336 2843 1429 2876 hodie,
1445 2843 1596 2873 suooositis
1617 2843 1735 2872 invicem
1771 2848 1844 2871 vete-
