1954 3063
219 133 276 166 ’155

672 140 703 172 Ρ.
726 142 883 173 POSSINI
903 143 1231 176 OBSERVATIONUM
1264 146 1339 176 LIB.
1362 146 1388 177 Ι.

1801 144 1853 178 756

219 200 276 227 quo
293 197 351 220 tuto
370 193 531 228 deportatus
555 196 590 223 sit
611 197 760 233 Nymphaeo
774 199 1008 234 Constantinopo-
1023 200 1045 230 Α
1060 201 1187 229 tinaciter
1213 201 1242 229 in
1268 202 1404 230 sententia
1430 201 1600 229 intercutibus
1628 201 1710 237 vulgo
1724 203 1851 237 appel'a-

220 238 279 272 lim,
294 240 362 266 citra
378 239 496 273 vincula,
512 242 766 278 Porphyrogenitos
779 265 786 277 ,
812 249 892 280 septo
911 245 1007 280 protri-

219 283 295 312 bitus
320 285 455 320 effugere,
482 293 623 323 utcunque
644 290 750 317 catenis
777 290 858 318 liber.
888 291 1007 326 Reperio

219 334 309 358 tamen
325 331 359 358 ad
381 332 527 359 mulierum
543 341 633 367 usum,
649 343 717 369 quas
734 336 842 363 clausas
863 337 958 363 haberi
972 336 1006 364 ad

217 383 300 404 sexus
315 377 449 405 honorem
464 379 594 413 pertinet,
609 380 765 408 adhibitum
781 382 903 416 carpenti
920 390 1006 416 genus

217 422 333 449 κλουὸόν
348 429 549 459 nuncupatum,
561 426 691 453 cancellis
712 427 841 454 videlicet
856 429 1005 455 munitum.

217 467 244 494 Id
259 467 339 495 docet
356 469 478 496 Joannes
496 471 621 502 Tzetzes.
646 472 711 499 dum
735 472 860 500 Chiliade
874 481 900 505 v,
916 481 933 508 p
959 473 1004 506 9f),

215 514 260 541 ed.
284 514 367 542 Busil.
394 523 438 543 an.
469 516 539 544 15.55
567 517 600 544 dc
626 518 685 545 avia
710 527 758 545 sua
789 524 932 550 memorat.
947 519 1004 554 pari

215 567 275 587 eam
295 561 380 589 fuisse
400 562 507 590 honore
534 563 675 598 dignatam
703 572 765 591 cum
796 565 849 592 alia
872 565 1005 600 primaria

215 606 326 640 femina,
342 607 368 633 in
382 609 510 635 eumdem
529 616 591 636 enm
612 609 657 636 illa
679 607 871 641 x).ou6-5‘a,'hoc
886 617 928 638 est
945 619 1006 638 mu.

215 651 302 679 liebre
316 653 477 686 carpentum
499 655 629 682 cancellis
643 656 820 687 clathratnm,
834 656 1004 691 impositam.

215 698 296 725 Istam
307 698 393 731 enim,
410 700 436 726 ni
450 699 540 730 fallor.
558 701 642 728 habet
658 702 822 728 sententiam
839 702 884 729 ille
897 702 1005 730 Tzctzis

215 752 311 771 versus
325 753 331 772 2

256 813 396 847 Ἰτοτιμῶν
417 815 465 839 ml.
486 814 522 849 τῷ
539 814 614 849 αὐτῷ
643 815 750 848 κὶουϐᾦ
780 815 1002 850 συνεμσιϋάζων.

249 881 443 915 Κομμέριιιον,
464 889 525 916 pag.
552 882 616 911 448.
642 884 847 911 Commcrcium
874 884 1000 911 Latinam
1019 881 1037 907 Β

210 935 305 954 vocem
327 927 430 955 Graecis
458 929 510 956 hoc
541 929 602 957 loco
625 930 757 964 scriptam
777 930 879 957 litteris
906 936 1004 958 auctor

210 974 334 1007 adhibet,
355 982 388 1002 ex
408 975 495 1003 multo
511 976 618 1003 scilicet
632 984 694 1004 cum
716 976 911 1004 Genucnsibus
926 977 1002 1004 Lati-

209 1021 253 1048 nis
268 1028 319 1048 usu
334 1020 441 1049 Graecis
459 1029 572 1057 quoque
590 1022 751 1058 Byzantinis
769 1024 910 1050 usitatam.

245 1065 286 1102 [Ρ.
302 1066 366 1102 ιθοι
384 1067 504 1095 Κόκτιοι.
532 1068 561 1095 in
589 1068 673 1103 priori
696 1069 836 1096 Glossario
852 1069 924 1103 quod
942 1069 999 1096 dixi

207 1113 240 1139 ad
258 1113 310 1139 hoc
326 1113 504 1144 vocabulum.
526 1114 663 1141 confessio
689 1115 781 1149 potius
796 1114 849 1141 fuit
865 1115 998 1148 ignoran-

208 1159 253 1186 lize
285 1167 354 1186 mete
380 1167 461 1194 quam
489 1160 564 1187 vocis
590 1161 736 1194 proposita:
760 1161 919 1188 declaratio.
939 1161 997 1188 Lux

206 1205 307 1232 deinde
320 1205 387 1232 mihi
401 1205 528 1240 qnmdam
544 1214 558 1233 a
576 1206 657 1233 cacis
670 1206 785 1234 affulsit.
803 1206 996 1241 Conjeeturam

207 1251 272 1278 inde
290 1251 399 1278 ductam
417 1251 461 1279 hic
476 1252 595 1280 obnoxie
620 1260 746 1287 propono
767 1253 910 1287 prudentis
923 1253 997 1287 judi-

207 1298 250 1324 cio
272 1297 393 1329 lectoris.
413 1302 440 1324 et
465 1298 498 1324 de
515 1306 544 1325 re
570 1298 627 1332 ipsa
649 1303 677 1325 et
701 1298 734 1325 de
757 1298 914 1333 suspicione
935 1307 994 1326 mea

206 1344 318 1377 plenum
347 1344 372 1371 ei
393 1344 539 1371 arbitrium
563 1345 698 1372 tribuens.
723 1345 790 1372 Cum
821 1345 938 1379 legerent
966 1345 993 1371 in

206 1389 258 1417 hae
283 1390 402 1417 secunda
421 1390 543 1418 lr’storire
568 1391 791 1426 Pacbymerianrc
813 1397 900 1426 parte.
919 1391 937 1418 l.
955 1400 991 1424 rv,

203 1443 228 1463 c.
243 1436 272 1467 2,
287 1437 388 1471 saepius
412 1437 558 1464 memorari
586 1438 703 1472 τυφλοὺς
723 1438 866 1472 μθναχοὺς.
887 1438 912 1464 in
931 1446 990 1464 eam

202 1481 365 1516 opinionem
383 1491 443 1511 sum
470 1484 620 1518 iugresws,
639 1484 750 1512 eosdem
769 1484 825 1511 illic
841 1483 989 1519 significari

201 1528 248 1562 qui
274 1529 330 1556 volt
360 1529 382 1562 l,
401 1537 462 1564 p‘g.
479 1530 542 1562 λιες),
575 1531 669 1558 κόκκοι
695 1531 808 1566 μοναχδί
836 1538 850 1558 a
887 1530 990 1565 Pachy-

201 1583 276 1604 mere
307 1581 451 1604 vocantur.
480 1577 561 1604 Certe
590 1583 646 1605 toto
676 1578 723 1605 illo
754 1578 842 1612 capite
863 1579 989 1611 exempla

201 1623 415 1650 excarcationum
444 1623 596 1652 crudeliter
623 1625 718 1652 multis
734 1625 872 1652 illatarum
886 1631 988 1658 conge-

202 1673 304 1696 runtur
331 1670 438 1702 multa;
458 1676 518 1704 post
544 1678 605 1705 quae
622 1671 715 1698 subdit
731 1675 827 1698 auctor
840 1671 891 1698 sub
907 1670 987 1697 finem

200 1715 299 1749 capitis
312 1723 338 1742 V.
361 1715 394 1742 16
409 1723 415 1741 :
445 1716 571 1747 Κόκκιλυς
584 1716 612 1743 δὲ
627 1717 760 1751 μοναχοὺς
776 1716 823 1742 καὶ
844 1716 908 1747 τοὺς
926 1717 988 1741 κατ’

199 1761 303 1787 ἐκεῖνον
319 1760 366 1786 ὲὼ.
379 1760 430 1788 Ubi
451 1761 565 1788 relativo
580 1762 686 1788 ἐκεῖνον
701 1762 839 1796 indigitari
852 1760 988 1796 ve1696

199 1807 307 1842 καιρόν,
322 1810 430 1841 tempus
445 1806 575 1834 nimirum
594 1808 671 1842 prius
685 1808 752 1835 illud
766 1807 919 1834 exorientis
933 1807 985 1833 Ar-

198 1851 305 1880 scniani
320 1851 488 1884 schismalis.
506 1853 548 1880 Vel
562 1853 652 1888 ipsum
667 1854 727 1889 ejus
741 1853 900 1881 schismatis
917 1861 982 1880 eau-

197 1908 254 1928 sam
265 1903 312 1926 aut
327 1904 491 1936 prtetextum
502 1900 724 1935 expatriarcham
738 1900 896 1933 Arscnium,
908 1899 985 1927 credi

196 1948 310 1982 poterit.
327 1948 474 1983 Comparat
487 1947 561 1974 enim
580 1946 662 1973 tacite
678 1946 828 1974 historicus
843 1946 898 1973 duo
915 1950 985 1973 tem-

195 2002 273 2030 pora,
297 1995 398 2029 quibus
416 1994 535 2021 similem
560 1993 750 2028 impotentiam
777 1992 907 2020 saeviendi
936 1991 985 2018 Mi—

194 2040 271 2068 chael
300 2040 452 2076 imperator
480 2040 644 2072 ostenderit,
662 2040 739 2075 prius
762 2039 912 2066 exorientis
931 2038 983 2066 sub

193 2086 382 2122 patriarchatu
398 2086 512 2120 Josephi
530 2087 689 2113 Arseniante
716 2085 862 2116 factionis.
885 2090 982 2112 aucto-

192 2133 270 2160 ribus
295 2132 414 2159 maxime
439 2133 603 2165 monachis;
633 2133 660 2160 in
687 2141 757 2168 quos
781 2134 844 2161 ideo
862 2133 980 2167 impulsu

190 2178 316 2213 Josephi,
332 2179 409 2214 jussu
425 2179 550 2213 Augusti,
563 2179 698 2215 Georgius
711 2180 869 2215 Acropolita
888 2179 982 2205 imma-

191 2224 265 2252 niter
286 2229 435 2258 grassatus.
448 2225 609 2252 ulciscendo
624 2225 670 2256 sit,
691 2225 820 2260 χαλεπῶς
835 2224 980 2259 αἰκιζόμε-

191 2279 245 2302 νος,
266 2270 380 2304 δαὶρων,
395 2270 584 2305 κρεμαννύων,
606 2272 758 2306 μαστίζων,
782 2272 857 2299 omni
884 2271 984 2299 crude-

189 2318 276 2346 litatis
291 2322 319 2346 et
333 2318 491 2353 ignominiaa
503 2326 604 2354 genere
620 2320 730 2347 credens
745 2328 777 2347 ac
792 2320 983 2348 dehonestans

190 2363 366 2392 venerabiles
385 2364 486 2399 popqu
510 2364 683 2399 professores
699 2365 763 2392 vitae
785 2365 930 2400 religiosat.
948 2373 983 2392 ex-

187 2410 291 2438 celebri
319 2410 472 2446 praesertim
497 2411 676 2443 monasterio,
691 2412 869 2446 Pantepoptze
893 2411 978 2440 dicto.

173 2467 259 2505 ‘qnos
285 2465 312 2487 ct
338 2464 482 2495 postquam
519 2461 590 2488 male
615 2462 798 2488 mulclaverat
823 2460 979 2488 exsulatum

182 2503 364 2533 ‘a'mandabat.
378 2506 455 2534 Tunc
470 2511 621 2534 exczecatos
633 2507 720 2535 fuisse
739 2507 808 2535 istos
821 2507 978 2543 antesigna-

186 2559 238 2579 nos
253 2552 412 2580 Arsenianaa
428 2554 525 2588 partis.
544 2561 615 2588 quos
629 2554 795 2582 convincere
811 2559 839 2581 et
862 2554 895 2580 ad
913 2562 979 2581 con-

185 2598 309 2626 c0rdiam
340 2599 474 2627 reducere
504 2605 620 2627 conatus
650 2601 733 2636 longe
759 2606 822 2635 post
852 2605 977 2635 tempore

183 2644 360 2674 Andronicus
373 2651 424 2678 est,
443 2651 526 2682 prout
548 2647 633 2675 refert
647 2653 743 2675 noster
758 2649 818 2682 ejus
840 2647 974 2680 Historia;

182 2700 210 2727 p.
235 2692 300 2724 462,
340 2693 468 2728 equidem
491 2690 669 2725 crediderim,
687 2702 748 2721 cum
779 2695 805 2721 id
828 2694 893 2721 alibi
911 2703 977 2721 nar-

180 2744 271 2765 ratum
296 2739 329 2766 ab
358 2747 392 2766 eo
412 2740 571 2767 distinctius
600 2749 655 2767 non
680 2741 778 2775 legam.
795 2741 865 2768 Puto
881 2746 973 2769 alitem

179 2786 248 2812 istos
268 2787 315 2813 tali
339 2795 422 2814 causa
442 2792 469 2814 ct
502 2793 624 2822 tempore
648 2789 771 2823 privatos
799 2790 888 2816 oculis
915 2799 973 2817 mo-

178 2831 296 2863 nachos,
333 2833 388 2859 vol.
422 2833 441 2863 Ι,
472 2841 499 2868 p.
521 2834 583 2867 489,
620 2842 632 2860 a
662 2834 830 2870 I’aebytrcre
863 2836 968 2863 indica-

182 2882 234 2908 ι’δν
257 2879 383 2911 ιιυριιῐλιῑ
401 2881 522 2914 nomine,
548 2889 602 2915 quo
621 2890 634 2908 a
652 2883 708 2909 suis
726 2883 885 2910 Arseniavis
907 2892 969 2919 per-

1060 249 1172 281 bantur,
1191 250 1287 276 κόκκοι
1304 248 1427 284 μοναχοε,
1452 256 1515 276 eum
1542 249 1624 276 laude
1646 257 1679 276 ac
1707 257 1851 277 commen-

1059 295 1170 323 datione
1194 299 1323 330 tanquam
1352 295 1525 323 confessores
1539 296 1676 324 celebrari
1693 296 1726 323 ab
1743 295 1787 323 bis
1805 303 1849 323 so-

1058 341 1133 372 litos,
1149 341 1283 369 vocabulo
1300 341 1537 369 videlicetLatino
1552 343 1624 374 cceci,
1639 346 1670 369 ut
1688 342 1741 368 alia
1762 341 1850 368 multa

1058 396 1106 423 per
1134 389 1159 415 id
1179 393 1288 423 tempus
1304 388 1404 416 Graecae
1430 389 1519 424 plebis
1541 396 1592 416 usu
1622 388 1799 424 frequentato
1822 393 1850 416 et

1057 443 1189 470 expresso
1215 435 1316 463 Gra‘cis
1334 435 1454 466 litteris;
1486 441 1516 463 ut
1538 435 1609 462 forte
1626 435 1773 470 legendum
1789 435 1848 462 illic

1057 482 1094 508 sit
1112 483 1215 513 xaixor,
1232 486 1280 508 aut
1294 481 1370 517 juxta
1384 481 1550 516 scripturam
1567 481 1660 509 multis
1683 481 1847 509 Latinorum

1059 529 1186 556 usitatam
1204 530 1304 562 κοῖκοι,
1328 529 1401 564 quod
1429 529 1543 564 propius
1578 537 1593 556 a
1619 530 1721 563 κόκκοι,
1745 530 1848 557 aberit.

1056 575 1160 603 Caecum
1174 576 1247 603 enim
1266 583 1315 611 per
1329 576 1532 610 diphthongum
1554 583 1577 603 oe
1607 583 1621 602 a
1650 576 1745 603 multis
1774 575 1848 602 Lati-

1056 630 1176 654 norum,
1209 622 1374 649 vox-abnlnm
1413 622 1507 657 τυφλῷ
1531 622 1627 650 (ΣΙ-εεο
1651 622 1823 656 respondens
1839 641 1851 653 γ

1056 668 1140 696 scribi
1159 669 1186 695 in
1204 676 1258 695 non
1282 668 1376 703 paucis
1392 669 1540 703 hodieque,
1558 673 1589 696 ut
1614 677 1667 695 non
1685 669 1772 695 dicam
1790 668 1849 702 ple-

1055 714 1159 748 risque,
1187 713 1269 740 etiam
1300 713 1413 748 antiqua
1440 714 1560 741 exaratis
1587 721 1690 745 manu,
1721 713 1848 740 cernitur

1056 759 1145 786 libris.
1169 759 1227 792 Qua
1255 759 1401 787 occasione
1430 767 1484 786 non
1514 761 1632 787 verebor
1660 759 1754 787 dicere
1775 759 1848 786 forte

1056 806 1136 832 istam
1151 805 1381 839 emendatiorem,
1398 809 1491 840 utpote
1507 806 1787 833 accommodatiorem
1809 805 1844 833 ad

1054 856 1188 886 etymum,
1207 851 1386 886 scriptionem
1412 859 1484 879 esse.
1511 851 1598 878 Video
1616 853 1845 879 accuratissimus

1054 898 1249 933 grammaticos
1275 898 1392 925 multum
1421 906 1450 926 se
1473 903 1658 933 contorquere
1689 898 1716 925 in
1737 898 1846 933 disqui-

1055 944 1140 971 renda
1173 945 1280 979 origine
1310 944 1386 972 vocis
1420 952 1514 971 caecus.
1543 944 1676 976 Isidorus,
1697 945 1844 975 Perottus,

1053 990 1242 1021 Decembrius,
1263 989 1341 1017 relati
1366 998 1381 1016 a
1408 989 1506 1018 Vossio
1522 990 1549 1017 in
1565 997 1616 1018 suo
1633 990 1844 1018 accuratissimo

1052 1037 1250 1073 Etymolog‘co,
1281 1045 1378 1064 ca-cum
1405 1045 1455 1072 per
1475 1045 1497 1064 az
1523 1037 1678 1064 scribentes
1696 1045 1710 1063 a
1727 1037 1843 1064 carendo

1051 1089 1100 1111 aut
1116 1084 1243 1119 capiendo
1274 1084 1377 1112 dictum
1403 1089 1568 1116 autumant,
1601 1083 1673 1118 quod
1705 1082 1839 1110 nimirum

1050 1133 1139 1155 careat
1149 1132 1197 1156 aut
1210 1133 1303 1164 captus
1319 1129 1353 1156 sit
1365 1128 1464 1157 oculis.
1475 1129 1547 1163 quod
1566 1133 1595 1154 ut
1613 1128 1693 1162 longe
1709 1127 1839 1162 petitum,

1049 1175 1142 1202 nullus
1163 1181 1218 1201 non
1242 1174 1423 1202 cmunctioris
1455 1174 1536 1209 paulo
1566 1174 1642 1201 naris
1669 1174 1841 1200 transmittat

1049 1221 1145 1248 lector.
1166 1220 1311 1248 Martinius
1339 1224 1483 1255 postquam
1504 1228 1518 1247 a
1542 1220 1637 1248 Graeco
1651 1219 1741 1246 καίειν
1762 1227 1841 1246 urere

1048 1275 1149 1294 caecum
1167 1266 1254 1294 videri
1271 1266 1422 1294 formatum
1439 1266 1595 1302 proposuit,
1611 1266 1685 1293 sicut
1701 1265 1805 1299 τυφλόν
1824 1272 1840 1291 a

1019 1335 1025 1341 .
1045 1313 1124 1348 τύφω
1138 1313 1253 1340 accendo
1271 1313 1444 1348 (neutiquam
1476 1313 1504 1340 in
1531 1313 1584 1340 hoc
1599 1312 1650 1347 ipsi
1667 1311 1840 1339 assentiente

1045 1359 1140 1387 Grmeo
1169 1359 1396 1394 etymologista),
1425 1359 1527 1386 deinde
1561 1359 1642 1394 longe
1672 1357 1841 1392 prudentius

1044 1405 1146 1432 fatetur
1164 1405 1226 1432 cccci
1252 1405 1466 1441 originationem
1488 1405 1569 1440 plane
1583 1412 1683 1432 caecam
1700 1409 1729 1431 et
1743 1403 1840 1430 occul-

1043 1456 1099 1479 tam
1123 1459 1194 1479 esse.
1212 1451 1283 1485 Quid
1299 1451 1322 1478 si
1338 1456 1429 1479 autem
1448 1459 1545 1479 caecum
1561 1459 1610 1485 per
1624 1459 1646 1478 ω
1668 1451 1836 1482 scribamus,

1043 1502 1071 1525 ct
1086 1498 1146 1532 ejus
1174 1498 1214 1525 sic
1234 1498 1328 1532 scripti
1351 1498 1479 1525 vocabuli
1502 1498 1686 1532 veriloquium
1711 1503 1839 1523 accersa-

1046 1552 1107 1570 mus
1124 1551 1138 1570 a
1154 1543 1248 1571 Graeco
1260 1543 1325 1573 κοῶ,
1338 1543 1412 1578 quod
1425 1549 1467 1570 est
1480 1544 1543 1574 νοῶ,
1560 1548 1590 1570 ut
1603 1543 1638 1570 sit
1654 1542 1746 1573 κοῐχὸς
1760 1541 1835 1568 idem

1046 1589 1119 1625 quod
1137 1587 1235 1621 vc‘iidg,
1250 1589 1297 1624 qui
1318 1590 1377 1616 acie
1390 1589 1479 1617 solum
1496 1590 1597 1616 mentis
1613 1588 1714 1620 videat,
1731 1587 1835 1614 intuitu

1044 1636 1188 1663 oculorum
1227 1635 1345 1662 carens?
1361 1635 1433 1662 Sane
1466 1635 1627 1662 Eustathius
1645 1634 1836 1670 παραπλακ

1043 1683 1084 1714 εἰς
1107 1682 1198 1710 anas.
1221 1681 1246 1714 ζ,
1271 1690 1298 1716 p.
1319 1682 1371 1709 756
1387 1681 1433 1710 ed.
1455 1682 1549 1715 Rom.,
1573 1689 1667 1709 vocem
1697 1680 1834 1708 eomicam

1043 1728 1178 1763 κοάλεμος
1209 1736 1362 1763 exponens,
1388 1729 1474 1764 ἦγουν
1506 1728 1619 1763 (inquit)
1640 1729 1669 1754 ἐν
1684 1727 1723 1762 τῷ
1744 1728 1834 1758 κοεῖν,

1043 1775 1103 1811 ητοι
1133 1775 1204 1801 νοεῖν
1234 1774 1385 1809 ἀλώμενος.
1408 1775 1480 1808 Ergo
1508 1776 1582 1801 κοεῐν
1612 1775 1683 1801 νοεῖν
1711 1777 1834 1805 est;,ut

1042 1821 1135 1849 κοῖκὸν
1148 1829 1243 1847 arcum
1258 1821 1340 1855 primi
1357 1821 1448 1848 Latini
1469 1821 1585 1856 profecti
1604 1828 1620 1848 ο
1640 1819 1745 1848 Grrecia
1767 1819 1831 1846 κατ’

1041 1867 1218 1903 εὐφημισμόν
1236 1866 1318 1902 697
1343 1867 1480 1902 privatum
1498 1867 1602 1894 lumine
1614 1867 1760 1894 oculorum
1785 1873 1834 1893 vo-

1040 1921 1104 1942 care
1132 1915 1284 1948 potuerint,
1305 1913 1383 1948 quasi
1414 1913 1447 1940 ad
1467 1913 1665 1941 consolandam
1687 1912 1833 1940 calamita-

1040 1966 1094 1988 tem
1111 1960 1234 1988 hominis
1263 1960 1388 1995 principe
1409 1968 1608 1995 corporeorum
1629 1967 1761 1988 sensuum
1781 1967 1831 1986 or-

1040 2007 1116 2040 bati;
1133 2015 1188 2042 quo
1200 2015 1300 2041 genere
1321 2007 1412 2034 solatii
1429 2014 1570 2034 recreasse
1582 2015 1687 2034 «meum
1704 2006 1746 2043 [P.
1765 2005 1830 2042 49η

1038 2055 1184 2089 Didymum
1214 2061 1330 2088 magnus
1349 2054 1416 2081 olirn
1436 2053 1574 2082 Antonius
1590 2055 1700 2089 legitur,
1726 2061 1832 2088 negans

1038 2108 1121 2136 grave
1138 2099 1178 2127 illi
1195 2107 1256 2127 esse
1281 2099 1393 2132 debere,
1409 2100 1482 2135 quod
1505 2101 1706 2128 destitueretur
1722 2100 1830 2127 instru-

1037 2152 1132 2174 mento
1157 2154 1293 2182 corporeo
1315 2147 1439 2179 videndi,
1458 2147 1599 2175 communi
1628 2147 1731 2175 homini
1765 2154 1829 2174 cum

1037 2193 1174 2220 culicibus
1191 2197 1219 2219 et
1243 2192 1346 2219 infimis
1363 2193 1535 2220 iuseclorum
1549 2211 1557 2224 ,
1586 2200 1648 2219 cum
1672 2197 1765 2219 mente
1783 2199 1830 2218 va-

1001 2240 1021 2269 D
1039 2239 1109 2266 lcret
1123 2239 1271 2266 aemulante
1288 2239 1475 2273 perspicatem
1491 2239 1702 2274 intelligentiam
1718 2238 1830 2265 immor-

1037 2286 1132 2313 talium
1153 2285 1298 2316 mentium,
1319 2285 1473 2319 pr;e.~ertim
1497 2292 1559 2312 eum
1585 2285 1788 2320 ingeniosiores
1801 2289 1830 2312 et

1035 2331 1174 2359 acutiores
1191 2332 1353 2366 plerumque
1368 2333 1473 2359 czeteris
1487 2331 1514 2358 in
1527 2331 1736 2366 operationibus
1749 2338 1828 2357 men-

1036 2378 1071 2405 tis
1098 2378 1158 2405 luce
1184 2378 1254 2405 cassi
1280 2378 1424 2405 oculorum
1454 2378 1625 2412 experientia
1656 2377 1826 2412 probentur;

1035 2425 1107 2452 unde
1125 2429 1153 2452 et
1178 2424 1366 2451 Democritum
1391 2425 1480 2456 aiunt,
1507 2432 1563 2459 quo
1581 2424 1826 2459 philosopharetur

1033 2470 1150 2498 felicius.
1169 2471 1242 2498 ultro
1260 2470 1312 2498 sibi
1331 2471 1442 2498 videndi
1471 2478 1583 2498 sensum
1607 2471 1754 2498 ademisse.
1771 2471 1824 2497 Sed

1032 2517 1090 2545 hate
1109 2518 1191 2544 nimis
1210 2518 1295 2545 tnulta
1313 2523 1391 2545 extra
1407 2526 1464 2546 rem
1486 2523 1618 2545 nostram.
1646 2518 1702 2545 Hoc
1720 2520 1825 2554 quippe

1031 2563 1119 2591 solum
1138 2564 1296 2597 significare
1313 2564 1386 2591 volui
1404 2573 1410 2591 :
1426 2572 1472 2591 seu
1487 2573 1536 2591 vox
1559 2565 1654 2592 Latina
1676 2574 1759 2592 «rem
1775 2574 1825 2599 per

1030 2617 1053 2636 ω
1067 2617 1115 2636 seu
1140 2618 1224 2637 uerus
1240 2618 1289 2644 per
1310 2618 1332 2637 re
1351 2611 1499 2640 scribatur.
1515 2615 1542 2637 et
1560 2611 1640 2644 cujus
1661 2620 1692 2638 ea
1710 2611 1822 2638 demum

1030 2663 1138 2690 cunque
1170 2656 1205 2683 sit
1228 2656 1354 2692 originis,
1374 2658 1442 2684 Inibi
1459 2658 1545 2685 videri
1564 2658 1707 2693 probabile
1723 2666 1823 2686 mona-

1029 2703 1096 2729 chos
1118 2703 1253 2736 quosdam
1281 2705 1381 2738 passim
1412 2705 1538 2732 celebres
1562 2706 1621 2732 visu
1649 2706 1782 2736 orbatos.
1807 2714 1822 2734 a

1028 2750 1334 2785 Constantinopolitana
1353 2752 1442 2786 plebe.
1463 2761 1495 2779 ex
1524 2752 1661 2787 frequenti
1689 2754 1821 2780 cornictu

1027 2797 1250 2831 commercioque
1269 2797 1431 2825 Latinorum
1449 2800 1532 2826 inuita
1550 2801 1575 2826 in
1592 2808 1668 2827 suam
1687 2802 1822 2829 vocabula

1027 2842 1148 2877 linguam
1162 2844 1357 2877 transferente,
1382 2845 1496 2878 mimo;
1522 2847 1579 2874 sive
1599 2844 1711 2879 ὶτοίκευς
1738 2857 1821 2881 μονα-

1113 2890 1201 2918 dictos
1218 2911 1224 2922 ,
1255 2891 1336 2926 idqttu-
1372 2893 1482 2929 vulgare
1507 2895 1620 2922 verbum
1646 2895 1820 2930 expressisse
