1954 3063
119 107 172 137 ’757

800 105 1059 136 GLOSSARIUM.

1699 103 1751 135 733$!

119 166 172 190 ml.
204 165 224 195 Ξ,
251 174 276 199 ιι.
313 164 369 196 £39,
399 165 611 201 l’acbymerem.
644 165 708 192 licet
738 165 797 195 cius
825 164 909 191 libra-

962 164 1053 198 χεῖρας
1074 162 1236 197 προσφέρων
1257 161 1301 189 διὰ
1327 162 1374 196 τῆς
1399 160 1440 196 [Ρ.
1471 159 1535 196 492]
1562 160 1686 195 θυρίδος,
1702 161 1761 198 καὶ.

119 212 164 243 rii,
182 212 312 239 codicum
337 220 408 247 quos
437 212 557 240 vidimus
584 212 780 247 dcscriptores,
807 211 833 239 in
850 211 911 247 ejus

118 259 260 293 scriptura
291 259 368 286 verbi
392 259 491 286 leviter
517 259 684 291 erraverint,
711 259 828 290 zdxxou;
862 265 911 293 pro

119 306 237 335 καίκους
268 309 316 332 aut
347 305 456 336 mimo;
487 305 655 333 scribentes.
687 305 804 339 Reperio
838 304 911 339 apud

119 349 289 385 llesyt-hium
308 352 420 382 καιλιυς
441 352 574 387 οὐρανοὺς
595 353 745 386 Ῥωμαῖοι·
767 359 801 378 an
823 351 911 385 magis

118 396 221 423 mirum
246 397 322 424 mlas
346 405 440 425 vocem
470 397 592 425 Latinam
621 405 635 424 a
655 397 758 425 Grtccis
787 397 820 423 ad
839 396 910 423 idem

117 441 192 475 quod
227 442 349 469 Romane
380 446 460 469 sonat
490 442 698 477 signiﬁcandum
730 445 909 476 usurpatam.

117 495 201 519 cuiam
231 489 328 515 καῖκον
355 488 390 515 ab
412 489 510 516 iisdem
527 489 631 516 dictum
648 488 759 523 τυφλόν,
777 489 909 523 quoniam

117 533 159 560 sic
184 533 275 561 Latini
304 535 423 562 vocant?
451 535 484 562 Et
516 535 561 562 hic
584 535 667 562 etiam
699 539 763 562 nota
793 535 909 562 abusum

116 581 291 614 seriptionis.
307 581 373 608 dum
389 582 483 609 καῖ),ον
500 588 628 616 tauquam
653 590 685 609 ex
703 581 800 608 Latino
817 581 910 608 cmlum

115 625 213 654 Gra‘ce
239 628 388 662 scribitur,
405 629 478 663 quod
504 628 619 656 omnino
637 628 721 656 scribi
747 628 844 655 debuit
859 628 911 654 La—

117 673 175 700 tine
207 674 311 701 εοειιιηι.
333 675 381 702 Est
405 676 479 702 enim
506 675 653 702 manifeste
668 682 683 701 a
699 674 793 702 Graeco
810 675 908 705 κοῖλον,

115 728 229 752 cautim:
250 725 281 748 ut
306 721 399 748 minus
416 726 443 748 te
463 726 583 755 moveat,
598 722 633 753 si.
648 721 721 757 quod
741 721 908 752 monuimus

116 765 290 793 increbuerit
313 774 379 793 usus
403 766 544 794 scribendi
567 775 661 800 circus,
677 774 740 794 cum
759 766 794 793 sit
806 766 909 794 rectius

115 819 212 838 circus.

153 857 420 891 Κουϐουκλείσιος,
445 866 506 893 pag.
523 858 586 886 480.
602 859 665 894 Agit
688 859 722 886 de
742 859 845 887 honore
861 860 909 887 ba-

114 900 177 928 bito
191 903 301 937 corpori
329 908 392 937 post
418 903 529 939 longum
558 910 667 938 tempus
689 904 852 938 incorrupto
868 911 910 931 re-

115 951 198 980 perto
234 948 378 982 cujusdam
409 949 556 980 monachi,
577 956 659 983 quem
689 949 912 975 κουσουκλείσιοιι

114 992 197 1024 dicit,
213 993 267 1021 hoc
284 998 338 1026 est,
354 1002 388 1021 ex
411 1003 444 1022 co
460 1002 561 1030 genere
575 996 622 1030 qui
638 995 829 1030 quuisitioris
848 995 911 1022 reli-

114 1038 208 1072 gionis
221 1047 303 1067 causa
319 1045 455 1075 perpetuo
475 1041 574 1068 inclusi
597 1042 664 1068 cella
689 1042 886 1076 permanebant
902 1051 909 1074 ;

114 1085 242 1119 qualium
268 1094 329 1113 cum
357 1087 394 1114 sit
416 1087 584 1115 creberrima
610 1089 637 1115 in
655 1089 854 1116 ecclesiasticis
869 1089 912 1116 hi—

114 1132 221 1160 s'oriis'
243 1134 346 1161 mentio
362 1153 368 1165 ,
393 1134 557 1162 lucrifacere
583 1143 696 1169 operam
720 1143 832 1170 possum
862 1136 910 1164 de~

115 1178 292 1205 monstrandi
314 1179 383 1206 tales
409 1179 548 1206 exstitisse
570 1181 705 1215 exemplis
731 1189 792 1216 qua:
807 1182 909 1216 passim

114 1228 299 1250 recurrerent
319 1224 494 1259 colligendis.
526 1225 644 1252 Tantum
670 1225 751 1256 dico.
777 1235 847 1260 quos
868 1227 911 1254 in-

114 1269 211 1296 clusos
228 1269 318 1297 Latini
343 1275 456 1302 vocant,
487 1271 532 1298 hic
558 1280 572 1298 a
600 1272 768 1307 Pachymere
794 1274 911 1300 κουϐου-

115 1315 258 1347 ﬂamina;
276 1316 341 1347 dici,
359 1317 437 1351 quasi
454 1317 565 1345 clausos
590 1318 720 1346 cubiculo
738 1328 744 1344 :
764 1328 826 1346 nam
843 1329 910 1346 κου-

115 1361 260 1388 ὁουκλεῖωι
274 1361 361 1389 Graeci
393 1363 574 1397 posteriores,
592 1371 660 1391 voce
679 1373 692 1391 ιι
721 1364 825 1392 Latinis
852 1373 912 1392 mu-

116 1411 205 1438 tilata,
222 1407 371 1435 cubiculum
387 1409 573 1443 appellarunt,
586 1414 615 1436 ut
631 1410 735 1436 dudum
753 1410 912 1438 observavit

116 1453 264 1480 Meursius.
285 1454 403 1482 Eosdem
429 1455 605 1488 ὲγκλεῖστους
635 1457 791 1484 nominatos
811 1457 899 1484 iutclli

963 210 1026 241 τοὺς
1045 210 1175 244 ἀδελφοὺς
1202 208 1322 236 τύπτων.
1355 209 1439 236 Paulo
1467 213 1529 243 post
1556 208 1638 244 hujus
1652 209 1749 235 cellam

963 256 1068 283 inducit
1087 255 1283 282 lamentantem
1300 255 1335 282 ob
1350 254 1549 281 immanitatem
1567 259 1594 281 el
1614 254 1747 281 acerbita-

963 307 1015 330 tem
1037 302 1088 330 feri
1117 303 1209 338 hujus,
1227 309 1309 337 quem
1335 302 1409 328 velut
1439 301 1467 328 in
1489 301 1596 328 vivario
1625 302 1749 329 clausum

962 350 1109 378 detineret.
1126 349 1230 376 Deinde
1257 349 1348 383 ipsum
1375 348 1476 376 aﬁ‘atnr
1492 357 1499 375 :
1516 346 1584 374 Εἷπὲ
1612 357 1667 382 μοι,
1698 357 1750 374 πα-

963 396 1087 432 ρακαλῶ,
1104 396 1130 422 τὶ
1149 395 1332 430 κεκέρδακας,
1349 395 1387 430 τῷ
1406 395 1509 430 οἰκιδῐῳ
1524 395 1750 427 κατακλειςοεικ

962 441 1009 468 Dic
1025 442 1097 473 mihi,
1117 441 1212 468 antabo
1229 446 1262 474 te,
1280 441 1344 476 quid
1362 440 1480 467 lucratus
1497 448 1535 472 es,
1549 440 1708 467 domuncula
1727 445 1751 467 te

962 487 1122 515 includens?
1142 487 1167 513 τί
1185 487 1294 523 ὤνησας
1309 488 1359 522 τὴν
1385 487 1484 514 σαυτοῦ
1501 486 1590 522 ψυχὴν
1601 507 1608 518 ,
1626 488 1682 518 τοῖς
1698 496 1752 513 τοι-

962 534 1068 569 χαριοις
1084 533 1114 560 τὸ
1137 533 1218 568 σῶμα
1243 532 1445 568 ἐγκεκρυγώκ
1463 533 1526 567 quid
1543 533 1666 567 profuisti
1691 533 1752 559 ani-

963 588 1011 608 ma:
1033 584 1096 611 tum,
1113 588 1206 615 corpus
1233 585 1307 606 tuum
1331 581 1402 606 intra
1421 588 1510 606 muros
1535 584 1622 606 arctos
1641 581 1750 606 abscon-

961 626 1043 653 dens?
1060 625 1122 653 Haec
1139 625 1253 653 dubium
1275 633 1330 652 non
1356 625 1517 660 relinquunt
1535 625 1601 659 quin
1619 625 1677 652 lucc
1694 627 1752 659 cpi-

962 673 1032 700 stola
1060 673 1192 707 inseripla
1219 672 1303 699 fuerit
1336 671 1492 698 Philumena
1525 671 1642 698 Inclusa.
1667 671 1753 698 Porro

961 727 1142 755 permagnum
1168 719 1225 755 jam
1253 719 1318 746 olim
1350 719 1422 745 inter
1452 717 1562 745 Grzncos
1588 718 1753 752 Byzantinos

962 766 1046 793 fuisse
1063 773 1209 793 numerum
1233 766 1350 793 istorum
1380 764 1458 792 cellis
1481 764 1666 797 inclusorum,
1687 764 1752 791 inde

963 813 1144 848 intelligimus
1167 813 1241 848 quod
1263 820 1419 848 auonymus
1440 811 1559 846 scriptor
1574 812 1637 838 vitae
1651 815 1753 838 sancta:

964 859 1185 895 Mariaejunioris
1211 859 1238 886 in
1259 859 1347 887 Vatic.
1371 860 1433 886 cod.
1459 859 1522 892 800,
1544 858 1591 893 qui
1606 866 1635 886 se
1652 858 1753 885 vixisse

963 905 1068 932 indicat
1081 906 1132 933 sub
1147 905 1247 932 Basilio
1265 905 1426 937 Macedone,
1440 905 1514 932 circa
1528 905 1632 932 Christi
1649 911 1752 931 annum

963 952 1027 984 875,
1046 952 1071 978 in
1086 951 1155 979 duas
1172 951 1251 987 quasi
1270 951 1431 978 notissimas
1454 955 1479 978 et
1507 950 1632 985 copiosas
1648 950 1753 985 species

964 999 1162 1026 monachorum
1199 1005 1286 1033 genus
1314 997 1476 1024 universum
1510 996 1626 1026 dividat.
1648 996 1689 1023 sic
1718 995 1753 1022 de

963 1051 1057 1073 sancta
1075 1045 1159 1072 Maria
1179 1042 1291 1080 juniore
1315 1044 1441 1072 scribens
1462 1051 1468 1070 :
1489 1044 1635 1078 Μοναχοῖς,
1651 1043 1706 1075 τοῖς
1723 1052 1752 1069 τε

963 1093 991 1118 ὲν
1006 1091 1148 1128 σπηλαίοις
1162 1092 1208 1118 καὶ
1224 1092 1280 1123 τοῖς
1293 1091 1323 1117 ὲν
1338 1090 1472 1122 οἰκίσκοις
1487 1090 1601 1121 ἑαυτοὺς
1614 1089 1753 1123 ὲγκλείου-

963 1147 1015 1169 σιν,
1033 1139 1160 1174 ἑχορῆγει
1177 1138 1211 1165 τὰ
1238 1138 1306 1173 πρὸς
1326 1137 1375 1172 τὴν
1397 1137 1505 1173 χρείαν.
1537 1137 1682 1169 Monac/iis,
1699 1137 1752 1164 sive

961 1185 987 1211 in
1000 1183 1131 1219 speluncis
1148 1185 1201 1211 sine
1216 1184 1244 1210 in
1258 1183 1426 1210 domunculis
1453 1190 1480 1209 se
1506 1183 1578 1217 ipsos
1594 1182 1754 1209 includenli-

961 1231 1018 1259 bus.
1038 1239 1096 1266 qua:
1112 1239 1176 1265 opus
1199 1235 1275 1258 erant
1292 1230 1434 1266 prwbebat.
1451 1228 1509 1257 lluc
1526 1229 1674 1264 facitquod
1689 1237 1753 1255 san-

961 1283 1022 1303 ctus
1037 1276 1200 1304 Theodorus
1222 1275 1333 1303 Studila
1363 1275 1397 1303 de
1421 1275 1451 1303 S.
1478 1275 1592 1302 Platone
1617 1273 1754 1302 monacho

962 1323 989 1349 in
1012 1323 1073 1357 ejus
1107 1322 1275 1358 percleganti
1306 1320 1438 1349 Oratione
1466 1320 1599 1352 funebri,
1628 1319 1751 1347 nondum

961 1368 1047 1399 edita,
1065 1368 1116 1395 sub
1136 1368 1216 1395 ﬁnem
1240 1368 1359 1396 Scribit:
1379 1367 1447 1394 Μεθ’
1465 1366 1630 1402 ἡσυχαστῶν
1651 1367 1754 1402 ἡσυχα-

962 1421 1027 1451 στιςς
1054 1414 1185 1449 ἔννομος,
1220 1415 1290 1449 μετὰ
1323 1414 1490 1449 καθηγητῶν
1516 1412 1677 1449 καθηγητὴς
1708 1411 1753 1439 εν-

962 1461 1073 1496 θεσμοῆ
1091 1461 1149 1495 μετ’
1167 1460 1335 1495 ὲγκλειστῶν
1350 1459 1380 1487 οὗ
1400 1460 1483 1495 μόνον
1498 1459 1667 1494 ἐγκλειστδς,
1682 1458 1751 1486 ἀλλὰ

115 1499 209 1533 gimus
223 1507 256 1527 ex
271 1501 387 1534 epistola
406 1503 492 1530 sancti
521 1503 629 1530 abbatis
659 1503 724 1535 Νιιὶ,
740 1505 759 1532 ι.
777 1513 805 1534 ιι,
821 1505 865 1535 QG.
882 1505 909 1532 in

963 1506 1012 1533 καὶ
1024 1506 1227 1541 ὑποτακτήτης,
1243 1505 1257 1532 ὂ
1271 1505 1319 1533 καὶ
1336 1505 1498 1540 σεϐάσμιον.
1518 1504 1571 1533 Ubi
1588 1504 1661 1532 clare
1674 1504 1752 1531 vides

116 1546 241 1573 editione
259 1554 363 1581 nupera
389 1548 491 1576 Leonis
518 1549 610 1576 Allatii
637 1550 683 1575 τοῦ
703 1551 785 1578 πάνυ.
811 1551 847 1578 Ea
868 1551 910 1578 in-

117 1591 250 1618 scribitur
267 1593 476 1629 ΦΙΑΟΥΜΕΝῼ
508 1596 702 1630 ΕΓΚΑΙΣΤῼ.
724 1596 762 1623 Ita
786 1598 910 1631 oportuit

117 1637 143 1663 in
157 1645 211 1664 ms.
229 1638 378 1674 archetypo
393 1639 457 1674 legi,
480 1641 533 1668 nisi
559 1649 639 1668 error
661 1647 703 1669 est
721 1643 885 1677 typographi
901 1653 907 1670 :

116 1684 163 1709 sed
192 1683 280 1710 ausim
299 1685 398 1718 quovis
423 1685 538 1719 pignore
563 1687 732 1714 contendere
755 1689 908 1725 ἐγκλείστῳ

116 1730 252 1764 scriptum
277 1738 293 1757 a
323 1731 396 1758 Nilo.
419 1732 481 1767 Agit
512 1734 586 1759 enim
607 1734 754 1761 manifeste
781 1743 842 1762 cmn
863 1737 912 1763 lio-

117 1777 204 1807 mine,
219 1777 265 1812 qui
282 1782 379 1812 sponte
396 1778 520 1806 inclusus
531 1779 660 1814 degeict;
675 1789 757 1814 quem
776 1787 805 1809 et
819 1784 911 1818 arguit

117 1822 193 1857 quod
213 1830 309 1856 parum
324 1828 510 1852 consentanee
537 1825 583 1852 tali
608 1826 775 1860 professioni
792 1828 908 1855 viveret.

117 1869 277 1896 Describam
290 1874 396 1897 tantum
419 1871 504 1906 698
520 1872 603 1898 verba
622 1872 836 1908 qiuedaui,-quaz
857 1874 909 1901 hoc

117 1917 267 1946 evidenter
283 1915 410 1951 probant.
425 1918 470 1946 Sic
489 1918 586 1953 incipit
601 1929 607 1946 :
625 1918 696 1953 Εὖγε
706 1921 759 1946 τῶν
769 1921 910 1956 ὑμετέρων

116 1963 190 1990 κατὰ
214 1963 264 1997 τὴν
286 1962 460 1998 ἀναχώρησιν
499 1964 719 1999 ἀριστευμάτων.
760 1965 829 1999 Εὖγε
856 1966 910 1993 τῶν

118 2009 265 2044 ῦμετέρων
295 2009 356 2036 κατ’
371 2010 472 2044 ἀρετὴν
504 2011 653 2045 τροπαίων.
679 2011 832 2047 ’Υπέρευγε
859 2013 910 2048 τῆς

117 2054 256 2089 ὑμετέρας
273 2054 344 2081 κατὰ
359 2055 406 2081 τὸν
431 2055 595 2090 ὲγκλεισμὸν
616 2055 733 2090 ματαίας
757 2058 802 2084 καὶ
817 2067 911 2092 σκηνι-

117 2101 168 2135 κῆς
182 2101 230 2127 καὶ
245 2101 542 2136 κατεσχηματισμένης
560 2101 707 2137 διαγωγῆς.
724 2102 807 2132 Vides
822 2105 850 2132 in
867 2105 910 2133 his

116 2147 222 2174 claram
238 2147 406 2174 mentionem
417 2148 633 2183 ἀναχωρήσεως,
649 2151 801 2178 secessionis
812 2160 828 2178 a
846 2160 907 2178 con-

115 2201 208 2228 gressu
233 2193 382 2226 hominum,
394 2199 421 2222 et
440 2194 580 2228 διαγωγῆς
598 2196 658 2222 κατ’
671 2196 848 2232 ὲγκλεισμόν,
865 2199 905 2226 in.

116 2241 204 2268 stituti
220 2241 280 2268 vita
293 2241 366 2269 intra
389 2241 546 2270 clausuram
570 2251 598 2270 se
618 2244 788 2272 continentis.
807 2245 911 2280 Objur-

117 2295 162 2324 gat
176 2294 271 2317 autem
292 2289 366 2317 hunc
385 2291 458 2324 quod
474 2298 509 2318 ex
533 2291 676 2319 fenestella
693 2292 814 2320 cubiculi
832 2293 907 2320 intra

118 2336 192 2367 «ειιυιι
206 2336 316 2363 clausus
329 2336 458 2366 durabat.
470 2342 498 2364 et
509 2343 586 2364 trans
598 2338 719 2365 obducta
736 2339 776 2366 illi
793 2340 909 2372 clathra,

117 2383 285 2410 audiebatur
307 2383 487 2418 cupidissime
504 2391 537 2411 ac
552 2384 749 2419 loquacissime
765 2387 910 2421 negotian-

117 2429 153 2455 do
175 2429 359 2461 tumultuans.
381 2430 632 2464 quinetiracunde
645 2432 816 2464 convicia-is,
841 2441 911 2460 non-

117 2482 258 2510 nunquam
276 2483 376 2503 manus
391 2484 440 2511 per
455 2481 547 2504 crates
569 2476 602 2504 ad
626 2478 778 2512 pulsandos
802 2479 911 2507 rabiose

116 2521 215 2548 obvios
240 2521 389 2554 emittens,
420 2527 449 2549 ut
474 2530 556 2550 ursus
581 2530 597 2550 e
616 2531 710 2551 cavea.
740 2525 828 2553 Verba
853 2527 911 2555 haec

117 2574 182 2596 sunt
206 2578 212 2596 :
231 2569 292 2602 Τῶν
315 2571 347 2597 ἑν
375 2571 408 2606 τῇ
434 2570 523 2606 ἀγορᾷ
543 2570 652 2606 θερμῶς
669 2573 909 2609 ἐμπορευομένων,

117 2616 165 2641 καὶ
186 2615 242 2642 τῶν
260 2616 309 2648 τὰς
326 2616 425 2651 μυρίας
445 2617 522 2648 δίκας
543 2618 588 2644 καὶ
612 2618 661 2650 τὰς
685 2620 811 2652 ποικίλας
832 2621 911 2655 λογο-

120 2661 221 2696 μαχίας
250 2662 279 2688 ἐν
309 2663 488 2698 πραιτωρὶοις
513 2663 686 2698 πλεκόντων,
720 2666 796 2692 οὐδὲν
822 2668 911 2698 δοκεῖς

116 2705 297 2738 διιλλάττεινν
309 2708 502 2742 πραγματείας
515 2710 645 2741 παντοίας
655 2711 781 2743 ἐπινοῶν,
796 2713 909 2748 κράζων

120 2753 178 2786 μετ’
193 2752 280 2787 ὀργῆς
297 2754 344 2779 καὶ
367 2754 486 2789 βρύχιον,
513 2756 567 2782 ἀπὸ
590 2757 639 2791 τῆς
667 2757 824 2793 γαλεάγρας
846 2759 911 2785 καο-

120 2798 240 2833 υὸρίζων
257 2799 304 2825 καὶ
321 2801 455 2827 σκώπτων
471 2802 516 2829 καὶ
532 2802 670 2837 λοιδορῶν,
686 2804 910 2841 διαμεμφόμενος

101 2845 180 2877 -τιίις
210 2847 488 2882 παρατυγχάνοντας,
507 2847 561 2876 ἐσθ’
579 2849 622 2876 ὅτε
642 2849 670 2876 δὲ
695 2851 741 2877 καὶ
766 2851 815 2883 τὰς
842 2852 910 2884 ἰδίας

962 1553 1034 1580 inter
1052 1553 1158 1588 species
1181 1552 1382 1580 monachorum
1406 1551 1582 1586 ὲγκλειστούς
1597 1550 1749 1578 recenseri.

961 1600 990 1626 ln
1015 1608 1071 1633 quo
1092 1603 1120 1626 et
1152 1599 1244 1626 obiter
1279 1598 1402 1626 notanda
1434 1598 1490 1626 toni
1518 1597 1685 1630 diversitas,
1717 1597 1750 1623 ad

961 1654 1042 1681 quam
1060 1650 1088 1674 ut
1111 1646 1330 1674 emendatiorem
1347 1645 1445 1680 rcﬁngi
1463 1645 1590 1672 volumus
1607 1651 1666 1671 eam
1692 1650 1748 1678 qua

961 1702 1057 1721 sumus
1079 1693 1132 1726 usi,
1147 1693 1303 1728 ἐγκλειστον
1320 1701 1382 1720 cum
1398 1697 1479 1720 acuto
1491 1692 1518 1719 in
1535 1691 1753 1726 antepenultima

960 1739 1117 1767 scribendo.

998 1787 1197 1820 Κοιιμούνιον,
1226 1793 1289 1821 pag.
1319 1786 1382 1814 539.
1422 1786 1486 1814 Scio
1501 1793 1597 1814 vocem
1626 1794 1750 1817 κουμου-

962 1832 1019 1858 vlou
1054 1832 1182 1867 usurpari
1221 1833 1249 1860 in
1279 1832 1397 1860 concilio
1436 1832 1596 1860 Florentino
1638 1839 1688 1867 pro
1717 1839 1751 1859 eo

962 1879 1035 1915 quod
1060 1879 1164 1907 Gallice
1191 1879 1293 1907 dicitur
1320 1880 1523 1911 communauté,
1541 1886 1646 1906 sonans
1675 1886 1752 1905 com-

962 1926 1118 1961 plexionem
1133 1926 1257 1954 omnium
1274 1925 1404 1953 ordlnum
1416 1934 1447 1953 ac
1463 1925 1565 1952 civium
1579 1922 1655 1951 urbis
1668 1924 1752 1960 699

961 1981 994 2000 ac
1014 1973 1175 2008 reipublica‘.
1192 1973 1326 2007 cujusvis.
1352 1972 1453 2005 Quales
1475 1971 1655 2000 collectiones
1688 1970 1752 1997 tini-

961 2027 1046 2047 versa:
1060 2027 1121 2047 cum
1148 2023 1287 2054 nequeant
1312 2018 1393 2046 simul
1416 2018 1585 2046 intervenire
1607 2017 1752 2045 conventi-

961 2067 1025 2098 bus,
1048 2070 1139 2094 certos
1161 2066 1288 2094 homines
1311 2065 1451 2092 destinant
1466 2064 1514 2099 qui
1537 2064 1601 2092 loco
1625 2064 1750 2099 ipsarum

962 2113 1062 2140 adsint.
1083 2113 1117 2140 Et
1132 2113 1160 2140 bi
1175 2116 1311 2140 vocantur
1326 2111 1353 2138 in
1367 2112 1437 2139 actis
1450 2111 1576 2138 Florent.
1592 2110 1692 2147 synodi
1706 2119 1752 2138 το-

963 2161 1118 2195 ποτηρηταὶ
1135 2159 1190 2186 τῶν
1207 2158 1390 2194 κουμουνίων.
1405 2157 1463 2186 Hoc
1479 2158 1540 2185 loco
1557 2165 1589 2185 ea
1605 2165 1657 2186 vox
1676 2158 1759 2191 vide-,

965 2210 1009 2234 tur
1036 2206 1192 2242 signiﬁcare
1211 2211 1316 2233 certum
1335 2213 1481 2233 numerum
1495 2205 1632 2232 lectorum
1654 2204 1754 2232 suifra-

962 2253 1014 2288 giis
1031 2253 1125 2288 populi
1154 2252 1389 2285 consiliarioruin,
1416 2252 1463 2288 qui
1480 2246 1641 2287 prmscripto
1664 2252 1753 2287 spatio

963 2299 1096 2334 temporis
1126 2306 1245 2334 prmesse
1276 2298 1402 2333 regimini
1431 2298 1591 2333 reipublicae
1619 2298 1750 2325 debeant.

962 2346 1007 2374 Ait
1022 2347 1096 2374 enim
1118 2348 1211 2373 n‘oster
1233 2345 1422 2373 Andronicum
1441 2345 1577 2373 oﬁ‘ensum
1597 2345 1753 2373 Gcnuensi-

962 2394 1014 2421 bus
1027 2393 1099 2428 quod
1116 2393 1134 2420 ii
1149 2393 1296 2428 quemdam
1318 2393 1389 2420 male
1405 2392 1580 2420 multandum
1597 2395 1751 2433 curassent.

962 2439 1114 2466 ciu-lusisse
1141 2439 1215 2474 ipsos
1239 2438 1319 2469 urbe.
1342 2438 1503 2473 versarique
1519 2439 1631 2466 solitum
1649 2439 1676 2466 in
1692 2439 1754 2473 ejus

962 2484 1095 2512 comitatu
1117 2484 1236 2519 legatum
1261 2485 1408 2519 quemdam
1433 2489 1481 2512 aut
1496 2484 1687 2520 magistratum
1703 2493 1752 2512 eo-

963 2537 1022 2556 rum
1052 2537 1066 2556 a
1093 2534 1243 2564 conspectu
1271 2529 1418 2563 ammisse,
1441 2530 1475 2556 de
1493 2529 1564 2558 facto
1580 2535 1671 2558 tamen
1692 2530 1754 2565 ipso

963 2576 1085 2602 nomium
1113 2575 1262 2610 judicando
1294 2581 1341 2603 aut
1365 2576 1485 2612 judicari
1517 2585 1567 2612 per
1591 2576 1753 2604 Genuenses

963 2621 1140 2656 postulando,
1158 2622 1231 2656 quod
1257 2621 1317 2657 ejus
1334 2621 1471 2656 judicium
1496 2626 1654 2649 reservaret
1678 2629 1752 2648 novo

962 2668 1121 2699 communio,
1149 2667 1201 2694 hoc
1221 2671 1263 2695 est
1283 2667 1400 2702 collegio
1420 2668 1630 2702 magistratuum
1646 2667 1752 2696 dclzcto

962 2713 995 2739 ad
1011 2713 1154 2748 regiminis
1173 2713 1454 2741 adininistrationem.
1472 2713 1630 2741 Istiusmodi
1648 2713 1751 2748 quippe

963 2768 1066 2787 novum
1090 2759 1237 2787 concilium
1256 2766 1305 2788 alit
1323 2761 1468 2796 collegium
1494 2754 1686 2795 prmicctoru-m
1708 2767 1753 2786 re-

963 2806 1057 2842 gimini
1081 2807 1136 2841 jam
1159 2807 1332 2842 designatum
1362 2816 1424 2835 mox
1447 2808 1579 2834 initurum
1602 2807 1753 2842 posscssio-

964 2861 1025 2882 ncm
1047 2853 1259 2889 gubernationis
1283 2862 1376 2882 rerum
1396 2854 1538 2881 audiebat.
