1954 3063
178 84 230 116 759

637 84 664 114 P.
690 84 840 114 POSSlNl
860 84 1186 116 OBSERVATIONUM
1208 84 1280 114 LIB.
1304 84 1328 114 Ῐ.

1750 81 1807 113 760

216 140 398 173 It'znrnlnm‘r
412 139 538 166 δίκαιον.
569 147 595 173 p.
628 139 686 166 195.
705 139 767 174 Agit
791 139 824 166 de
850 147 967 173 corpore
980 145 1004 174 Α
1019 138 1133 166 Proetus
1149 139 1217 165 alter
1231 137 1403 169 scholiastcs,
1423 137 1500 165 varia
1514 137 1658 172 disputans
1675 137 1708 163 de
1722 145 1806 164 voca-

179 187 381 221 protovestiarii
415 186 653 220 Constantinopoli
681 186 794 218 mortui,
819 186 892 220 quod
925 186 964 212 ait

179 238 318 267 portatum
334 233 464 264 Nlca-am,
480 233 543 266 qttia
564 233 610 267 jus
637 232 675 258 ibi
701 233 850 266 sepultum:
878 232 901 258 is
918 232 966 258 ha—

180 280 258 305 beret
269 278 353 305 dotali
371 278 477 304 ratione
491 282 611 312 partum,
627 284 712 303 uxore
730 277 815 311 ipsius
834 280 966 310 patrona-

180 330 237 350 tum
262 324 290 351 iu
311 323 336 350 id
355 323 552 350 monasterium
575 322 730 353 obtinente,
754 322 826 356 quod
846 321 966 355 majores

178 368 284 395 Scilicet
302 368 362 403 ejus
389 374 435 394 aut
455 367 512 402 ipsa
525 372 610 394 totum
637 367 678 394 vel
703 375 736 394 ex
761 373 838 401 parte
853 367 966 394 fundas-

179 418 250 441 sent.
271 414 327 441 Hoc
343 414 451 440 videtur
467 413 511 440 hie
538 414 591 440 diei
613 413 774 447 κτητορικῦν
790 413 892 439 δίκαιον
912 413 966 438 ἀπὸ

177 459 228 493 τῆς
241 459 370 491 συζύγου.
389 459 527 493 κτήτορες
543 458 679 493 llesychio
694 463 756 485 sunt
771 458 890 489 κτίσται,
903 466 966 484 con-

179 506 287 536 ditores,
304 513 364 536 seu,
383 510 413 532 ut
434 505 514 539 vulgo
534 505 684 539 loquimur,
703 504 876 539 fundatores;
893 503 966 530 unde

178 551 233 584 jus,
249 550 322 586 quod
338 559 371 577 ex
398 551 504 577 conditu
531 550 587 578 site.
602 550 756 585 {mutatione
772 549 967 576 laudatoribus

180 598 323 632 competit,
354 602 427 624 recte
454 597 617 632 κῖητορικὸν
649 596 754 622 δίκαιον
779 596 833 622 dici
865 595 966 630 potuit.

181 644 258 678 Saepe
271 648 362 670 autent
377 644 565 671 ecclesiastico
584 652 633 670 usu
650 644 723 670 inter
743 642 794 668 alia
808 641 966 672 honoraria,

180 699 241 722 qum
268 690 461 718 fundatoribus
487 691 623 721 ecclesias,
644 689 803 716 monasterii
830 692 877 715 aut
896 687 967 714 sacri

181 737 304 773 cujusvis
326 737 379 764 loci
402 740 574 771 competunt,
599 741 640 762 est
653 736 698 770 jus
720 734 868 769 sepulturae
888 733 914 760 in
935 733 968 759 iis

181 783 261 810 locis.

1017 185 1091 212 bulis
1115 185 1261 215 mensium,
1280 184 1433 219 propendet
1457 184 1566 211 eodem.
1594 183 1718 217 Denique
1738 182 1805 209 folio

1018 230 1061 262 73,
1078 231 1200 258 Joannes
1212 230 1327 257 Tzctzes
1342 230 1443 257 diserte
1465 230 1562 257 scribit
1583 229 1729 264 Ληναιῶνα
1745 229 1807 264 ἤτοι

1017 277 1062 302 τὸν
1096 276 1270 311 Ἰανουάριον,
1300 275 1338 307 ὡς
1364 275 1472 311 ληναιδς
1502 275 1578 310 παρὰ
1606 275 1682 301 Ἴωσι
1712 274 1805 301 καλεῖ-

1017 332 1072 350 ται.
1095 323 1226 351 Videmus
1250 323 1315 350 hinc
1329 330 1463 358 quosnam
1493 322 1591 349 innuat
1608 322 1803 357 Pachymeres,

1017 377 1116 404 nempe
1123 369 1343 404 Moschopulum,
1354 370 1481 397 Proclum
1493 373 1521 396 et
1531 369 1663 396 Joannem
1673 368 1806 396 Tzetzeu.

1018 415 1088 448 Quid
1108 414 1245 450 significat
1262 420 1354 442 autem
1383 423 1446 442 cum
1477 423 1507 443 se
1522 415 1728 449 ὲποποιήσαντα
1744 413 1808 440 κατ’

1017 460 1116 492 αὐτούς
1133 461 1336 488 memorat?an
1356 468 1396 493 se,
1416 468 1478 488 eum
1495 468 1564 495 puer
1581 460 1689 487 illorum
1707 459 1806 486 ludum

1019 507 1207 541 frequentaret
1229 513 1256 534 et
1271 515 1368 535 versus
1382 515 1452 542 quos
1468 507 1568 534 recitat
1580 507 1614 534 de
1631 505 1722 534 lunari
1735 505 1810 532 deli-

1018 554 1084 589 quio
1100 553 1267 588 compositos
1290 554 1526 581 utscholastieum
1543 561 1657 588 pensum
1678 553 1731 580 illis
1749 560 1811 579 ma—

1019 601 1112 637 gistris
1127 601 1265 634 redderet,
1286 601 1330 629 isti
1346 610 1442 630 eorum
1465 601 1492 628 in
1509 602 1553 629 his
1570 601 1694 636 opinioni
1716 600 1812 627 adluc-

1019 648 1104 676 sisse?
1120 656 1155 675 an
1177 648 1282 683 potius,
1308 655 1372 675 cum
1391 648 1520 683 privatim
1544 647 1692 675 Hesiodum
1713 647 1811 681 legens

1020 694 1118 722 horum
1136 695 1282 722 adhiberet
1296 695 1413 727 scholia,
1435 699 1463 722 et
1480 694 1588 722 interim
1605 694 1737 721 subortus
1757 692 1813 725 ipsi

1018 745 1092 767 esset
1113 741 1233 775 impetus
1254 740 1402 767 meditandi
1426 747 1537 768 carmen
1563 739 1719 767 imitatione
1738 738 1812 764 vatis

1019 794 1100 821 quem
1126 790 1372 817 commentaretur,
1399 786 1481 813 obvio
1514 790 1676 820 argumento
1703 783 1812 810 lunaris

216 830 328 861 Λεπάς,
341 836 368 863 p.
384 829 427 856 55.
443 828 500 856 Hoc
516 827 691 862 proverbium
716 831 790 853 tomo
802 826 887 861 priori
904 834 918 852 a
937 832 966 852 se

1022 832 1192 866 defectionis,
1225 832 1346 859 noluisse
1376 832 1403 859 in
1434 839 1467 859 co
1483 831 1613 859 recedere
1632 839 1647 857 a
1671 829 1812 857 sententia

181 882 354 911 usurpatum,
370 880 398 903 et
420 876 476 903 illic
493 884 507 902 a
531 875 611 902 nobis
628 875 798 902 declaratum
816 873 842 899 iu
858 871 969 899 Glossa-

180 923 232 952 rio.
251 931 283 949 eo
296 924 388 956 aptius
405 926 433 949 et
448 922 601 956 elegantius
622 921 667 948 hic
682 920 795 947 adhibet
816 919 968 954 Pachyme-

181 977 234 1001 res.
251 971 325 1003 quod
350 969 421 996 istud
441 967 586 996 Prodromi
605 965 815 995 monasterium.
835 972 850 992 a
872 971 926 999 quo
939 971 968 990 se

180 1016 271 1043 divelli
285 1023 356 1050 aegre
369 1015 477 1043 sinebat
489 1014 532 1050 [P.
549 1013 612 1049 405]
628 1012 791 1040 Theodorus
805 1011 968 1046 Cyzicenus,

181 1063 288 1090 fortiter
304 1062 442 1089 abducere
457 1061 624 1088 conantibus
638 1059 796 1089 obluctans.
813 1059 902 1086 Petrae
923 1064 970 1084 co-

180 1117 299 1143 gnomen
319 1108 448 1135 habebat.
466 1107 541 1134 idem
552 1107 637 1137 enim,
658 1110 688 1133 ut
703 1105 824 1135 videtur,
845 1107 890 1131 est
906 1110 969 1130 cum

182 1155 229 1182 illo
246 1153 318 1188 quod
340 1154 469 1187 superius
485 1161 511 1187 p.
528 1152 574 1182 M,
597 1152 665 1186 μονὴ
681 1151 727 1177 τοῦ
746 1150 904 1186 Προδρόμου
920 1149 969 1182 τῆς

183 1202 306 1236 Πέτρας.
337 1199 526 1226 monasterium
553 1198 694 1225 I’rodromi
729 1197 827 1229 Petra,
848 1194 969 1230 appella-

181 1253 239 1274 ‘1".

217 1294 340 1324 Alm-oc,
358 1300 384 1327 p.
405 1291 445 1319 l9.
473 1291 581 1322 Λίκνος,
597 1289 678 1324 vulgo
697 1296 780 1322 cuna,
796 1288 906 1315 videtur
924 1287 970 1315 hic

181 1338 234 1366 dici
250 1345 336 1372 genus
352 1336 454 1364 Icclicm
467 1339 513 1362 aut
528 1335 635 1363 ferculi.
648 1342 703 1369 quo
719 1338 874 1368 gestarctur
886 1341 970 1361 senex

183 1385 353 1420 decrepitus.
370 1390 467 1418 nempe
483 1381 667 1417 gestatoriunt,
683 1388 734 1406 vox
755 1384 888 1414 usurpata
903 1380 971 1407 Suc-

182 1432 258 1459 tonio
275 1431 303 1458 in
315 1430 429 1458 Claudio
444 1439 449 1456 :
473 1429 572 1456 Solita;
583 1429 610 1456 in
623 1429 766 1462 gestatoria
780 1427 880 1454 ludere.

218 1475 366 1511 Ληναιών,
382 1484 407 1510 p.
427 1475 489 1502 506.
507 1475 559 1501 Τοῦ
575 1474 596 1500 δ’
619 1473 701 1500 αὐτοῦ
714 1473 969 1507 ἔτους-Ἑκατομ-

181 1523 285 1550 ϐαιῶνα
304 1523 424 1556 λέγωσι.
438 1521 471 1548 Et
489 1521 558 1547 infra
572 1529 578 1546 :

219 1570 313 1604 Μῆνας
329 1569 356 1596 δὲ
372 1568 484 1603 Amani)
496 1566 591 1602 πρώτη
610 1566 688 1601 βάσις
706 1565 799 1592 ἵστατ’)
817 1565 914 1600 μήνης.

183 1616 274 1643 Habes
291 1616 318 1642 iu
334 1615 377 1642 Itis
408 1614 604 1649 Pachymercm
628 1616 752 1640 secutum
779 1611 968 1639 auctoritatem

181 1664 363 1697 interpretum
378 1660 499 1691 Hosiodi,
517 1660 582 1686 dum
596 1667 708 1686 carmen
721 1658 793 1693 apud
807 1658 882 1692 ipsos
896 1665 970 1692 pan-

180 1705 442 1745 geret,.ianuarium
460 1714 572 1734 vocasse
589 1706 746 1741 Ληναιῶνα,
763 1705 842 1739 quasi
866 1704 907 1731 sic
923 1703 969 1731 ille

183 1756 286 1783 mensis
297 1755 331 1782 ab
342 1753 559 1782 Atheniensibus
574 1752 775 1781 nominaretur.
786 1758 849 1778 cum
862 1758 892 1778 re
905 1758 970 1777 vera

180 1803 258 1838 juxta
285 1801 463 1831 exactiorem,
481 1802 511 1826 ut
541 1803 630 1833 putat,
649 1798 814 1825 sententiam
831 1797 970 1824 Romano-

183 1858 243 1876 rum
259 1849 407 1877 Jauuarius
419 1846 501 1882 700
526 1844 741 1872 Atheniensibus
757 1843 970 1870 Hccatombaton

182 1898 274 1925 dictus
300 1897 346 1924 sit.
381 1896 437 1923 lant
464 1894 570 1929 pridem
603 1893 631 1920 in
662 1892 894 1920 Obsert‘utiottibus
936 1890 970 1918 ad

182 1943 301 1979 priorem
315 1941 442 1968 Historia:
456 1939 678 1975 Pachymerianzc
688 1944 806 1974 partem,
822 1937 842 1964 l.
855 1945 894 1969 tu.
905 1944 929 1964 c.
944 1937 969 1970 l,

183 1989 368 2018 demonstravi
398 1988 470 2015 hanc
496 1986 622 2013 historici
648 1987 735 2013 nostri
760 1987 919 2022 opinionem
943 1991 970 2012 et

182 2036 222 2064 illi
250 2035 417 2071 singularem
447 2037 474 2060 et
499 2032 593 2059 falsam
619 2039 690 2063 esse,
714 2032 766 2060 nisi
791 2033 879 2060 solum
905 2032 972 2059 velit

184 2083 302 2110 orimum
331 2081 396 2108 anui
424 2079 506 2108 Attici
529 2087 652 2107 mensem
674 2079 900 2114 Ἑκατομϐαιῶνα
929 2078 972 2105 di-

185 2135 270 2159 .ttum,
290 2127 522 2162 quemadmodum
536 2128 642 2162 primus
652 2126 716 2153 anui
734 2124 850 2152 Romani
870 2126 972 2154 mensis

1020 878 1232 905 scholiastarum
1254 877 1376 910 Hesiodi,
1396 881 1537 911 utcunque
1566 877 1658 903 minus
1673 875 1725 902 sibi
1745 882 1813 909 pro-

1020 924 1103 951 bata?
1132 922 1284 958 Suspicari.
1317 924 1427 959 opinor,
1454 923 1552 950 liceret
1578 923 1754 953 alterutrum,
1785 920 1810 947 si

1020 968 1241 1002 Moschopulum,
1256 967 1384 995 Proclum
1397 973 1425 995 et
1434 968 1552 995 'l'zetzen
1569 975 1601 995 eo
1616 972 1754 994 constaret
1771 966 1813 993 si-

1021 1014 1077 1041 mul
1089 1022 1186 1041 omnes
1200 1017 1322 1048 tempore
1336 1014 1435 1041 vixisse
1446 1021 1501 1048 quo
1513 1013 1648 1046 potuisset
1665 1012 1728 1039 dare
1744 1012 1816 1046 ipsis

1022 1068 1090 1095 puer
1106 1068 1217 1095 operam
1237 1060 1418 1095 Pachymeres
1445 1061 1471 1086 in
1498 1060 1564 1086 ludo
1590 1059 1736 1086 litterario.
1759 1058 1815 1085 Cui

1021 1115 1056 1134 ne
1077 1115 1127 1133 nos
1155 1106 1330 1141 implicemus
1356 1105 1544 1140 disquisitioui
1561 1113 1616 1132 nou
1633 1105 1811 1134 necessariae,

1021 1153 1170 1180 secundam
1185 1153 1277 1187 potius
1297 1153 1369 1178 viam
1385 1152 1552 1183 tenebimus,
1568 1151 1619 1177 nisi
1636 1151 1658 1177 si
1675 1151 1737 1184 quis
1754 1157 1813 1175 ma-

1021 1198 1053 1226 lit
1067 1198 1203 1232 suspicari
1221 1198 1429 1233 Pachymerem.
1446 1197 1517 1231 apud
1532 1196 1739 1231 qualescunque
1756 1203 1815 1221 tua-

1021 1245 1123 1280 gistros
1138 1245 1216 1273 daret
1232 1252 1343 1278 operata
1363 1243 1475 1273 litteris,
1493 1243 1565 1278 quod
1593 1242 1610 1269 ii
1638 1242 1719 1276 vulgo
1739 1242 1816 1268 cele—

1022 1291 1112 1318 briqu
1132 1290 1246 1318 istorum
1265 1290 1375 1318 Hesiodi
1393 1291 1575 1324 interpretum
1596 1288 1762 1315 sententiam
1776 1295 1813 1314 eo

1021 1343 1104 1372 poeta
1115 1337 1270 1365 enarrando
1285 1342 1480 1372 sequerentur,
1498 1337 1570 1363 illam
1589 1335 1659 1362 dicis
1679 1342 1762 1362 causa
1783 1339 1814 1361 et

1022 1384 1212 1420 perfunctorie
1240 1383 1267 1410 in
1299 1384 1427 1411 versibus
1455 1384 1532 1418 juxta
1557 1390 1677 1418 ipsorum
1707 1381 1813 1408 dictata

1021 1430 1132 1465 scriptis
1153 1430 1307 1465 amplexum
1323 1430 1419 1457 fuisse.

1058 1476 1100 1512 [Ρ.
1116 1476 1400 1513 4941Λογαριαστὴς
1415 1475 1470 1510 τῆς
1478 1475 1588 1509 αὐλῆς,
1602 1483 1629 1510 p.
1648 1474 1712 1502 296.
1731 1474 1806 1508 Hap<

1021 1523 1073 1558 ἦγε
1103 1524 1130 1550 δὲ
1154 1524 1200 1550 καὶ
1217 1523 1345 1558 μάρτυρα.
1370 1522 1526 1558 λεγομένων
1543 1523 1588 1548 τὸν
1605 1523 1664 1548 τότε
1680 1521 1812 1555 λαγαριει-

1022 1571 1088 1604 στὴν
1102 1571 1150 1605 τῆς
1166 1570 1251 1605 αὐλῆς
1267 1571 1411 1605 Ἄγγελον.
1437 1570 1498 1597 Mox
1514 1569 1591 1596 illum
1610 1568 1648 1595 ait
1665 1567 1748 1595 fuisse
1763 1568 1814 1601 ὀφ-

1022 1616 1104 1652 φικίῳ
1116 1617 1310 1650 τετιμημένον,
1324 1617 1482 1643 honoratum
1494 1615 1592 1650 ofﬁcio,
1605 1615 1657 1641 hoc
1670 1619 1712 1641 est
1726 1613 1815 1648 magi-

1021 1668 1109 1689 stratu
1131 1662 1285 1689 honorifico
1302 1663 1448 1697 insignem.
1463 1662 1550 1697 Hujus
1563 1668 1664 1688 munus
1675 1660 1813 1690 Codinus.

1021 1715 1046 1736 c.
1072 1709 1099 1740 5,
1124 1717 1152 1735 n.
1172 1709 1217 1738 84,
1243 1708 1286 1735 his
1305 1708 1399 1735 verbis
1420 1708 1551 1742 exprimit
1572 1715 1580 1734 :
1603 1707 1631 1733 '0
1657 1706 1708 1738 τῆς
1725 1705 1815 1740 αὐλῆς

1023 1756 1202 1790 ληγαριαστὴς
1219 1754 1356 1788 λογίζεται
1378 1754 1440 1785 τοὺς
1460 1754 1488 1779 ὲν
1510 1755 1542 1788 τῇ
1560 1753 1630 1788 αὐλῇ
1645 1752 1813 1787 εὑρισκομέ-

1022 1811 1084 1832 νους
1097 1802 1200 1832 πάντας
1217 1800 1379 1835 ρῡγάτοραις,
1396 1801 1419 1827 ει
1431 1800 1519 1826 λείπει
1529 1800 1581 1826 τινὶ
1599 1799 1654 1825 ἀπὸ
1665 1800 1712 1833 τῆς
1729 1799 1809 1833 701

1023 1849 1105 1883 ρὀας
1117 1847 1212 1878 αὑτοῦ,
1234 1847 1454 1883 ἢὲξεδούλευτεν
1482 1846 1552 1881 ὑπὲρ
1579 1842 1615 1873 ὧν
1641 1846 1808 1881 ἐῤῥογεύοη.

1023 1894 1081 1922 Hoc
1101 1898 1143 1921 est
1172 1894 1323 1928 interprete
1350 1893 1480 1921 Grctsero
1501 1897 1622 1920 nostro:
1645 1892 1814 1927 Logariasles

1022 1939 1221 1967 aulmuumerat
1235 1945 1259 1966 et
1275 1943 1409 1975 computat
1422 1947 1514 1966 omnes
1526 1938 1621 1966 milites
1634 1938 1679 1973 qui
1704 1939 1731 1964 in
1747 1939 1813 1964 aula

1022 1988 1153 2022 stipendia
1177 1991 1294 2019 merent;
1320 1990 1345 2012 et
1374 1986 1479 2021 dispicit
1519 1985 1637 2021 mmun
1669 1985 1750 2012 alit-ui
1781 1985 1819 2011 de

1022 2033 1151 2068 stipendio
1174 2033 1249 2064 desit,
1263 2037 1309 2059 aut
1330 2041 1392 2059 num
1409 2032 1486 2068 plene
1508 2032 1667 2067 satisfecerit
1693 2040 1741 2067 pro
1767 2033 1817 2058 sti-

1023 2083 1117 2119 pendio
1129 2082 1197 2119 quod
1212 2084 1325 2118 accepit.
1341 2082 1465 2110 Meminit
1478 2082 1558 2117 hujus
1570 2081 1653 2108 cilicii
1663 2088 1736 2115 sazpe
1746 2081 1816 2108 alibi

1023 2129 1155 2157 Codinus.
1171 2129 1238 2156 Erat
1261 2132 1291 2156 et
1314 2128 1385 2156 alius
1400 2127 1563 2162 logoriastes
1576 2135 1692 2161 magnus
1707 2133 1816 2154 memo-

188 2175 328 2202 iauuarius
358 2174 473 2201 dicitur.
501 2173 559 2201 Hoc
581 2173 654 2200 enim
682 2179 747 2199 sane
782 2171 969 2199 verissimum.
986 2183 1008 2209 ῃ
1024 2182 1100 2203 Πηυὸ
1113 2176 1202 2203 eidem
1220 2183 1275 2203 non
1306 2175 1404 2207 semel,
1429 2179 1459 2202 ut
1484 2182 1508 2202 ο,
1534 2175 1562 2207 2,
1581 2183 1609 2202 n,
1627 2174 1680 2208 40;
1706 2174 1741 2202 ab
1761 2175 1817 2202 hoc

184 2221 251 2248 illud
287 2226 378 2247 autem
412 2219 611 2250 falsissimum,
641 2217 802 2245 Ianuarium
832 2217 970 2251 Ἑκατομ-

183 2267 280 2294 ΐὶκιιίνι
305 2266 485 2301 respondere.
505 2265 542 2292 ita
567 2268 598 2291 ut
617 2263 788 2297 temporibus
815 2262 972 2290 iudicandis

182 2314 300 2341 alterunt
319 2312 429 2339 illorum
455 2310 655 2338 vocabulorum
685 2311 813 2345 usurpari
843 2315 973 2347 tauquam

181 2360 349 2395 :rquivalcns
363 2358 443 2386 alteri
456 2362 549 2391 queat,
571 2357 644 2392 quod
663 2363 834 2391 constanter,
854 2359 901 2386 sed
915 2359 973 2386 sin-

183 2406 315 2442 gulariter
327 2409 354 2432 et
369 2404 512 2436 mendose,
526 2404 706 2441 Pachymcres
722 2404 797 2432 facit.
814 2405 863 2432 llic
877 2404 974 2433 viden-

183 2455 248 2479 dum
266 2452 353 2479 solum
369 2451 534 2486 estquinam
551 2452 607 2478 sint
620 2452 659 2479 illi
672 2460 746 2487 quos
759 2452 804 2479 ltic
825 2457 971 2484 memorat,

185 2499 315 2534 ἐξηγηταὶ
329 2498 376 2524 τοῦ
388 2498 545 2533 ’Λσκρηθεν
559 2499 861 2534 πηιητοῦ,εηαιταιονεε
875 2500 973 2526 Ascruri

183 2551 278 2579 poetae.
296 2545 435 2572 Habemus
450 2545 601 2572 Hesiodum
619 2553 694 2573 mcrc
709 2546 802 2573 Grtece
818 2553 880 2572 cum
897 2553 972 2572 mere

183 2592 286 2620 Graecis
305 2591 431 2623 scholiis,
448 2590 553 2618 editum
577 2590 712 2624 Venetiis,
734 2600 779 2618 an.
797 2591 862 2618 Chr.
892 2592 971 2623 1557,

182 2646 266 2674 opera
284 2638 404 2665 Victoris
428 2637 596 2670 Trineaveli,
612 2638 691 2673 cujus
709 2638 735 2664 in
763 2637 828 2664 libri
844 2637 910 2665 l'olio
927 2638 971 2670 68,

183 2687 216 2712 ad
234 2685 310 2712 illum
325 2684 383 2719 ejus
397 2689 484 2719 poeta:
499 2692 608 2711 versum
628 2693 634 2711 :

218 2731 298 2766 Μῆνα
313 2731 342 2757 δὲ
357 2731 504 2764 Ληναιῶνα
518 2733 565 2757 καὶ
581 2731 675 2766 ἤματι
694 2730 810 2766 βούδορα
828 2731 926 2762 πάντα,

183 2777 378 2812 lloschopulus
405 2777 444 2804 sic
461 2777 575 2803 adnotat
592 2786 598 2803 :
618 2777 694 2803 Κατᾶ
717 2777 743 2803 δὲ
761 2778 834 2812 μῆνα
851 2779 901 2806 Γτὶν
916 2778 973 2812 Λη-

185 2824 297 2856 ‘.1de1,
314 2824 388 2855 ὅστις
404 2824 477 2850 ἐστὶν
497 2825 510 2850 ὁ
530 2825 704 2860 ’ίανοιιάριος
723 2825 799 2852 folio
816 2830 910 2860 postea
928 2826 970 2859 Ti,

1024 2222 1101 2257 prior
1114 2222 1296 2257 distinguitur
1314 2224 1443 2259 adjuncto
1458 2222 1527 2248 aula:
1539 2222 1686 2250 vocabulo.
1706 2221 1787 2254 Quod
1797 2230 1813 2248 a

1023 2267 1275 2300 Codiuoscribitur,
1286 2275 1311 2296 c.
1321 2268 1349 2302 5,
1359 2276 1386 2295 n.
1395 2268 1425 2296 6t
1433 2269 1480 2301 ,de
1488 2267 1634 2302 logariaste
1643 2267 1722 2299 aulae,
1730 2263 1816 2299 Οὗτος

1023 2314 1074 2340 οὐκ
1091 2313 1148 2349 ἔχει
1161 2323 1187 2341 τι
1201 2314 1369 2350 ὑπηρέτημα
1385 2314 1443 2347 νῦν,
1459 2322 1552 2341 carere
1579 2321 1648 2340 nunc
1668 2313 1816 2348 functione,

1023 2359 1103 2387 facile
1118 2360 1237 2395 quadrat
1251 2361 1278 2388 in
1294 2361 1351 2388 haec
1363 2366 1410 2388 aut
1427 2360 1509 2396 paulo
1519 2360 1672 2395 posteriora
1683 2359 1727 2386 his
1747 2363 1818 2386 tent—

1024 2417 1102 2445 pora.
1126 2408 1229 2443 quibus
1250 2407 1352 2435 vixisse
1381 2407 1505 2435 Codinus
1533 2413 1648 2443 putatur
1671 2405 1722 2434 sub
1743 2406 1818 2434 Can-

1025 2461 1158 2484 tacuzeuo
1177 2459 1224 2482 aut
1240 2462 1301 2482 cum
1323 2454 1382 2485 illo.
1404 2453 1456 2481 hoc
1472 2458 1515 2481 est
1531 2454 1687 2488 principatu
1706 2454 1818 2482 Andro-

1025 2502 1080 2529 nici
1094 2502 1226 2529 .lunioris.
1239 2501 1321 2535 hujus
1336 2500 1495 2532 Andronici,
1507 2501 1587 2534 cujus
1611 2501 1754 2528 historiam
1764 2502 1819 2528 Pa-

1024 2548 1168 2583 ehymeres
1193 2547 1245 2574 hoc
1271 2555 1353 2580 opere
1373 2546 1465 2578 tradit,
1485 2547 1593 2581 nepotis
1617 2551 1646 2573 et
1666 2547 1819 2581 aliquando

1025 2595 1147 2629 collegre.
1161 2594 1230 2622 Cum
1251 2594 1324 2621 enim
1341 2601 1373 2620 ex
1390 2593 1433 2620 bis
1447 2601 1508 2628 qua:
1531 2601 1603 2628 saepe
1621 2595 1749 2628 superius
1767 2603 1817 2622 no—

1026 2647 1083 2669 ster
1100 2646 1216 2676 questus
1230 2645 1271 2667 est
1291 2640 1326 2667 de
1349 2640 1471 2674 neglecta
1492 2640 1630 2667 solutione
1649 2641 1815 2675 pensionuln

1025 2688 1160 2716 militibus
1184 2687 1369 2718 decretorum,
1390 2695 1458 2721 quas
1472 2687 1554 2722 ρὁας
1580 2687 1703 2714 Codiuus
1727 2693 1756 2715 et
1769 2688 1816 2716 alii

1024 2739 1133 2766 vocant,
1152 2734 1321 2768 intelligatur
1337 2734 1439 2760 sensim
1458 2733 1600 2760 inductum
1626 2733 1677 2760 sub
1704 2734 1810 2761 Andro-

1025 2781 1088 2807 nico
1104 2781 1206 2808 seniori
1227 2788 1331 2807 m0rem
1348 2780 1467 2815 primum
1487 2788 1551 2807 sero
1567 2789 1617 2808 nec
1640 2780 1748 2815 integre
1762 2781 1804 2808 sol

1026 2827 1107 2856 tendi
1119 2827 1192 2863 quod
1208 2828 1389 2856 constitutum
1409 2827 1596 2855 militantibus
1610 2832 1680 2862 erat,
1701 2828 1814 2862 deinde,
