1954 3063
95 123 146 158 761

788 135 1052 168 GLOSSARIUM.

1679 136 1736 169 7C2

95 192 124 212 ut
137 191 263 220 apparet,
287 194 400 221 prorsus
423 189 553 224 negandi,
573 190 663 218 locum
691 193 811 227 amplius
831 200 886 219 non
905 197 926 224 Α
942 195 1002 221 dam
1015 196 1048 222 ad
1065 195 1128 223 olitn
1144 204 1158 223 a
1172 204 1214 224 me
1227 203 1317 225 notata
1332 199 1365 225 ad
1387 197 1438 225 hoc
1458 199 1580 225 verbum.
1602 197 1733 225 Occurrit

95 233 195 260 .iabiiit
211 233 317 260 functio
333 234 484 268 Iogariastze
499 237 579 269 aula),
596 238 617 264 si
637 238 695 273 ejus
711 245 781 269 erat.
796 244 824 265 ut
844 243 886 266 est

96 281 213 313 tIietuut,
242 281 387 315 providere
408 286 437 309 ut
455 283 560 318 integre
591 285 738 319 pensiones
761 286 818 314 ista:
838 294 888 319 pro

96 326 179 352 modo
198 331 304 353 navata:
330 335 421 361 opera:
439 336 662 357 numerarentur.
682 332 774 358 Potitii
796 337 887 359 tamen

95 380 198 398 nomen
215 377 243 398 et
267 372 356 399 honor
383 373 465 408 hujus
486 375 660 409 magistratus
675 377 798 408 retineri.
815 379 887 412 quod

97 419 142 445 hic
158 423 252 446 noster
264 419 376 446 indicat.
397 421 449 447 etsi
467 422 521 455 jam
540 427 596 448 tuin
615 423 697 455 forte,
714 425 735 450 si
751 425 889 457 (Iodiitus,

97 466 177 500 cujus
203 469 270 491 tetas
304 469 347 492 est
375 465 490 498 incerta.
518 469 570 495 sitb
597 471 756 497 Andronico
780 471 890 499 su-niore

98 513 223 546 Scripsit,
248 513 310 547 ejus
345 514 544 546 ministerium,
578 515 756 551 ὑπηρέτημα,
788 525 892 545 cessas-

99 566 152 588 set.

135 606 380 640 Μαιμακτηριών.
397 615 424 641 p.
450 607 513 634 38‘2.
532 607 605 635 Cave
623 613 701 642 putes
718 609 770 637 hoc
786 615 814 636 ut
833 610 893 637 aliis

99 653 168 680 locis
185 653 267 688 hujus
288 654 410 680 historia:
427 654 511 688 priori
528 659 622 681 nostro
635 655 774 682 Glossario
791 656 894 683 indica-

100 699 134 725 tis
152 699 391 733 Μιιμαχτηριῶναι
415 699 526 726 Juninut
546 699 612 726 dici.
641 700 788 734 [lt-pugnat
805 702 894 728 inani-

98 746 168 773 fn-stc
183 746 326 774 character
348 746 433 773 ferite.
452 746 518 773 Nam
537 747 722 773 certissimum
734 755 776 774 est
788 756 891 774 annum

99 801 156 827 quo
179 794 223 820 hic
245 798 353 820 narrata
368 794 425 827 geri
441 793 570 828 contigit,
587 794 673 820 fuisse
693 794 795 820 Christi
814 794 892 825 ιδυι,

99 840 148 873 qui
171 840 232 866 sine
251 841 303 866 ulla
323 841 514 866 controversia
529 841 635 874 cyelum
653 840 720 867 solis
736 842 893 867 niunerarit

98 885 153 919 ‘25,
173 885 236 919 quia
254 893 319 911 vero
332 885 481 911 bissextilis
498 886 560 916 luit,
576 885 713 918 duplicent
741 885 836 912 habuit
853 886 895 912 iti—

99 932 194 959 dicent
221 931 369 958 Douiiniem
398 931 529 964 litteram,
545 931 565 957 E
589 936 617 958 et
634 932 666 963 Ι),
682 940 800 965 quarum
817 933 894 967 prior

99 985 191 1012 usque
209 977 242 1004 ad
254 977 289 1004 28
300 977 443 1004 Februarii
462 978 546 1009 diem.
567 978 674 1012 reliquo
691 978 754 1005 inde
771 983 894 1012 tempore

99 1024 242 1058 posterior
262 1025 288 1050 in
319 1031 368 1050 usti
399 1022 460 1050 fuit.
478 1024 570 1050 Mense
587 1024 670 1058 ibitur
683 1024 776 1055 Juuio.
791 1025 814 1051 si
834 1026 894 1058 ejus

100 1071 274 1098 meminisset
290 1070 342 1096 ltoc
355 1070 415 1096 loco
432 1070 626 1105 Paeliyineres,
641 1075 783 1104 oporteret
801 1071 826 1097 iu
844 1071 895 1098 Ka-

99 1118 229 1145 leiidario
246 1118 278 1144 ad
293 1118 364 1145 latus
377 1118 515 1145 vicesima:
536 1118 631 1151 prima:
648 1117 703 1144 diei
728 1118 848 1146 litteram
874 1119 895 1146 Β

100 1167 223 1194 indicem
245 1170 327 1193 se.er
344 1166 430 1195 ferize.
463 1166 574 1200 quando
591 1165 612 1192 D
638 1166 754 1200 primam
770 1166 896 1200 designat

99 1213 211 1245 feriam,
237 1213 348 1246 signari.
364 1214 444 1247 Atqui
463 1218 571 1243 contra.
590 1218 619 1239 ut
639 1214 726 1247 palam
753 1213 894 1244 Cernitur,

102 1260 123 1285 Ι)
140 1260 245 1289 littera.
265 1260 407 1286 character
422 1259 553 1285 videlicet
570 1258 720 1285 Dominicre
736 1258 833 1292 ipsius,
856 1258 897 1284 vi-

101 1307 235 1334 cesimam
263 1305 376 1339 primam
391 1305 466 1333 Junii
487 1305 560 1331 diem
588 1304 710 1338 insignit.
727 1303 787 1330 Non
814 1305 897 1339 igitur

101 1352 137 1377 de
154 1351 239 1378 .quio
255 1351 299 1377 hic
312 1359 415 1377 sermo.
438 1349 515 1377 Vidit
531 1350 582 1377 hoc
598 1350 725 1384 quisquis
741 1355 784 1377 est
801 1355 897 1378 auctor

102 1398 308 1432 parapliraseos
322 1397 467 1424 Vaticana}.
493 1397 561 1424 Nam
581 1397 603 1424 is
623 1398 674 1424 etsi
696 1397 762 1424 alibi
787 1405 897 1430 semper

102 1444 348 1478 Μαιμακτηριὼνα
378 1443 489 1471 Junium
510 1443 611 1474 reddit,
628 1443 668 1470 sic
681 1448 780 1477 prteter
793 1450 896 1469 morem

102 1492 180 1518 hunc
198 1491 289 1518 locum
312 1489 500 1524 παραφρὰζει.
529 1488 637 1525 Ἡμέρᾳ
665 1491 714 1523 μὲν
733 1488 780 1516 οὖν
807 1490 898 1524 Παρα-

939 241 1004 268 iuihi
1029 242 1126 272 deinde
1150 243 1220 270 forte
1247 243 1346 277 legenti
1363 245 1480 271 ’l‘zeizi-u
1499 244 1578 278 hujus
1589 245 1732 271 enarratio

939 287 1075 317 vocabuli.
1091 288 1210 316 cliiliade
1228 289 1255 320 4,
1273 290 1314 317 his
1332 290 1455 318 versibus
1471 298 1479 317 :

947 353 1062 380 Ταυτὸγ
1086 353 1126 386 τῷ
1145 355 1387 390 βλιτομάμμοντι
1401 356 1602 391 μαμμάκυτος
1622 356 1732 390 σημαί-

943 425 1026 452 Ἵιτοί
1041 426 1142 460 μωρὸν
1158 427 1396 460 συγχρύλτοντα
1417 427 1542 461 μάμμην
1557 437 1589 469 τες
1599 392 1733 469 frigor-

942 495 1037 529 Μωρὲ,
1053 497 1128 530 φησὶ
1145 497 1199 532 γὰρ
1217 496 1388 531 προφανῶς,
1409 463 1730 569 cura]:ivrftevgdtjidp-

1550 542 1610 567 μαν
1627 542 1696 560 σου.

1550 542 1610 567 μαν
1627 542 1696 560 σου.

944 597 1044 632 Origini
1061 598 1104 625 hic
1131 600 1254 626 iinliealie
1281 601 1354 627 vocis
1380 599 1578 635 μαμμὰκουοος
1607 600 1659 626 ἀπὸ
1684 599 1734 634 τῆς

947 645 1064 679 μάμμης
1083 652 1265 673 ronseulance
1283 647 1376 673 scribit
1390 646 1560 673 Pliavoriutis
1573 646 1599 672 iii
1615 646 1713 673 Lexico
1725 655 1734 672 ;

945 691 1151 725 Μαμμάκουοοι
1181 693 1242 718 ἀντὶ
1271 693 1319 718 τοῦ
1349 693 1575 728 μαμμόορεπτοι.
1603 692 1735 719 llenrirus

945 737 1099 772 Stephanus
1126 738 1152 764 in
1171 737 1306 765 Thesauro
1323 739 1559 773 μαμμηορέπτους
1576 739 1627 766 dici
1659 743 1736 773 putat

945 791 1043 818 pueros
1059 784 1167 812 mollius
1183 791 1208 810 et
1227 785 1411 820 indulgentius
1424 786 1563 816 educatos,
1586 786 1679 820 quales
1697 786 1734 812 illi

945 834 1006 856 sunt
1029 830 1073 864 qui
1091 831 1124 857 ab
1138 831 1196 857 avia
1215 839 1262 865 pro
1280 839 1376 858 senutti
1391 840 1468 858 more
1485 832 1606 859 tenerius
1623 838 1736 867 nepotu-

912 866 930 893 Β
947 875 986 902 los
1001 881 1108 902 amante
1133 877 1300 904 nutriitiitur.
1329 877 1467 911 Ejusmodi
1493 885 1553 904 cum
1583 879 1685 905 inertes
1710 883 1737 904 et

947 923 1090 956 voluptarii
1112 930 1171 949 esse
1185 923 1299 954 soleant,
1316 923 1379 950 hine
1402 923 1549 950 adh-arsisse
1566 928 1639 956 putat
1656 931 1736 950 roea-~

947 969 1008 994 bulo
1027 969 1245 1003 μαμμὸορεπτος
1275 969 1391 996 similem
1417 969 1608 996 dissolutionis
1627 975 1653 995 et
1670 970 1736 995 ἁκο-

945 1013 1042 1045 λασίας
1062 1015 1200 1041 infamiatii
1216 1016 1239 1041 ei
1255 1023 1336 1049 quatit
1352 1016 1439 1042 Latini
1452 1024 1499 1042 usu
1514 1016 1628 1050 antiquo
1644 1015 1732 1042 aﬂixe-

947 1065 1011 1086 runt
1028 1061 1109 1087 verbo
1127 1069 1215 1095 nepos.
1238 1062 1273 1087 Ita
1291 1062 1355 1090 ille:
1381 1071 1412 1089 ex
1432 1063 1510 1096 cujus
1525 1063 1659 1090 sententia
1677 1063 1738 1089 ttul-

947 1107 998 1132 lam
1031 1108 1151 1134 stultitiae
1177 1117 1208 1135 ae
1238 1109 1411 1136 Iiebetudiuis
1437 1110 1546 1141 mentis,
1571 1110 1617 1136 sed
1649 1110 1736 1136 solum

948 1153 1061 1180 luituriei
1077 1154 1266 1180 iutliCutionein
1283 1155 1437 1182 contineret
1453 1155 1612 1182 vocabulum
1625 1155 1738 1190 μαμμό-

948 1198 1075 1234 θῃεπτος,
1101 1205 1181 1234 atque
1198 1201 1263 1227 adeo
1288 1208 1340 1227 non
1359 1201 1533 1234 :equivaleret
1563 1201 1601 1236 τῷ
1622 1203 1739 1236 μαμμα-

948 1246 1048 1280 κιὺοῳ,
1073 1251 1152 1280 prutit
1178 1247 1256 1273 docet
1282 1246 1468 1280 Pliavuriiuis;
1499 1247 1543 1274 cui
1579 1253 1683 1279 tamen,
1711 1252 1740 1274 ut

950 1291 1060 1324 opinor,
1083 1291 1167 1317 tutius
1179 1292 1299 1318 creditur
1315 1292 1454 1318 cuarrauli
1471 1300 1526 1319 sua:
1550 1291 1647 1326 lingua:
1659 1292 1742 1326 origi-

949 1345 996 1364 nes
1012 1345 1092 1371 quani
1108 1342 1181 1363 tanto
1197 1339 1340 1365 recentiori
1355 1337 1550 1369 Grammaticri,
1564 1340 1741 1372 quantumvis

949 1390 1088 1414 at't‘llrillo,
1117 1385 1265 1418 Stephano.
1282 1384 1366 1412 Multo
1384 1385 1465 1420 igitur
1489 1385 1586 1413 melior
1602 1385 1646 1412 illa
1665 1386 1740 1412 vocis

951 1431 1170 1467 μαμμὸορεπτος
1187 1431 1322 1464 expositio
1337 1437 1375 1458 est
1397 1440 1477 1465 quam
1494 1433 1613 1467 suggerit
1629 1438 1741 1460 sanctus

949 1478 1127 1513 Augustinus,
1143 1477 1274 1503 c0ucione
1286 1477 1352 1508 2,1‘ii
1369 1476 1444 1504 Prol.
1461 1486 1525 1509 xu,
1536 1478 1568 1505 ad
1585 1478 1628 1504 illa
1639 1478 1739 1505 verba:

103 1538 192 1571 σκευῇ
207 1534 305 1572 πρώτῃ
326 1536 373 1562 τοῦ
389 1535 498 1562 Ἰουλίου
515 1536 612 1570 μηνός,
628 1540 682 1562 etc.
700 1535 835 1562 Caeterum
854 1535 897 1562 hic

953 1524 1008 1559 Ego
1021 1529 1108 1550 autem
1127 1523 1153 1550 iit
1173 1529 1197 1550 te
1224 1523 1338 1556 speravi,
1368 1523 1488 1550 Domine.
1505 1523 1533 1550 Si
1557 1524 1680 1556 attendit,
1698 1524 1740 1551 iit-

101 1584 230 1619 argutior
247 1584 274 1610 iii
291 1582 434 1610 odoranda
450 1582 525 1610 vocis
541 1581 765 1617 Μαιμακτηρεών
781 1582 896 1616 ancipiti

102 1632 220 1658 notione
249 1638 331 1665 quam
362 1630 468 1657 felicior
492 1630 519 1656 in
549 1637 602 1656 uita
627 1637 689 1656 vera
707 1637 739 1655 ex
773 1629 897 1662 pluribus

102 1678 289 1705 discernenda
313 1677 376 1704 fuit.
391 1677 446 1705 Nec
465 1678 539 1704 enim
557 1677 630 1704 Julio
648 1677 736 1704 triensi
753 1676 898 1702 character

104 1725 152 1751 hic
167 1725 293 1758 corgrnit
309 1728 338 1750 ut
354 1724 385 1750 2i
401 1723 473 1750 diem
491 1723 581 1749 littera
598 1722 618 1749 Β
633 1722 767 1756 insignem
785 1721 896 1748 habeat.

102 1769 177 1796 Nota
194 1768 251 1794 hzrc
264 1768 374 1802 propria
392 1767 498 1795 sextilis
513 1767 573 1794 sire
594 1767 708 1802 Augusti
726 1767 828 1793 mensis
844 1770 897 1796 est.

103 1819 134 1840 et
149 1813 263 1847 qui-leni
280 1814 367 1840 solius
391 1813 464 1840 inter
480 1820 578 1839 omnes
602 1814 667 1839 anni
684 1820 802 1839 menses.
820 1811 898 1839 Unde

104 1868 165 1887 non
194 1860 303 1886 ridetur
327 1860 511 1887 dubitandum
531 1861 597 1894 quin
625 1868 707 1894 quem
732 1860 798 1887 alibi
818 1860 899 1894 702

105 1907 281 1934 ιῐοσειδεὼυα
305 1913 399 1934 noster
429 1907 567 1941 appellare
595 1907 748 1938 consuevit.
766 1907 818 1934 hoc
839 1907 900 1934 loco

106 1953 354 1988 Μοιῳακττριῶνα
371 1953 482 1980 dixerit.
506 1953 579 1980 Sane
601 1954 659 1988 ipse
680 1954 770 1980 innuit
792 1961 846 1980 non
866 1961 900 1981 ex

107 1999 224 2035 propria
241 2007 269 2025 se
284 1999 341 2029 hic,
360 1998 408 2025 sed
433 2005 465 2025 ex
479 1998 568 2025 aliena
588 1998 662 2033 loqui
674 1998 821 2031 sententia,
834 1998 899 2026 dum

107 2047 184 2073 hunc
200 2053 321 2072 mensem
339 2053 393 2071 non
410 2044 535 2071 absolute
551 2045 791 2079 Μαιμακτηριῶνα
809 2048 899 2076 vocat.

107 2092 158 2120 sed
187 2100 251 2118 cum
283 2091 330 2125 qui
350 2092 427 2124 juxta
454 2091 638 2118 Athenienses
664 2090 703 2118 sic
729 2091 899 2125 appelletur;

106 2136 344 2174 quemadmodum
365 2137 406 2172 lP.
434 2136 498 2172 495]
516 2136 599 2168 idem,
615 2145 641 2170 p.
658 2136 722 2168 506,
745 2136 843 2163 scribit
857 2137 902 2165 Ja-

109 2185 252 2216 nuarium,
268 2191 350 2218 quem
371 2183 501 2210 nimirum
522 2183 592 2217 ipse.
607 2187 637 2209 ut
649 2191 674 2210 c.
688 2185 713 2212 1.
725 2184 744 2210 l.
757 2191 785 2210 Ill
803 2183 903 2211 Obser-

107 2231 252 2258 vationum
282 2229 348 2257 torni
376 2230 476 2264 prioris
499 2230 680 2261 ostendimus,
699 2230 904 2257 llecatombmo—

108 2285 174 2304 ueni
196 2277 304 2310 judieat
334 2277 436 2303 debere
459 2276 602 2310 appellari,
631 2276 794 2303 LClltBUnt'ln
822 2277 902 2312 juxta

108 2324 295 2350 Atheuienses
308 2331 321 2349 a
337 2322 501 2357 quibusdam
518 2322 584 2353 dici,
607 2331 661 2349 non
689 2328 763 2350 rerte
776 2331 828 2350 suo
843 2325 905 2358 qui-

109 2371 172 2397 deni
204 2369 321 2404 judicio,
348 2377 506 2404 quanquam
536 2370 594 2402 ipse
627 2370 775 2404 aliquando
804 2377 901 2397 eorum

111 2418 306 2443 auctoritatem
334 2410 457 2443 secuttts'
475 2415 583 2442 fuisset.
602 2415 697 2442 Simile
713 2416 842 2450 quiddam
858 2417 903 2444 hic

112 2462 333 2496 intelligendum,
349 2461 402 2488 etsi
426 2467 523 2488 auctor
537 2470 586 2496 pro
615 2470 665 2489 suo
690 2471 767 2489 more
785 2462 903 2490 obscure

110 2517 143 2536 ae
158 2507 302 2534 dimidiato
330 2515 374 2534 res
387 2507 558 2541 exprimendi
575 2509 650 2535 clare
668 2508 764 2542 utique
787 2516 842 2535 non
859 2509 902 2536 in-

111 2555 197 2585 dicat.
215 2554 261 2581 sed
276 2554 404 2581 absolute
419 2553 530 2581 videtur
545 2554 636 2582 dicere
653 2555 806 2590 Augustum
820 2555 904 2583 Athe—

111 2601 258 2629 nicnsibus
285 2601 535 2628 Mzemacterionem
554 2609 626 2632 esse,
643 2610 705 2629 cum
730 2607 820 2629 tamen
837 2604 904 2631 satis

112 2653 245 2684 appareat
261 2648 288 2674 id
306 2648 383 2675 illum
406 2656 460 2675 non
476 2648 628 2676 credidisse
645 2650 725 2683 plano
753 2650 790 2677 ita
804 2657 832 2677 se
855 2650 904 2677 iia-

113 2694 188 2720 bere.
210 2693 316 2720 Etenim
334 2693 356 2720 si
384 2693 424 2720 sic
437 2698 574 2724 censeret.
592 2701 646 2720 non
667 2699 721 2720 tam
739 2702 809 2728 εωρθ
836 2695 903 2721 alibi

116 2740 337 2767 .llttmacterionis
361 2739 494 2767 vocabulo
510 2739 634 2772 Juniuiu,
656 2740 811 2774 Augustum
837 2748 903 2768 vero

113 2786 267 2813 I‘aaideonio
286 2785 446 2812 iudicasset.

148 2831 360 2866 Μαμάκυυθος.
377 2831 507 2866 tle-3:59“
525 2831 663 2865 φροντίδες
679 2832 727 2857 καὶ
752 2831 838 2865 φίλων
851 2832 905 2859 τῶν

113 2878 214 2913 infuit;
231 2878 244 2904 ὖ
268 2878 400 2913 ops/ﬂuat;
423 2884 568 2912 suggerunt
587 2878 630 2905 hic
648 2878 750 2912 aliquid
767 2881 839 2912 quod
856 2879 904 2906 ad-

952 1570 1021 1603 quit,
1041 1569 1126 1596 adhuc
1150 1569 1291 1600 hominem,
1312 1574 1336 1596 el
1354 1577 1411 1595 eum
1427 1569 1522 1604 qua’ris
1543 1569 1644 1595 imitari
1671 1574 1694 1596 et
1708 1577 1742 1596 εκ

952 1618 998 1644 illa
1015 1619 1136 1652 peni/ere,
1151 1617 1237 1643 adhuc
1252 1616 1319 1642 lacte
1345 1616 1383 1642 vis
1397 1616 1494 1654 nutriri
1505 1621 1528 1643 et
1545 1617 1592 1650 ﬁes
1609 1623 1740 1643 inanimo-

952 1664 1088 1698 llireptus,
1115 1663 1206 1698 quales
1234 1665 1362 1690 (liritnlitr
1390 1663 1464 1697 pueri
1491 1663 1535 1696 qui
1563 1663 1606 1688 diu
1633 1668 1740 1696 sugunl,

951 1712 1020 1746 quod
1037 1719 1088 1737 non
1106 1712 1190 1738 decet.
1215 1709 1314 1737 Notum
1332 1715 1421 1736 autem
1438 1715 1479 1736 est
1501 1709 1678 1743 experientia.
1693 1716 1741 1736 cn-

949 1759 994 1793 jus
1010 1759 1150 1793 assignant
1164 1765 1273 1784 causam
1292 1757 1399 1788 medici,
1418 1764 1517 1791 pueros
1535 1757 1582 1792 qui
1597 1763 1649 1782 non
1667 1755 1743 1782 abla—

952 1810 1061 1832 ctantur
1078 1804 1250 1839 tempestive,
1278 1804 1435 1831 adolescere
1453 1803 1550 1830 bardos
1562 1810 1592 1829 ac
1608 1801 1742 1836 stupidus,

953 1856 981 1878 et
1008 1851 1103 1886 quales
1137 1851 1330 1878 describuntur
1364 1849 1398 1876 ab
1431 1848 1611 1882 Aristophane
1639 1847 1744 1881 Βκτρά-

953 1906 1022 1932 χθιζ,
1053 1897 1097 1924 fol.
1129 1897 1191 1929 125,
1217 1905 1243 1931 p.
1260 1896 1334 1923 ﬁed.
1366 1895 1460 1922 Grazea
1487 1894 1651 1921 Florentium
1679 1893 1742 1919 anni

954 1944 1024 1971 1525
1037 1965 1045 1973 ,
1079 1943 1294 1977 ἀϐελτερώτεροι
1307 1962 1315 1975 ,
1346 1941 1492 1976 κεχηνότες
1505 1959 1514 1972 ,
1549 1939 1743 1974 μαμμάκυῠοι,

954 1992 1038 2018 stulte
1061 1990 1189 2018 Iiiabundi
1206 1995 1232 2016 et
1245 1989 1357 2016 salivam
1367 1996 1414 2014 ore
1429 1987 1509 2022 703
1524 1986 1639 2013 deﬂuere
1651 1986 1746 2012 sitien-

955 2043 1004 2067 tes.
1035 2037 1106 2072 quod
1135 2037 1144 2063 l
1169 2036 1246 2062 Sani.
1262 2043 1288 2062 c.
1318 2043 1375 2066 Xiti,
1406 2034 1449 2066 l3,
1466 2033 1618 2060 ntiusauize
1636 2032 1743 2066 signum

954 2086 1075 2119 ponitur.
1092 2081 1161 2109 Galli
1180 2081 1258 2108 hodie
1277 2079 1379 2114 vulgari
1401 2086 1527 2106 sci-moue
1542 2078 1608 2104 tales
1625 2079 1746 2103 induant

955 2131 1038 2158 verbo
1063 2129 1125 2160 τοὺς
1148 2127 1300 2162 κεχηνότας
1316 2126 1495 2161 exprimente,
1511 2126 1627 2151 bad/uix.
1644 2124 1696 2150 Sed
1712 2125 1745 2150 de

957 2177 998 2204 liis
1010 2177 1071 2210 plus
1085 2175 1162 2202 satis.

990 2221 1192 2256 Μαρκούτζας.
1207 2220 1283 2254 Quod
1312 2221 1338 2247 in
1353 2220 1435 2255 priori
1464 2219 1604 2248 CIossario
1622 2217 1746 2252 suspica-

956 2269 1004 2295 bar
1031 2268 1208 2303 μαρκούτζας
1225 2267 1366 2300 legendum
1393 2267 1446 2294 vol.
1478 2267 1499 2297 Ι,
1523 2274 1550 2301 p.
1576 2265 1640 2298 282,
1668 2272 1746 2292 cout-

955 2318 1054 2348 proi~at
1070 2313 1212 2340 Mitllt‘ellls
1229 2318 1334 2343 nOSIer.
1353 2312 1431 2346 cujus
1447 2319 1463 2338 e
1479 2310 1577 2338 litteris
1593 2312 1625 2337 ad
1644 2318 1687 2337 me
1701 2310 1748 2336 da-

957 2361 991 2385 tis
1009 2361 1065 2386 lurc
1084 2360 1230 2386 describo:
1249 2367 1258 2384 t
1279 2359 1307 2385 In
1326 2359 1408 2385 verbo
1428 2357 1616 2393 Μαρμούτζας
1632 2356 1748 2390 praefero

957 2408 966 2431 t
984 2412 1045 2431 eum
1068 2403 1233 2437 exemplaria
1250 2411 1310 2438 quae
1331 2404 1507 2438 μαρκούτζας
1532 2403 1669 2435 scribunt,
1685 2409 1746 2428 cum

955 2450 1014 2483 ejus
1030 2450 1153 2478 rocanuli
1171 2450 1209 2477 sic
1230 2451 1324 2484 scripti
1342 2451 1420 2484 origo
1433 2450 1548 2476 Arabica
1574 2449 1661 2476 iareat
1683 2457 1748 2475 sen-

957 2497 1047 2523 tentia:
1079 2497 1134 2523 illic
1161 2496 1286 2523 indicata:
1315 2496 1565 2532 Ρηυιι)·ιιιθι·ἰε.ῆῃ
1593 2503 1651 2522 mar
1672 2495 1747 2522 enim

956 2544 1089 2570 Aiabibus
1107 2544 1146 2570 vir
1168 2549 1258 2577 Sonat,
1274 2549 1302 2570 ct
1319 2547 1369 2576 iam
1393 2543 1467 2571 kutzi
1486 2544 1659 2580 longinquus.
1690 2543 1750 2570 sive

955 2597 989 2617 ex
1005 2590 1153 2625 longinquo
1169 2590 1307 2625 prolectus
1325 2591 1442 2618 advena.

992 2647 1036 2684 [P.
1069 2647 1144 2684 £96].
1173 2649 1413 2681 Μεσιτεύοντες,
1440 2655 1466 2682 p.
1495 2647 1558 2675 208.
1589 2647 1627 2674 Ex
1657 2645 1750 2673 multis

958 2694 1078 2721 historiae
1094 2694 1172 2728 hujus
1189 2695 1267 2727 locis.
1283 2700 1312 2722 et
1329 2695 1482 2730 gmqualium
1502 2693 1661 2729 Pacliynicri
1681 2692 1750 2719 scri-

957 2746 1079 2773 ptorum.
1096 2740 1297 2767 observandum
1326 2741 1421 2773 semel,
1447 2739 1480 2767 ad
1499 2739 1577 2773 hujus
1591 2742 1618 2765 et
1633 2736 1747 2764 aliorum
1761 2738 1766 2744 '

958 2786 1166 2820 intelligentiam
1190 2787 1322 2819 locorum,
1354 2787 1546 2822 μεσιτεύοντας
1573 2786 1618 2812 illa
1646 2790 1751 2820 tempe-

959 2835 1029 2858 state
1043 2831 1278 2868 Constaiitiuopoli
1293 2833 1346 2859 dici
1371 2841 1419 2860 eos
1435 2834 1541 2867 solitos,
1559 2831 1605 2868 qui
1621 2831 1707 2866 gratia
1721 2835 1750 2858 et

958 2878 1159 2907 existimatione
1182 2881 1208 2907 iii
1226 2879 1322 2914 primis
1346 2880 1480 2914 pollentes
1505 2881 1576 2915 apud
1595 2878 1728 2916 principe:
