1954 3063
92 115 162 146 7C5

801 117 1066 151 GLOSSARIUM.

1694 123 1747 155 766

88 176 319 212 appellationem
345 186 467 207 scrvare.
494 178 596 207 Ferunt
617 178 691 207 enim
715 178 781 206 illud
807 178 903 206 condi-
919 179 1050 212 Αδοῦλος
1072 179 1120 207 τοῦ
1148 180 1227 213 Θεοῦ,
1257 185 1311 208 ctc.
1337 180 1370 209 Et
1392 185 1472 208 antea
1495 181 1593 209 similia
1618 182 1746 210 attulerat

91 228 163 257 tum
183 231 198 250 a
216 223 341 251 Baburxa
363 225 452 260 magni
475 225 646 253 Tamerlanis
663 230 820 259 pronepote.
845 223 900 251 Ta-

91 268 261 295 mcrlanem
286 274 377 296 autem
401 277 431 296 se
455 277 541 304 genus
561 277 576 297 a
601 269 799 304 Megalensibus
832 269 899 295 anti-

91 315 170 349 quis
187 315 358 349 principibus
374 315 486 342 duxisse
502 316 573 342 haud
591 323 659 342 vane
682 316 837 350 gloriatum,
855 322 899 341 sa-

93 361 136 387 tis
151 365 198 388 est
217 361 375 388 verisimile.
396 361 463 392 Nam
482 362 532 388 etsi
555 362 625 388 hunc
640 362 775 388 vilissimo
790 368 899 396 genere,

94 411 186 441 patre
207 407 337 441 pecuaria
355 412 446 434 natum
464 407 489 434 in
507 408 652 441 Sogdianis
666 408 804 434 montibus
819 406 900 434 Turni

94 454 263 488 prasertim
289 454 414 481 historici
437 454 617 482 Ottomauicis
642 454 809 489 principibus
833 453 901 480 adu-

95 500 196 527 lantes
215 500 390 534 scripserint,
415 501 448 527 ad
467 500 649 528 infamandam
668 501 726 536 ejus
742 501 899 528 memoriam

94 547 149 581 qui
170 546 325 573 Baiazctem
347 547 418 574 bello
437 547 536 574 victum
553 554 584 573 ac
605 550 713 581 captum
734 546 792 572 dira
814 553 900 579 usque

95 592 135 618 ad
165 598 281 619 mortem
306 593 429 620 custodia
457 594 605 624 tenuisset,
633 598 721 618 tamen
745 591 900 618 Alhacenus

94 638 207 669 Arabs,
232 637 277 672 qui
291 638 316 664 ei
340 646 432 665 comes
453 638 607 665 individuus
624 637 824 671 expeditionum
843 643 901 663 om-

95 683 182 710 nium
204 684 351 711 adhaesisse
366 684 468 712 dicitur
484 689 510 711 et
526 684 585 712 ideo
606 685 702 711 merito
717 684 838 711 creditur
856 690 900 710 res

95 729 163 763 ejus
175 738 232 764 prie
247 731 352 758 ueteris
367 736 524 766 perspectas
547 731 687 763 habuisse,
704 731 730 757 in
746 729 803 765 ejus
818 737 899 764 quam

95 776 217 809 scripsit.
237 777 289 802 vita
313 782 427 804 testatur
458 777 545 809 illum.
564 785 625 804 cum
646 777 827 804 inclarescere
840 782 899 804 stu-

94 822 204 856 pendis
243 820 411 850 facinoribus
439 822 480 859 [P.
511 823 575 859 £98]
613 824 684 850 circa
716 823 817 850 Christi
847 830 897 850 an-

96 875 171 894 num
190 868 260 895 1390
274 869 366 902 ccepit,
381 877 435 896 non
449 877 481 896 ex
495 870 598 904 privata
614 874 640 897 et
654 870 763 897 sordida
779 869 898 901 fortuna,

96 915 151 941 sed
166 923 200 941 ex
215 915 384 950 avito,quem
399 916 573 943 haereditario
587 917 647 952 jure
657 916 835 951 suscepisset,
846 916 898 943 Sa-

96 960 262 988 maritaudzr
277 962 466 997 priucipatuiu
480 970 539 990 eam
557 963 711 989 claritatem
731 963 876 990 emersisse
890 971 896 989 :

98 1007 190 1034 fuisse
209 1009 309 1043 quippe
333 1009 409 1035 illum
435 1009 578 1036 oriundum
597 1019 612 1037 e
627 1010 702 1045 regio
720 1009 895 1041 Tatarorum,

98 1053 154 1081 hoc
166 1058 210 1081 est
226 1054 433 1090 Mogulensium,
449 1055 642 1090 imperatorum
658 1056 798 1090 sanguine.
819 1055 897 1089 Quod

99 1101 224 1128 iunuens
239 1102 363 1134 Bizarus,
379 1102 397 1130 Ι.
415 1110 453 1134 lx,
473 1102 572 1129 fatetur
591 1111 605 1129 a
629 1103 767 1130 nonnullis
785 1104 810 1129 in
826 1102 896 1129 litte-

100 1155 148 1174 ras
175 1147 291 1174 relalum
322 1148 405 1175 fuisse
427 1148 617 1176 Tamerlanem
649 1149 734 1176 lilium
760 1149 831 1183 (hoc
855 1153 896 1175 est

100 1200 188 1219 unum
203 1199 218 1219 e
234 1193 361 1228 poste-ris)
384 1193 474 1228 magni
494 1193 588 1220 Cbami
607 1193 790 1226 Tatarorum;
811 1198 838 1220 rt
855 1194 896 1220 di-

99 1243 176 1265 serte
193 1238 351 1266 Alianabius
373 1243 400 1266 et
414 1239 553 1266 Ahmedus
577 1239 697 1267 bisto‘rici
722 1240 836 1271 Arabes,
861 1240 896 1267 ab

102 1283 233 1311 Eduardo
259 1283 394 1312 Pocockio
418 1285 519 1312 laudati
549 1285 576 1313 ill
596 1285 734 1320 Supplem.
764 1286 892 1313 Cbronici

100 1330 320 1366 Abulpharagii,
349 1339 375 1366 p.
400 1331 427 1363 5,
452 1331 641 1360 Tamerlanetn
671 1340 686 1359 e
709 1331 894 1367 Gingirbane

101 1379 192 1413 primo
226 1378 331 1412 imperii
373 1378 568 1414 ltlognlensium
603 1379 744 1406 conditore
782 1380 893 1412 stirpem

103 1427 215 1454 duxisse
243 1426 387 1453 aﬂirmant.
412 1425 497 1454 Porro
527 1426 601 1457 licet.
633 1431 662 1452 ut
689 1426 891 1457 Chalrondiles,

102 1472 120 1501 l.
140 1480 181 1505 ut,
199 1478 227 1499 et
243 1472 375 1500 ileroldus
390 1472 414 1499 in
428 1472 631 1500 continuatione
644 1472 713 1499 Belli
724 1473 812 1504 Sacri,
825 1472 842 1499 l.
855 1480 892 1503 Vt.

954 226 1082 261 vulgaris"
1092 227 1135 255 sui
1152 235 1218 255 usus
1235 229 1317 255 verba
1335 229 1380 255 illa
1401 238 1408 256 :
1427 229 1470 255 Νὰ
1495 228 1549 264 ἔχω
1561 229 1591 254 τὸ
1607 229 1682 260 ἔλεος
1697 229 1744 256 τοῦ

953 271 1034 303 Θεοῦ,
1050 272 1083 298 vi
1107 273 1165 307 εἰμὶ
1181 273 1275 304 δαῦλος
1292 274 1339 300 τοῦ
1356 273 1434 306 Θεοῦ,
1455 275 1487 300 vi
1503 274 1632 301 ἀποθάνω
1648 277 1677 300 ἐν
1695 284 1743 308 με·

953 318 1058 352 πανοίᾳ.
1075 318 1102 344 lit
1121 319 1162 346 liis
1178 318 1212 345 νά
1230 327 1283 346 non
1300 320 1406 346 videtur
1423 320 1634 354 plaueusurpari
1652 320 1677 346 in
1696 327 1743 345 no-

954 364 1026 390 tione
1055 364 1135 391 hodie
1163 366 1226 392 trita
1252 365 1278 392 in
1307 365 1409 400 vulgari
1440 366 1567 393 idiomale
1585 366 1743 393 Graecorum

954 411 1025 443 (nam
1039 409 1119 444 hujus
1134 411 1230 445 lingua:
1247 411 1347 439 Graeca:
1363 417 1495 446 corrupta:
1510 412 1694 446 lexicographi
1710 412 1743 438 νά

953 461 1092 490 exponunt
1118 457 1184 489 ιδοὺ,
1200 466 1241 488 en,
1264 459 1342 492 ecce).
1368 459 1414 484 sed
1446 458 1551 485 videtur
1576 458 1667 492 potius
1694 466 1742 485 usu

953 503 1067 536 quodam
1090 503 1221 538 peculiari
1243 503 1357 531 Joannis
1374 506 1478 530 Cosmus
1495 504 1613 538 positum
1624 511 1672 537 pro
1686 505 1740 536 ναξ,

953 548 1051 581 utique,
1080 553 1158 574 certe.
1177 549 1217 575 illi
1234 555 1323 575 autem
1345 550 1389 583 qui
1407 549 1515 582 jurasse
1533 549 1606 576 illttm
1623 557 1669 583 per
1685 550 1743 576 lucc

953 595 1034 620 verba
1051 596 1237 626 crediderant,
1257 595 1290 621 νά
1305 604 1352 628 pro
1367 596 1399 630 νή
1414 597 1540 622 videntur
1558 596 1740 628 intellexisse;

952 640 984 674 νὴ
1000 639 1084 672 enim,
1102 643 1128 666 ut
1144 645 1237 666 noltttu
1253 645 1303 671 est,
1315 640 1407 674 lingua
1423 640 1506 666 veteri
1522 639 1616 667 Grteca
1630 639 1657 672 ju
1665 640 1741 666 randi

953 685 1112 712 :tlverbium
1128 691 1180 712 est.
1197 686 1291 712 Posuit
1306 687 1386 712 etiam
1409 686 1493 712 videri
1510 686 1622 712 Casuras
1638 685 1665 712 in
1691 685 1744 712 ali~

953 738 1006 765 qua
1022 739 1055 757 ex
1071 731 1192 757 recitatis
1210 730 1345 761 formulis.
1362 735 1425 764 puta
1446 731 1501 763 illa,
1515 730 1549 757 v3:
1567 726 1696 756 ἀποϐάνὼ
1714 730 1742 756 ἐν

954 777 1095 812 μετανοίᾳ,
1110 777 1233 811 posuisse
1247 777 1280 803 νά
1291 784 1339 811 pro
1357 776 1425 808 εἴθε,
1447 777 1560 803 utinam.

987 823 1059 855 Νέα,
1077 830 1104 857 p.
1124 822 1185 851 HIS.
1198 822 1361 856 Suspicabar
1375 822 1418 849 hic
1431 823 1495 849 νέαν
1507 823 1571 854 dici,
1586 826 1614 849 ut
1629 822 1742 852 assolet.

954 877 1002 904 per
1025 869 1227 904 compendium,
1244 868 1434 895 subiutellecta
1467 876 1532 896 voce
1557 868 1656 903 πύ).ην.
1688 867 1742 895 Sed

954 915 1098 948 deterruit,
1115 915 1185 948 quod
1200 914 1299 942 Petrus
1313 914 1423 947 Gillius,
1441 915 1486 941 ubi
1512 914 1588 942 urbis
1604 914 1742 942 Constan-

954 961 1104 996 linopolcos
1121 964 1215 994 portas
1238 965 1392 991 enumerat,
1414 960 1434 988 l.
1451 967 1470 990 ι.
1491 967 1517 987 c.
1534 959 1580 992 ΞΟ,
1606 967 1740 994 nusquam

952 1009 1076 1036 meminit
1092 1009 1172 1036 ullius
1186 1013 1271 1044 portze
1285 1016 1346 1043 quae
1360 1009 1419 1042 νέα,
1434 1017 1499 1036 nova
1518 1009 1663 1036 diceretur.
1686 1008 1741 1035 Po-

953 1056 1002 1082 tuit
1022 1060 1049 1083 et
1065 1055 1230 1089 subintelligi
1254 1055 1327 1082 aliud
1343 1055 1543 1082 substantivum
1564 1055 1739 1088 femininum,

952 1107 1015 1136 puta
1034 1102 1100 1137 μονή
1117 1107 1164 1128 aut
1179 1101 1278 1136 ἀγορά.
1298 1101 1488 1128 monasterium
1501 1101 1543 1129 vel
1561 1101 1650 1136 forum
1667 1109 1677 1128 :
1691 1101 1738 1128 sed

952 1157 1013 1175 cttm
1031 1150 1115 1183 μονήν
1133 1153 1179 1175 aut
1199 1149 1303 1183 ἀγορὰν
1324 1149 1391 1175 νέαν
1412 1149 1557 1175 vocitatam
1579 1148 1740 1175 Constanti-

952 1197 1040 1231 nopoli
1057 1196 1139 1223 fuisse
1156 1195 1218 1222 alibi
1234 1204 1286 1222 non
1302 1196 1422 1229 legerim,
1438 1195 1561 1222 divinare
1576 1203 1630 1222 non
1645 1202 1739 1225 ausus.

951 1242 976 1268 in
995 1242 1220 1276 interpretatione
1243 1249 1339 1269 nomen
1355 1242 1441 1276 ipsum
1458 1242 1543 1275 Νέαν,
1564 1241 1648 1269 Neam
1664 1240 1739 1268 velut

951 1288 1002 1315 lori
1025 1289 1079 1314 noti
1099 1288 1236 1322 proprium
1262 1287 1374 1319 retinui,
1393 1287 1480 1315 donec
1502 1287 1576 1314 aliud
1601 1288 1674 1322 quod
1697 1294 1742 1315 se-

949 1341 1048 1369 querer
1071 1334 1173 1360 certius
1190 1338 1357 1360 occurreret.

986 1380 1028 1416 [Ρ.
1048 1380 1112 1417 499]
1127 1381 1240 1413 Ξενών,
1264 1388 1290 1414 p.
1311 1381 1375 1408 283.
1399 1380 1532 1408 Videntur
1555 1381 1599 1408 hic
1624 1380 1738 1413 ξενῶνος

950 1427 1052 1461 συνήθη
1071 1427 1226 1461 νομίσματα
1247 1427 1299 1454 dici
1318 1426 1496 1461 elecmosynat
1512 1427 1547 1454 ab
1571 1427 1738 1462 imperatore

948 1474 1056 1507 suggeri
1082 1474 1243 1508 patriarcha!
1269 1473 1364 1505 solita),
1395 1479 1424 1500 ut
1446 1481 1493 1501 eas
1517 1473 1683 1508 impenderet
1707 1473 1735 1500 in

102 1529 127 1548 ο.
145 1521 171 1551 5,
188 1520 295 1553 docent,
310 1525 416 1548 mortuo
431 1520 591 1547 Tamerlanc
603 1520 685 1555 (quod
700 1519 811 1553 contigit
823 1526 895 1545 anno
909 1525 932 1556 ρ
947 1520 1122 1554 excipiendos
1155 1520 1271 1554 hospitio
1299 1519 1456 1554 peregrinos
1477 1524 1504 1546 et
1525 1519 1552 1546 in
1579 1519 1631 1546 alia
1657 1526 1740 1554 egen-

102 1568 168 1594 chr.
189 1567 268 1602 1402)
280 1567 462 1594 vastissimum
477 1566 537 1601 ejus
549 1561 691 1600 imperium
709 1566 783 1594 brevi
795 1566 893 1592 discer-

104 1618 179 1648 ptum
194 1618 236 1640 est
261 1613 422 1640 infelicitate
438 1618 485 1640 aut
501 1612 683 1647 imprudentia
703 1619 894 1639 successcrttm

103 1659 172 1693 cius.
191 1659 232 1686 Ex
244 1659 329 1693 hujus‘
342 1663 432 1686 tamen
451 1659 536 1692 stirpe
554 1663 720 1685 memoratus
735 1658 816 1693 paulo
832 1663 896 1684 ante

103 1706 240 1737 Babuna,
256 1705 389 1732 Sadrucbi
405 1710 452 1732 aut
468 1705 640 1740 Paianguris,
653 1705 770 1731 ﬁliorum
784 1704 896 1730 Tamer-

102 1751 183 1784 lanis,
213 1750 306 1785 nepos,
336 1751 486 1786 dynastiam
504 1751 663 1779 obtinuisse
694 1750 894 1778 litereditariam

103 1800 172 1826 inter
201 1797 319 1832 Mogoles
344 1803 450 1832 gentem
480 1797 635 1833 Scythicam
673 1805 687 1824 a
721 1795 894 1830 clironologis

103 1845 299 1872 recentioribus
339 1845 471 1877 traditur;
503 1845 621 1879 indeque
655 1843 802 1870 contractis
848 1849 895 1869 ro-

104 1892 153 1926 piis
177 1891 277 1918 vicinis
299 1891 416 1925 primum
439 1890 556 1918 Parthos
582 1890 640 1917 sive
661 1888 780 1916 Patanas
802 1887 894 1914 debel-

103 1938 182 1969 iasse,
201 1937 380 1971 felicibusque
396 1937 459 1964 inde
475 1936 664 1970 progressibus
680 1942 764 1968 usque
779 1933 811 1960 ad
829 1941 891 1960 cott-

103 1984 267 2012 Sllltlz'lttlllttl
298 1982 590 2016 transmittcndutnque
618 1981 699 2016 708
722 1980 815 2014 stirpis
838 1986 893 2006 sure

104 2031 219 2066 posteris
240 2029 400 2063 Mogolicutn
419 2029 500 2056 hodie
520 2027 621 2055 ﬂorens
638 2027 782 2061 imperium
800 2024 891 2060 profe-

103 2077 183 2107 cisse.
198 2076 337 2107 adamato,
361 2079 441 2109 prout
460 2074 597 2108 suspicata
615 2081 728 2108 pronum
740 2077 794 2104 est,
810 2072 893 2105 potis-

104 2123 199 2150 simum
214 2122 267 2148 isto
282 2121 399 2152 nomine,
415 2122 486 2155 quod
502 2121 526 2147 id
538 2118 781 2152 Gingizchauidum
798 2126 890 2151 regum

105 2169 234 2203 majorum
248 2176 359 2195 suorutn
376 2168 440 2194 olim
456 2167 583 2202 inclytam
602 2165 731 2193 vocabulo
750 2165 891 2198 Moguleu.

948 1567 1014 1593 tium
1030 1566 1142 1598 solatia;
1160 1573 1240 1600 quam
1258 1565 1284 1592 iu
1309 1573 1364 1592 rem
1388 1571 1524 1600 sumptum
1546 1564 1602 1592 fere
1617 1573 1736 1592 annuum

948 1613 1020 1639 mille
1045 1619 1190 1639 aureorum
1224 1603 1352 1646 imputari
1375 1612 1553 1639 consucvisse
1582 1610 1738 1638 rationibus

947 1659 1110 1694 patriarchae
1135 1666 1167 1685 ex
1196 1659 1340 1685 occasione
1368 1658 1448 1685 docet
1473 1658 1516 1685 hic
1545 1662 1646 1684 noster.
1674 1656 1735 1684 Non

946 1705 1070 1732 omittam
1098 1705 1244 1732 admonere
1274 1704 1345 1732 haud
1372 1710 1445 1732 ret-te
1473 1705 1640 1732 intellectum
1663 1705 1736 1731 hunc

947 1752 1035 1778 locum
1052 1751 1137 1778 videri
1151 1759 1165 1778 a
1178 1751 1355 1786 paraphraste
1372 1751 1514 1780 Vaticano.
1534 1751 1598 1778 dum
1615 1758 1676 1777 eum
1696 1749 1736 1777 sic

946 1799 1098 1833 exprimit:
1118 1799 1172 1824 Καὶ
1191 1799 1225 1824 τὰ
1247 1798 1350 1834 συνήθη
1367 1798 1413 1824 τοῦ
1439 1797 1554 1830 ξενῶ-ιος
1578 1798 1737 1832 νομίσματα

947 1845 1083 1878 πέμπων·
1111 1844 1198 1871 ἐποίει
1223 1844 1278 1878 γὰρ
1305 1844 1366 1871 κατ’
1386 1844 1446 1875 ἔτος
1470 1844 1599 1878 βασιλεὺς
1619 1844 1735 1878 ἐλεημο-

947 1890 1031 1924 σύνην
1048 1890 1182 1925 κρυφίως,
1200 1890 1302 1920 εἰδότος
1316 1889 1363 1916 τοῦ
1381 1890 1566 1924 πατριάρχου,
1593 1890 1675 1924 707
1696 1891 1736 1921 εἰς

946 1935 1069 1970 χιλιάδας
1097 1935 1196 1966 πολλὰς
1222 1935 1407 1969 ποτωμένην.
1428 1935 1490 1961 Ηυιο
1515 1934 1562 1968 qui
1588 1935 1739 1962 contulerit

945 1988 1006 2007 cum
1037 1985 1163 2007 contextu
1193 1981 1328 2012 attetoris,
1361 1979 1440 2006 facile
1461 1979 1660 2014 discrepantias
1682 1986 1736 2005 ιιοε

946 2026 1029 2053 tabit.

981 2073 1165 2107 Οἰκονομίαι,
1180 2079 1206 2106 p.
1225 2072 1286 2098 165.
1300 2071 1363 2106 Agit
1379 2072 1411 2098 de
1422 2071 1614 2100 ecclesiasticis
1630 2080 1644 2098 a
1661 2072 1733 2100 Saba

945 2121 1078 2147 monacho
1101 2119 1216 2149 vexatis,
1243 2118 1268 2144 in
1293 2126 1407 2151 quorum
1430 2126 1491 2145 enin
1514 2119 1673 2154 οἰκονομίας
1699 2120 1736 2146 ir-

945 2167 1031 2193 ruisse
1048 2165 1192 2193 detineudo
1209 2169 1236 2190 vt
1253 2164 1398 2198 rn'pelentlo
1416 2171 1577 2198 proventus.
1606 2171 1733 2200 tanquam

103 2202 169 2243 sium
188 2214 342 2250 principum
365 2213 528 2248 potentiam.
552 2220 567 2240 e
587 2212 672 2240 veteri
686 2211 824 2245 repetitam
835 2217 889 2236 me-
909 2202 930 2228 θ
947 2214 983 2241 illi
997 2214 1058 2248 jure
1081 2214 1140 2240 illos
1164 2212 1329 2246 percipiendi
1350 2213 1514 2239 excidiisent
1538 2213 1653 2240 crimine
1675 2221 1737 2247 per.

103 2262 195 2292 moria,
215 2261 393 2296 pra-sentibus
413 2259 553 2294 objiccrct.
585 2258 648 2285 Ilaec
664 2259 698 2285 de
713 2257 891 2292 MuguBorum

103 2308 231 2336 vocabulo
254 2306 388 2334 Tottharis
408 2315 421 2333 a
443 2306 609 2341 I’achymere
635 2305 736 2332 tributo
763 2305 806 2330 hic
829 2303 892 2329 duxi

103 2353 289 2385 memoranda;
309 2359 367 2386 quae
378 2352 411 2379 ad
424 2352 614 2379 illustrandum
626 2351 695 2378 inure
711 2350 794 2376 nostri
807 2348 893 2375 histo-

104 2401 147 2427 rici
158 2400 245 2427 locum
265 2406 315 2426 nan
330 2406 424 2433 parum
442 2405 502 2425 esse
518 2398 592 2424 utilia
606 2405 701 2432 aequus
714 2396 794 2423 credo
809 2395 893 2421 lector

101 2446 170 2481 judic
189 2445 240 2472 bit.

134 2492 194 2524 Nu',
207 2499 236 2526 p.
248 2491 310 2518 541.
330 2491 358 2517 '0
372 2491 393 2517 δ’
409 2491 489 2525 ὅρκος
501 2489 645 2521 ἰδιωτικῶς
657 2499 716 2521 πως
732 2491 818 2523 οὕτως
834 2492 890 2524 ἐξεη

103 2538 214 2573 νεχοεὶς,
234 2547 244 2564 ‹
272 2537 316 2564 Na
337 2536 409 2572 ἧμαι
435 2536 529 2569 δοῦλος
549 2537 595 2562 τοῦ
623 2537 754 2572 Χριστοῦ,
782 2538 813 2564 οὐ
838 2539 892 2574 μὴν

104 2586 155 2620 εἰμὶ
176 2584 236 2620 μεθ’
255 2584 344 2619 ὑμῶν,
369 2585 394 2610 εἰ
419 2584 456 2619 μὴ
482 2583 516 2610 τὰ
537 2584 652 2617 γένοιτο.
675 2593 684 2609 ›
706 2584 772 2611 Cum
799 2590 890 2611 autem

103 2632 267 2659 dubitaretur
287 2639 322 2658 an
343 2632 393 2657 hoc
419 2634 491 2657 esset
521 2638 585 2656 vero
605 2630 804 2663 juramcntum,
823 2639 890 2657 cou-

103 2677 184 2704 sultus
205 2677 263 2710 ipse
283 2677 403 2704 Joannes
428 2676 542 2703 Cesmas
566 2676 736 2710 patriarcha,
756 2678 801 2711 qui
833 2677 889 2705 ha'c

102 2721 210 2751 dixerat,
229 2721 293 2755 quid
319 2726 454 2753 censeret,
471 2721 612 2754 respondit
630 2721 657 2747 in
676 2722 746 2748 hunc
766 2724 887 2755 modum,

103 2775 126 2802 p.
143 2767 210 2794 550:
229 2767 318 2803 Ὅπερ
333 2767 509 2802 ἐφθεγξάμην
526 2767 578 2793 ἀπὸ
597 2768 818 2802 παραλυπήτεως
833 2769 888 2795 τῶν

102 2813 214 2848 ἀῖε)ῳῶν
238 2823 301 2849 μου,
329 2815 377 2849 οὐχ
410 2814 447 2845 ὼ;
473 2815 555 2849 ὅρκον
590 2814 764 2847 ).ογιζὲ,λ.ει,ο;
790 2813 877 2847 εἵλου,

101 2861 151 2887 ddi
176 2861 269 2893 ἁπλῶς
291 2862 322 2888 ἐκ
349 2862 490 2896 συνηθείας
514 2859 591 2887 τοῧτσλ
618 2861 719 2895 λέγειν,
751 2861 783 2888 νᾶ
809 2859 879 2896 ἦμχι

946 2258 1101 2291 duelliouis,
1117 2259 1142 2285 in
1170 2259 1241 2293 quod
1263 2258 1322 2284 illos
1347 2258 1497 2284 incurrisse
1512 2259 1615 2289 aiebat.
1631 2258 1735 2286 habens

942 2306 998 2340 jam
1022 2311 1075 2333 tum
1095 2306 1168 2340 ipsos
1197 2312 1244 2339 pro
1265 2305 1397 2332 convictis
1422 2309 1449 2332 et
1473 2305 1618 2333 damnatis.
1635 2305 1674 2332 Ex
1692 2305 1735 2333 bis

947 2353 1054 2379 videtur
1078 2352 1166 2387 colligi
1193 2350 1350 2385 οἰκονομίας
1377 2351 1419 2378 hic
1446 2352 1536 2378 vocari
1562 2359 1629 2386 quas
1656 2352 1741 2386 vulgo

945 2397 1099 2431 prwbendas
1130 2403 1174 2423 aut
1194 2397 1322 2431 beneﬁcia
1352 2396 1478 2427 dicimus,
1502 2396 1564 2430 jura
1583 2397 1657 2423 varia
1673 2404 1736 2431 per-

946 2445 1130 2480 ripiendarmn
1147 2443 1302 2477 pottionnm
1320 2451 1352 2469 cx
1379 2442 1510 2469 reditibus
1528 2443 1656 2470 Eoi-.lcsite
1675 2450 1735 2470 cer-

946 2497 979 2517 tis
993 2490 1099 2517 clericis
1111 2495 1155 2516 aut
1170 2489 1357 2516 sacerdotibus
1375 2489 1480 2515 ratione
1496 2488 1666 2516 functiouutn
1689 2494 1738 2517 aut

945 2537 1159 2564 ministeriorum
1187 2535 1252 2570 ipsis
1285 2536 1507 2562 demandatormu
1541 2536 1734 2570 competentia.

943 2583 987 2610 Sic
1013 2582 1154 2616 opinabar.
1170 2582 1272 2608 Tamen
1288 2589 1321 2608 ne
1337 2582 1401 2616 quid
1418 2581 1635 2615 pra-judicarem,
1649 2582 1736 2616 ipsum

943 2629 1166 2657 αἰσοηοηιὶανιιηι
1186 2636 1278 2655 vocent
1295 2629 1499 2662 interpretando
1512 2629 1623 2655 retinui.

984 2675 1110 2710 Ὀὸηγοί.
1127 2683 1151 2708 ιιΔ
1168 2675 1212 2702 85.
1242 2675 1302 2709 Agit
1328 2676 1360 2701 de
1391 2682 1454 2700 arca
1483 2674 1552 2701 intra
1568 2681 1648 2709 quam
1675 2678 1736 2701 erat

943 2724 1082 2750 conditum
1101 2721 1208 2748 Arsenii
1227 2729 1344 2754 corpus;
1364 2728 1443 2754 quant
1463 2720 1543 2753 paulo
1566 2725 1628 2746 ante
1646 2719 1733 2745 κιϐώ-

941 2778 998 2796 τιον
1010 2769 1126 2798 voravit.
1140 2773 1163 2794 et
1182 2767 1264 2793 fuisse
1287 2767 1433 2799 repositam
1447 2766 1514 2791 dixit
1533 2766 1596 2798 περὶ
1608 2764 1640 2790 τὰ
1655 2765 1734 2798 δεξιὰ

942 2816 988 2842 ταῦ
1000 2816 1029 2850 βῆ
1037 2823 1132 2849 ματος.
1144 2823 1159 2840 (ι
1169 2814 1268 2839 (lauris
1278 2812 1381 2841 altaris.
1394 2812 1437 2839 hic
1445 2817 1534 2837 autem
1546 2811 1592 2843 ait,
1602 2811 1668 2838 feria
1679 2817 1732 2838 tt'r-

936 2864 970 2890 lia
988 2858 1525 2898 υιιίτιδγίκΙιςὺλοιηιιῐε,ωιιςυτιικιιῑιΙρ
1539 2866 1612 2886 more
1629 2859 1732 2894 populo
