1954 3063
93 147 149 179 769

784 140 1045 172 GLOSSARIUM.

1677 141 1729 171 770

93 204 342 234 anathematismos
356 203 382 230 in
398 202 515 230 haereses
527 199 663 236 asynodis
673 198 808 227 decretos.
820 199 885 232 Qui-
903 200 928 229 Α
975 197 1127 232 adpotum,
1151 203 1177 231 p.
1205 195 1267 224 209.
1295 196 1368 230 Quos
1390 196 1434 224 hic
1454 200 1533 224 vorat
1547 196 1728 232 Pachymcies

91 254 149 281 bus
169 256 355 280 consentauee
368 250 463 277 scribit
482 249 676 284 Pachyrneres,
696 255 722 282 ρ.
738 247 783 280 '52,
804 247 888 274 Joan-

96 307 159 326 nem
178 298 296 326 Veccurn
313 297 494 331 patriareliam
504 295 642 322 addidisse
657 294 760 329 aliquot
775 293 889 321 anatlie»

96 346 242 373 rnatisrnos
262 345 295 372 iis
311 344 354 376 qui
372 343 495 370 solebam
512 342 621 369 recitari
643 341 687 368 die
707 339 888 368 orthodoxiae.

92 391 135 419 Ex
165 399 221 426 quo
248 389 425 424 intelligimus
452 396 506 416 non
533 387 617 415 fuisse
642 387 797 414 necessario
824 386 889 413 illud

95 438 259 473 synodicum
282 437 421 464 decretum
437 440 483 462 aut
497 442 630 462 canoneni
650 433 746 469 synodi
768 439 888 460 (lacrime-

96 484 176 515 uicze,
194 483 240 510 sed
258 487 378 516 potu-sse
391 482 442 507 sub
458 481 483 507 id
503 487 601 506 nomen
620 479 714 505 venire
731 478 889 505 sanctiones

94 533 215 556 statutas
239 529 265 555 in
282 527 429 555 ordinariis
445 525 555 561 synodis
570 524 731 559 patriarcha:
743 524 888 557 cujusque.

135 575 404 609 Παραθεωρεῖσθαι,
425 581 450 608 p.
465 572 528 600 618.
544 572 604 606 Agit
619 572 650 597 de
670 570 711 597 liis
726 570 771 604 qui
786 569 891 596 aecrliis

94 623 182 656 jussis
202 620 343 647 Athanasii
370 615 530 653 patriarchae
559 618 635 645 inviti
661 618 745 644 coacti
766 616 892 650 ji-junare

96 668 170 693 claui
186 665 429 697 comcssabantor;
444 664 513 690 unde
525 663 742 697 consequebatur
756 669 804 689 eos
819 661 890 696 quod

97 719 181 740 nocte
205 714 367 746 intempesta
390 710 580 742 comedissent,
603 714 693 736 astare
715 709 891 743 postridianis

95 760 246 787 sacriﬁciis
260 764 367 786 saturos
377 763 404 784 et
417 757 530 788 crudos;
543 757 568 783 in
581 764 633 790 quo
644 761 701 782 erat
714 755 891 782 irreverentia

98 805 253 837 disciplinae
265 804 347 830 veteri
361 803 498 829 damnata.
509 800 596 828 Vocat
607 809 669 835 ergo
683 804 774 827 uoster
786 800 829 827 hic
840 809 893 826 πα-

99 850 304 886 ριθεωρεῖσϐαι
321 849 455 883 μυστικὰς
473 847 570 879 ουςῑας
594 847 689 874 violari
710 846 890 873 reverentiam

99 898 218 932 mystico
240 896 376 923 sacriﬁcio
397 895 514 921 debitam
533 902 565 921 ex
583 901 632 920 usu
652 894 747 924 veteri,
762 893 891 919 assisten-

100 943 138 968 tia
155 949 209 967 u0n
225 941 382 974 jejunoruin
400 948 413 965 a
433 944 511 966 nocte
525 939 623 966 inedia.
641 938 762 972 Θεωρείν
781 942 807 964 et
823 937 891 964 Θεω-

98 987 209 1022 ρεῐςοαι
235 987 348 1014 verbum
374 992 416 1013 est
441 985 526 1012 sacris
556 984 619 1011 oliui
651 984 799 1015 addictum,
819 988 893 1010 caste

94 1035 193 1061 obitas
212 1033 384 1061 caii'imonias
400 1037 427 1058 ct
447 1031 578 1066 religiosis
596 1035 776 1065 pricparatuui
793 1030 893 1058 ritibus

97 1084 281 1113 conspectum
301 1078 492 1114 mysteriorum
509 1078 674 1111 exprimens.
698 1076 766 1104 Hine
793 1077 819 1103 in
835 1076 892 1109 epi-

99 1126 171 1153 stola
200 1125 320 1152 Platonis
350 1124 374 1150 οἱ
397 1123 562 1158 θεωροῦντες
585 1124 614 1149 ὲν
636 1123 748 1156 Δελφοῖς
777 1122 893 1148 ministri

97 1173 179 1207 juxta
197 1171 265 1198 ritus
284 1171 338 1197 illic
356 1176 500 1198 consuetos
516 1170 646 1204 Apollinis
663 1170 746 1196 cultui
769 1174 894 1195 vacantes

99 1226 127 1247 et
143 1219 237 1246 varias
257 1218 410 1245 functiones
428 1216 566 1250 religionis
581 1216 640 1250 ejus
657 1216 790 1249 proprias,
811 1223 893 1249 (ηιμ-νη

101 1265 310 1293 consulentibus
322 1265 471 1298 prresertim
488 1263 626 1290 oraculum
643 1261 775 1291 iiavauda.
792 1261 894 1287 obeun-

104 1318 156 1340 tes.
189 1310 266 1338 Uudc
291 1309 472 1344 Thucydides,
505 1308 523 1334 l.
556 1315 581 1339 v,
608 1308 722 1341 θεωρεῖν
747 1306 817 1332 κατά
844 1306 894 1332 πά-

103 1367 182 1394 τρια,
201 1357 253 1384 hoc
281 1360 334 1386 est,
360 1355 466 1389 opinor,
499 1354 550 1380 ritn
578 1361 592 1380 a
617 1353 765 1386 majoribus
796 1353 895 1379 tr.:dio

103 1411 184 1432 saera
204 1402 291 1430 oﬁicia
309 1401 398 1432 obire,
423 1399 562 1433 coniungit
588 1406 649 1425 cuiu
677 1398 752 1424 Ούειν
777 1403 802 1424 et
828 1407 896 1432 μαν-

105 1450 238 1477 τεύεσθαι
267 1447 422 1474 sacriﬁcare
453 1451 480 1473 et
509 1444 647 1472 oraculum
679 1443 819 1470 consolere
850 1449 896 1471 aut

104 1504 249 1530 accepturu
273 1495 362 1520 edere.
380 1492 438 1518 Non
460 1493 530 1518 enim
546 1491 645 1517 accedo
664 1490 818 1516 sclioliastar
835 1499 894 1516 ver-

106 1543 169 1569 lnirii
201 1541 315 1574 OaprV
348 1546 381 1564 eo
413 1537 471 1564 loco
500 1536 645 1569 exponi-iiii
677 1535 796 1569 θεωροὺς
823 1534 894 1567 πέμ-

106 1596 187 1620 nam;
203 1590 235 1613 de
253 1594 305 1620 quo
322 1584 444 1619 pluribus
459 1582 610 1609 disserendi
631 1589 682 1607 non
700 1585 740 1607 est
759 1581 799 1606 liii:
812 1580 896 1607 locus.

107 1635 194 1661 l’orro
211 1631 320 1667 quando
333 1630 366 1657 ab
383 1629 500 1664 indignis
518 1632 563 1654 aut
581 1635 633 1653 non
650 1626 769 1660 legitimo
787 1625 900 1652 initiatis

105 1685 241 1716 apparatu
255 1678 367 1712 ἐποψία,
384 1680 548 1710 coriSpectus
558 1675 760 1709 mysteriorum,
776 1678 820 1699 aut
833 1681 899 1700 cou-

108 1733 149 1754 tia
167 1734 248 1761 quani
272 1725 313 1751 fas
336 1728 377 1750 est
398 1723 520 1757 neglecto
542 1725 642 1747 statuto
670 1721 722 1746 ritu
744 1719 898 1753 religiosum

107 1773 219 1808 aliquod
237 1772 328 1799 obitur
344 1770 473 1800 oﬁ‘iciuni,
485 1766 736 1802 παραθεωρεῖσθαι,
756 1766 857 1799 despici
872 1770 899 1793 et

108 1820 187 1855 quasi
201 1818 284 1853 pollui
298 1823 376 1844 sacra
394 1815 531 1841 dicuntur.
547 1812 592 1840 Sic
612 1812 763 1848 Hesychius
789 1811 900 1846 exponit

107 1863 348 1901 παρεθεωροῦντο,
373 1859 600 1895 κατεφρονοῦντο.
629 1858 678 1886 Ubi
704 1858 754 1885 etsi
777 1858 901 1885 videatur

109 1913 246 1947 respicere
264 1911 351 1937 locum
369 1908 451 1944 710
473 1907 534 1934 Act.
563 1907 660 1941 Apost.
690 1913 727 1937 vr,
752 1906 777 1937 l,
809 1910 898 1932 tamen

109 1960 192 1986 latius
206 1957 258 1983 hoc
271 1954 379 1983 extendi
392 1954 453 1988 jure
465 1957 573 1988 potest;
591 1956 617 1978 et
630 1953 663 1978 ad
681 1951 898 1982 irreverentiam,

108 2013 161 2041 qua
177 2003 274 2037 religio
290 2001 415 2031 violatur,
431 2007 484 2026 non
498 1998 633 2025 immerito
647 1998 689 2024 hic
700 2005 715 2024 a
734 1997 900 2032 Pachyno-re

109 2049 343 2077 accommodatum
359 2050 409 2073 est.
427 2044 604 2078 Contemptus
625 2042 696 2068 enim
725 2050 778 2069 non
802 2042 900 2068 dubios

109 2102 150 2124 est
176 2095 276 2123 divina:
300 2091 460 2126 maiestatis,
479 2089 651 2125 praescriptas
667 2089 700 2115 ab
724 2088 782 2122 ipso
802 2087 857 2114 Deo
873 2087 899 2114 iii

108 2144 168 2178 ejus
196 2140 271 2168 cultu
297 2137 501 2166 observationes
527 2134 673 2169 negligere.
696 2134 784 2166 Quare
801 2132 900 2160 Paulus

108 2186 269 2217 Corinthios
299 2189 426 2218 tauquam
452 2181 497 2209 Dei
522 2181 670 2208 Ecclesiam
696 2183 899 2211 contemnentes,

110 2231 363 2268 καταφρονοῦντας,
381 2229 503 2262 increpat
527 2227 611 2255 lCor.
629 2234 666 2258 ιι,
679 2225 725 2257 ‘22,
743 2225 813 2259 quod
827 2225 853 2251 in
869 2232 900 2251 ea
919 2219 939 2247 D

111 2283 186 2309 velut
213 2281 239 2306 in
258 2278 316 2305 loco
336 2276 449 2310 profano
465 2273 642 2301 couicdererit
663 2280 670 2298 :
690 2272 732 2305 Μὴ
745 2273 798 2306 γὰρ
813 2271 901 2302 οἰκίας

110 2330 188 2364 ἔχετε
206 2327 246 2358 εἰς
267 2325 297 2352 τὸ
315 2323 416 2350 ἐσθίειν
433 2323 480 2348 καὶ
498 2321 607 2353 πίνει-ις
624 2319 641 2353 ἢ
665 2319 715 2354 τῆς
737 2317 901 2352 Ἐκκλησίας

110 2375 157 2402 αὖ
174 2373 244 2401 Θεοῦ
266 2370 465 2405 καταφρονεῖτε
476 2368 487 2394 ?
500 2366 570 2400 Quid
589 2371 680 2393 autem
697 2365 720 2392 si
735 2365 903 2399 suspicemur

111 2423 308 2456 Pachynierem
333 2421 468 2449 nostrum,
485 2422 546 2441 cum
570 2413 640 2448 apud
668 2419 746 2439 suum
774 2417 902 2444 magnum

112 2469 264 2503 Apollinem
295 2464 459 2498 Hesychiqu
486 2461 606 2496 legisset,
629 2459 687 2485 loco
714 2466 728 2484 a
759 2465 802 2484 ine
824 2457 904 2483 [nodo

111 2515 260 2548 descripto,
287 2509 529 2545 παραθεωρείσυαι
556 2511 583 2534 et
611 2503 844 2540 καταφρονεῖσθαι
875 2507 903 2528 ut

113 2559 329 2594 ἰσοδυναμοῦντα
342 2555 506 2590 comparari,
521 2553 656 2588 simulque
675 2551 787 2579 haberet
803 2550 828 2576 in
844 2548 904 2576 ani-

114 2616 159 2635 mo
183 2609 366 2633 memoratum
395 2601 470 2629 l’anli
491 2602 579 2627 locum
602 2597 749 2629 contemni,
768 2603 906 2630 καταφρο-

114 2653 233 2685 νεῖσθαι,
250 2651 292 2688 [Ρ.
305 2649 371 2685 502]
386 2648 537 2675 Ecclesiam
549 2645 719 2673 comestione
733 2649 904 2678 conqueren-

114 2703 160 2733 tis,
176 2697 354 2726 irreverentia
381 2704 433 2731 qua
455 2698 621 2730 praisumpto
645 2698 725 2719 nocte
742 2691 904 2725 intempesta

114 2749 176 2775 cibo
192 2750 257 2772 ‘non
282 2743 366 2778 jejuni
394 2742 486 2769 clerici
517 2745 564 2767 aut
591 2739 715 2766 rnonacbi
746 2737 810 2769 aris,
841 2736 905 2764 dum

114 2793 287 2821 sacriﬁcatur
298 2797 376 2817 inane
389 2792 518 2819 astareut,
534 2783 785 2822 παραθεωρεῐσϐαι,
803 2783 853 2809 hoc
863 2786 906 2809 est

113 2836 361 2873 καταφρονεῖσθαι,
371 2834 483 2870 despici,
493 2832 632 2861 contemni
647 2839 742 2860 sacras
752 2829 906 2858 oblationes

115 2895 127 2916 (
134 2887 321 2915 rimiuantem,
333 2881 478 2918 posuisse?

940 244 1100 280 παροίκους,
1113 242 1226 278 opponit
1239 242 1399 270 habentibus
1414 242 1552 277 προνοίας,
1570 250 1638 278 quas
1650 243 1684 270 ab
1696 251 1729 270 eo

940 291 1031 318 vocari
1051 290 1197 325 pensiones
1219 289 1297 323 pendi
1315 289 1410 316 solitas
1427 296 1441 316 e
1456 289 1564 324 publico
1586 290 1730 316 militanti—

941 337 993 364 bus
1019 341 1066 363 aut
1094 336 1213 370 aliquam
1240 335 1395 369 reipublicie
1420 335 1582 362 navantibus
1606 343 1729 369 operam,

941 384 1069 409 docemus
1081 382 1114 408 ad
1126 382 1151 408 id
1169 382 1279 407 Veritum
1296 381 1345 408 hoc
1362 381 1420 415 ipso
1435 380 1584 408 Glossario.
1597 380 1640 408 Ait
1658 382 1729 407 enim

942 427 985 454 hic
1003 427 1169 462 (quanquam
1186 427 1332 453 iritriric,_te
1350 435 1380 453 ac
1399 426 1562 461 perobscnre
1582 436 1588 452 :
1610 435 1670 454 nam
1690 432 1730 453 to.

943 480 998 502 tum
1009 475 1058 501 hoc
1069 482 1122 508 piae
1134 473 1237 500 cirieris
1248 479 1326 508 caput
1336 473 1457 505 confuse,
1469 474 1598 507 elliptice,
1612 474 1714 500 [Cllel‘i
1724 489 1730 494 -
1767 475 1771 479 '

941 520 1084 548 cnsissime
1107 525 1269 554 conceptum
1286 519 1350 554 est),
1374 520 1421 550 ait,
1438 520 1557 553 inquam,
1586 521 1625 546 vel
1644 520 1732 554 potius

943 573 1079 600 utcunque
1095 567 1238 600 signiﬁcat,
1258 565 1454 596 Andronicum,
1475 566 1518 592 cui
1546 573 1640 599 magna
1664 574 1731 600 opus

942 618 1000 640 erat
1022 614 1135 647 pecunia
1154 612 1223 638 unde
1237 611 1370 645 stipendia
1392 611 1568 638 Cretensibus
1584 613 1616 637 ab
1633 613 1689 645 ipso
1707 613 1731 638 in

943 658 1081 685 Orientem
1095 658 1215 684 evocatis
1226 662 1252 683 et
1268 657 1321 683 illic
1335 657 1414 684 ﬁdam
1429 657 1478 692 ipsi
1494 658 1655 684 novantibus
1669 666 1730 691 opu—

943 713 1000 732 raiu
1016 713 1077 731 cuin
1098 704 1149 731 ﬁde
1170 708 1391 738 repi'msuitaret,
1408 711 1466 730 eam
1488 703 1587 730 indicta
1608 705 1732 731 subdito-

945 759 1003 777 rum
1024 751 1167 777 collatione
1188 749 1346 776 conieri~sc.
1367 749 1434 782 Quia
1455 757 1517 776 vero
1535 750 1667 783 ejusmodi
1686 759 1734 776 ex-

946 796 1133 822 traordinariis
1165 795 1318 829 sumptibus
1346 796 1483 829 assignato
1515 796 1613 822 dudum
1646 795 1734 822 fuerat

944 841 1049 868 exactio
1062 841 1176 867 decima:
1199 848 1359 874 pensmuuin
1389 848 1541 866 animarum
1568 849 1581 866 :i
1600 841 1732 875 stipendia

943 894 1105 921 quocunque
1129 887 1237 912 nomine
1263 886 1441 917 merentibus,
1460 894 1520 912 curii
1541 887 1595 917 jam
1617 887 1732 912 ii'couti-

943 938 1025 960 nuata
1039 933 1083 960 diu
1097 941 1127 959 ea
1141 932 1468 971 diminutith_Incrccdis
1481 932 1606 958 exhausti
1620 940 1734 958 enerva-

943 980 1018 1014 tique
1031 979 1162 1006 solvendo
1179 987 1232 1006 non
1247 983 1348 1009 essent,
1364 985 1431 1004 onus
1450 978 1474 1004 id
1492 977 1685 1004 dcvolvcliatnr
1701 978 1732 1003 ad

944 1025 1104 1060 παροίκους,
1124 1024 1174 1051 hoc
1189 1030 1241 1056 est,
1261 1030 1289 1050 ut
1305 1031 1348 1051 res
1364 1024 1424 1060 ipsa
1442 1028 1543 1056 mouet,
1558 1023 1591 1050 ad
1615 1024 1734 1058 privato"

944 1071 1109 1106 patrimonio
1122 1070 1243 1096 viventes
1253 1073 1298 1096 aut
1312 1059 1591 1104 perulio‘domestico,
1605 1071 1663 1095 sine
1673 1069 1706 1094 ull
1721 1077 1734 1095 s

945 1124 959 1143 a
981 1117 1046 1143 ﬁsco
1061 1116 1199 1144 subsidiis.
1219 1116 1255 1142 En
1277 1116 1322 1148 qui
1340 1116 1464 1141 dicmtur
1480 1115 1530 1141 hoc
1553 1115 1611 1141 loco
1637 1115 1735 1149 πάρω-

945 1171 998 1188 κοι.
1014 1162 1071 1196 Ego
1085 1161 1197 1196 privata:
1216 1160 1254 1188 rei
1270 1160 1393 1187 dominos
1414 1165 1440 1186 et
1459 1159 1671 1194 patresiamilias
1693 1161 1734 1186 iu-

946 1211 1093 1242 terpretor.

981 1273 1241 1307 Παρυποστὰσεις,
1259 1280 1286 1306 ρ.
1301 1272 1361 1299 Mt.
1380 1272 1423 1303 Ὠς
1443 1272 1523 1306 εἴπερ
1546 1270 1684 1306 εὑρεθεῖεν
1702 1285 1737 1291 -

944 1321 999 1347 τῶν
1018 1321 1131 1354 ἀγαυῶν
1159 1319 1306 1350 ἀπουσίας.
1336 1319 1397 1346 llrec
1419 1320 1541 1345 scribens
1560 1325 1654 1344 auctor
1679 1319 1738 1344 sine

946 1367 1027 1393 dubio
1041 1367 1176 1400 cogitabat
1188 1366 1252 1393 illud
1266 1366 1294 1391 ὃ.
1312 1365 1430 1400 Dionysii
1442 1366 1611 1399 Areopagum
1622 1365 1737 1395 dictum,

947 1414 965 1441 Ι.
992 1414 1028 1440 De
1047 1415 1144 1441 divinis
1170 1414 1328 1445 nominibus,
1346 1421 1370 1439 ρ.
1388 1413 1416 1446 4,
1432 1421 1457 1448 p.
1479 1413 1542 1444 217,
1563 1413 1605 1440 ed.
1621 1411 1738 1438 Lanseli

946 1460 1120 1492 Parisiensis,
1145 1469 1190 1487 an.
1213 1460 1283 1487 1615
1297 1468 1304 1487 :
1319 1460 1365 1485 Διὸ
1382 1458 1444 1485 οὔτε
1465 1459 1616 1484 ὑπόστασιν
1639 1459 1695 1492 ἔχει
1708 1457 1739 1482 τὸ

948 1508 1043 1538 κακὸν,
1060 1507 1128 1532 ἀλλὰ
1145 1506 1366 1540 παρυπόστασιν.
1383 1504 1535 1539 Slgltiiit‘al,
1554 1512 1613 1530 cuin
1638 1504 1738 1529 nmium

910 1551 933 1580 C
951 1555 1017 1581 nihil
1041 1555 1075 1580 sit
1101 1553 1175 1580 aliud
1200 1560 1280 1587 quant
1300 1552 1360 1579 boni
1388 1551 1514 1586 privatio,
1538 1551 1587 1577 hoc
1607 1550 1739 1576 vocabulo

951 1603 1049 1628 malum
1076 1608 1127 1626 non
1146 1599 1292 1634 signiﬁcari
1312 1606 1402 1625 veratri
1420 1597 1582 1624 exstantium
1610 1600 1654 1622 aut
1673 1596 1738 1621 Stili-

951 1648 1101 1675 sisientiain
1118 1648 1155 1673 rei
1173 1646 1338 1680 cujuspiaiu,
1355 1644 1402 1671 sed
1417 1643 1494 1678 quasi
1511 1643 1676 1669 exstantium
1693 1640 1753 1668 παιδ’

951 1696 1028 1731 quasi
1045 1694 1182 1721 subsistcn
1189 1694 1250 1720 tiam
1257 1713 1264 1725 ,
1273 1692 1330 1720 solo
1340 1692 1417 1718 modo
1434 1690 1560 1725 loquendi
1571 1690 1740 1723 exprimente

951 1742 1065 1776 po~itiva
1080 1740 1164 1767 forma
1183 1747 1237 1766 rem
1253 1746 1325 1765 mere
1338 1737 1508 1772 privativaru.
1525 1736 1681 1764 Undeidem
1695 1743 1742 1761 oo-

952 1793 1008 1814 ster
1027 1787 1210 1821 Pachyiuercs
1228 1784 1421 1818 inparaphrasi
1437 1783 1470 1809 ad
1491 1790 1551 1808 cum
1572 1781 1690 1816 Dionysii
1705 1781 1743 1806 lo.

951 1842 1024 1866 cuin,
1042 1832 1142 1867 p.124,
1153 1832 1272 1866 ejusdem
1290 1830 1428 1860 editionis,
1439 1829 1571 1854 rationein
1587 1833 1670 1860 quare
1682 1826 1742 1852 Dio-

953 1880 1045 1914 nysius
1061 1884 1140 1912 neget
1162 1878 1312 1903 ὑπόστασιν
1343 1875 1546 1902 subsistentiain
1570 1874 1652 1904 inan,
1672 1872 1741 1898 hanc

952 1925 1031 1960 711
1050 1924 1130 1952 affert
1146 1933 1153 1951 :
1177 1924 1209 1949 'll
1226 1926 1355 1957 στέρησις
1367 1922 1421 1955 γὰρ
1431 1921 1482 1946 οὑκ
1495 1920 1567 1944 ἐστιν
1579 1918 1741 1947 ὕπόσταςις.
1759 1919 1761 1922 ’

953 1970 1030 1997 Unde
1041 1970 1122 1996 infert
1135 1977 1186 1996 non
1199 1976 1278 2003 posse
1289 1967 1390 1994 habere
1400 1966 1528 1991 viriutcin
1547 1963 1626 1989 ullam
1642 1970 1648 1988 :
1662 1962 1699 1986 Τὸ
1714 1961 1742 1986 δὲ

954 2020 990 2055 μὴ
998 2017 1183 2052 ὑφιστάμενθν
1191 2015 1270 2041 πθίαν
1278 2014 1332 2044 ἔξει
1342 2013 1390 2047 τὴν
1398 2009 1654 2044 δύκημινιμΕηίιιτρι
1662 2008 1725 2041 igitu
1732 2014 1743 2032 r

951 2067 1133 2101 Pachyineres
1152 2070 1180 2089 se
1197 2063 1283 2095 ipsum
1295 2069 1302 2093 ;
1314 2064 1340 2085 et
1354 2066 1402 2084 cur
1414 2055 1650 2090 παρυπθστάςεις,
1669 2054 1742 2080 vice-

952 2111 1157 2142 snhsistentias,
1173 2108 1260 2135 ut'sic
1286 2107 1413 2136 dixerim,
1435 2105 1467 2130 ἐκ
1491 2103 1539 2136 τῆς
1561 2102 1615 2127 τῶν
1632 2099 1743 2134 ἀγαθῶν

951 2159 1099 2190 ἀπουσίας,
1114 2161 1191 2183 vocet
1209 2153 1294 2184 κακά,
1312 2151 1432 2178 declaret
1448 2150 1479 2176 iis
1495 2150 1560 2183 ipsis
1578 2147 1667 2174 verbis
1682 2155 1743 2180 qua:

954 2214 1008 2233 ιιοη
1023 2206 1104 2237 longo
1122 2201 1266 2230 intervallo
1290 2196 1349 2234 post
1375 2199 1454 2225 modo
1474 2198 1608 2230 descripta
1637 2195 1663 2221 in
1683 2194 1743 2228 ejus

956 2251 1114 2288 paraphrasi
1136 2250 1280 2283 leguntur:
1297 2246 1359 2272 ’Ὁτι
1371 2245 1432 2271 τότε
1454 2244 1470 2279 ὴ
1492 2243 1621 2278 στέρησις
1635 2249 1744 2275 παρυφ-

956 2299 1072 2328 ισταται,
1086 2297 1129 2323 ὅτε
1143 2295 1172 2320 τὺ
1185 2294 1287 2327 ἀγαθὴν
1296 2293 1457 2327 ἀπέρχεται,
1469 2289 1600 2322 Quoniam
1616 2292 1677 2313 tunc
1687 2288 1744 2321 pri-

954 2346 1024 2373 raii'o
1041 2343 1117 2380 quasi
1134 2341 1264 2371 subsistit,
1281 2339 1386 2373 quando
1404 2339 1498 2364 bonum
1515 2335 1602 2372 (cujus
1625 2339 1667 2361 est
1689 2335 1745 2368 prr-

954 2391 1038 2426 vatio)
1060 2389 1188 2416 abscedit.
1209 2386 1286 2414 Unde
1308 2385 1374 2412 nihil
1388 2389 1429 2410 est
1444 2383 1571 2414 solidum,
1591 2381 1638 2408 sed
1657 2379 1744 2406 forma

955 2437 1035 2465 solidi
1046 2442 1217 2470 expressum.
1231 2433 1267 2460 Ut
1284 2440 1344 2458 cum
1361 2431 1485 2458 tenebras
1500 2430 1562 2463 quis
1577 2427 1653 2458 dicit,
1672 2426 1744 2452 vide-

957 2490 1001 2510 tur
1018 2482 1164 2518 positivum
1191 2479 1292 2514 aliquid
1321 2478 1422 2510 dicere,
1441 2483 1535 2503 revera
1564 2479 1652 2501 anteiit
1678 2473 1745 2499 nihil

956 2531 1021 2558 dicit
1037 2529 1089 2556 nisi
1108 2527 1231 2563 positivus
1251 2525 1288 2552 rei
1303 2523 1455 2551 absentiam
1470 2522 1549 2548 lucis.

991 2594 1156 2630 Πεισμονή.
1174 2601 1201 2628 p.
1218 2593 1278 2620 ΜΟ.
1299 2592 1343 2618 Ait
1362 2591 1543 2626 patriarcliam
1556 2587 1681 2623 Cyprium
1700 2593 1744 2611 er-

957 2650 1047 2670 rorem
1078 2643 1105 2668 in
1133 2640 1192 2674 ejus
1221 2644 1293 2665 toruo
1321 2637 1518 2671 deprehensum
1544 2640 1690 2668 agnoscere
1714 2639 1745 2656 ac

957 2689 1095 2723 corrigere
1119 2687 1255 2714 nolentem
1274 2692 1326 2711 non
1338 2683 1425 2710 solum
1446 2680 1611 2714 πεισμονῆς,
1631 2678 1681 2704 lioc
1704 2681 1746 2703 est

959 2742 1087 2763 assensus
1106 2733 1131 2760 in
1149 2739 1269 2759 errorem
1288 2735 1381 2756 contra
1401 2728 1491 2758 ﬁdem,
1507 2728 1553 2753 sed
1569 2725 1651 2751 etiam
1673 2722 1746 2756 αἰρέ-

959 2789 1039 2813 σεως,
1062 2779 1231 2807 contumacis
1248 2776 1373 2804 videlicet
1388 2775 1413 2802 iu
1430 2778 1538 2801 ostenso
1556 2777 1650 2798 errore
1662 2770 1746 2804 perti-

959 2829 1053 2860 naciae,
1073 2829 1230 2854 accusatum
1256 2825 1326 2858 apud
1349 2823 1539 2856 imperatorem
1555 2817 1650 2844 iuiSse.
1670 2815 1747 2842 Unde

965 2878 1076 2910 apparet
1090 2873 1147 2901 voci
1164 2870 1301 2910 πεισμονὴ
1315 2868 1499 2897 eiclesiusuco
1515 2872 1563 2893 usu
1578 2865 1647 2890 hunc
1664 2861 1748 2888 {uisae
