1954 3063
194 86 246 119 ’159

652 86 680 117 Ρ.
706 86 855 117 POSSlNl
876 86 1203 118 OBSERVATIONUM
1225 86 1296 116 LIB.
1320 86 1344 116 ῐ.

1769 83 1841 115 76f)

232 143 414 176 ti'ntmptm‘r
428 142 554 170 δίκαιον.
585 150 612 176 p.
644 142 701 169 195.
721 142 783 177 Agit
807 142 840 168 de
866 149 983 176 corpore
996 147 1019 176 Α
1034 140 1149 168 Proetus
1165 141 1233 167 alter
1247 139 1419 171 scholiastes,
1439 139 1516 167 varia
1530 139 1674 174 disputans
1691 138 1724 165 de
1738 146 1837 165 voca-

195 189 397 223 protovrstiarii
431 189 670 222 Constantinopoli
697 188 810 220 mortui,
836 189 909 222 quod
941 188 981 214 ait

195 241 334 270 portatum
350 236 480 266 Nion-am,
496 235 559 269 quia
580 236 626 269 jus
654 235 691 261 ibi
717 235 867 269 sepulturte
895 234 917 260 is
934 234 982 260 ha-

196 283 274 308 beret
285 281 369 308 dotali
387 281 492 307 ratione
507 285 628 314 partum,
643 287 729 306 uxore
745 279 831 313 ipsius
850 282 982 312 patrona-

195 333 253 354 tum
278 327 306 353 in
327 326 352 353 id
371 326 569 353 monasterium
591 325 746 355 obtinente,
770 325 842 359 quod
862 323 982 357 majores

195 371 301 398 Scilicet
318 371 378 406 ejus
405 376 452 397 aut
470 370 528 405 ipsa
541 375 627 397 totum
653 370 694 397 vel
719 378 753 396 ex
777 375 854 403 parte
870 369 982 396 fundas-

195 421 266 444 sent.
287 416 343 444 Hoc
359 417 468 443 videtur
484 416 528 442 hic
555 416 607 443 dici
629 415 790 450 κτητορικὺν
806 415 909 441 almum:
928 415 982 440 ἀπὺ

194 463 244 496 τῆς
257 462 386 494 συζύγου.
406 463 543 496 Κτήτηρες
560 461 696 496 llesychio
710 466 773 487 sunt
787 460 906 492 κτίσται,
919 468 983 486 con-

195 509 304 539 ditores,
321 515 380 539 seu,
399 513 430 534 ut
450 508 531 542 vulgo
550 507 701 542 loquimur,
720 507 892 541 fuitdutorcs;
910 505 983 532 unde

195 555 250 588 jus,
266 553 338 589 quod
355 562 388 580 ex
415 554 520 580 conditu
547 553 604 580 she
618 553 772 587 [initiatione
789 551 983 578 hiudatoribus

197 601 340 635 competit,
371 605 444 626 recte
471 600 633 634 κτητορικδν
666 599 770 624 δίκαιον
795 598 850 624 dici
881 597 982 632 potuit.

197 647 275 681 Smpe
288 651 379 673 autent
394 646 582 673 ecclesiastico
600 654 650 672 usu
667 646 739 672 inter
759 645 811 671 alia
825 643 983 674 honoraria,

197 702 258 725 qua!
284 693 479 720 fundatoribus
504 693 639 724 ecclesiie,
660 691 819 718 monasterii
847 695 894 717 aut
913 689 984 716 sacri

198 740 320 776 cujusvis
343 740 396 767 loci
419 742 591 773 competunt,
616 739 715 773 estjus
736 737 885 772 sepultura:
904 735 931 762 in
952 735 985 761 iis

198 786 278 813 locis.

1033 187 1107 214 bulis
1131 186 1277 216 mensium.
1295 185 1449 221 propeudct
1473 185 1581 212 eodem.
1609 184 1734 218 Denique
1754 184 1836 211 folio

1034 233 1077 264 73,
1094 233 1216 260 Joannes
1228 232 1343 259 Tzetzes
1357 232 1459 259 diserte
1481 232 1578 259 scribit
1599 231 1745 265 Ληναιῶνα
1761 230 1838 266 ἤτω,

1033 279 1078 305 τὸν
1111 278 1285 313 Ἰανουάριον,
1316 278 1354 309 ὡς
1380 276 1488 313 lavari);
1518 277 1595 311 πα.ρᾶ
1622 277 1698 302 Ἴωσι
1728 276 1833 302 καλεῖ-

1033 334 1088 352 ται.
1111 325 1242 353 Videmus
1266 325 1331 352 hinc
1345 332 1480 360 quosnam
1509 324 1607 351 innuat
1624 323 1831 358 Pacltymcres,

1034 379 1132 406 nempe
1139 371 1359 406 Moschopulum,
1370 371 1497 398 Proetum
1509 374 1537 398 et
1547 370 1679 398 Joannem
1689 370 1835 397 Tzetzen.

1034 417 1104 450 Quid
1124 417 1261 452 signiﬁcat
1278 422 1371 444 autent
1400 425 1462 444 cum
1494 425 1524 444 se
1539 417 1745 451 ὲποποιήσαντα
1760 415 1837 441 κατ’

1034 462 1132 495 αὐτούς
1149 463 1353 490 memorathn
1373 470 1412 495 se,
1433 470 1495 490 eum
1511 470 1580 498 puer
1597 462 1706 489 illorum
1723 460 1835 488 ludum

1035 509 1224 543 frequentaret
1245 515 1272 536 et
1288 517 1384 537 versus
1398 517 1468 544 quos
1484 509 1584 537 recitat
1597 509 1631 536 de
1647 506 1739 535 lunari
1752 507 1836 534 deli-

1035 556 1100 591 quio
1116 555 1283 590 compositos
1306 556 1542 583 utscholasticum
1559 563 1674 590 pensum
1694 555 1748 581 illis
1766 561 1837 580 ma—

1035 603 1129 639 gistris
1144 603 1281 635 redderet,
1302 603 1348 630 isti
1362 611 1458 631 eorum
1482 603 1508 630 in
1526 604 1569 630 his
1587 603 1711 638 opinioni
1732 602 1836 628 adluc—

1036 651 1121 677 sissc?
1137 658 1171 677 an
1193 650 1299 684 potius,
1325 657 1388 677 cum
1408 650 1538 684 privatim
1561 649 1708 676 Hesiodum
1730 648 1836 682 legens

1036 697 1135 724 borum
1153 697 1298 724 adhiberet
1313 696 1429 728 scholia,
1452 701 1480 724 et
1496 695 1605 723 interim
1621 695 1753 722 subortus
1775 693 1837 726 ipsi

1035 747 1108 769 cssot
1131 742 1250 776 impetus
1270 742 1419 770 meditandi
1443 749 1554 769 carmen
1580 740 1736 768 imitatione
1754 740 1837 766 vatis

1035 796 1117 823 quem
1142 792 1388 818 commentaretur.
1416 788 1498 815 obvio
1530 791 1693 821 argumento
1720 785 1836 812 lunaris

233 832 344 864 Λεπάς,
357 839 384 866 p.
401 831 444 858 55.
460 830 517 858 Hoc
533 830 708 865 proverbium
733 834 806 855 tomo
819 828 903 863 priori
920 836 935 854 a
953 835 982 854 se

1039 834 1208 868 defectionis,
1241 834 1363 861 noluisse
1393 834 1420 860 in
1450 841 1483 860 eo
1499 833 1630 860 recedere
1648 840 1663 859 a
1688 829 1835 858 sententia

198 885 371 914 usurpatum,
387 883 415 906 et
437 878 493 905 illic
509 886 523 905 a
548 878 628 904 nobis
645 877 814 904 declaratum
832 875 858 902 iu
875 873 986 901 Glossa-

197 926 249 955 rio.
268 934 300 952 eo
313 926 405 959 aptius
422 929 450 952 et
465 924 617 959 elegantius
639 923 684 950 hic
699 923 812 949 adhibet
833 921 984 956 Pachyme-

197 979 251 1003 res,
268 973 342 1006 quod
367 971 438 998 istud
458 970 603 998 Prodromi
621 967 832 998 monasterium.
852 974 867 994 a
888 973 943 1001 quo
956 973 985 992 se

197 1018 288 1045 divelli
302 1025 373 1052 a‘gre
386 1017 494 1045 sinebat
506 1017 549 1053 [P.
566 1016 629 1051 495]
645 1015 808 1042 Theodorus
822 1013 985 1048 Cyzicenus,

197 1065 305 1093 fortiter
320 1064 459 1092 abducere
474 1063 641 1090 conantibus
655 1062 813 1092 obluctaus,
829 1061 918 1088 Pctrze
940 1066 987 1085 eo-

197 1119 316 1146 guomen
336 1110 465 1137 habebat.
482 1109 558 1136 idem
569 1109 655 1140 enim,
675 1113 705 1135 ut
721 1107 841 1138 videtur,
862 1109 907 1133 est
923 1111 985 1132 cum

199 1158 246 1184 illo
264 1156 335 1190 quod
357 1156 486 1190 superius
502 1163 529 1189 p.
545 1155 590 1184 AM.
614 1154 682 1188 μονὴ
698 1153 743 1179 τοῦ
763 1152 921 1188 Προδρόμου
938 1150 986 1184 τῆς

200 1204 323 1238 Πέτρας,
354 1202 543 1229 monasterium
569 1200 711 1227 I’rodromi
746 1199 844 1231 Petraz,
865 1196 986 1232 appella-

199 1254 256 1277 ων.

234 1296 357 1327 Λίκνος,
375 1303 401 1329 p.
423 1294 462 1321 l9.
490 1294 598 1324 Λίκνος,
614 1291 696 1326 vulgo
714 1299 797 1324 cuna,
814 1289 923 1317 videtur
941 1289 987 1317 hic

199 1341 252 1369 dici
267 1347 354 1375 genus
369 1339 471 1366 lcctic:e
484 1342 531 1365 aut
545 1337 653 1366 lcrculi,
666 1344 721 1371 quo
736 1340 891 1371 gestaretur
903 1343 987 1363 senex

200 1387 371 1422 decrepitus,
388 1393 484 1420 nctnpc
500 1384 684 1420 gestatorium,
700 1390 752 1408 vox
773 1386 905 1416 usurpata
920 1382 987 1409 Suc-

199 1434 276 1462 tonio
293 1434 320 1460 in
332 1433 446 1461 Claudio
461 1441 467 1459 :
490 1431 590 1459 Solitus
600 1431 627 1458 in
641 1431 784 1465 gestatoria
798 1429 897 1456 ludere.

235 1478 383 1514 Ληναιών,
399 1486 425 1512 p.
444 1477 506 1504 306.
524 1477 576 1503 Τοῦ
593 1476 614 1502 δ’
636 1475 718 1502 αὑτοῦ
731 1475 986 1509 ἔτους-Ἑκατομ-

198 1526 302 1552 ϐαιῶνα
321 1525 441 1559 λέγουσι.
455 1524 488 1551 Et
506 1523 576 1550 infra
589 1531 595 1549 :

237 1573 331 1606 Μῆνας
347 1571 374 1598 δὲ
389 1570 501 1605 Ληναιῶ
513 1569 608 1604 πρώτη
627 1568 705 1604 βάσις
723 1568 816 1594 ἵστατο
835 1568 932 1602 μήνης.

200 1619 292 1646 Habes
309 1618 335 1645 in
351 1617 394 1644 his
426 1617 621 1651 Pachymerem
645 1619 770 1643 secutum
796 1613 986 1641 auctoritatem

199 1666 380 1700 interpretum
395 1662 517 1694 Hesiodi,
534 1662 599 1689 dum
614 1669 725 1688 carmen
739 1660 810 1695 apud
825 1660 899 1694 ipsos
913 1667 988 1694 pan-

198 1707 459 1747 geret,.iauuarium
478 1716 590 1736 vocasse
606 1708 763 1743 Ληναιῶνα,
780 1707 859 1741 quasi
883 1706 924 1733 sic
941 1705 987 1733 ille

201 1758 304 1786 mensis
315 1757 348 1784 ab
360 1754 577 1784 Atheniensibus
591 1754 792 1783 nominaretur,
803 1760 866 1780 cum
880 1760 909 1780 re
923 1760 987 1779 vera

197 1806 275 1840 juxta
302 1803 480 1832 exactiorem,
499 1805 529 1828 ut
558 1805 648 1835 putat,
667 1800 832 1827 sententiam
849 1799 988 1826 Romano-

200 1860 261 1878 rum
277 1851 424 1879 Januarius
437 1848 519 1884 700
544 1847 759 1874 Atheniensibus
775 1845 987 1873 llecatombaeon

199 1901 291 1928 dictus
317 1899 364 1927 sit.
398 1898 455 1926 lam
481 1896 588 1931 pridem
621 1895 650 1922 in
679 1893 912 1922 Obsert‘atiouibus
954 1892 988 1920 ad

199 1946 318 1981 priorem
332 1943 459 1970 Historiae
474 1941 696 1976 Pachymeriana:
706 1947 824 1976 partem,
841 1940 859 1966 l.
873 1947 912 1970 tu.
923 1946 948 1966 c.
962 1939 987 1972 1,

201 1991 386 2020 demonstravi
415 1990 487 2017 hanc
514 1988 639 2015 historici
666 1989 753 2015 nostri
778 1989 937 2024 opinionem
962 1993 988 2014 et

200 2039 240 2067 illi
268 2038 435 2074 singularem
464 2040 491 2063 et
516 2034 610 2062 falsam
637 2042 708 2066 esse,
731 2035 785 2062 nisi
809 2035 897 2062 solum
922 2034 990 2061 velit

202 2086 320 2112 nrimum
349 2084 413 2111 anni
442 2081 523 2110 Attici
547 2090 669 2109 menseut
692 2081 918 2116 Ἑκατθμὸιιῶνα
947 2080 990 2107 di-

203 2137 287 2161 .:tum,
308 2130 540 2164 quemadmodum
554 2130 659 2165 primus
669 2129 734 2156 anni
752 2127 868 2155 Romani
888 2128 990 2155 mensis

1037 880 1249 907 scholiastarum
1271 879 1393 911 Hesiodi,
1413 883 1554 913 utcunque
1583 878 1674 904 minus
1690 876 1742 903 sibi
1762 883 1836 910 pro-

1036 926 1120 954 bata?
1149 924 1300 960 Suspieari.
1334 926 1443 960 opinor,
1470 925 1569 952 liceret
1595 924 1772 954 alterutrum,
1806 922 1831 948 si

1037 969 1258 1004 Moschopulum,
1272 969 1400 996 Proclum
1413 975 1442 996 et
1451 969 1569 996 'l'zetzeu
1586 976 1618 996 eo
1632 974 1772 995 constaret
1791 967 1834 994 si-

1037 1015 1093 1043 mul
1106 1023 1203 1043 omnes
1217 1019 1339 1050 tempore
1353 1015 1452 1042 vixisse
1463 1023 1518 1049 quo
1530 1015 1665 1047 potuisset
1681 1013 1746 1040 dare
1762 1013 1836 1048 ipsis

1038 1070 1106 1097 puer
1122 1070 1234 1097 operam
1253 1061 1435 1096 Pacliymercs
1462 1061 1488 1088 in
1515 1061 1581 1088 ludo
1607 1061 1754 1088 litterario.
1777 1059 1835 1086 Cui

1038 1117 1073 1136 ne
1094 1117 1144 1135 nos
1172 1108 1347 1143 implicemus
1373 1107 1561 1142 disquisitioui
1578 1114 1632 1134 non
1650 1106 1830 1135 necessariae,

1038 1155 1187 1182 secundam
1202 1155 1294 1189 potius
1314 1154 1385 1180 viam
1402 1153 1568 1184 tenebimus,
1585 1152 1636 1178 nisi
1653 1152 1675 1178 si
1692 1151 1754 1186 quis
1771 1159 1832 1177 ma—

1038 1200 1070 1227 lit
1084 1200 1220 1234 suspicari
1238 1199 1446 1234 Pachymerem.
1463 1199 1534 1233 apud
1549 1198 1756 1232 qualescunque
1774 1204 1834 1223 ma—

1038 1247 1140 1282 gistros
1155 1247 1233 1274 daret
1249 1254 1360 1280 operam
1381 1245 1492 1276 litteris,
1510 1244 1583 1280 quod
1610 1244 1627 1270 ii
1655 1244 1736 1278 vulgo
1757 1243 1833 1270 cele-

1039 1293 1130 1320 brium
1149 1293 1264 1320 istorum
1282 1291 1392 1320 Hesiodi
1410 1293 1592 1326 interpretum
1614 1289 1780 1317 sententiam
1794 1296 1831 1316 eo

1038 1345 1121 1374 poeta
1133 1340 1288 1366 euarrando
1302 1344 1496 1374 sequerentur,
1515 1339 1587 1365 illum
1606 1337 1676 1364 dicis
1696 1343 1780 1363 causa
1801 1341 1831 1362 et

1039 1386 1229 1422 perfunctorie
1257 1385 1283 1412 in
1316 1386 1444 1413 versibus
1472 1385 1548 1420 juxta
1575 1391 1694 1419 ipsorum
1724 1383 1830 1409 dictata

1038 1432 1149 1467 scriptis
1170 1431 1324 1466 amplexum
1341 1431 1436 1459 fuisse.

1076 1478 1117 1514 [Ρ.
1134 1478 1197 1514 494]
1209 1478 1417 1513 Λοτίιριαστὴς
1432 1477 1487 1512 τῆς
1495 1476 1605 1510 αὐλῆς,
1619 1485 1646 1511 p.
1665 1475 1729 1503 296.
1748 1475 1823 1509 Παρ-

1038 1525 1090 1559 ἦγε
1120 1526 1148 1552 δὲ
1171 1526 1217 1552 καὶ
1234 1525 1362 1560 μάρτυρα
1387 1524 1543 1559 λεγομένοιν
1560 1525 1606 1550 τὸν
1622 1524 1681 1549 τότε
1697 1523 1828 1557 inrupta.-

1039 1573 1106 1606 στῆν
1119 1573 1168 1606 τῆς
1184 1572 1268 1607 αὐλῆς
1284 1572 1428 1606 Ἄγγελον.
1454 1572 1515 1599 Mox
1531 1571 1608 1598 illum
1627 1569 1666 1596 ait
1682 1569 1765 1596 fuisse
1780 1569 1829 1602 ὀφ-

1039 1618 1122 1654 φικίῳ
1134 1618 1327 1653 τετιμημένον,
1341 1619 1499 1645 lwnoratum
1511 1617 1609 1652 ofﬁcio,
1622 1616 1675 1642 hoc
1687 1620 1729 1642 est
1743 1615 1830 1649 magi-

1039 1669 1127 1691 stralu
1149 1664 1302 1691 honorilico
1320 1665 1465 1699 insignem.
1480 1663 1568 1699 Hujus
1581 1670 1681 1689 munus
1692 1661 1826 1691 Codiuus.

1039 1717 1064 1738 c.
1089 1711 1116 1742 5,
1142 1719 1170 1737 ιι.
1189 1710 1234 1739 84.
1260 1710 1303 1737 bis
1323 1710 1416 1737 verbis
1438 1709 1568 1744 exprimit
1589 1717 1597 1735 :
1620 1708 1649 1734 Ὀ
1674 1707 1726 1740 τῆς
1742 1707 1828 1741 αὐλῆς

1041 1757 1220 1792 λιιγαριαστὴς
1236 1756 1373 1790 λογίζεται
1395 1756 1457 1787 τοὺς
1477 1756 1506 1781 ὲν
1528 1756 1559 1790 τῇ
1578 1754 1648 1789 αὐλῇ
1663 1753 1826 1788 εὕρισκ’)μὲ-

1040 1812 1102 1834 vota;
1115 1804 1218 1834 πάντας
1235 1802 1396 1837 ῥῡγάτορας,
1413 1803 1437 1828 ει
1448 1801 1536 1827 λείπει
1547 1801 1598 1828 τινὶ
1616 1801 1671 1827 ἀπὸ
1683 1801 1730 1834 τῆς
1746 1800 1822 1835 701

1041 1851 1123 1885 ρόγας
1135 1849 1229 1880 αὐτοῦ,
1251 1848 1472 1884 ἣὲξεδούλευσεν
1500 1848 1570 1882 ὑπὲρ
1596 1844 1632 1874 ὧν
1658 1847 1820 1883 ὲρῤογεύθη.

1040 1896 1098 1924 Hoc
1118 1900 1160 1923 est
1189 1896 1341 1930 interprete
1367 1894 1498 1922 Grctsero
1519 1899 1614 1921 nostro
1633 1903 1639 1920 :
1663 1893 1826 1929 Logariastcs

1040 1941 1239 1969 aultentunerat
1253 1946 1276 1968 et
1292 1945 1426 1976 computat
1439 1949 1532 1967 omnes
1544 1940 1639 1967 milites
1652 1940 1697 1975 qui
1722 1941 1749 1966 in
1764 1940 1824 1965 aula

1039 1989 1171 2024 stipendia
1195 1993 1312 2020 merent;
1338 1992 1363 2014 et
1392 1987 1497 2022 dispicit
1537 1987 1655 2022 nunquid
1687 1986 1766 2013 alicui
1796 1987 1828 2013 de

1040 2035 1169 2070 stipendio
1192 2035 1267 2066 desit,
1281 2039 1327 2060 aut
1348 2042 1410 2061 num
1426 2033 1503 2070 plene
1526 2033 1685 2068 satisfecerit
1710 2041 1758 2068 pro
1782 2034 1827 2059 sti—

1041 2086 1135 2120 pendio
1146 2084 1215 2120 quod
1229 2085 1343 2119 accepit.
1358 2083 1483 2111 Meminit
1495 2083 1575 2118 hujus
1588 2082 1671 2110 ollicii
1681 2090 1753 2116 saepe
1763 2082 1826 2109 alibi

1040 2131 1173 2159 Codiuus.
1189 2130 1256 2157 Erat
1279 2134 1308 2157 et
1333 2130 1403 2158 alius
1418 2129 1581 2164 logoriastes
1593 2136 1709 2162 magnus
1725 2134 1825 2155 memo-

206 2177 346 2204 tanuarius
376 2176 491 2203 dicitur.
519 2175 576 2203 Hoc
599 2175 672 2202 enim
700 2182 765 2202 sane
801 2174 987 2201 verissimum.
1004 2185 1026 2211 ῃ
1041 2183 1117 2205 ratus
1131 2177 1220 2205 eidem
1238 2185 1293 2204 non
1324 2177 1421 2208 semel,
1446 2181 1477 2203 ut
1501 2183 1526 2204 e.
1552 2177 1626 2208 2,11.
1645 2176 1698 2209 40;
1724 2176 1758 2203 ab
1777 2175 1826 2203 hoc

203 2223 269 2249 illud
305 2228 396 2248 autem
430 2221 629 2253 falsissimum,
659 2219 819 2247 Januarium
850 2219 987 2253 Ἑκατομ-

201 2269 298 2295 (ἰιιιῖνι
323 2267 504 2303 respondere,
523 2267 560 2294 ita
585 2271 616 2294 ut
634 2265 806 2300 temporibus
832 2264 990 2292 indicandis

201 2315 318 2342 alterum
338 2313 447 2341 illorum
473 2313 673 2340 vocabulorum
703 2313 831 2347 usurpari
861 2317 990 2349 tauquam

199 2361 367 2396 :cquivaleus
381 2360 460 2388 alteri
474 2364 567 2394 queat,
589 2359 662 2394 quod
681 2365 852 2393 constanter,
872 2361 919 2388 sed
933 2361 991 2388 sin-

201 2407 334 2443 gutariter
345 2411 373 2434 et
387 2407 530 2438 mendose,
544 2407 724 2442 Pachytncres
739 2406 816 2434 iacit.
831 2407 882 2434 llic
895 2406 992 2434 viden-

202 2457 266 2481 dqu
283 2454 372 2481 solum
388 2458 430 2480 est
440 2453 552 2488 quinam
570 2454 625 2481 siut
638 2454 676 2481 illi
691 2462 764 2488 quos
777 2454 822 2481 hic
844 2459 989 2486 memorat,

203 2501 334 2536 ἐξηγηταὶ
347 2500 395 2527 τοῦ
406 2501 563 2536 Ἀσκρηθεν
577 2501 879 2536 πηιητοῦ,εηαιταιονε.ς
893 2502 991 2528 Ascrtri

202 2553 296 2581 poene.
315 2547 453 2574 Habemus
468 2547 619 2574 Hesiodum
637 2555 712 2574 ntere
727 2548 820 2575 Gnece
836 2555 898 2574 cum
915 2555 990 2574 tuere

202 2594 305 2622 Graecis
323 2593 449 2625 seholiis,
466 2592 572 2620 editum
595 2592 730 2626 Venetiis,
752 2601 797 2620 an.
815 2593 881 2620 Chr.
909 2594 990 2624 1537,

201 2648 284 2676 opera
303 2640 423 2667 Victoris
447 2639 615 2672 Trincaveli,
631 2641 709 2675 cujus
727 2640 753 2666 in
781 2639 846 2666 libri
863 2639 929 2666 lolio
945 2640 989 2672 (38,

201 2688 234 2714 ad
252 2687 329 2713 ἰιιιιιιι
344 2686 402 2721 ejus
416 2691 502 2721 pocla:
518 2693 627 2713 versum
646 2694 652 2713 :

236 2734 318 2768 Μῆνα
332 2733 361 2759 δὲ
377 2733 523 2766 Ληναιῶνα
537 2735 584 2759 καὶ
600 2733 693 2768 ἤματι
711 2733 828 2768 βούδῡρα
847 2733 944 2765 πάντα,

202 2778 398 2814 llosehopulus
424 2779 463 2806 sic
479 2779 593 2806 adnotat
610 2788 616 2806 :
635 2780 712 2806 Κατὲ
735 2780 762 2806 δὲ
779 2780 852 2814 μῆνα
869 2780 919 2809 ,τὸν
935 2780 991 2814 Λη-

203 2826 316 2859 “.].ιῶνα,
333 2826 407 2858 ὅστις
423 2826 495 2852 ἐστὶν
516 2827 528 2853 ὁ
547 2827 721 2863 Ἰανουάριος.
741 2827 818 2854 folio
834 2831 928 2862 pustea
946 2828 989 2861 71,

1042 2224 1119 2259 prior
1132 2224 1314 2259 distinguitur
1331 2225 1461 2260 adjuncto
1475 2223 1545 2250 aula:
1557 2223 1704 2251 vocabulo.
1724 2222 1799 2255 Quod
1809 2231 1822 2249 a

1041 2269 1294 2302 Codinoscribitur,
1304 2277 1330 2297 c.
1340 2269 1368 2303 5,
1376 2278 1404 2296 n.
1413 2270 1498 2303 61,de
1506 2269 1652 2304 logariaste
1661 2268 1740 2300 aulaa,
1748 2264 1825 2300 Οὗτος

1041 2316 1092 2342 οὐκ
1109 2315 1166 2350 ἔχει
1179 2325 1205 2342 τι
1219 2316 1387 2352 ὑπηρέτημα
1404 2315 1461 2349 νῦν,
1477 2323 1569 2342 carere
1597 2323 1666 2342 nunc
1686 2315 1824 2349 initiatione,

1041 2361 1121 2389 facile
1136 2361 1255 2397 quadrat
1269 2363 1296 2390 in
1311 2363 1369 2390 haec
1381 2367 1429 2390 aut
1445 2361 1527 2397 paulo
1537 2361 1690 2396 posteriora
1702 2360 1746 2387 his
1764 2365 1825 2388 tetu-

1041 2420 1120 2447 pora,
1144 2410 1247 2445 quibus
1268 2409 1370 2436 vixisse
1399 2408 1524 2436 Codinus
1550 2415 1666 2444 putatur
1688 2407 1741 2436 sub
1760 2407 1825 2436 Can-

1044 2463 1176 2486 tacuzeuo
1195 2461 1242 2483 aut
1258 2464 1320 2483 cum
1341 2455 1400 2487 illo,
1422 2455 1474 2482 hoc
1490 2459 1533 2482 est
1549 2456 1705 2490 principatu
1724 2455 1825 2483 Andro-

1043 2504 1098 2531 nici
1112 2503 1244 2530 .lnuioris.
1258 2503 1340 2537 hujus
1354 2501 1513 2533 Andronici,
1525 2502 1605 2536 cujus
1628 2502 1770 2529 historiam
1779 2503 1826 2529 Pa-

1042 2551 1186 2586 ehymercs
1211 2549 1264 2576 hoc
1289 2556 1371 2582 opere
1391 2548 1483 2580 tradit,
1503 2549 1611 2582 nepotis
1636 2553 1664 2575 et
1684 2548 1826 2582 aliquando

1043 2597 1164 2631 collegis.
1179 2595 1248 2624 Cum
1269 2595 1342 2622 enim
1359 2603 1391 2622 ex
1408 2595 1451 2622 his
1466 2603 1526 2629 qua:
1550 2603 1621 2629 saepe
1639 2596 1766 2630 superius
1782 2603 1823 2623 no-

1044 2649 1101 2671 ster
1118 2647 1234 2677 questus
1248 2646 1290 2668 est
1310 2641 1344 2668 de
1367 2641 1490 2676 neglecta
1511 2641 1649 2668 solutione
1668 2642 1822 2676 pensionum

1044 2689 1178 2717 miiitibus
1202 2689 1388 2720 decretarum,
1408 2696 1476 2722 quas
1491 2688 1572 2722 ρόγας
1598 2688 1720 2715 Codinus
1745 2694 1772 2716 et
1783 2689 1822 2716 alii

1042 2741 1152 2768 vocant,
1170 2735 1339 2770 intelligatur
1355 2735 1458 2761 sensim
1476 2734 1619 2761 inductum
1644 2734 1695 2761 sub
1721 2735 1817 2762 Andro-

1042 2783 1106 2810 nico
1122 2783 1224 2810 seniori
1246 2790 1350 2809 morem
1366 2781 1485 2817 primum
1506 2789 1569 2808 sero
1585 2789 1636 2808 nec
1659 2781 1765 2816 integre
1777 2781 1811 2809 sol

1044 2830 1125 2859 tendi
1138 2829 1211 2865 quod
1227 2830 1408 2858 constitutum
1427 2828 1614 2856 militantibus
1629 2833 1698 2863 erat,
1719 2828 1820 2863 deinde,
