1954 3063
106 114 172 145 765

810 115 1074 149 GLOSSARIUM.

1703 122 1755 153 766

103 175 327 211 appellationem
353 184 476 205 scrvare.
503 177 605 205 Ferunt
626 177 700 205 enim
724 176 790 205 illud
815 176 912 204 condi-
928 178 950 207 Α
965 177 1059 210 δοῦλος
1080 177 1129 205 τοῦ
1156 178 1236 211 Θεοῦ,
1266 184 1319 206 etc.
1345 178 1378 207 Et
1400 183 1480 207 antea
1503 179 1602 207 similia
1627 180 1754 208 attulerat

106 227 173 256 tum
192 230 207 249 a
226 222 350 250 Baburxa
371 223 461 258 magni
484 223 655 251 Tamerlanis
672 228 829 258 pronepote.
855 221 908 249 Ta—

106 267 269 294 mcrlanem
295 273 385 294 autem
409 275 440 294 se
464 275 550 302 genus
571 275 585 294 a
609 267 808 303 Mogulensibns
840 267 908 294 anti-

106 313 180 347 quis
197 313 367 348 principibus
383 313 495 340 duxisse
511 315 582 341 haud
599 321 668 341 vane
690 314 845 348 gloriatum,
864 321 908 339 sa-

108 359 148 386 tis
163 364 207 386 est
226 359 383 386 verisimile.
405 359 472 390 Nam
491 360 541 386 etsi
563 360 634 387 hunc
649 360 784 386 vilissimo
799 367 908 394 genere,

109 410 195 440 patre
217 405 346 439 pecttario
363 411 454 433 natutn
473 406 498 433 in
516 406 661 440 Sogdianis
675 405 813 432 montibus
828 405 909 432 Turt-i

109 453 272 486 praesertim
298 452 422 479 historici
445 452 626 480 Ottotnanicis
651 453 818 487 principibus
842 452 910 479 udu-

109 498 205 526 iantes
223 498 398 533 scripserint,
424 500 456 526 ad
476 499 658 526 infamandam
677 499 735 534 ejus
751 499 908 526 memoriam

109 545 160 579 qui
180 545 333 572 Baiazctem
355 545 426 572 bello
445 545 544 572 victum
562 552 593 571 ac
614 548 722 579 captum
743 544 801 570 dira
823 551 909 577 usque

109 590 146 617 ad
175 596 290 618 mortem
314 592 438 618 custodia
466 591 613 623 tenuisset,
642 596 729 616 tamen
754 589 909 616 Albacenns

109 636 215 666 Arabs.
240 636 286 670 qui
300 636 324 662 ei
349 644 442 663 comes
461 636 616 663 individuus
633 635 833 669 expeditionum
852 642 910 661 οιιι-

110 682 192 708 nium
212 682 359 710 adhzesisse
375 682 477 710 dicitur
492 688 519 709 et
534 682 594 710 ideo
615 683 711 710 merito
726 682 847 709 creditur
865 688 909 708 res

110 727 172 761 ejus
185 736 241 762 prze
256 730 361 756 cieteris
375 734 533 764 perspectas
556 729 696 762 habuisse,
713 729 739 755 in
755 728 812 763 ejus
827 735 908 763 quam

109 774 225 808 Scripsit
245 775 297 800 vita
321 780 437 802 testatur
467 775 554 807 illum,
572 783 634 802 ctttn
655 775 836 802 inclarescere
849 779 908 802 stu-

109 820 211 854 pendis
250 819 420 848 facinoribus
448 820 489 857 [P.
520 821 583 857 £98]
621 822 693 849 circa
725 821 826 848 ειη-ἰειὶ
856 828 906 848 an-

111 873 180 892 num
199 866 268 893 1590
282 867 374 900 coepit,
389 875 443 895 non
457 875 490 894 ex
504 868 607 902 privata
622 872 649 895 et
663 868 771 895 sordida
788 867 906 900 fortuna,

110 913 161 940 sed
175 921 208 940 ex
223 914 305 946 avito,
313 921 392 948 quem
408 914 582 941 haereditario
595 914 655 950 jure
665 915 844 949 suscepisset,
855 915 907 941 Sa-

110 959 271 987 marltanda‘
285 960 475 995 principatuin
489 968 548 988 eam
566 961 719 988 claritatem
739 961 905 988 emersisse:

112 1005 198 1033 fuisse
217 1007 317 1042 quippe
342 1007 418 1034 illum
444 1007 587 1034 oriundum
607 1017 621 1036 e
636 1009 711 1042 regio
729 1007 904 1039 Tatarornm,

111 1051 164 1079 hoc
176 1057 219 1080 est
234 1053 442 1088 Mogulensium,
457 1053 650 1088 imperatorum
667 1055 808 1088 sanguine.
828 1054 905 1087 Quod

112 1099 232 1126 inituens
246 1100 371 1132 Bizarus,
387 1100 405 1128 l.
424 1108 462 1132 ιι,
481 1100 581 1127 fatetur
600 1109 614 1128 ιι
638 1101 776 1129 nonnullis
794 1102 819 1127 in
835 1101 905 1128 litte-

113 1153 157 1172 ras
184 1145 299 1172 relatum
330 1146 414 1173 fuisse
436 1146 626 1174 Tamerlancm
657 1147 743 1174 filium
769 1147 840 1181 (hoc
863 1152 905 1173 est

113 1198 197 1217 unmn
211 1198 226 1217 e
242 1191 369 1226 posti-ris)
393 1192 482 1226 magni
502 1191 597 1219 Chami
616 1191 798 1225 Tatarormn;
820 1196 847 1218 ct
864 1192 905 1218 di-

112 1241 185 1263 serte
201 1237 359 1264 Alianabins
381 1240 409 1264 et
423 1237 562 1264 Ahmetltts
585 1238 706 1265 historici
731 1238 845 1269 Arabes,
870 1238 904 1265 ab

114 1282 241 1309 Eduardo
267 1281 402 1310 Pococltio
426 1283 528 1310 laudati
558 1283 585 1311 itt
606 1283 743 1318 Supplem.
773 1284 901 1311 Chronici

111 1329 328 1364 Abttlpltaragii,
358 1338 384 1364 p.
409 1329 436 1361 5,
461 1329 650 1358 Tantcrlanetn
679 1338 695 1357 e
718 1330 903 1365 Gingir-hrne

111 1377 200 1411 primo
234 1377 340 1411 imperii
381 1376 576 1412 Mogttlensium
613 1377 754 1404 conditore
791 1378 902 1410 stirpem

113 1425 224 1452 tinxisse
251 1424 396 1452 aliirmant.
420 1424 506 1452 Porro
536 1424 610 1456 licet,
642 1429 671 1451 ut
698 1424 901 1455 Chalcondiles,

113 1471 130 1499 l.
150 1479 190 1503 ιιι,
208 1476 235 1497 et
251 1470 384 1498 lleroldus
399 1470 423 1497 in
436 1470 640 1498 continuatione
653 1470 722 1497 Belli
733 1471 821 1502 Sacri,
835 1470 851 1497 Ι.
864 1478 900 1501 vr,

962 225 1090 259 vulgaris“
1101 225 1143 253 sui
1161 233 1226 253 usus
1244 227 1325 253 Verba
1344 227 1388 254 illa
1409 236 1416 254 :
1436 227 1478 253 Νὰ
1503 226 1557 262 ἔχω
1569 227 1600 253 τὸ
1616 227 1690 258 ἕλεος
1705 227 1752 254 τοῦ

962 269 1042 301 Θεοῦ,
1059 270 1091 297 vi
1115 271 1174 305 εἰμὶ
1190 271 1284 302 δοῦλος
1300 272 1347 298 τοῦ
1365 271 1442 304 Θεοῦ,
1463 274 1495 298 vi
1512 272 1641 299 ἀποθάνω
1657 274 1685 298 ὲν
1703 281 1752 306 με·

961 316 1067 350 ποιναῖσι,
1084 316 1111 342 ln
1129 317 1171 344 his
1187 317 1220 343 νά
1239 325 1291 344 non
1309 318 1415 344 videtur
1431 318 1642 352 planensurpari
1661 318 1686 344 in
1704 325 1751 343 n0-

962 362 1035 388 tione
1064 363 1143 389 hodic
1172 364 1234 389 trita
1260 363 1286 390 in
1315 363 1417 397 vulgari
1448 364 1575 391 idiomate
1593 364 1751 391 Graecorum

962 408 1034 441 (nam
1048 408 1128 442 hujus
1142 409 1238 444 lingua:
1256 409 1356 437 ercm
1371 415 1504 444 corrupta:
1519 410 1703 444 lexicographi
1719 409 1752 436 νά

961 459 1101 488 exponunt
1127 455 1192 487 ἰδού,
1208 464 1250 487 en.
1273 457 1350 489 ecce).
1377 457 1423 482 sed
1455 456 1560 483 videtur
1584 456 1676 490 potius
1702 464 1751 483 ttstt

962 501 1076 534 quodam
1099 501 1230 535 peculiari
1252 501 1365 528 Joannis
1382 504 1486 528 (20.9mm
1503 502 1621 536 posilum
1633 509 1681 534 pro
1694 503 1749 534 vati,

961 546 1060 579 utique,
1088 551 1166 572 certe.
1186 546 1225 573 illi
1243 553 1331 573 autem
1354 548 1398 581 qui
1415 547 1523 580 jurusse
1542 547 1615 574 illttm
1631 555 1678 580 per
1693 548 1751 574 lucc

961 593 1042 618 verba
1060 593 1246 624 crediderant,
1266 593 1298 619 νά
1314 601 1360 626 pro
1376 594 1408 628 νή
1422 595 1549 620 videntur
1567 593 1749 626 intellexisse;

961 638 993 672 νή
1008 637 1093 670 enim,
1111 642 1137 664 nt
1153 644 1246 664 notutn
1262 643 1312 669 est,
1324 638 1416 672 lingua
1432 638 1514 664 veteri
1531 637 1624 665 Graeca
1639 637 1750 670 jnrandi

961 683 1121 710 adverbium
1136 689 1189 710 est.
1206 684 1299 710 PoSsct
1314 684 1395 710 etiam
1417 684 1502 710 videri
1519 683 1631 710 Cosmas
1647 683 1674 710 in
1699 683 1752 709 ali-

962 736 1014 763 qua
1031 737 1064 755 ex
1080 729 1201 755 recitatis
1219 728 1353 759 formulis.
1371 734 1434 762 puta
1454 729 1510 761 illa,
1524 728 1558 755 νὲι
1576 724 1705 754 ἀποοὰνὼ
1722 728 1751 754 ὲν

963 775 1103 810 μετανοίᾳ,
1119 775 1242 809 posuisse
1256 775 1288 801 νά
1300 782 1348 809 pro
1366 774 1434 806 εῐῡε,
1456 774 1568 800 utinam.

996 821 1068 853 Νέα,
1086 829 1113 856 p.
1132 820 1193 849 145.
1206 820 1370 854 Suspicabar
1384 820 1427 847 hic
1439 821 1503 846 νέαν
1516 820 1580 852 dici,
1594 824 1623 846 ut
1638 820 1750 850 assolet,

963 875 1010 902 per
1034 867 1236 902 compendium,
1253 866 1442 893 snbintellecta
1476 874 1541 893 voce
1565 866 1665 901 πύλην.
1696 865 1750 893 Sed

963 914 1107 946 deterruit,
1124 913 1194 947 quod
1209 912 1307 940 Petrus
1322 912 1432 945 Gillius,
1450 913 1494 939 ubi
1521 912 1597 939 urbis
1613 912 1752 940 Constan-

963 959 1113 994 tinopoleos
1130 962 1224 992 portas
1246 963 1401 989 enumerat,
1423 958 1442 985 l.
1459 965 1479 988 ι,
1500 965 1526 985 c.
1543 957 1590 990 ΞΟ,
1615 965 1749 992 nusquam

960 1007 1084 1034 meminit
1100 1007 1180 1034 ullius
1195 1011 1279 1041 portze
1294 1014 1354 1041 quae
1369 1007 1428 1039 νέα,
1443 1015 1509 1034 nova
1527 1007 1672 1034 diceretur.
1695 1006 1750 1034 Po-

961 1054 1010 1081 tuit
1030 1058 1058 1081 et.
1073 1053 1238 1087 subintelligi
1263 1053 1335 1081 aliud
1352 1054 1552 1080 substantivum
1573 1053 1748 1086 femininum,

960 1105 1024 1135 puta
1042 1100 1109 1134 μονή
1126 1105 1172 1126 aut
1188 1099 1287 1134 ἀγορὰ,
1307 1099 1497 1126 ηιοηαιιενίιιηι
1510 1099 1552 1127 vel
1570 1099 1658 1134 {arum
1676 1107 1686 1126 :
1700 1099 1748 1126 sed

960 1155 1022 1173 cum
1040 1147 1124 1182 μονήν
1141 1151 1188 1172 aut
1208 1147 1312 1181 ἀγορὰν
1333 1146 1400 1173 νέαν
1421 1147 1566 1173 vocitatam
1588 1145 1749 1173 Constanti-

960 1195 1049 1228 nopoli
1066 1194 1147 1221 fuisse
1165 1193 1227 1220 alibi
1243 1202 1295 1220 non
1311 1194 1431 1227 legerim,
1447 1194 1570 1220 divinare
1585 1201 1639 1220 non
1653 1200 1748 1223 ausus.

960 1240 986 1266 in
1004 1240 1230 1274 interpretatione
1252 1247 1348 1267 nomen
1364 1240 1450 1274 ipsum
1467 1239 1552 1272 Νέαν,
1573 1238 1657 1266 Neam
1673 1238 1747 1265 velut

961 1286 1011 1313 loci
1033 1287 1088 1312 noti
1109 1285 1245 1320 proprium
1271 1285 1383 1317 retinui,
1401 1285 1489 1312 douec
1511 1285 1585 1312 aliud
1610 1285 1683 1320 quod
1705 1292 1751 1313 se-

958 1339 1057 1366 querer
1080 1332 1182 1358 certius
1199 1336 1365 1358 occurreret.

995 1378 1037 1414 [P.
1057 1378 1121 1414 499]
1136 1378 1248 1411 Ξενὼν,
1273 1386 1298 1412 p.
1320 1378 1383 1406 283.
1409 1378 1541 1405 Videntur
1564 1378 1608 1405 hic
1633 1378 1747 1411 ξενῶνος

959 1424 1061 1459 συνήθη
1080 1425 1235 1459 νομίσματα
1256 1424 1308 1452 dici
1327 1424 1505 1458 elccmosymc
1521 1425 1556 1451 ab
1581 1425 1747 1459 imperatore

957 1472 1065 1505 suggeri
1091 1471 1252 1506 patriarchae
1277 1471 1373 1502 solitae,
1404 1477 1433 1497 ut
1454 1479 1502 1498 eas
1526 1471 1692 1506 impenderet
1716 1471 1744 1498 in

112 1527 138 1546 ι’.
155 1519 180 1549 5,
197 1519 304 1551 docent,
319 1524 425 1545 mortuo
440 1519 600 1545 Tamerlane
612 1518 695 1553 (quod
709 1517 821 1551 contigit
832 1524 903 1543 anno
918 1523 941 1554 ρ
956 1518 1131 1552 excipiendos
1164 1518 1281 1552 hospitio
1308 1517 1465 1551 peregrinos
1486 1521 1514 1544 et
1534 1517 1561 1543 in
1589 1517 1640 1544 alia
1666 1524 1749 1551 egen-

112 1566 177 1593 (Ihr.
197 1565 277 1600 “02)
289 1565 471 1592 vastissimum
487 1564 545 1599 ejus
558 1557 701 1599 imperium
718 1564 792 1591 brevi
803 1563 902 1589 disci-r-

113 1616 187 1646 ptum
203 1616 245 1638 est
270 1611 431 1639 infelicitate
447 1616 494 1638 aut.
511 1610 692 1645 imprudentia
712 1616 903 1637 successcrnm

113 1658 180 1692 ijus.
199 1657 240 1684 Ex
253 1657 337 1691 hujus
350 1661 441 1684 tamen
459 1657 545 1691 stirpe
563 1661 729 1683 memoratus
745 1655 824 1691 paulo
841 1660 905 1682 ante

112 1704 249 1736 Baburxa,
265 1703 398 1730 Sadruclti
415 1708 461 1730 aut
477 1703 649 1738 Paianguris,
662 1703 779 1729 filiorum
793 1702 904 1729 Tamer-

111 1749 192 1782 lanis,
222 1748 315 1783 nepos,
344 1749 496 1785 dynastiam
513 1749 672 1776 obtinuisse
703 1748 902 1776 Increditariam

111 1798 180 1825 inter
210 1795 327 1829 Mogolcs
353 1801 460 1830 gentem
489 1795 644 1831 Scythicam
682 1803 696 1822 a
730 1793 903 1828 cltronologis

113 1843 307 1870 recentioribus
347 1843 480 1875 traditur;
513 1842 630 1876 indeque
664 1841 811 1868 contractis
857 1848 904 1867 co-

112 1890 162 1924 piis
186 1889 286 1917 vicinis
307 1889 424 1923 primum
448 1888 565 1916 Parthos
591 1887 649 1914 sive
670 1886 789 1913 Patanas
811 1885 903 1912 debel-

112 1936 192 1967 lasse,
209 1934 389 1969 felicibusque
405 1935 468 1962 inde
483 1934 672 1968 progressibus
689 1940 774 1966 usque
788 1932 820 1958 ad
838 1939 900 1958 cott-

111 1982 276 2009 stitnrndnm
306 1980 599 2014 transmittcndumipte
627 1979 708 2014 706
731 1978 824 2012 stirpis
847 1984 902 2004 sua:

113 2028 228 2063 p05teris
249 2027 409 2061 Mogolicum
428 2027 509 2053 hodie
529 2025 630 2052 florens
648 2025 792 2059 impr-rium
810 2022 900 2058 profc-

111 2075 192 2105 cisse,
207 2075 345 2106 adamato,
370 2077 450 2107 pr0ut
469 2072 607 2106 suspicatu
623 2078 737 2106 pronum
749 2074 804 2102 est,
819 2069 902 2103 potis-

112 2121 208 2148 simum
223 2120 276 2147 isto
290 2120 408 2150 nomine.
424 2120 494 2153 quod
510 2119 534 2145 id
547 2116 790 2149 Gingizcltanidum
807 2123 900 2149 regum

113 2168 243 2201 majorum
257 2174 367 2193 suorum
384 2166 448 2192 olim
464 2165 593 2200 inclytam
611 2163 741 2190 vocabulo
760 2162 901 2196 Mogulen-

957 1564 1022 1591 tiutn
1038 1564 1151 1596 solatia;
1169 1571 1248 1598 quam
1267 1563 1293 1590 in
1318 1570 1372 1589 rem
1397 1568 1533 1597 sumptum
1556 1562 1611 1589 fere
1626 1570 1746 1589 annuum

957 1610 1029 1637 mille
1054 1617 1199 1637 aureorttttt
1233 1600 1361 1643 imputari
1384 1609 1562 1636 consuevisse
1591 1608 1747 1635 ratimtibus

956 1657 1118 1692 patriarcha:
1144 1664 1176 1683 ex
1205 1656 1350 1683 Occasione
1376 1656 1457 1683 docet
1483 1656 1525 1682 hic
1555 1660 1655 1682 uoster.
1683 1653 1744 1681 Non

955 1703 1079 1730 omittam
1107 1703 1253 1730 admonere
1283 1702 1354 1730 hattd
1381 1707 1454 1730 recte
1482 1702 1649 1729 intellectum
1673 1702 1745 1728 hunc

956 1749 1043 1776 locum
1061 1749 1146 1777 videri
1160 1757 1174 1776 a
1187 1749 1364 1784 parnphraste
1381 1749 1523 1778 Vaticano.
1543 1749 1607 1776 dum
1625 1756 1686 1775 eum
1705 1747 1745 1775 sic

955 1796 1084 1831 exprimit
1101 1805 1107 1823 :
1127 1797 1180 1822 Καὶ
1200 1797 1234 1822 τὰ
1256 1796 1359 1832 συνήθη
1375 1796 1423 1822 τοῦ
1449 1795 1563 1828 ξενῶιιος
1588 1795 1746 1830 νομίσματα.

956 1843 1092 1876 πέμπων·
1119 1842 1207 1869 ἐποίει
1232 1842 1287 1876 γὰρ
1313 1842 1374 1869 κατ’
1395 1842 1455 1873 ἔτος
1479 1842 1608 1876 βασιλεὺς
1628 1842 1744 1876 ὲλεημο·

956 1887 1039 1922 σύνην
1057 1887 1191 1923 κρυφίως,
1209 1888 1311 1918 εὶδῆτος
1325 1887 1372 1914 τοῦ
1390 1888 1575 1922 πατριάρχου.
1603 1888 1684 1922 707
1705 1888 1745 1918 εἰς

955 1933 1078 1968 χι)ιὰὃας
1106 1933 1206 1964 πολλὰς
1232 1933 1416 1967 ποτωμένην.
1438 1933 1499 1959 llu'c.
1524 1932 1571 1966 qni
1597 1932 1749 1959 contulerit.

949 1986 1015 2005 cum
1046 1983 1172 2004 contextu
1203 1979 1337 2010 auctoris,
1370 1977 1449 2004 facile
1470 1977 1669 2011 discrepantias
1692 1984 1746 2004 no-

955 2024 1038 2050 tabit.

991 2070 1174 2104 Οἰκονομίαι,
1189 2077 1215 2103 p.
1235 2069 1294 2096 ιθδ.
1309 2069 1372 2104 Agit
1388 2070 1420 2096 de
1431 2069 1623 2098 ecclesiasticis
1639 2078 1654 2097 ιι
1671 2070 1742 2098 Saba

954 2119 1087 2144 monacho
1110 2116 1226 2146 vexatis,
1252 2116 1277 2142 in
1302 2123 1416 2150 quorum
1439 2123 1500 2142 eutn
1524 2117 1682 2152 οἰκονομίας
1709 2117 1746 2144 ir-

954 2164 1040 2190 ruissc
1057 2163 1201 2190 detinendo
1219 2168 1245 2188 ut
1262 2162 1408 2196 repetendo
1426 2169 1586 2195 proventus.
1615 2169 1742 2198 tanquam

111 2199 179 2240 siuiu
197 2212 350 2248 principum
374 2199 536 2246 potentiam,
562 2218 576 2237 e
596 2211 681 2237 veteri
695 2209 899 2243 repetit-nume-
919 2199 940 2226 θ
956 2212 1068 2245 illijure
1091 2211 1149 2238 illos
1173 2210 1338 2244 percipiendi
1359 2210 1524 2237 exciditsent
1547 2211 1662 2238 crimine
1684 2219 1745 2245 per-

112 2260 204 2290 moria,
223 2259 402 2294 pra-sentibus
422 2257 562 2292 objiccrct.
595 2255 657 2283 "ac
674 2257 707 2283 de
723 2255 900 2290 Mugujiorum

111 2306 240 2334 vocabulo
262 2305 397 2332 Tmharis
416 2313 430 2331 a
452 2304 618 2339 l’aehymcre
644 2303 745 2330 tributo
772 2302 815 2328 hic.
838 2301 901 2327 duxi

111 2351 298 2383 memoranda;
317 2357 376 2384 quae
387 2351 419 2377 ad
432 2350 623 2377 illustrandum
635 2349 705 2376 hunc
720 2348 804 2374 nostri
817 2346 902 2373 histo-

112 2398 156 2424 rici
167 2398 254 2424 locum
273 2404 324 2424 neu
338 2404 433 2432 parum
450 2403 511 2423 esse
527 2395 602 2422 utilia
616 2403 710 2430 aequus
723 2394 803 2421 credo
818 2393 902 2419 lector

108 2443 179 2479 jndic
198 2443 248 2470 bit.

142 2489 203 2522 A'a',
216 2497 244 2524 ι).
256 2489 319 2517 541.
338 2489 367 2515 Ὀ
380 2489 402 2515 δ’
417 2489 497 2523 ὅρκο;
510 2487 654 2519 ἰδιωτικῶς
667 2497 725 2518 πως
741 2488 828 2521 οὕτως
843 2490 899 2522 ἐξε-

110 2535 222 2571 νεχθεὶς,
243 2545 254 2562 ι
281 2535 324 2562 Na
346 2533 418 2570 ἧμαι
443 2534 537 2566 δοῦλος
558 2534 605 2559 τοῦ
632 2534 763 2570 Χριστοῦ,
792 2536 822 2562 οὐ
847 2537 901 2572 μὴν

111 2583 164 2617 εἰμὶ
184 2582 245 2618 μεθ’
264 2582 352 2618 ὑμῶν,
378 2583 402 2608 εἰ
427 2582 464 2617 μὴ
490 2581 525 2608 τὰ
546 2581 662 2615 γένοιτο.
685 2591 693 2607 ι
716 2582 782 2608 Cttm
809 2588 900 2609 autem

110 2629 275 2656 dubitaretur
296 2637 331 2656 an
352 2630 401 2655 hoc
428 2633 500 2656 esset
530 2636 595 2654 vt-re
614 2628 813 2662 juramcntum,
833 2637 900 2655 cou-

109 2675 193 2701 sultus
215 2675 271 2708 ipse
292 2675 411 2702 Joannes
436 2674 552 2701 Cosmus
576 2674 745 2708 patriarcha,
766 2676 810 2709 qui
842 2676 899 2702 hzrc

108 2719 219 2749 dixerat,
238 2719 301 2752 quid
328 2725 462 2751 censeret,
481 2720 622 2753 respondit
639 2720 666 2746 in
686 2720 756 2746 hunc
776 2722 897 2752 modum,

109 2772 133 2799 p.
151 2765 219 2792 550:
237 2765 326 2801 Ὅπερ
342 2765 519 2800 ἐφθεγξάμην
536 2766 588 2791 duo
607 2766 826 2800 παραλυπήσεως
842 2766 898 2792 τῶν

108 2810 224 2845 dicit;th
247 2821 310 2847 μου,
338 2813 386 2847 οὐχ
419 2813 456 2843 ti);
483 2813 565 2847 ὅρκον
600 2813 773 2845 lardi-.1520;
798 2812 887 2844 εἷπον,

107 2857 159 2884 LX
185 2858 278 2891 ἁπλῶς
301 2861 331 2886 ἐκ
359 2860 500 2894 συντλοείαε
524 2859 601 2885 τοῦτο
627 2859 727 2893 λέγειν,
759 2860 791 2886 vi:
818 2858 889 2895 ἦμλι

956 2256 1111 2288 duellionis,
1126 2257 1152 2282 in
1179 2257 1251 2290 quod
1272 2255 1332 2282 illos
1355 2256 1507 2282 incurrisse
1522 2256 1624 2287 aiebat.
1640 2256 1744 2284 habens

952 2304 1007 2338 jam
1031 2309 1084 2330 tum
1105 2303 1178 2337 ipsos
1206 2310 1254 2336 pro
1275 2302 1406 2329 convictis
1431 2307 1458 2329 et
1482 2303 1627 2331 damnatis.
1644 2303 1682 2330 Ex
1701 2303 1744 2331 bis

957 2351 1063 2377 videtur
1087 2349 1176 2385 colligi
1202 2348 1360 2382 οἷκονιιμίας
1386 2349 1429 2375 hic
1455 2349 1545 2376 vocari
1570 2357 1638 2384 quas
1666 2349 1751 2384 vulgo

955 2395 1109 2429 prwbendm
1139 2401 1184 2420 aut
1204 2395 1331 2428 beneﬁcia
1361 2394 1488 2424 dicimus,
1512 2394 1573 2428 jura
1592 2395 1666 2421 varia
1682 2402 1748 2429 per—

955 2443 1140 2477 t'ipit'ttilnrttttt
1157 2441 1311 2474 pollitmllm
1329 2449 1361 2466 ex
1389 2440 1519 2467 reditibus
1537 2440 1665 2468 Ecclesia:
1683 2448 1744 2468 cer-

955 2492 988 2515 lis
1002 2488 1108 2514 clericis
1120 2493 1165 2513 aut
1179 2487 1367 2514 sacerdotibth
1384 2487 1489 2513 ratione
1505 2486 1675 2513 functionttm
1697 2492 1747 2514 aut.

954 2535 1168 2562 ministeriorum
1197 2534 1262 2568 ipsis
1294 2533 1516 2560 demandatornm
1549 2535 1742 2568 competentia.

953 2581 998 2607 Sic
1022 2579 1164 2614 opinabar.
1180 2579 1282 2606 Tamen
1298 2587 1330 2605 tte
1346 2579 1410 2613 quid
1427 2579 1644 2613 prmjudicarem,
1658 2580 1745 2614 ipsam

953 2627 1176 2654 (Economiarnm
1196 2634 1288 2652 vocent
1305 2627 1509 2659 interpretando
1522 2627 1632 2653 retinui.

995 2673 1120 2708 Ὀὸηγοί,
1137 2681 1162 2707 p.
1179 2672 1222 2700 85.
1252 2673 1312 2707 Agit
1338 2674 1370 2698 dc
1400 2679 1463 2698 arca
1493 2673 1561 2698 intra
1577 2680 1657 2706 quam
1684 2676 1746 2699 erat

953 2722 1092 2748 conditum
1111 2719 1218 2746 Ατδυιιὶἱ
1237 2726 1354 2751 corpus;
1374 2726 1453 2752 quam
1473 2718 1552 2751 paulo
1575 2723 1638 2744 ante
1655 2717 1743 2744 κιϐώο

951 2776 1008 2794 τιον
1022 2766 1137 2796 vocavit,
1151 2771 1174 2792 el
1192 2765 1274 2791 fusse
1298 2763 1443 2797 repositum
1457 2764 1524 2789 dixit
1543 2763 1606 2795 περὶ
1618 2763 1650 2789 τὰ
1665 2763 1743 2796 δεξιὰ

953 2815 998 2840 τοῦ
1010 2815 1143 2849 βήματος,
1155 2821 1170 2838 a
1179 2812 1278 2838 ricIlris
1288 2810 1391 2839 ultoris.
1404 2810 1447 2837 hic
1455 2815 1543 2836 autem
1556 2809 1602 2840 ait.
1611 2809 1678 2836 feria
1688 2815 1742 2837 trr-

947 2862 981 2888 tia
999 2860 1112 2897 cujusvi
1126 2856 1535 2890 ltcblonialis,concurt'cntide
1549 2864 1622 2884 more
1640 2857 1742 2892 pOpuio
