1954 3063
92 146 147 178 769

780 139 1041 171 GLOSSARIUM.
1673 139 1705 169 77

91 202 338 233 auathematismos
350 201 379 228 in
396 197 804 235 haeresesasynoulisdecretos.
816 198 881 230 Qut-
900 199 925 228 Α
971 196 1124 230 Πάροικοι,
1148 201 1173 229 p.
1201 194 1264 222 ‘209.
1291 194 1364 228 Quos
1386 194 1431 222 hic
1450 199 1529 222 vocat
1544 195 1724 230 Pacbymetes

89 253 146 279 bus
166 254 351 278 consentanee
365 249 460 276 scribit
479 247 672 283 Paebymeres,
692 254 718 280 p.
735 246 780 279 52,
800 245 885 272 .loau-

93 306 156 325 nem
175 296 293 324 Veccum
310 295 491 330 patriarcbam
501 294 638 321 addidisse
653 293 757 328 aliquot
772 292 885 319 anatheu

94 344 239 371 matismos
259 343 292 370 iis
308 343 351 374 qui
369 341 492 368 solebant
509 340 618 368 recitari
639 339 683 367 die
704 338 884 367 orthodoxize.

90 389 132 417 Ex
162 397 218 424 quo
245 388 422 422 intelligimus
449 395 502 414 non
529 386 613 414 fuisse
638 386 793 413 necessario
821 385 886 412 illud

92 437 256 471 synodiemn
279 436 418 462 decretum
434 438 480 461 aut
495 441 626 461 canonem
646 432 743 468 synodi
765 438 885 459 meome-

93 483 173 513 nieze,
191 481 236 508 sed
255 485 375 514 potu'sse
389 480 439 506 sub
455 479 480 506 id
500 486 598 505 nomen
616 478 711 504 venire
728 476 885 504 sanctiones

92 531 213 555 statutas
236 528 262 554 iu
279 525 427 553 ordinariis
442 524 553 560 synodis
567 522 727 558 patriarcha:
740 523 884 555 cujusque.

131 573 402 607 Παραθεωρεῖσθαι,
422 579 448 606 p.
462 571 525 598 618.
541 571 601 605 Agit
616 571 647 596 de
667 569 708 595 his
724 568 768 603 qui
783 567 887 594 acrrhis

92 621 178 655 jussis
199 619 340 645 Athanasii
367 613 527 652 patriarcha:
556 617 632 643 inviti
658 617 742 643 coacti
763 615 888 649 jejunare

94 666 166 692 clam
183 663 426 695 comessabantnr;
442 663 511 689 unde
522 662 739 696 consequebatur
754 668 801 688 eos
817 660 886 695 quod

96 717 177 739 nocte
202 713 364 744 intempesta
388 709 577 740 comedissent,
600 713 690 735 astare
713 707 887 742 postridianis

94 758 243 785 sacriﬁciis
256 763 364 784 saturos
374 761 401 782 et
414 756 511 782 crudos
521 763 528 786 ;
540 756 565 781 in
578 763 630 789 quo
641 760 699 782 erat
711 754 887 781 irreverentia

97 803 250 836 disciplina:
262 802 344 829 reteri
358 802 495 827 damnata.
506 799 592 827 Vocat
603 808 666 834 ergo
680 802 771 826 noster
783 799 826 826 hic
838 808 889 824 πα-

97 848 300 884 ραϐεωρεῖσῦαι
318 847 452 882 μυστικὰς
470 846 568 878 θυσίας
591 845 685 873 violari
707 845 887 872 reverentiam

937 243 1096 278 παροίκους,
1110 241 1223 276 opponit
1236 240 1396 268 habentibus
1411 241 1549 275 προνοίας,
1566 249 1634 276 quas
1647 242 1680 268 ab
1692 250 1724 268 eo

937 290 1028 317 vocari
1047 288 1193 323 pensiones
1216 287 1294 322 pendi
1312 287 1406 314 solitas
1423 295 1437 314 e
1452 288 1559 322 publico
1583 288 1726 314 militanti-

937 336 989 363 bus
1016 339 1062 362 aut
1091 334 1209 368 aliquant
1236 334 1392 368 reipublica:
1416 333 1578 360 navantibus
1603 341 1726 367 operam,

938 383 1065 408 docemus
1078 381 1110 406 ad
1123 380 1148 407 id
1165 380 1276 405 verbum
1293 380 1342 406 hoc
1359 379 1416 413 ipso
1431 379 1580 406 Glossario.
1593 378 1637 406 Ait
1653 380 1726 406 enim

939 425 982 453 hic.
1000 425 1165 460 (quanquam
1183 426 1328 451 inti-incute
1346 434 1377 451 nc,
1396 425 1559 459 perobscura
1578 434 1584 450 :
1606 433 1666 452 nam
1686 431 1727 451 to-

940 478 995 500 tum
1005 473 1055 500 hoe
1066 481 1119 506 pr.e
1131 472 1234 499 caneris
1245 477 1322 506 caput
1333 472 1453 503 confuse,
1465 472 1594 506 elliptice,
1608 472 1710 499 tenebri
1721 487 1727 492 -
1763 473 1767 477 '

938 519 1080 546 cosissime
1103 524 1265 552 conceplmn
1283 517 1347 552 est),
1371 519 1417 547 ait,
1435 518 1554 552 inquam,
1582 518 1622 544 rel
1640 518 1728 552 potius

940 571 1076 598 utcunque
1092 565 1234 599 signiﬁcat,
1254 564 1450 595 Andronicum,
1471 564 1514 590 cui
1543 572 1636 597 magna
1661 573 1728 598 opus

939 617 997 638 erat
1018 613 1131 645 pecunia
1150 611 1219 636 unde
1234 610 1367 644 stipendia
1388 609 1564 636 Cretensibus
1580 611 1612 635 ab
1629 611 1686 644 ipso
1703 611 1727 636 in

940 656 1078 683 Orientem
1092 657 1212 683 evocatis
1223 661 1248 681 et
1264 656 1318 682 illic
1331 656 1410 682 ﬁdaut
1426 656 1474 690 ipsi
1491 656 1651 682 uorantibus
1665 664 1727 690 opt!-

940 712 997 731 ram
1013 711 1073 729 cuin
1095 703 1146 729 ﬁde
1167 706 1388 736 reprmsrmarel,
1405 709 1462 728 eam
1484 702 1584 728 indicta
1605 703 1728 729 subdito-

942 757 1000 776 rum
1021 749 1164 776 collatioue
1184 748 1343 775 conleei~se.
1364 747 1431 780 Quia
1451 755 1514 774 vero
1532 748 1664 781 ejusmodi
1683 757 1731 774 ex—

942 795 1129 821 traordinariis
1162 794 1314 827 sumptibus
1343 794 1480 828 assignate
1511 794 1610 820 dudum
1643 793 1730 820 fuerat

941 840 1046 866 exactio
1059 839 1173 866 decima:
1195 847 1356 872 prnsmnunt
1385 846 1538 865 animarum
1565 847 1578 864 :t
1597 839 1729 872 stipendia

98 897 214 930 mystico
237 894 373 921 sacriﬁcio
394 893 511 919 debitam
530 900 562 919 ex
580 900 629 918 usu
649 893 744 923 veteri,
759 891 888 918 assisten-

948 893 1102 920 μιοςυιιιιιιο
1126 886 1234 911 nomine
1260 884 1437 916 merentibus,
1457 891 1517 910 cum
1538 885 1592 915 jam
1614 885 1629 910 ii
1645 885 1729 910 conti-

98 941 135 966 Iia
151 947 205 966 non
220 939 378 973 jejunorum
397 946 410 964 a
429 942 508 964 necte
523 938 620 964 media.
638 937 759 971 Θεωρεῐν
778 941 804 963 et
819 936 888 962 θεω-

97 986 205 1020 ρεῖσθαι
232 985 344 1012 wrbnm
370 990 414 1011 est
437 984 523 1011 sacris
552 983 616 1010 olim
648 983 796 1014 addictum,
816 987 889 1009 caste

95 1033 188 1060 obitas
208 1031 380 1060 carrimonias
398 1035 425 1057 et
444 1030 575 1064 religiosis
593 1034 773 1064 prmparatum
790 1029 890 1057 ritihus

96 1083 277 1112 conspectum
297 1077 489 1112 mysteriorum
506 1077 671 1110 exprimens.
695 1075 763 1102 Hinc
790 1075 816 1102 in
832 1074 889 1108 epi-

98 1125 167 1151 stola
195 1123 316 1150 Platonis
345 1123 370 1149 ol
394 1121 559 1157 θεωροῦντες
582 1122 611 1147 ὲν
633 1122 745 1155 Δελφοῖς
774 1120 889 1147 ministri

97 1171 175 1206 juxta
192 1171 260 1197 ritus
280 1170 334 1196 illic
351 1175 498 1196 consuetos
513 1169 643 1202 Apollinis
660 1169 743 1195 cultui
766 1173 891 1194 vacantes

98 1225 124 1246 ct
139 1218 232 1244 varias
253 1217 407 1244 functiones
425 1215 562 1248 religionis
578 1214 637 1249 ejus
654 1214 787 1248 proprias,
808 1221 891 1248 oprra

100 1264 305 1291 consulentibus
318 1264 469 1297 praesertim
485 1261 623 1288 oraculum
640 1260 772 1290 naranda,
789 1260 891 1286 obeun-

102 1317 153 1338 tes.
185 1309 262 1336 Unde
286 1307 470 1342 Thucydides,
503 1307 520 1332 l.
553 1314 578 1337 ν,
606 1307 719 1340 θεωρεῖν
744 1305 814 1331 κατὰ
841 1305 891 1331 πά-

101 1367 178 1393 τρια,
197 1356 249 1383 hoc
277 1359 330 1385 est,
356 1353 463 1388 opinor,
496 1353 547 1379 ritu
575 1360 589 1378 a
615 1352 763 1385 majoribus
793 1351 892 1378 tr.:d,to

101 1411 180 1431 sacra
200 1401 287 1428 ollicia
304 1400 395 1431 obire,
420 1397 560 1432 c0njungit
586 1405 647 1424 eum
674 1397 749 1423 θύειν
774 1401 800 1423 et
826 1406 893 1431 μαν-

103 1449 233 1476 τεύεαῡαι
263 1445 420 1473 sacriﬁrare
451 1449 477 1471 et
507 1443 645 1470 oraculum
676 1442 816 1469 consulere
847 1447 893 1469 aut

102 1502 245 1530 accrplum
269 1494 358 1519 edere.
377 1491 436 1517 Non
457 1491 527 1516 enim
544 1490 642 1516 accedo
662 1488 815 1515 sclioliasta-
832 1497 891 1515 \cr-

103 1543 166 1568 latin
198 1539 311 1574 Οεωρμῐν
345 1545 378 1564 eo
411 1536 468 1562 loco
497 1534 642 1568 exponi-nti
674 1534 793 1568 υεωρυίες
821 1533 877 1566 πέμ

104 1595 183 1619 nam;
199 1589 232 1612 de
249 1593 302 1619 quo
318 1583 441 1618 pluribus
456 1580 607 1607 disserendi
629 1588 680 1606 tton
697 1584 737 1606 rsl
756 1580 796 1605 hic
810 1579 894 1606 locus.

105 1633 191 1660 Porro
208 1630 317 1666 quando
330 1629 363 1656 ah
381 1628 497 1662 indignis
515 1631 560 1653 aut
578 1634 630 1652 non
648 1625 767 1659 legitimo
784 1624 897 1651 initiatis

102 1684 239 1715 apparatu
252 1677 365 1711 ἑποψία,
381 1673 757 1709 conspectusmysteriorum,
773 1677 818 1698 aut
830 1680 896 1698 cou-

106 1732 146 1753 tia
165 1733 245 1760 quam
269 1724 310 1750 las
333 1727 374 1750 est
395 1722 518 1756 neglecto
539 1724 640 1746 statuto
667 1719 719 1744 ritu
742 1718 895 1752 religiOsum

105 1772 217 1807 aliquod
234 1771 325 1798 obitur
342 1769 470 1799 ollicimn,
482 1765 734 1801 παραθεωρεῖσθαε,
753 1765 855 1798 despici
869 1769 897 1792 et

105 1819 184 1854 quasi
199 1817 281 1852 pollui
296 1823 374 1843 sacra
392 1813 529 1841 dicuntur.
545 1810 590 1839 Sic
609 1811 761 1846 Hesychius
786 1810 897 1844 exponit

105 1862 345 1900 παρεθεωροῦντο,
370 1858 597 1894 κατεφρονοῦντο.
626 1857 675 1884 Ubi
701 1857 751 1884 etsi
774 1857 898 1884 videatur

107 1911 243 1946 respicere
261 1910 348 1936 locum
366 1907 448 1942 710
471 1906 532 1933 Act.
561 1905 658 1940 Apost.
687 1912 724 1936 Vl,
749 1905 775 1936 1,
807 1908 895 1931 tamen

106 1959 189 1985 latius
203 1956 255 1982 ltoc
269 1953 377 1982 extendi
389 1953 450 1987 jure
462 1955 571 1986 potest;
589 1955 615 1977 et
628 1952 661 1977 ad
679 1951 896 1981 irreverentiam,

106 2011 159 2039 qua
174 2002 271 2036 religio
287 2000 413 2029 violatur,
429 2006 482 2025 non
495 1997 631 2024 immerito
644 1997 686 2023 hic
698 2003 713 2023 a
731 1995 897 2031 l'acbynn-re

106 2048 341 2076 accommodatum
356 2048 408 2072 est.
425 2043 602 2076 Contemptus
623 2041 694 2068 enim
723 2048 775 2067 ttou
799 2041 897 2067 dubius

107 2101 148 2123 est
174 2094 273 2121 divina:
297 2090 458 2124 majestatis,
476 2088 649 2124 praescriptas
665 2087 698 2114 ab
722 2087 779 2121 ipso
800 2086 855 2112 Deo
870 2086 897 2112 in

106 2143 166 2177 ejus
194 2139 268 2167 cultu
295 2135 499 2164 observationes
524 2133 670 2168 negligere.
693 2133 782 2165 Quare
798 2131 898 2158 Paulus

105 2185 265 2215 Corinthios
296 2188 424 2217 tanquam
449 2180 495 2208 Dei
519 2179 667 2206 Ecclesiam
693 2181 897 2210 contemnentes,

107 2230 360 2267 καταφρονοῦντας,
378 2228 500 2261 increpat
524 2225 608 2253 lCor.
626 2223 722 2256 “.22,
740 2223 811 2257 quod
824 2223 851 2249 in
867 2231 898 2250 ea
917 2218 937 2245 ῐ)

110 2281 183 2308 velut
210 2279 236 2305 in
255 2277 314 2304 loco
333 2275 446 2309 profano
463 2272 639 2300 comederent
660 2279 667 2297 :
687 2270 729 2304 Μὴ
742 2272 796 2304 γὰρ
810 2269 899 2300 οξκιλς

108 2329 186 2363 ἔχετε
203 2327 244 2357 εἰς
264 2324 294 2350 τὸ
312 2322 413 2349 ἐσθίειν
430 2321 477 2346 καὶ
495 2320 604 2351 πίνει-[ς
621 2317 637 2352 ἧ
661 2318 712 2352 τῆς
734 2315 899 2350 Ἐκκλησίας

107 2375 155 2400 τοῦ
172 2371 240 2400 Θεοῦ
264 2368 462 2403 καταφρονεῖτε
473 2366 484 2393 ?
497 2365 567 2399 Quid
586 2369 676 2391 autem
694 2364 717 2390 si
731 2363 901 2397 suspicemur

110 2421 305 2455 Pachymercm
330 2420 465 2447 nostrum,
482 2420 542 2440 cum
567 2411 637 2446 apud
665 2418 743 2437 suutn
771 2415 900 2442 magnum

109 2467 262 2502 Apollinem
293 2462 456 2496 Hesychiqu
483 2459 603 2494 legisset,
625 2458 684 2484 loco
711 2465 725 2482 a
756 2463 799 2482 me
821 2455 902 2482 modo

109 2501 257 2547 descripto,
284 2507 526 2544 παραθεωρεῖσθαι
553 2509 580 2532 et
607 2501 841 2538 καταφρονεῖσθαι
873 2506 901 2527 ιιι

111 2557 326 2593 ἰσοδυναμοῦντα
340 2553 503 2588 comparari,
518 2552 653 2586 simulque
671 2550 785 2578 haberet
801 2548 826 2574 in
842 2547 902 2574 ani-

112 2614 156 2634 mo
181 2607 364 2632 memoratum
393 2599 466 2627 l’anli
488 2600 576 2626 locutn
599 2595 747 2627 contemni,
766 2601 903 2628 καταφρο-

112 2652 230 2684 νεῖσθαι,
247 2649 289 2686 [Ρ.
303 2648 368 2683 502]
383 2646 534 2673 Ecclesiam
546 2643 716 2671 comestioue
730 2648 902 2676 conqueren-

112 2702 158 2731 tis,
174 2696 350 2725 irreverentia
378 2701 430 2728 qua
453 2696 618 2727 pratsumpto
642 2696 722 2718 nocte
740 2689 902 2723 intempesta

112 2747 174 2773 cibo
189 2749 254 2771 “non
280 2742 363 2777 jejuni
392 2740 484 2767 clerici
514 2743 561 2766 aut
588 2737 713 2765 monachi
744 2735 808 2767 aris,
839 2734 903 2761 dum

112 2791 284 2820 Sacriﬁcatur
295 2795 374 2815 tuane
386 2791 515 2817 astarent,
531 2781 783 2820 παραθεωρεῖσῠαι,
800 2781 851 2807 hoc
862 2784 904 2807 est

111 2834 358 2871 καταφρονεῖσθαι,
369 2832 480 2866 despici,
490 2831 630 2859 contemni
644 2836 740 2858 sacras
750 2827 903 2855 oblationes

112 2893 124 2914 (
131 2885 318 2913 rimiuautem,
330 2880 455 2916 posuisse
463 2879 475 2906 τ

940 937 1022 959 nuata
1036 931 1079 958 diu
1094 939 1124 958 ea
1138 930 1465 969 dimitmtiouemercedis
1479 931 1602 956 exhausti
1617 938 1731 956 euersa-

940 979 1015 1013 tique
1028 977 1158 1005 solvendo
1175 985 1229 1004 non
1244 982 1345 1007 essent,
1361 983 1428 1002 onus
1447 977 1471 1002 id
1489 975 1682 1003 derolvehatnr
1697 976 1728 1001 ad

941 1023 1101 1058 παροίκους,
1121 1024 1171 1050 hoe
1186 1029 1238 1055 cst,
1258 1029 1286 1048 ut
1301 1029 1345 1049 res
1361 1023 1420 1058 ipsa
1439 1027 1539 1053 monet,
1555 1021 1587 1048 ad
1611 1022 1731 1056 privatos

941 1069 1106 1104 patrimonio
1118 1069 1240 1095 viventes
1250 1072 1295 1094 aut
1309 1057 1588 1102 pecnlio‘domestico,
1602 1068 1660 1093 sine
1670 1067 1703 1092 ull
1718 1075 1731 1093 s

942 1123 956 1142 a
978 1116 1043 1142 lisco
1058 1115 1196 1142 subsidiis.
1215 1114 1252 1140 En
1274 1114 1319 1146 qui
1337 1114 1461 1140 liiCtllllll‘
1477 1113 1526 1139 hoc
1550 1113 1608 1139 loco
1634 1113 1732 1147 παροι-

942 1169 995 1187 κοι.
1012 1161 1068 1194 Ego
1082 1160 1193 1194 privata:
1213 1159 1251 1186 rei
1267 1158 1390 1186 dominos
1411 1163 1437 1184 et
1456 1157 1668 1192 patreslamilias
1690 1159 1732 1184 iu-

942 1210 1090 1240 terpreter.

978 1272 1238 1306 Παρυποστάσεις,
1256 1279 1283 1305 p.
1297 1270 1358 1297 Ml.
1377 1270 1420 1301 Ὧς
1440 1270 1520 1304 εἴπερ
1543 1268 1680 1304 εὑρεθεῖεν
1699 1283 1734 1289 -

941 1320 997 1346 τῶν
1014 1319 1128 1353 ἀγαθῶν
1157 1318 1303 1348 ἀπουσίας.
1332 1317 1394 1344 llam
1416 1318 1538 1343 scribens
1557 1323 1652 1342 auctor
1676 1317 1735 1342 sine

943 1366 1024 1392 dubio
1038 1366 1173 1399 cogitabat
1185 1365 1249 1391 illud
1263 1364 1292 1390 S.
1309 1364 1427 1398 Dionysii
1439 1364 1608 1398 Areopagittc
1619 1363 1734 1393 dictum,

944 1413 962 1440 l.
989 1413 1025 1439 De
1045 1413 1140 1440 divinis
1167 1413 1325 1443 nonu‘nibtu,
1343 1420 1367 1438 ο.
1385 1411 1413 1444 4,
1429 1419 1454 1446 p.
1476 1411 1538 1442 217.
1560 1411 1603 1438 ed.
1618 1409 1734 1436 Lanseli

943 1459 1118 1491 Parisiensis,
1141 1467 1187 1485 au.
1210 1458 1280 1485 1615
1294 1466 1301 1485 :
1317 1458 1362 1484 Διὸ
1379 1457 1441 1483 οὔτε
1463 1457 1613 1482 ὑπόστασιν
1637 1457 1692 1490 ἔχει
1705 1455 1736 1480 τὸ

945 1507 1040 1537 κακὸν,
1057 1505 1125 1531 ἀλλὰ
1142 1505 1363 1538 παρυπόστασιν.
1381 1503 1532 1538 Signilirat,
1551 1510 1610 1529 Cum
1635 1502 1736 1527 malum

881 1547 891 1552 ’
907 1549 930 1579 C
948 1553 1014 1580 nihil
1038 1553 1072 1579 sit
1098 1552 1172 1579 aliud
1197 1558 1277 1585 quatit
1297 1551 1358 1577 boni
1385 1550 1511 1584 privatio,
1535 1549 1584 1575 hoc
1604 1548 1736 1574 vocalmlo

948 1602 1046 1626 malum
1073 1607 1124 1625 non
1143 1597 1289 1633 signiﬁcari
1309 1605 1400 1623 \‘eram
1417 1595 1580 1622 exstantiam
1608 1598 1652 1620 aut
1670 1594 1736 1619 sub-

949 1646 1098 1674 sustcntiaai
1116 1646 1152 1671 rei
1171 1644 1335 1678 cnjuspiam,
1353 1642 1399 1669 sed
1414 1642 1491 1677 quasi
1508 1640 1673 1667 exstantiam
1691 1638 1751 1666 ani'

949 1695 1026 1729 quasi
1043 1693 1248 1720 subsistentiam
1255 1712 1262 1724 ,
1270 1691 1328 1718 solo
1337 1690 1415 1717 tnodo
1431 1687 1558 1723 loquendi
1568 1695 1599 1714 ex
1606 1688 1738 1721 primruto

949 1741 1062 1775 po~itiva
1077 1739 1162 1766 forma
1180 1746 1235 1765 rem
1251 1744 1323 1763 mere
1335 1735 1506 1770 privativam.
1523 1733 1678 1762 Undcidem
1693 1742 1740 1758 no-

949 1792 1005 1813 ster
1024 1785 1207 1820 Paehymercs
1225 1782 1418 1817 inparaphrasi
1435 1781 1467 1807 ad
1488 1788 1549 1806 etim
1570 1779 1688 1814 Diuitysti
1702 1778 1740 1803 lo.

949 1840 1023 1864 cum,
1040 1831 1139 1865 p.124,
1151 1830 1270 1864 ejusdem
1288 1828 1425 1858 editionis,
1437 1827 1569 1853 ralionem
1584 1831 1668 1858 quare
1679 1823 1739 1849 Dio-

950 1879 1043 1912 nysius
1059 1883 1138 1911 neget
1160 1877 1310 1902 ὑπόστασιν
1341 1873 1544 1900 subsistentiam
1568 1872 1649 1902 malo,
1669 1870 1739 1895 hanc

950 1924 1029 1958 711
1048 1923 1151 1950 affert:
1174 1922 1206 1947 Ἢ
1225 1924 1353 1955 στέρησις
1365 1920 1418 1953 γὰρ
1429 1919 1479 1944 οὐκ
1492 1918 1566 1942 ἐστιν
1577 1916 1738 1945 ὑπόστασις.
1756 1918 1758 1920 ’

951 1968 1027 1996 Unde
1038 1968 1120 1994 inl'ert
1133 1975 1184 1994 non
1197 1974 1276 2000 posse
1287 1965 1388 1992 habere
1398 1964 1526 1989 virtutem
1544 1961 1624 1986 ullam
1640 1968 1646 1986 :
1660 1960 1696 1984 Τὸ
1712 1959 1740 1984 δὲ

952 2019 988 2054 μὴ
996 2015 1181 2051 ὑφιστάμενον
1189 2014 1268 2039 ποίαν
1276 2012 1330 2042 ἕξει
1339 2011 1388 2045 τὴν
1395 2008 1652 2042 δύναμινξς;Ειι;ιιϊιιι
1660 2006 1741 2039 igitur

949 2065 1131 2099 Parltymeres
1150 2069 1177 2087 se
1195 2061 1299 2092 ipsum;
1312 2062 1338 2083 et
1352 2064 1400 2083 cur
1412 2053 1648 2089 παρυποστάςεις,
1666 2051 1740 2078 vice-

950 2097 1155 2141 sitbsivstenlias,
1171 2106 1258 2133 nt‘sie
1284 2105 1411 2134 dixerint,
1433 2103 1465 2128 ἐκ
1489 2101 1537 2134 τῆς
1558 2099 1613 2125 τῶν
1630 2097 1741 2132 ἀγαυῶν

950 2158 1097 2188 ἀπουσίας,
1112 2160 1190 2181 vocet
1207 2152 1292 2183 κακά,
1310 2149 1429 2176 declaret
1445 2148 1477 2174 iis
1493 2148 1558 2181 ipsis
1575 2145 1665 2172 verbis
1680 2153 1741 2178 qua:

953 2213 1006 2232 non
1020 2204 1102 2236 longo
1120 2199 1264 2228 intervallo
1288 2194 1347 2232 post
1373 2197 1452 2223 modo
1471 2196 1606 2228 descripta
1635 2193 1660 2219 in
1681 2192 1741 2226 ejus

954 2249 1112 2286 paraphrasi
1133 2248 1258 2282 leguatnr
1272 2253 1279 2271 :
1295 2245 1357 2270 ’Ὁτι
1369 2243 1430 2269 τότε
1452 2242 1468 2277 ἡ
1490 2242 1619 2275 στέρησις
1633 2247 1742 2273 παρυφ-

954 2298 1070 2326 ισταται,
1084 2296 1127 2321 ὅτε
1141 2293 1170 2319 τὸ
1183 2292 1285 2325 ἀγαθὸν
1294 2291 1455 2325 ἀπέρχεται,
1467 2287 1598 2320 Quoniam
1614 2290 1674 2311 tunc
1684 2286 1742 2319 pri-

953 2345 1022 2372 ratio
1038 2342 1115 2378 quasi
1131 2339 1262 2370 subsistit,
1279 2337 1384 2372 quando
1402 2337 1496 2362 bonum
1513 2333 1600 2370 (cujus
1623 2337 1664 2359 est
1687 2339 1743 2366 prt-

952 2389 1036 2424 vatio)
1058 2387 1186 2414 abscedit.
1207 2385 1285 2412 Unde
1306 2383 1372 2410 nihil
1386 2387 1427 2408 est
1442 2381 1569 2412 solidum,
1589 2379 1635 2406 sed
1654 2377 1741 2404 forma

952 2435 1033 2463 solidi
1044 2440 1214 2468 expressum.
1229 2431 1265 2458 Ut
1281 2438 1342 2456 cum
1358 2429 1482 2456 tenebras
1498 2427 1560 2461 quis
1575 2425 1650 2456 dicit,
1669 2425 1742 2450 vitie-

954 2489 998 2509 tnr
1016 2481 1161 2516 positivum
1189 2476 1291 2512 aliquid
1319 2476 1419 2507 dicere,
1439 2481 1533 2501 revera
1562 2477 1650 2498 antem
1676 2470 1743 2497 nihil

954 2529 1019 2557 dicit
1035 2527 1086 2554 nisi
1106 2526 1229 2561 positiva:
1249 2523 1286 2550 rei
1301 2521 1452 2549 absentiam
1467 2519 1547 2546 lucis.

989 2593 1154 2628 Πεισμονή,
1172 2599 1199 2626 p.
1216 2591 1276 2618 ΗΟ.
1297 2590 1340 2616 Ait
1360 2588 1541 2624 patriarcham
1553 2585 1679 2621 Cyprium
1698 2591 1742 2610 er-

955 2649 1045 2669 rorem
1076 2641 1102 2666 in
1131 2638 1190 2672 ejus
1219 2642 1291 2663 lomo
1319 2635 1516 2669 deprehensum
1542 2638 1688 2666 agnoscere
1712 2637 1743 2655 ar.

955 2687 1093 2721 corrigere
1117 2685 1253 2712 nolentem
1272 2690 1324 2709 non
1337 2681 1423 2708 solum
1444 2678 1608 2712 πεισμονῆς,
1628 2676 1679 2702 hoc
1701 2680 1743 2701 est

956 2740 1085 2761 assensus
1104 2731 1129 2758 in
1146 2737 1267 2757 errorem
1286 2733 1380 2754 contra
1399 2726 1489 2756 ﬁdem,
1505 2726 1551 2752 sed
1567 2723 1649 2749 etiam
1670 2722 1745 2754 αἱρέ-

957 2788 1037 2812 σεως,
1060 2777 1229 2805 contumacis
1246 2774 1370 2802 videlicet
1386 2773 1412 2799 in
1428 2776 1536 2799 ostenso
1554 2776 1647 2796 errore
1659 2768 1744 2802 perti-

957 2827 1052 2858 nacize,
1071 2828 1228 2851 accusatum
1254 2824 1324 2856 apud
1347 2821 1537 2854 imperatorem
1553 2815 1646 2842 luis.~e.
1668 2813 1745 2841 Unde

962 2876 1074 2909 apparet
1087 2871 1145 2899 voci
1162 2869 1299 2909 πεισμονὴ
1313 2866 1497 2896 erclesiastico
1513 2870 1561 2890 usu
1576 2864 1644 2889 hanc
1661 2860 1746 2888 fuisse
