1954 3063
99 146 156 177 705

793 148 1057 182 GLOSSARIUM.

1686 155 1739 186 7G6

96 207 310 243 appellationem
336 216 459 238 scrvare.
486 209 588 238 Ferunt
609 209 683 238 enim
708 209 773 237 illud
799 208 895 237 condi-
911 210 1042 243 Αδοῦλος
1064 210 1113 238 τοῦ
1139 210 1219 244 Θεοῦ,
1249 217 1303 239 ctc.
1329 211 1362 240 Et
1384 216 1464 240 antea
1487 212 1585 240 similia
1610 213 1737 241 attulerat

97 259 157 287 tum
175 262 190 281 a
209 254 333 282 Baburxa
355 255 444 290 magni
467 255 638 284 Tamerlanis
655 262 812 290 pronepote.
838 254 892 282 Ta-

97 299 252 326 nicrlanem
278 305 368 326 autem
392 307 422 326 se
447 307 533 334 genus
553 308 568 327 a
593 300 791 335 Mogulensibus
823 300 892 326 anti-

97 345 162 379 quis
179 345 350 380 principibus
366 346 478 373 duxisse
494 347 566 373 haud
582 354 651 373 vane
673 346 829 381 gloriatum,
847 353 891 373 sa-

98 391 133 418 tis
147 396 190 418 est
209 391 366 419 verisimile.
388 392 455 423 Νςιιιι
474 393 524 418 etsi
546 393 617 419 hunc
632 393 767 419 vilissimo
782 399 891 426 genere,

99 442 178 472 patre
199 437 329 471 peettario
346 443 437 465 natum
456 438 481 465 in
499 438 644 472 Sogdianis
658 438 796 465 montibus
811 437 892 464 Turci

99 485 255 518 praesertim
281 485 405 512 historici
428 484 608 513 Onomanicis
633 485 801 519 principibus
825 485 893 511 adu—

99 530 188 558 lantes
207 531 382 565 scripserint,
407 531 439 558 ad
459 531 641 558 infamandam
660 531 718 566 ejus
733 532 891 558 memoriam

97 577 144 611 qui
163 577 316 604 Baiazetem
338 578 409 604 bello
428 577 527 604 victum
545 585 576 604 ac
597 581 705 611 captum
725 577 784 603 dira
806 583 892 610 usque

98 622 131 649 ad
158 629 274 650 mortem
297 624 421 650 custodia
449 624 597 655 tenuisset,
625 629 712 649 tamen
737 622 893 648 Alliuccuus

97 668 198 699 Arabs.
223 668 269 702 qui
283 668 307 695 ei
332 677 424 696 comes
445 669 599 696 individuus
616 668 816 702 expeditionum
835 674 893 693 οιιι-

97 714 175 740 ιιίιιιιι
195 715 342 742 adhaesisse
358 715 460 743 dicitur
475 720 502 742 et
517 715 577 742 ideo
598 715 694 742 merito
709 715 830 742 creditur
848 721 892 740 res

97 760 156 793 ejus
168 769 224 795 pne
239 762 344 788 cmtcris
359 767 516 796 perspectas
539 761 679 794 habuisse,
696 761 722 788 in
737 760 795 796 ejus
810 768 891 795 quam

97 807 208 840 scripsit
229 807 280 833 vita
305 812 419 834 testatur
450 807 536 840 illum,
555 815 617 835 cum
638 807 819 834 inclarescere
832 812 890 834 stu-

96 852 195 886 pendis
233 851 402 880 facinoribus
430 853 472 890 [P.
503 853 566 890 498]
605 854 676 881 circa
708 854 809 881 Christi
839 861 889 881 an-

97 905 163 924 num
183 899 251 926 l390
265 899 357 932 ctepit,
373 907 426 927 non
440 907 472 927 ex
487 900 590 934 privata
605 904 632 928 et
646 901 754 928 sordida
771 900 889 932 fortuna,

96 945 144 972 sed
158 953 191 972 ex
205 946 376 981 avito,quein
391 946 564 974 baereditario
578 947 638 982 jure
648 947 827 982 suscepisset,
838 947 890 974 Sa-

96 991 254 1019 markaudm
268 993 421 1027 principatu
432 993 458 1020 iu
472 1000 530 1020 eam
549 994 702 1020 claritatem
722 993 888 1020 emersisse:

97 1038 181 1064 fuisse
199 1040 300 1074 quippe
325 1039 400 1066 illum
426 1040 570 1066 oriundum
589 1049 604 1068 e
619 1041 694 1075 regio
712 1039 887 1072 Tatarorum,

97 1083 147 1111 hoc
159 1089 201 1111 est
217 1085 424 1120 Mogulensium,
440 1086 634 1120 imperatorum
650 1087 790 1121 sanguine.
811 1086 888 1120 Quod

97 1132 215 1158 innuens
230 1132 354 1165 Bizarns,
370 1133 388 1160 Ι.
406 1140 444 1164 ix,
464 1132 563 1160 fatetur
583 1141 597 1160 a
621 1134 759 1161 nonnullis
777 1135 801 1160 in
817 1133 888 1160 litte-

97 1185 140 1204 ras
168 1177 282 1205 relatum
313 1178 396 1205 fuisse
419 1178 608 1206 Tamerlanem
640 1179 726 1206 illium
751 1179 822 1213 (hoc
845 1184 888 1206 est

96 1230 180 1249 unum
194 1230 209 1249 e
225 1223 352 1258 posteris)
375 1224 465 1258 magni
484 1223 580 1251 Chami
599 1223 781 1257 Tatarorum;
803 1229 830 1251 ct
847 1225 887 1251 di-

95 1273 168 1296 serte
184 1269 342 1296 Alianahins
364 1273 391 1297 et
405 1269 544 1296 Alimedus
568 1270 688 1298 historici
713 1270 827 1302 Arabes.
853 1271 887 1298 ab

97 1314 224 1341 Eduardo
250 1313 384 1343 Pocockio
409 1315 510 1342 laudati
540 1316 567 1343 in
588 1316 725 1351 Sopplem.
755 1316 883 1344 Chronici

94 1361 311 1396 Abulpharegii,
341 1370 366 1396 p.
390 1362 418 1393 5,
443 1362 633 1390 Tamerlanem
662 1371 677 1390 e
700 1362 885 1398 Gingilvhsne

95 1409 183 1443 primo
217 1409 322 1443 imperii
363 1408 558 1444 Mogulensium
595 1410 736 1437 conditore
773 1410 884 1443 stirpem

95 1457 206 1484 duxisse
234 1457 378 1484 allirmant.
402 1456 488 1484 Porro
518 1457 592 1487 licet,
624 1461 653 1483 ιιι
680 1456 883 1488 Chalcondiles,

94 1503 112 1532 1,
131 1511 172 1535 ιιι.
191 1508 218 1529 et
234 1502 367 1530 lleroldus
381 1503 405 1530 in
419 1503 623 1530 continuatione
635 1502 704 1529 Belli
716 1503 803 1534 Sacri,
817 1503 833 1530 Ι.
846 1510 883 1534 νι,

946 257 1074 292 vulgaris“
1084 257 1127 286 sui
1144 266 1210 286 usus
1227 259 1309 286 verba
1327 260 1371 286 illa
1393 269 1399 287 :
1419 260 1462 286 Νὰ
1486 259 1541 295 ἔχω
1553 260 1583 286 τὺ
1599 260 1673 292 ξὶεος
1688 260 1736 287 τοῦ

945 302 1026 334 Θεοῦ,
1042 303 1075 329 vi
1099 304 1158 337 εἰμὶ
1173 304 1267 336 δωῦλος
1283 305 1330 331 τοῦ
1348 305 1426 337 Θεοῦ,
1446 307 1478 331 vi
1495 305 1624 332 ἁποῧάνω
1640 307 1668 331 ὲν
1686 315 1734 339 με·

944 349 1050 383 τανοίᾳ.
1067 349 1094 375 In
1112 350 1153 376 liis
1170 350 1203 376 νά
1222 357 1275 377 non
1292 351 1398 377 videtur
1415 351 1492 385 plane
1503 352 1626 384 usurpari
1643 351 1669 377 in
1687 359 1734 376 no-

945 395 1018 421 tione
1047 395 1127 422 hodie
1155 397 1217 422 trita
1243 397 1270 423 in
1299 397 1401 430 vulgari
1432 397 1559 424 idiomate
1577 397 1734 424 Graecorum

945 441 1018 473 (nam
1031 441 1111 476 hujus
1126 442 1222 476 linguae
1239 442 1339 470 Graece
1354 449 1487 477 corrupta:
1502 443 1685 478 lexicographi
1701 443 1735 470 νά

944 493 1084 521 exponunt.
1110 488 1176 520 ἰδού,
1192 497 1233 520 eu,
1256 490 1334 522 ecce),
1360 490 1406 516 sed
1438 489 1543 516 videtur
1568 489 1658 523 politis
1685 497 1734 516 usu

945 534 1058 567 quodam
1081 534 1213 568 peculiari
1235 534 1348 561 Joannis
1365 537 1470 561 Cosmm
1486 535 1604 569 positum
1616 543 1664 568 pro
1677 536 1732 567 ναξ,

945 579 1043 612 utique,
1071 585 1149 605 certe.
1170 579 1208 606 llli
1226 586 1314 606 autem
1337 581 1381 614 qui
1399 580 1506 613 jurassc
1525 581 1598 607 illum
1614 588 1661 614 per
1676 581 1734 608 haec

944 626 1026 651 verba
1043 627 1229 657 crediderant,
1249 626 1282 652 νά
1297 634 1344 660 pro
1359 627 1391 660 νή
1405 627 1532 653 videntur
1550 627 1732 659 intellexisse;

944 671 976 705 νὴ
991 670 1076 702 enim,
1094 675 1120 696 ut
1136 677 1230 697 notum
1245 675 1295 702 est,
1307 671 1398 705 lingua
1415 671 1497 697 veteri
1514 671 1607 698 ϐιᾶται
1621 671 1648 704 ju
1657 671 1733 698 randi

945 716 1104 742 :dverhium
1120 722 1172 743 est.
1189 716 1282 743 PoSsct
1297 717 1379 743 etiam
1401 717 1485 743 videri
1502 717 1614 743 Cosmas
1630 717 1657 743 in
1683 716 1736 743 ali-

945 769 997 796 qua
1014 769 1047 788 ex
1063 762 1184 788 recitantis
1202 761 1336 792 formulis,
1354 767 1417 795 puta
1437 762 1493 794 illa,
1507 762 1541 788 νὰ
1559 761 1688 788 ἀποθάνω
1705 761 1734 788 ὲν

946 808 1086 843 μετανοίᾳ,
1102 808 1225 842 posuisse
1239 807 1271 834 νά
1283 815 1331 842 pro
1348 807 1417 839 εῐῦε,
1439 807 1552 834 utinam.

979 853 1050 886 Νέα,
1069 861 1096 888 p.
1115 853 1176 881 165.
1189 853 1353 888 Suspicabar
1367 853 1410 880 hic
1422 854 1486 879 νέαν
1499 853 1562 885 dici.
1577 857 1606 880 ut
1621 852 1733 884 assolet,

946 908 993 935 per
1017 900 1219 934 compendium,
1236 899 1426 926 subintellecta
1459 907 1524 926 voce
1548 899 1648 934 πύλην.
1679 899 1734 926 Sed

946 946 1090 978 deterruit,
1107 946 1177 980 quod
1192 945 1291 973 Petrus
1305 945 1415 978 Gillius,
1433 946 1477 972 ubi
1504 945 1580 973 urbis
1596 945 1734 973 Constan-

946 991 1096 1026 linopolcos
1113 995 1207 1025 portas
1230 995 1383 1022 enumerat,
1405 991 1426 1018 l.
1442 998 1462 1021 t.
1483 998 1508 1018 c.
1525 990 1572 1023 ‘20,
1598 998 1733 1025 nusquam

943 1040 1067 1067 meminit
1083 1039 1163 1067 ullius
1178 1044 1262 1074 porte
1277 1047 1337 1074 quae
1352 1039 1410 1072 νέα,
1426 1048 1491 1067 nova
1509 1040 1655 1067 diceretur.
1678 1039 1733 1067 Po-

944 1087 994 1113 tuit
1013 1091 1040 1114 et
1056 1086 1222 1120 subintelligi
1246 1086 1318 1113 aliud
1334 1086 1534 1114 substantivum
1555 1086 1731 1119 femininum,

943 1138 1006 1167 puta
1025 1133 1092 1167 μονή
1109 1137 1155 1158 aut
1171 1132 1270 1167 ἀγορά,
1290 1132 1479 1159 monasterium
1492 1132 1535 1160 vel
1552 1132 1641 1167 forum
1659 1139 1668 1159 :
1683 1133 1731 1160 sed

943 1188 1004 1206 cum
1023 1180 1107 1214 μονήν
1124 1184 1170 1206 aut
1190 1179 1295 1214 ἀγορὰν
1316 1179 1382 1206 νέαν
1404 1179 1549 1206 vocitatam
1571 1178 1731 1206 Constanti-

943 1227 1032 1261 tlopoli
1049 1227 1130 1253 fuisse
1147 1226 1210 1254 alibi
1225 1234 1278 1253 non
1293 1226 1413 1260 legerim,
1430 1226 1553 1253 divinare
1567 1234 1621 1253 non
1636 1233 1731 1257 ausus.

942 1273 968 1299 in
986 1273 1212 1307 interpretatione
1234 1280 1331 1300 nomen
1346 1273 1433 1307 ipsum
1449 1273 1534 1305 Νέαν,
1555 1271 1639 1300 Neam
1655 1271 1730 1299 velut

943 1319 993 1346 loci
1016 1319 1070 1345 uoti
1091 1318 1228 1353 proprium
1254 1318 1365 1350 retinui,
1384 1319 1471 1346 donec
1494 1318 1568 1345 aliud
1593 1319 1666 1352 quod
1688 1325 1734 1346 se-

941 1372 1039 1399 querer
1063 1365 1164 1391 certius
1181 1369 1349 1391 occurreret.

978 1411 1020 1447 [Ρ.
1039 1411 1231 1447 4991Ξενών,
1255 1419 1282 1445 p.
1302 1411 1366 1438 283.
1392 1411 1523 1439 Videntur
1547 1412 1591 1439 hic
1615 1411 1730 1444 ξενῶνος

941 1457 1043 1492 συνήθη
1062 1458 1218 1492 νομίσματα
1239 1457 1290 1485 dici
1309 1457 1488 1492 elecmosynzc
1504 1458 1538 1484 ab
1563 1458 1730 1492 imperatore

940 1505 1047 1538 suggeri
1074 1504 1234 1539 patriarchae
1260 1504 1356 1536 solitae,
1386 1510 1416 1530 nt
1437 1512 1485 1531 eas
1509 1504 1674 1538 impenderet
1699 1504 1726 1531 in

94 1559 118 1578 ι’.
136 1552 163 1581 5,
179 1551 286 1583 docent,
301 1556 408 1578 mortuo
422 1551 583 1578 Tamerlanc
594 1550 677 1586 (quod
691 1550 885 1583 contigitanno
901 1556 924 1587 ο
939 1551 1114 1585 excipiendos
1146 1551 1263 1585 hospitio
1290 1550 1448 1585 peregrinos
1468 1554 1496 1577 et
1517 1550 1544 1577 in
1571 1550 1623 1577 alia
1649 1557 1732 1585 egen—

93 1599 159 1625 (Ihr.
180 1598 259 1632 “02)
271 1597 453 1624 vastissimum
468 1597 528 1632 ejus
540 1592 683 1631 imperium
700 1596 775 1624 brevi
786 1596 885 1622 discer-

94 1649 170 1679 ptum
185 1649 228 1670 est
253 1643 414 1671 infelicitate
429 1648 476 1670 aut
493 1643 674 1677 imprudentia
694 1649 885 1670 successerum

93 1690 163 1724 tius.
182 1689 222 1717 Ex
235 1689 319 1723 huius
333 1694 424 1717 tamen
442 1689 528 1723 stirpe
545 1694 711 1716 memoratus
726 1688 807 1724 paulo
823 1693 887 1715 ante

93 1737 231 1768 llahurxa,
247 1736 380 1763 Sadruchi
397 1741 443 1762 aut
459 1735 631 1770 Paianguris,
644 1735 761 1762 filiorum
775 1734 887 1761 Tanier-

91 1782 174 1814 lanis,
204 1781 297 1815 nepos,
326 1781 478 1817 (lynastiam
501 1781 654 1809 obtinuisse
685 1781 885 1808 lmreditariam

91 1830 163 1857 inter
192 1828 309 1862 Mogoles
335 1833 442 1863 gentem
471 1827 626 1863 Scythicam
664 1835 678 1854 a
712 1825 885 1860 chronologis

91 1875 289 1903 recentioribus
329 1875 462 1907 traditur;
495 1875 612 1909 indeque
646 1873 793 1901 contractis
839 1880 886 1899 (οη

91 1922 143 1956 piis
169 1922 268 1949 vicinis
289 1921 406 1955 primum
430 1920 547 1948 Parthos
574 1920 632 1947 sive
652 1919 771 1946 Patanas
793 1918 885 1945 debel-

90 1969 174 2000 lassc,
191 1967 371 2002 felicibusque
387 1967 450 1995 inde
465 1967 654 2001 progressibus
671 1973 755 1999 usque
770 1964 803 1991 ad
819 1972 882 1990 coii-

90 2015 258 2042 Slllll:'lltllltl|
289 2013 582 2046 lransmittcndunnpre
609 2011 690 2046 706
713 2011 806 2044 Stirpis
829 2017 884 2036 sum.

90 2061 210 2096 posteris
231 2060 392 2094 Mogolicuu)
409 2060 490 2087 hodie
511 2058 612 2085 florens
629 2057 774 2091 imperium
791 2055 883 2091 profe-

89 2107 174 2138 cisse.
189 2107 327 2138 adamalo,
352 2110 431 2140 prout
451 2105 588 2138 suspieatu
606 2111 719 2138 prmium
731 2107 785 2134 est,
801 2102 884 2136 potis-

89 2154 190 2181 simum
205 2153 258 2179 isto
273 2152 390 2182 nomine,
406 2152 477 2186 quod
493 2152 516 2177 id
529 2149 771 2183 Gingizchanidum
789 2156 882 2182 regum

91 2200 225 2234 majorum
239 2206 350 2226 suorum
367 2198 431 2225 olim
447 2198 575 2233 inclytam
593 2196 722 2224 vocabulo
742 2195 882 2229 Mogulen-

939 1597 1005 1624 lium
1021 1597 1134 1629 solatia;
1152 1604 1231 1631 quam
1249 1596 1276 1623 in
1300 1603 1355 1623 rem
1380 1601 1516 1630 sumptum
1538 1595 1594 1622 fere
1608 1603 1728 1622 annuum

940 1643 1011 1670 mille
1036 1650 1181 1670 aureorum
1215 1634 1343 1676 imputari
1366 1643 1544 1669 consuevissc
1573 1641 1730 1669 rationibus

938 1690 1101 1724 patriarchae
1125 1697 1158 1716 ex
1187 1690 1332 1716 Occasione
1359 1689 1439 1716 docet
1465 1689 1507 1715 hic
1537 1693 1637 1715 noster.
1666 1687 1726 1714 Non

937 1736 1061 1763 omittam
1089 1736 1235 1763 admonere
1265 1735 1336 1763 haud
1363 1740 1436 1763 recte
1465 1735 1631 1762 intellectum
1655 1735 1727 1762 hunc

938 1783 1026 1809 locum
1043 1782 1128 1810 videri
1142 1790 1156 1809 a
1169 1782 1346 1817 paraphrasle
1364 1782 1506 1811 Vaticano.
1525 1782 1589 1809 dum
1607 1789 1668 1808 eum
1687 1780 1727 1808 sic

937 1829 1066 1863 exprimit
1083 1838 1090 1856 :
1109 1829 1162 1855 Kal
1182 1830 1216 1855 τὰ
1238 1829 1341 1865 συνήθη
1358 1829 1405 1855 τοῦ
1431 1828 1545 1861 ξενῶιιος
1570 1829 1729 1863 νομῖσματα.

938 1876 1074 1909 πέμπων
1102 1875 1189 1902 ἐποίει
1215 1875 1269 1909 γὰρ
1296 1875 1357 1902 κατ’
1378 1875 1437 1906 ἔτος
1461 1875 1590 1909 βασιλεὺς
1610 1875 1726 1909 ἑλεημο·

938 1920 1022 1955 σύνην
1039 1921 1173 1956 κρυφίως,
1191 1921 1293 1950 εῖδῆτος
1308 1920 1354 1946 τῦῦ
1372 1921 1557 1955 πατριάρχου,
1585 1921 1666 1955 707
1687 1921 1727 1952 εἰς

937 1966 1059 2001 χιλιάδας
1088 1966 1187 1996 πολλὰς
1214 1966 1398 2000 ποτωμένην.
1419 1966 1482 1992 Ηυίο
1507 1965 1553 1999 qui
1579 1965 1730 1992 contulerit

932 2019 998 2038 cum
1028 2016 1154 2038 contextu
1185 2012 1318 2042 unetoris,
1352 2010 1432 2037 facile
1452 2010 1651 2044 tliscrepantias
1673 2017 1727 2036 no-

937 2057 1020 2083 tahit.

972 2103 1156 2137 Οἰκονομίαι,
1172 2110 1197 2136 p.
1217 2102 1276 2129 l63.
1292 2102 1354 2137 Agit
1370 2103 1403 2129 de
1413 2102 1605 2130 ecclesiasticis
1621 2112 1635 2130 ιι
1653 2103 1724 2131 Saba

936 2151 1069 2177 nmuachn
1093 2149 1208 2180 vexatis,
1234 2148 1260 2175 in
1284 2157 1398 2182 quorum
1421 2156 1482 2176 eum
1505 2149 1664 2184 θίκονομίας
1691 2150 1728 2176 ir-

936 2197 1022 2223 ruisse
1039 2195 1183 2223 deliuendo
1201 2201 1227 2222 et
1244 2195 1389 2229 rvpeteudo
1408 2201 1568 2228 proventus.
1597 2202 1724 2231 tanquam

88 2232 160 2273 siui‘u
179 2245 333 2280 principum
356 2232 518 2279 potentiam.
543 2251 558 2270 e
578 2243 663 2270 veteri
677 2242 816 2276 repetitam
827 2248 880 2267 ine-
900 2232 921 2259 Ῐδ
938 2245 975 2271 illi
988 2245 1049 2279 jure
1073 2244 1131 2271 illos
1155 2243 1320 2277 percipiendi
1341 2243 1506 2270 excidi‘sent
1529 2244 1644 2271 crimine
1666 2252 1728 2278 per-

89 2292 187 2322 moria,
206 2291 384 2326 pra-sentibus
404 2290 544 2324 objiccret.
577 2289 639 2316 llaec
655 2289 689 2316 de
705 2288 882 2323 Mugu‘iorum

88 2339 222 2366 vocabulo
245 2337 380 2364 Terharis
399 2345 412 2363 ιι
434 2337 600 2372 l’achytuere
626 2336 727 2362 tributo
753 2335 796 2361 hic
819 2334 883 2360 duxi

87 2384 280 2415 memoranda;
300 2390 358 2417 qua
370 2383 402 2409 ad
415 2383 605 2410 illustrandum
617 2382 686 2409 hunc
702 2381 786 2407 nostri
799 2379 884 2406 histo-

88 2431 136 2457 rici
148 2430 236 2457 locum
255 2437 306 2456 nan
320 2436 415 2464 parum
433 2435 493 2456 esse
509 2429 583 2455 utilia
597 2436 692 2463 aequus
705 2427 785 2454 crede
800 2426 884 2452 lector

83 2476 160 2511 jndic
180 2476 230 2503 bit.

121 2521 185 2555 Na’,
198 2529 226 2556 ι).
239 2521 302 2549 3M.
321 2521 350 2547 '0
363 2521 384 2548 δ’
399 2521 480 2556 ὅρκος
492 2520 635 2552 ἰδιωτικῶς
649 2530 707 2551 πως
723 2521 809 2554 οὕτως
825 2523 881 2555 ἕξει

85 2568 204 2604 νεχθεῖϐς
225 2577 235 2594 α
263 2568 307 2594 Na
328 2566 400 2603 ἧμαι
426 2567 520 2599 δοῦλος
540 2567 587 2593 τι·ιῦ
613 2567 745 2603 Χριστῡῦ,
773 2569 804 2594 οὺ
829 2569 883 2604 μὴν

86 2616 144 2650 εἰμὶ
166 2614 227 2650 μεθ’
246 2614 334 2650 ὑμῶν,
360 2615 385 2640 ei
409 2615 447 2650 μὴ
473 2613 508 2640 τὰ
528 2615 643 2648 γένοιτο.
666 2623 675 2640 ι
697 2614 763 2641 Cum
790 2621 881 2642 autem

85 2662 258 2688 dubitaretur
279 2670 312 2688 an
334 2662 384 2687 huc
410 2665 483 2688 esset
512 2669 576 2686 vere
596 2660 795 2694 jnrarncntnm,
814 2670 881 2688 cou-

83 2707 175 2733 sultus
197 2707 254 2740 ipse
274 2707 394 2734 Joannes
419 2706 534 2733 Cosmus
557 2707 726 2741 patriarcha,
747 2709 792 2742 ιιιιί
824 2709 880 2735 Ιιῐιιρ

82 2751 202 2781 dixerat,
220 2751 284 2785 quid
310 2757 445 2783 censeret,
463 2753 603 2785 respondit
621 2752 648 2778 in
667 2752 737 2778 hunc
757 2754 878 2785 modum,

82 2804 110 2832 ρ.
130 2797 202 2824 350:
219 2797 308 2833 Ὅπερ
325 2797 501 2832 ὲψθεγξάμην
517 2798 570 2824 ἀπὸ
588 2799 808 2832 παρα-λυπήπεως
824 2799 879 2825 τῶν

81 2843 206 2877 ἀῖεὶφῶν
229 2853 292 2879 μου,
321 2845 369 2879 οὺχ
401 2845 438 2875 ὡ;
465 2845 547 2879 ὅρκον
581 2844 755 2878 λογιζόμενος
781 2844 868 2877 εἵπου,

80 2890 139 2916 ἀλλ’
167 2891 260 2923 ἁπλῶς
282 2893 313 2918 ἐκ
342 2892 482 2926 συνηθείας
506 2890 582 2917 ’έοῐτυ
609 2891 709 2925 λέγειν,
741 2892 774 2918 νᾶ
800 2890 870 2927 ἧμαι

937 2289 1093 2322 duellionis,
1108 2289 1134 2315 in
1160 2289 1233 2324 quod
1254 2289 1314 2315 illos
1337 2289 1489 2315 incurrisse
1503 2289 1605 2320 aiebat.
1622 2289 1725 2316 habens

933 2337 989 2371 jam
1013 2342 1066 2364 tum
1087 2337 1159 2371 ipsos
1188 2343 1236 2370 pro
1256 2335 1388 2362 convictis
1413 2340 1440 2362 et
1464 2336 1609 2364 damnatis.
1626 2336 1665 2363 Ex
1682 2336 1725 2364 his

939 2384 1045 2410 videtur
1069 2383 1158 2418 colligi
1184 2381 1341 2415 οἰκονομίας
1368 2382 1411 2409 hic
1437 2382 1526 2409 vocari
1552 2390 1619 2417 quas
1647 2383 1731 2417 vulgo

937 2428 1090 2462 partienda:
1121 2434 1165 2454 aut
1186 2427 1312 2462 beneﬁcia
1343 2427 1469 2457 dicimus,
1493 2427 1554 2461 jura
1573 2427 1647 2454 varia
1664 2435 1728 2462 per—

937 2476 1122 2510 cipit-imarum
1138 2474 1293 2508 pollitmtllll
1311 2481 1342 2500 cx
1370 2473 1501 2500 reditibus
1519 2473 1646 2500 Ecclesia:
1665 2481 1731 2501 cer-

937 2525 970 2548 Iis
984 2521 1090 2547 clericis
1102 2526 1146 2546 aut
1161 2520 1348 2547 sacerdotith
1366 2519 1470 2546 ratione
1487 2519 1656 2546 fuuctiouum
1679 2525 1729 2548 aut;

936 2568 1150 2595 ministeriorum
1178 2567 1243 2601 ipsis
1276 2566 1498 2593 deinandatoruin
1532 2567 1724 2601 competentia.

933 2614 979 2640 Sic
1004 2613 1146 2647 opinabar.
1162 2613 1263 2639 Tamen
1280 2619 1312 2638 ne
1328 2612 1392 2646 quid
1409 2612 1626 2646 pra-judicare"),
1640 2613 1728 2647 ipsam

934 2660 1157 2687 (Economiamm
1177 2666 1270 2685 vocem
1287 2659 1491 2692 interpretando
1503 2660 1614 2686 retinui.

975 2706 1101 2740 vam-ot,
1118 2714 1142 2740 p.
1159 2705 1203 2732 85.
1234 2705 1293 2739 Agit
1320 2707 1351 2731 de
1382 2712 1444 2731 arca
1474 2705 1543 2731 intra
1559 2712 1639 2739 quam
1666 2709 1727 2732 erat

934 2754 1072 2781 conditum
1092 2751 1199 2778 Arsetiii
1218 2759 1336 2784 corpus;
1355 2759 1435 2784 quam
1454 2751 1534 2784 paulo
1556 2755 1619 2776 alite
1637 2749 1724 2776 κισώ-

931 2809 989 2826 τιον
1002 2799 1117 2828 Vocavit.
1131 2804 1154 2824 et
1172 2797 1255 2823 fusse
1279 2797 1424 2829 repositam
1438 2797 1506 2822 dixit.
1524 2795 1587 2829 περὶ
1599 2796 1631 2822 τὰ
1646 2795 1725 2829 δεξιὰ

933 2847 979 2873 τοῦ
991 2847 1123 2881 βήματος.
1135 2854 1150 2870 a
1159 2845 1259 2870 dextris
1268 2843 1372 2872 altaris.
1385 2843 1428 2870 hic
1436 2848 1525 2868 autum
1537 2842 1583 2872 ait,
1593 2841 1659 2869 feria
1669 2848 1724 2869 trr-

927 2895 961 2921 liu
980 2889 1516 2929 t'tijust'i»licblonialis,cuticurt'cotide
1530 2897 1602 2917 inore
1621 2890 1723 2926 populo
