1954 3063
90 147 145 178 769

780 139 1041 171 GLOSSARIUM.

1673 139 1725 169 770

91 203 338 233 artathematismos
352 202 378 229 in
395 201 537 229 haeresesa
549 199 659 236 synodis
670 198 804 226 decretos.
817 198 880 231 Qui-
899 199 924 228 Α
972 197 1124 231 Πάροικοι,
1147 202 1173 230 p.
1201 194 1264 223 209.
1291 194 1364 229 Quos
1386 194 1430 222 hic
1450 199 1529 222 vocat
1544 194 1724 230 Pachymeres

88 253 145 280 bus
165 255 351 279 consentanee
365 249 460 276 scribit
479 247 672 283 Pachytneres,
692 254 718 281 p.
735 246 780 279 52,
800 246 885 273 Joan-

93 307 156 326 nem
175 297 292 325 Veccum
309 296 491 330 patriarcham
501 294 638 322 addidisse
653 293 757 328 aliquot
772 293 885 320 anathe-

93 345 239 372 Inatismos
259 344 292 371 iis
307 343 351 375 qui
368 342 492 370 solebant
509 341 617 368 recitari
639 340 683 368 die
703 339 884 367 orthodoxite.

90 390 132 418 Ex
162 398 217 425 quo
244 389 422 423 intelligimus
449 396 502 415 non
530 386 613 414 fuisse
638 386 793 414 necessario
820 385 886 412 illud

92 437 256 472 synodicum
278 437 418 463 decretura
434 439 480 461 aut
495 441 626 462 canonem
646 433 742 468 synodi
765 439 885 459 cacume-

92 483 173 514 nicm,
191 482 237 509 sed
254 486 374 515 potu'sse
389 481 439 507 sub
455 480 480 507 id
501 486 598 505 nomen
616 478 711 505 venire
727 477 885 504 sanctiones

92 532 212 555 statutas
236 529 261 555 in
279 526 426 554 ordinariis
442 525 552 560 sytmdis
566 523 727 558 patriarcha:
740 523 885 556 cujusque.

131 573 402 608 Παρίιθεωρεῖσθίιι.
422 580 447 607 p.
462 571 525 599 (HS.
541 571 600 606 Agit
615 572 647 597 de
667 569 708 596 his
723 569 768 604 qui
782 568 887 595 aecrltis

92 621 178 656 jussis
198 620 340 646 Athanasii
367 614 527 653 patriarcha:
556 617 631 644 inriti
657 617 741 644 coacti
762 615 888 650 jn-junare

94 667 167 692 clam
183 665 426 696 comcssabanlur;
441 663 510 690 ntnle
522 662 738 696 consequebatur
753 669 801 688 eos
816 660 886 695 quod

94 717 177 739 nocte
202 713 364 745 intempesta
387 710 577 741 comedissent,
600 714 690 736 astare
712 708 888 742 postridianis

94 759 243 786 sacriﬁciis
257 764 364 784 saturos
374 762 401 783 et
413 757 528 787 crudos;
540 757 565 782 in
578 763 630 789 quo
641 760 698 782 erat
710 754 887 781 irreverentia

97 804 249 837 disciplinae
262 803 344 829 reteri
357 803 495 828 damnata.
506 800 592 828 Vocat
603 808 666 835 ergo
680 803 770 827 noster
783 799 826 826 hic
837 808 890 825 πα-

98 849 300 885 ραϐεωρξῖςοαι
318 849 452 883 μυστικὰς
469 847 567 878 θυσίας
590 846 685 873 violari
707 845 887 873 reverentiam

937 243 1096 279 παροίκους,
1110 241 1223 276 opponit
1236 241 1395 268 habentibus
1411 241 1548 276 πρρνοιας,
1566 249 1634 276 quas
1647 242 1681 269 ab
1692 250 1725 268 eo

936 290 1028 317 vocari
1048 289 1193 324 pensiones
1215 287 1294 322 pendi
1312 288 1405 314 solitas
1423 295 1437 314 e
1452 288 1559 322 publico
1583 288 1725 314 militanti-

937 336 989 364 bus
1016 339 1062 362 aut
1090 335 1208 369 aliquant
1236 334 1391 368 reipublica:
1416 334 1578 360 navantibus
1602 341 1725 368 operam,

937 383 1065 409 docemus
1078 381 1110 407 ad
1122 381 1148 408 id
1165 380 1275 406 vcritutn
1292 380 1341 406 hoc
1358 380 1416 413 ipso
1431 379 1580 406 Glossario.
1593 378 1636 406 Ait
1653 381 1725 406 cnim

939 426 982 453 hic.
1000 426 1165 460 (quanquam
1183 426 1328 451 intrincte
1346 434 1376 452 ac
1395 425 1559 459 perobscure
1578 434 1584 450 :
1606 434 1666 452 nam
1686 431 1727 451 tn-

940 473 1054 501 tumhoc.
1066 481 1119 507 piae
1130 473 1233 499 ea-tcris
1244 477 1322 506 caput
1333 472 1453 504 confuse,
1466 473 1594 506 ellipticc,
1608 473 1710 499 teuebri
1721 487 1727 492 -
1763 474 1768 478 '

938 519 1080 547 ensissimc
1103 524 1265 552 conceptum
1282 517 1346 552 est),
1371 519 1417 548 ait,
1435 518 1553 552 inquam,
1582 519 1622 544 vel
1640 519 1728 552 potius

940 571 1076 599 utcunque
1091 565 1234 599 signiﬁcat,
1254 564 1450 595 Andronicum,
1472 564 1514 590 eui
1543 572 1636 598 inagna
1660 573 1727 598 opus

939 617 997 639 erat
1018 613 1131 645 pecunia
1150 611 1219 637 unde
1233 610 1366 644 stipendia
1389 609 1564 637 Cretensibus
1580 611 1612 636 ab
1630 611 1686 644 ipso
1703 612 1727 636 in

940 657 1078 684 Orientem
1092 657 1212 683 evocatis
1223 662 1249 681 et
1264 656 1318 682 illic
1331 656 1410 682 ﬁdam
1426 656 1474 690 ipsi
1490 656 1651 682 navantibus
1665 665 1727 690 0pc.-

940 712 996 731 rnm
1012 711 1073 730 cum
1094 703 1146 729 ﬁde
1167 707 1388 736 reprmSt-ntaret,
1405 709 1462 728 eam
1484 702 1584 729 indicta
1605 703 1728 729 subdito-

942 757 1000 776 rum
1021 750 1164 776 collatione
1185 748 1343 775 coniuvi~se.
1364 747 1431 781 Quia
1451 755 1514 775 vero
1532 748 1664 782 ejusmodi
1683 757 1731 775 cx-

942 795 1129 821 traordinariis
1162 794 1315 828 sumptibus
1342 795 1480 828 assignata
1511 795 1610 820 dudum
1643 794 1730 820 fuerat

941 840 1046 867 exactio
1059 840 1173 866 decimae
1195 842 1356 872 pensimtttnt
1386 847 1538 865 annuarum
1565 848 1578 865 ιι
1597 839 1730 873 stipendia

98 898 215 931 mystico
237 895 373 922 sacriﬁcio
393 894 511 920 debitam
529 901 561 920 ex
580 901 629 919 usu
649 893 744 924 veteri,
759 892 888 918 assisten-

949 893 1102 921 ptocunque
1126 886 1234 912 nomine
1260 884 1438 916 merentibus,
1457 892 1517 911 cum
1537 886 1592 916 jam
1614 885 1629 910 ii
1642 885 1729 910 conti-

99 942 135 967 Iia
152 948 206 967 non
221 940 379 974 jejunorum
397 947 410 964 a
430 943 508 965 nocte
522 939 620 965 media.
638 937 758 972 Θεωρεῖν
777 942 804 964 et
819 937 888 963 οεω-

97 987 205 1022 ρεῖσθαι
232 986 344 1013 verbum
371 991 413 1012 est
437 985 523 1011 sacris
552 984 615 1010 olim
648 984 796 1015 addictum,
816 988 889 1009 caste

96 1034 189 1061 obitas
208 1032 380 1061 caerimonias
397 1035 424 1058 et
443 1031 575 1065 religiosis
592 1035 774 1064 prcharatum
790 1030 890 1057 ritibus

96 1083 278 1112 conSpectum
298 1077 489 1113 mysteriorum
506 1078 671 1110 exprimens.
695 1076 762 1103 Hinc
789 1076 816 1102 in
832 1075 889 1109 epi-

98 1126 168 1152 stola
196 1124 316 1151 PlaIOnis
346 1124 371 1149 οξ
394 1122 559 1157 Θεωρθῧντες
582 1123 611 1148 ἐν
634 1122 745 1156 Δελφοῖς
774 1121 889 1147 ministri

97 1172 175 1206 juxta
194 1171 261 1198 ritus
280 1171 334 1197 illic
352 1175 497 1197 consuetos
513 1169 644 1203 Apollinis
660 1169 742 1195 cultui
765 1173 891 1195 vacantes

98 1225 124 1246 et
139 1219 232 1245 varias
254 1217 407 1244 Ιυιιοιίοιιρς
425 1215 562 1249 religionis
578 1215 637 1249 ejus
653 1215 787 1249 proprias,
808 1222 890 1248 oprra

100 1265 306 1292 consulentibus
318 1264 469 1297 praesertim
485 1262 623 1289 oraculum
640 1260 772 1290 naranda,
789 1260 891 1286 obeun-

102 1318 153 1338 tes.
185 1309 263 1337 Unde
287 1308 470 1343 Thucydides,
503 1307 520 1333 l.

101 1367 178 1393 τρια,
197 1357 250 1383 hoc
277 1359 330 1386 est,
356 1354 463 1388 opinor,
496 1353 547 1379 ritu
575 1361 588 1379 a
614 1352 763 1386 majoribus
793 1352 892 1378 tr.:d.to

101 1411 181 1432 sacra
201 1402 287 1429 oﬁieia
305 1401 394 1432 obire,
420 1398 560 1433 cenjungit
586 1406 646 1425 cum
674 1397 749 1424 Οὑειν
774 1402 799 1423 et
825 1406 893 1431 μαν-

103 1449 234 1475 τεύεσθαι
264 1446 420 1474 sacriﬁcare
451 1450 478 1472 et
507 1443 645 1471 oraettlnm
676 1443 816 1470 consulere
847 1448 893 1470 aut

102 1503 245 1530 :ICCt'pltlItt
269 1495 359 1520 edere.
377 1491 435 1518 Non
457 1492 527 1517 enim
544 1491 642 1517 accedo
661 1489 815 1516 Scholiasta-
832 1498 891 1515 rer-

104 1543 166 1568 hum
199 1540 312 1574 ῡεωρ.ῖν
345 1545 378 1564 eo
411 1536 468 1562 loco
498 1535 642 1569 exponi-nti
674 1533 793 1568 Ozutpob;
821 1533 891 1566 πέμ.-

553 1315 577 1338 v,
605 1308 719 1340 θεωρεῖν
744 1306 814 1332 κατὰ
842 1305 891 1331 πά-

104 1595 184 1620 πειν;
200 1589 232 1613 de
249 1594 302 1620 quo
319 1584 441 1618 pluribus
456 1581 607 1608 disserendi
629 1588 680 1607 IIOII
697 1585 738 1606 cst
756 1581 797 1605 hic:
809 1579 894 1606 locus.

106 1634 191 1660 l'orro
208 1631 316 1666 quando
330 1630 364 1656 ab
380 1628 497 1663 indignis
515 1632 560 1653 aut
577 1634 630 1652 non
648 1625 767 1659 legitimo
784 1624 897 1651 initiatis

102 1684 238 1715 apparatu
252 1678 365 1712 ἐποψία,
381 1674 757 1709 conspectusmysteriorum,
773 1678 818 1699 aut
830 1681 896 1699 con-

105 1733 146 1754 tra
165 1734 245 1760 qttam
269 1724 309 1751 fas
333 1728 374 1750 est
395 1722 518 1756 neglecto
539 1724 639 1746 statuto
668 1720 719 1745 ritu
742 1719 896 1752 religiosum

104 1772 216 1808 aliquod
233 1771 324 1798 obitur
341 1769 470 1800 cilicium,
482 1765 734 1801 παραθεωρεῖσοαί,
754 1765 854 1799 despici
869 1769 897 1792 ei.

105 1820 184 1854 quasi
199 1817 280 1852 pollui
295 1823 374 1843 sacra
391 1814 529 1841 dicuntur.
545 1811 590 1839 Sic
609 1811 760 1847 Hesychius
786 1811 898 1845 exponit

105 1862 344 1900 παρεθεωροῦντο,
370 1858 597 1895 κατεφρονοῦντο.
627 1857 675 1885 Ubi
702 1857 751 1885 etsi
775 1857 898 1884 videatur

106 1912 243 1947 respicere
261 1911 348 1936 locum
366 1907 448 1943 710
471 1906 532 1934 Act.
561 1906 658 1940 Apost.
687 1913 724 1936 v1,
750 1905 775 1937 i,
807 1909 896 1931 tanten

106 1959 189 1986 latius
203 1957 254 1983 hoc
268 1954 376 1982 extendi
389 1953 450 1987 jure
462 1956 570 1987 potest;
588 1955 615 1977 et
628 1952 661 1978 ad
679 1951 895 1981 irreverentiam,

105 2012 159 2040 qua
174 2003 270 2037 religio
287 2001 412 2030 violatur,
428 2007 482 2026 non
495 1997 631 2025 immerito
645 1998 686 2023 hic
698 2004 713 2024 a
731 1996 897 2031 l'achynu‘re

106 2048 340 2077 accommodatum
356 2049 407 2073 est.
424 2043 601 2077 Contemptus
623 2041 693 2068 enim
723 2049 775 2068 non
800 2041 897 2067 dubius

106 2102 148 2124 est
174 2095 273 2122 divina:
297 2091 458 2125 maiestatis,
476 2088 649 2124 praescriptas
665 2088 698 2114 ab
722 2087 780 2121 ipso
800 2087 855 2113 Deo
870 2086 897 2113 in

106 2143 165 2178 ejus
193 2140 268 2168 cultu
295 2136 499 2165 observationes
524 2134 671 2168 negligere.
693 2133 782 2166 Quare
798 2131 898 2158 Paulus

106 2186 266 2216 Corinthios
296 2189 423 2218 tanquam
449 2181 494 2208 Dei
519 2179 667 2207 Ecclesium
694 2182 896 2210 contemnentes,

107 2231 360 2267 καταφρονοῦντας,
378 2229 500 2262 increpat
524 2226 608 2253 lCor.
626 2233 664 2257 ιι,
676 2224 723 2256 22,
741 2224 811 2258 quod
825 2224 851 2250 in
867 2231 897 2250 ea
916 2218 937 2246 ῐ)

109 2281 184 2308 velut
210 2280 236 2305 in
255 2277 314 2305 loco
333 2276 445 2310 profano
462 2272 640 2301 comederent
661 2279 668 2297 :
688 2271 730 2304 Μὴ
743 2273 796 2305 γὰρ
811 2270 899 2301 alata;

108 2330 185 2363 ἔχετε
203 2327 244 2357 εἰς
264 2325 294 2351 τὸ
312 2323 413 2349 ἐσθίειν
430 2322 477 2347 καὶ
495 2321 605 2351 πίνει-ις
622 2317 638 2352 ἢ
663 2318 713 2353 τῆς
734 2316 898 2351 Ἐκκλησίας

108 2375 156 2401 ’τθῦ
171 2372 240 2401 Θευῦ
263 2369 462 2404 καταφρονεῖτε
473 2367 484 2394 ?
497 2365 568 2400 Ouid
587 2369 677 2392 autem
695 2364 718 2391 si
733 2364 901 2398 suspicemur

110 2422 305 2456 Pachymerem
330 2420 465 2448 nostrum,
482 2421 543 2440 cum
568 2412 638 2446 apud
666 2418 744 2438 suum
771 2415 899 2443 maguum

110 2468 261 2502 Apollinem
292 2463 456 2497 llesycbiuut
483 2460 604 2495 legisset,
627 2458 685 2485 loco
712 2465 726 2483 ιι
757 2464 799 2483 me
821 2456 901 2482 modo

109 2514 258 2548 descripto,
285 2508 526 2545 παραθεωρεῖςοαι
553 2510 582 2533 et
609 2502 842 2539 καταφρονεῖσθαι
872 2506 901 2527 ut

111 2547 326 2593 ἰσοδυναμοῦντα
340 2554 504 2589 comparari,
519 2553 654 2587 simulque
672 2551 785 2578 haberet
801 2549 826 2575 in
842 2547 902 2574 ani-

111 2615 157 2634 mo
181 2607 364 2632 memoratum
392 2601 467 2628 Pauli
489 2601 577 2627 locum
601 2597 747 2629 contemni,
767 2602 904 2629 καταφρο-

112 2652 230 2684 νεῖσθαι,
247 2650 289 2687 LP.
303 2648 368 2684 502}
383 2647 535 2675 Ecclesiam
547 2644 717 2672 eomestione
731 2648 902 2677 conqueren~

112 2702 158 2732 tis,
174 2697 351 2726 irreverentia
378 2703 430 2730 qua
454 2697 619 2729 prmsumpto
643 2697 723 2718 nocte
740 2690 903 2724 intempesta

112 2747 174 2774 cibo
191 2749 254 2771 'non
280 2743 364 2778 jejuni
392 2741 484 2768 clerici
515 2744 563 2766 aut
589 2738 714 2766 nmnachi
744 2736 809 2768 aris,
839 2735 903 2762 dum

113 2792 285 2820 sacriﬁcatur
296 2796 374 2816 mane
387 2792 516 2819 astarent,
532 2782 784 2821 παραθεωρεῖσθαι,
801 2782 851 2808 hoc
862 2785 904 2808 est

112 2835 359 2872 καταφρονεῖσθαι,
370 2834 481 2869 despici,
492 2831 631 2860 contemni
646 2837 740 2859 sacras
751 2828 904 2856 oblationes

113 2893 125 2914 (
132 2886 320 2914 riminantem,
331 2883 455 2918 posuisse
464 2880 477 2908 τ

940 938 1022 960 nuata
1035 932 1080 959 diu
1094 940 1124 958 ea
1138 931 1465 970 diminutionelmercedis
1479 931 1602 957 exhausti
1617 939 1731 956 ent-rra—

940 979 1015 1013 tiqtte
1028 978 1159 1005 solvendo
1176 986 1229 1005 non
1244 982 1345 1008 essent,
1361 984 1428 1003 onus
1447 977 1471 1003 id
1489 976 1682 1003 devolvebatur
1698 977 1729 1001 ad

941 1024 1101 1059 παροίκους,
1121 1024 1171 1050 hoc
1186 1029 1238 1056 cst,
1258 1029 1286 1049 ut
1302 1030 1345 1049 res
1361 1023 1421 1059 ipsa
1439 1027 1540 1054 monet,
1555 1022 1587 1049 ad
1611 1022 1731 1057 prime

941 1069 1106 1105 patrimonio
1119 1069 1240 1095 viventes
1250 1073 1295 1094 aut
1309 1057 1588 1103 peculio‘domestico.
1601 1069 1659 1094 sine
1670 1068 1703 1092 ull
1718 1076 1731 1093 s

942 1124 955 1142 a
978 1116 1043 1142 ﬁsco
1058 1115 1196 1143 subsidiis.
1216 1115 1252 1141 Eu
1274 1114 1319 1146 qui
1337 1114 1461 1140 dictntnr
1477 1114 1527 1140 hoc
1550 1113 1608 1140 loco
1634 1114 1732 1148 πάροι-

942 1170 995 1188 κοι.
1012 1161 1068 1195 Ego
1082 1160 1194 1195 privata:
1213 1159 1250 1186 rei
1267 1159 1390 1186 dominos
1411 1163 1437 1185 et
1456 1158 1668 1192 patresfatnilias
1690 1159 1732 1184 in-

942 1210 1090 1240 terpretcr.

978 1272 1238 1306 Παρυποστίὶσεις,
1256 1279 1282 1305 p.
1298 1271 1357 1298 Ml.
1377 1270 1420 1302 Ὠς
1440 1271 1519 1305 εἴπερ
1543 1269 1681 1305 εὑρεθεῖεν
1699 1284 1734 1290 -

942 1320 997 1347 τῶν
1015 1320 1128 1353 ἀγαθῶν
1157 1318 1302 1348 ἀπουσίας.
1333 1318 1394 1344 Πωο
1415 1318 1538 1344 scribens
1557 1323 1651 1343 auctor
1676 1317 1735 1342 sine

943 1366 1024 1392 dttbin
1038 1366 1173 1399 cogitabat
1185 1365 1249 1392 illud
1263 1365 1291 1390 5.
1309 1364 1427 1399 Dionysii
1439 1364 1608 1398 Art-opagnm
1619 1363 1734 1394 dictum,

945 1413 962 1440 Ι.
990 1413 1025 1440 De
1045 1413 1141 1440 divinis
1168 1413 1325 1444 nominibus,
1342 1421 1367 1438 c.
1385 1412 1412 1445 4,
1429 1419 1455 1446 p.
1476 1412 1539 1443 217,
1560 1412 1603 1438 ed.
1618 1409 1735 1436 Lanseii

944 1459 1118 1491 Parisieusis,
1142 1468 1187 1486 au.
1211 1458 1281 1485 1615
1294 1467 1301 1486 :
1316 1459 1362 1484 Διὸ
1379 1457 1441 1484 οὔτε
1463 1457 1613 1483 ὑπόστασιν
1637 1458 1692 1490 ἔχει
1705 1456 1736 1480 τὸ

945 1507 1040 1537 κακὸν,
1058 1506 1125 1531 ἀλλά
1143 1505 1363 1538 παρυπόστασιν.
1380 1503 1532 1538 Signiﬁcat,
1551 1511 1610 1529 cum
1635 1503 1736 1528 malunt

908 1549 930 1579 C
949 1554 1015 1580 nihil
1038 1554 1073 1580 sit
1099 1552 1172 1578 aliud
1197 1559 1277 1585 quam
1297 1551 1358 1577 boni
1385 1550 1511 1585 privatio.
1535 1549 1584 1576 hoc
1604 1548 1736 1575 voeabulu

948 1602 1046 1627 malum
1073 1607 1125 1625 nou
1143 1598 1289 1633 signiﬁcari
1309 1605 1399 1624 veram
1417 1596 1580 1623 exstantium
1608 1599 1652 1621 aut
1670 1595 1735 1620 sub.

949 1647 1098 1674 ststeutiaut
1115 1647 1152 1672 rei
1171 1645 1335 1679 cujuspiam,
1353 1643 1399 1670 sed
1414 1642 1491 1677 quasi
1508 1641 1673 1668 exstantium
1690 1639 1751 1667 aut'

949 1695 1026 1730 quasi
1042 1691 1327 1724 subsistentiam,solo
1337 1691 1415 1717 modo
1431 1689 1558 1723 loquendi
1569 1689 1738 1722 exprimcnto

949 1741 1062 1775 po~itiva
1078 1739 1162 1766 forma
1180 1746 1235 1765 rem
1250 1745 1322 1764 mere
1335 1735 1505 1771 privativam.
1522 1735 1678 1762 Undeidcm
1693 1743 1739 1759 Im-

949 1792 1006 1814 ster
1025 1786 1207 1820 Paehymeres
1225 1783 1418 1817 inparaphrasi
1434 1781 1467 1808 ad
1488 1789 1549 1807 eum
1569 1780 1688 1814 Dionysii
1702 1779 1740 1804 lu-

949 1841 1022 1865 cum,
1040 1831 1139 1866 p.124,
1151 1830 1270 1865 ejusdem
1288 1829 1425 1859 editionis,
1436 1828 1568 1853 rationem
1584 1832 1667 1859 quare
1679 1824 1739 1851 Dio-

950 1879 1042 1913 nysius
1059 1883 1138 1911 neget
1159 1877 1310 1902 ὑπόστασιν
1341 1874 1543 1901 subsistentiam
1567 1872 1649 1903 malo,
1669 1871 1739 1896 hanc

950 1925 1029 1959 711
1048 1923 1150 1950 affert:
1174 1923 1206 1948 Ἦ
1224 1925 1353 1956 στέρησις
1365 1921 1418 1954 γὰρ
1428 1919 1479 1946 οὐκ
1492 1918 1565 1943 ἐστιν
1577 1917 1738 1945 ὑπόστασις.
1756 1919 1759 1921 ‘

951 1969 1027 1996 Unde
1038 1968 1119 1996 inl'ett
1132 1976 1184 1994 non
1197 1975 1276 2001 posse
1287 1966 1387 1992 habere
1398 1965 1526 1990 virtutem
1544 1962 1623 1987 ullam
1639 1969 1646 1986 :
1660 1960 1696 1985 Τὸ
1712 1960 1740 1985 δὲ

951 2019 988 2054 μὴ
996 2016 1181 2052 ὑφιστάμενῡν
1189 2014 1268 2040 πηίαν
1276 2013 1330 2043 ἕξει
1339 2011 1387 2046 τὴν
1395 2008 1652 2043 δύναμινζ;;Ειιειτι·ρι
1660 2006 1741 2039 igitur

949 2065 1131 2099 Pachymeres
1149 2069 1177 2088 se
1195 2061 1280 2093 ipsum
1292 2067 1300 2092 ;
1312 2062 1338 2084 et
1352 2065 1400 2083 cur
1412 2053 1648 2089 παρυποστάςεις,
1666 2052 1740 2078 vice-

950 2111 1155 2141 subsistentias,
1171 2107 1258 2134 ut‘sic
1283 2105 1411 2135 dixerim,
1433 2104 1464 2128 ἐκ
1488 2102 1537 2135 τῆς
1558 2100 1613 2125 τῶν
1629 2097 1741 2132 ἀγαθῶν

950 2158 1097 2188 ἀπουσίας,
1112 2160 1189 2182 vocet
1207 2152 1292 2183 κακά,
1309 2150 1429 2177 declaret
1445 2149 1476 2175 iis
1493 2149 1558 2181 ipsis
1575 2145 1665 2173 verbis
1680 2153 1741 2179 qua:

952 2213 1006 2232 nor)
1020 2204 1101 2237 longo
1120 2200 1263 2228 intervallo
1288 2195 1347 2232 past
1373 2197 1452 2224 modo
1472 2196 1606 2229 descripta
1634 2193 1660 2220 in
1681 2193 1741 2226 ejus

953 2250 1112 2287 paraphrasi
1133 2248 1278 2282 leguntur:
1295 2245 1357 2270 ’Ὁτι
1369 2243 1430 2270 τότε
1452 2243 1468 2278 ἡ
1489 2242 1618 2276 στέρησις
1633 2247 1742 2274 παρυφ-

954 2286 1070 2327 ῖσταται,
1084 2296 1127 2321 ὅτε
1141 2293 1170 2319 τδ
1183 2292 1285 2326 ἀγαθὸν
1293 2291 1455 2326 ἀπέρχεται,
1467 2288 1598 2320 Quoniam
1614 2290 1674 2312 Ιιυιι·
1684 2286 1742 2319 pri-

953 2345 1022 2372 vatio
1038 2343 1115 2378 quasi
1131 2340 1262 2370 subsistit,
1279 2338 1384 2372 quando
1402 2338 1496 2362 bonum
1512 2333 1599 2370 (cujus
1623 2337 1664 2359 est
1686 2333 1743 2366 pri-

952 2390 1036 2425 vatio)
1058 2388 1185 2415 abscedit.
1207 2385 1284 2413 Unde
1306 2383 1427 2410 nihilost
1442 2381 1569 2412 solidum,
1589 2380 1636 2406 sed
1654 2378 1741 2404 forma

952 2436 1033 2464 Solidi
1044 2441 1214 2468 expressum.
1229 2431 1264 2459 Ut
1281 2439 1342 2457 cum
1358 2430 1483 2456 teaebras
1498 2428 1560 2461 quis
1575 2425 1650 2456 dicit,
1669 2425 1742 2450 vide-

954 2489 999 2510 tttr
1016 2481 1161 2516 positivum
1189 2477 1292 2512 aliquid
1319 2476 1420 2507 dicere,
1439 2481 1534 2501 revera
1561 2478 1650 2499 autem
1676 2471 1743 2497 nihil

954 2529 1019 2557 dicit
1035 2527 1087 2554 nisi
1106 2526 1229 2562 positiva:
1249 2523 1286 2550 rei
1301 2522 1453 2549 absentiam
1468 2520 1548 2547 lucis.

989 2593 1154 2629 Πεισμονή,
1172 2600 1199 2627 p.
1216 2591 1276 2618 120.
1297 2590 1341 2617 Ait
1360 2588 1541 2625 patriarcham
1554 2585 1679 2622 Cyprium
1698 2591 1742 2610 er-

955 2649 1045 2669 rorem
1076 2642 1102 2666 in
1131 2638 1190 2673 ejus
1219 2642 1291 2663 tomo
1319 2636 1516 2670 deprehensum
1542 2639 1688 2667 agnoscere
1712 2638 1742 2655 at:

955 2687 1093 2721 corrigere
1117 2686 1253 2712 nolentem
1272 2682 1423 2709 nonsolttm
1444 2679 1608 2713 πεισμονῆς,
1628 2676 1679 2703 hoc
1702 2680 1744 2702 est

957 2741 1085 2762 assensus
1104 2732 1129 2758 in
1147 2737 1267 2758 errorem
1285 2733 1380 2755 contra
1399 2727 1488 2756 ﬁdem,
1505 2726 1551 2752 sed
1567 2724 1648 2750 etiam
1670 2722 1745 2755 αἱρέ-

957 2788 1037 2812 σεως,
1060 2777 1229 2806 contumacis
1246 2775 1370 2803 videlicet
1386 2774 1411 2800 in
1428 2777 1537 2800 ostenso
1554 2776 1647 2797 errore
1659 2769 1744 2803 perti-

957 2827 1052 2858 nacite,
1071 2828 1227 2852 accusatum
1254 2824 1324 2856 apud
1347 2822 1537 2855 imperatorem
1553 2816 1647 2843 [uis.~e.
1668 2814 1745 2842 Unde

963 2877 1075 2909 apparet
1088 2871 1146 2899 voci
1162 2869 1299 2910 statuito/1'1
1312 2866 1497 2896 ecclesiastico
1513 2871 1561 2891 usu
1576 2865 1644 2890 hanc
1661 2861 1746 2888 fuisse
