1954 3063
230 96 284 129 ’179

685 99 724 131 Ρ.
746 99 900 134 POSSINI
921 102 1249 137 OBSERVATIONUM
1270 99 1344 132 LIB.
1363 100 1385 131 i.

1802 101 1865 134 789

230 160 376 191 prospectu
404 154 521 190 positum
556 154 708 191 sign'ﬁcat;
739 157 809 186 unde
824 157 895 192 cippi
925 156 1156 190 monu-AQuam
1184 163 1212 185 ct
1241 158 1373 192 duplicem
1398 156 1539 189 ariolatur,
1571 152 1672 192 μικρὰν
1697 157 1743 184 καὶ
1764 160 1864 192 μεγά-

230 207 397 234 memorum,
427 209 459 229 ac
491 209 660 236 quaecunque
683 201 802 237 fastigia,
816 207 843 230 et
860 203 886 230 in
903 210 1018 239 conspe-

230 254 304 274 t‘lum
323 248 437 283 objecta:
454 255 614 275 marmorea:
638 247 735 275 tabulas
752 248 891 283 inscriptze
908 248 1016 281 litteris,

231 291 453 328 frequentissime
479 293 576 328 στῆλαι
603 293 683 320 dictte
712 293 894 327 reperiuntur.
923 294 1017 328 itaque

231 341 380 367 cavendum
406 348 440 367 ne
466 340 573 375 species
593 348 642 374 pro
669 347 769 375 genere
795 339 887 367 lectori
903 340 1017 375 obrepat

232 392 342 414 assueto
356 386 451 421 cippos
467 391 494 414 et
511 386 672 413 columellas
696 386 722 413 in
741 386 862 420 apicibus
878 386 1016 421 sepulcra-

232 431 297 458 lium
315 432 425 459 molium
448 435 494 458 aut
510 432 535 458 id
551 438 636 466 genus
659 436 897 459 monumentorum
910 436 1016 460 erectas

232 476 338 511 στηλῶν
357 477 466 504 nomine
481 476 643 511 intelligere.
663 476 710 503 Illa
725 477 796 504 enim
820 476 915 511 στῆλαι
940 481 1016 509 sunt,

233 522 280 548 sed
296 529 351 548 non
364 520 438 554 sola;
455 521 572 555 pertinet
598 521 697 560 quippe
715 521 771 549 htec
791 529 842 549 vox
866 521 958 555 iatius,
976 527 1018 550 ta-

233 567 312 595 bulas
337 567 419 595 etiam
445 572 473 595 et
496 567 555 595 vela
574 567 667 602 ﬁguris
682 567 808 603 insignita
824 568 851 596 in
869 569 1018 604 conspicuo

233 619 335 641 statuta
352 613 486 647 indicans.

266 659 452 692 Συνδοσιαι,
472 668 500 695 p.
526 660 664 690 295μΕ15ἰ
683 663 752 697 apud
774 666 880 690 veteres
891 667 1018 690 auctores

232 707 322 742 legere
338 707 480 739 συνδοσίις
498 714 553 734 non
570 708 694 740 memini,
718 712 783 742 puto
805 712 895 735 tamen
911 707 1017 743 Pachy-

232 754 438 790 merem,_cujus
453 761 549 782 omnes
562 762 649 789 neque
662 754 773 782 codices
789 755 1017 782 vocabulum'boc

232 799 293 827 loco
324 800 396 827 istud
425 800 571 833 exhibent,
601 799 639 827 id.
657 801 684 827 in
721 801 831 828 notione
867 800 1016 836 largitionis

233 844 275 881 [P.
288 845 350 881 510]
367 853 525 880 usurpasse.
544 831 620 881 quasi
634 848 743 874 ductum
757 854 772 873 a
786 831 932 882 συνδίδωμι
952 855 1016 874 con—
1031 831 1054 861 Β

233 891 313 919 dono.
342 891 391 919 Cui
417 892 500 919 verbo
515 899 563 919 usu
580 891 695 926 antiquo
710 891 867 920 Latinorum
891 893 961 920 inest
978 893 1017 925 vis

235 937 380 974 peculiaris
406 937 543 965 indicandi
564 938 676 966 vitiosas
700 938 872 973 profusiones
895 938 921 966 in
948 939 1019 966 indi-

231 992 311 1019 gnos.
327 984 435 1018 Cicero,
453 983 569 1020 Philipp.
587 992 606 1012 il
626 993 634 1012 :
651 984 789 1019 Apothecrr
805 989 867 1013 tota
889 986 1018 1020 nequiui-

232 1031 284 1059 mis
299 1031 529 1058 condonabantur.
551 1024 606 1058 Nec
627 1031 759 1058 abhorret
784 1031 829 1058 hic
847 1031 1018 1066 signiﬁcatus

235 1077 270 1104 ab
286 1077 367 1111 hujus
381 1076 434 1104 ioci
446 1076 593 1103 sententia.
608 1074 772 1111 Vituperans
785 1077 885 1112 quippe
899 1078 1017 1113 patriar-

233 1123 286 1151 cha
317 1124 525 1151 conventionem
543 1122 718 1157 inperatoris
744 1130 805 1150 cum
828 1124 911 1156 crale,
938 1123 1018 1159 cujus

235 1171 381 1197 occasione
409 1169 495 1196 multa
523 1168 719 1204 pretiosissima
748 1176 859 1196 munera
877 1169 963 1196 eidem
991 1173 1018 1197 et

231 1216 290 1251 ejus
302 1215 447 1244 comitibus
459 1215 601 1250 magniﬁce
613 1214 647 1241 ab
658 1215 882 1249 Augustodonata
894 1216 1018 1249 superius

234 1268 328 1290 noster
343 1262 514 1295 memoravit,
529 1261 609 1289 facile
621 1262 718 1296 potuit,
732 1260 764 1289 ad
782 1262 921 1296 querelam
937 1269 1017 1289 avare

232 1313 374 1336 auctorum
396 1308 580 1343 vectigalium,
598 1308 746 1343 adjungere
760 1308 944 1335 cohaerentem
972 1315 1017 1336 re-

232 1354 440 1389 prehensionem
474 1354 600 1382 exhausti
632 1353 785 1382 ambitiosis
813 1353 1017 1390 profusionibus

231 1401 333 1428 aerarii.

268 1445 476 1482 Eydxslog'p.
505 1446 568 1474 245.
586 1445 662 1480 Quod
687 1445 732 1473 hic
759 1450 853 1474 noster
879 1445 1016 1480 σφάκελος

231 1494 341 1526 scribit,
356 1494 464 1520 videtur
479 1493 549 1520 idem
562 1499 622 1520 esse
635 1493 706 1539 quod
729 1492 783 1521 vol.
802 1492 823 1525 Ι.
837 1500 868 1539 p.
883 1492 946 1539 iiii,
964 1501 1016 1527 φα·
1028 1510 1049 1539 c

231 1539 329 1566 ιέλλου
360 1538 491 1566 vocabulo
519 1538 658 1569 indicavit,
689 1537 790 1565 fascem
818 1537 944 1565 videlicet
968 1541 1015 1565 aut

229 1585 391 1613 fasciculum
418 1585 475 1612 sive
499 1584 638 1614 fascellutn
663 1583 819 1612 chartarum
847 1583 1014 1619 signiﬁcans.

230 1629 414 1658 Laudavimus
445 1630 472 1657 in
489 1630 572 1664 priori
602 1629 740 1657 Giossario
756 1628 902 1665 Synesium
920 1630 1015 1657 eadem

231 1676 344 1704 notione
366 1676 500 1710 φάκελλον
522 1680 709 1710 usurpantem.
728 1675 846 1711 Reperio
864 1675 935 1710 apud
955 1676 1016 1704 Dio-

232 1721 338 1757 nysium
365 1721 615 1753 iialicarnasseutn,
641 1720 659 1747 i.
678 1727 725 1752 ru,
754 1720 922 1755 σφακέλλους
947 1730 1016 1757 φρυ-

231 1767 324 1801 γάνων
343 1774 391 1801 pro
405 1765 543 1801 fasciculis
571 1764 745 1800 virgultorum
761 1765 889 1800 positum.
907 1765 1013 1802 Pachy-

231 1819 321 1840 meres
344 1812 389 1839 hic
413 1816 510 1839 neutro
538 1818 637 1845 genere
663 1815 690 1838 et
725 1817 787 1838 cum
817 1811 926 1840 unico)
943 1811 1013 1839 idem

230 1858 392 1886 vocabulum
410 1857 468 1892 pari
481 1856 635 1892 signiﬁcatu
652 1856 769 1883 exhibet.

266 1904 348 1940 720
360 1903 537 1938 Σφενδόναι,
558 1910 584 1937 p.
598 1902 644 1930 66.
659 1901 792 1930 Videntur
807 1902 851 1929 hic
868 1902 922 1929 dici
934 1910 1015 1936 σφεν-

229 1951 303 1977 sava.
323 1949 426 1977 laciniae
440 1949 587 1983 pendentes
605 1956 620 1975 e
637 1947 778 1982 pontiﬁcio
792 1948 883 1982 galero
907 1949 1011 1975 iunicu-

231 1999 265 2025 lis
285 1997 381 2025 scricis
401 1997 426 2023 iu
451 1995 541 2022 funde
560 1995 669 2022 modum
694 1994 830 2029 perplexis
851 1995 920 2022 inter
941 2002 1011 2028 sese,

231 2050 307 2071 tuore
321 2043 402 2070 etiam
421 2040 621 2069 hodie-Latinis
637 2040 748 2067 usitato.

264 2089 407 2124 Σφραγίς.
427 2095 453 2122 p.
467 2087 515 2114 ﬂ.
531 2086 586 2121 Ego
604 2087 648 2113 hic
662 2087 797 2121 σφραγῖδα
810 2086 1012 2114 benedictionem

229 2135 309 2163 verti.
326 2134 446 2162 intellexi
463 2134 535 2160 enim
554 2133 661 2167 signum
678 2134 775 2160 xcrucis
801 2140 883 2160 manu
899 2140 1014 2167 expres-

1069 201 1128 236 λην,
1143 209 1253 236 parvam
1270 207 1297 230 et
1309 209 1444 238 magnam,
1458 202 1534 237 quasi
1556 202 1629 236 prior
1644 202 1791 237 designatio
1807 204 1863 235 sit,

1069 251 1203 284 posterior
1224 250 1401 285 conﬁrmatio.
1420 250 1508 285 Δῆρσς
1529 249 1622 281 πολύς.
1642 249 1695 276 Nec
1706 249 1862 284 Codinum,

1069 303 1149 330 quem
1180 297 1277 324 asserti
1307 296 1419 323 fundum
1447 296 1550 327 laudat,
1581 294 1724 323 intellexit.
1741 294 1764 321 is
1779 296 1861 322 enim

1069 342 1137 369 nihil
1159 343 1213 369 vult
1243 342 1315 369 aliud
1344 342 1396 370 nisi
1423 341 1573 376 episcopos,
1603 341 1649 375 qui
1676 341 1805 368 ordinant
1830 345 1864 368 et

1069 393 1233 416 consecrant
1251 387 1446 423 patriarcliam.
1475 387 1549 414 illum
1572 387 1599 413 in
1617 394 1647 412 ea
1662 386 1801 413 functione
1815 385 1864 413 bis

1072 442 1153 462 cruce
1166 434 1286 470 signare,
1303 442 1417 468 quarum
1434 433 1652 461 benedictionum
1674 433 1748 468 prior
1759 440 1860 467 parva.

1071 481 1207 516 posterior
1236 489 1331 516 magna
1358 480 1531 508 consueverit
1558 479 1658 507 vocari.
1690 479 1862 507 Dicebanlur

1068 526 1168 552 easdem
1181 525 1382 553 benedictiones
1395 524 1552 560 μηνύματα,
1565 529 1592 550 ιιι
1615 524 1769 550 observavit
1782 523 1860 550 idem

1068 570 1203 599 Meursius
1216 571 1302 598 verbo
1331 571 1462 605 pﬁwpa;
1487 577 1549 596 nam
1566 570 1678 605 μήνυμα
1693 569 1797 603 signum
1814 574 1861 596 est

1068 621 1095 644 et
1115 617 1176 643 κατ’
1194 616 1291 652 ἐξοχὴν
1318 617 1420 652 signum
1448 617 1532 643 crucis
1560 623 1641 642 manu
1670 615 1861 642 benedicendo

1069 662 1227 691 formatum.
1245 663 1367 698 Μήνυμα
1381 663 1483 698 signum
1506 662 1619 695 dicitur,
1638 669 1691 689 non
1705 665 1808 694 autem,
1827 664 1861 688 ut

1069 709 1092 737 is
1105 709 1139 736 ibi
1152 710 1279 741 somniat,
1296 709 1407 737 notatio.

1068 767 1074 771 -
1104 754 1147 792 [P.
1167 754 1230 791 5H]
1260 755 1299 782 Τὰ
1324 754 1536 789 τετελεσμένα,
1558 761 1588 788 p.
1606 753 1651 780 77.
1667 752 1740 786 Quid
1756 752 1792 779 sit
1809 752 1859 779 hic

1069 801 1246 836 ιπαληθεύειν
1260 802 1315 832 τοῖς
1326 799 1538 835 τετελεσμένοις,
1551 798 1720 826 comminisci
1738 797 1856 824 multum

1067 847 1192 882 cogitans
1205 847 1278 874 aliud
1292 855 1346 874 non
1364 847 1438 882 potui
1454 853 1534 880 quam
1552 845 1621 878 quod
1643 843 1857 878 interpretando

1066 895 1199 929 expressi,
1222 893 1368 928 contigisse
1388 898 1452 920 tunc
1466 893 1593 920 nimirum
1611 891 1711 926 aliquid
1723 897 1779 925 quo
1805 897 1855 916 sa-

1067 946 1113 967 cra
1134 939 1254 975 symbolo
1278 939 1428 966 consecrati
1447 943 1474 965 et
1496 937 1585 965 verbis
1605 935 1854 963 sacramentalibus

1067 986 1162 1013 mutati
1182 986 1208 1013 in
1224 985 1325 1014 Christi
1354 992 1453 1020 corpus
1468 985 1546 1019 panis
1574 983 1625 1010 alia
1641 983 1722 1010 etiam
1739 981 1854 1009 natione

1067 1039 1147 1066 quam
1165 1031 1210 1058 illa
1229 1031 1257 1059 in
1274 1031 1397 1059 ecclesiis
1412 1031 1510 1058 usitata
1529 1036 1601 1058 recte
1617 1029 1708 1056 vocari
1723 1028 1757 1055 τὰ
1776 1036 1855 1055 τετε-

1066 1077 1184 1112 λεσμένα
1196 1077 1342 1112 potuerint,
1360 1084 1457 1112 nempe
1474 1077 1545 1112 quod
1563 1076 1637 1103 ﬁnita
1648 1081 1675 1103 et
1688 1075 1854 1102 alterations

1067 1123 1246 1150 accidentium
1270 1130 1303 1150 ex
1327 1123 1416 1158 specie
1432 1123 1459 1150 in
1473 1129 1569 1150 novam
1586 1121 1700 1149 formam
1721 1125 1851 1154 corrupta

1067 1167 1177 1195 fuerint.
1206 1168 1242 1194 Τδ
1259 1168 1346 1195 τελεῖν
1364 1168 1489 1195 videlicet
1515 1175 1567 1195 non
1582 1167 1668 1194 solum
1692 1174 1725 1194 ex
1743 1173 1792 1193 usu
1807 1173 1855 1193 so-

1068 1220 1113 1241 nat
1127 1222 1260 1249 peragere,
1275 1215 1408 1249 perﬁcere,
1419 1215 1580 1249 sacriﬁcare,
1598 1214 1645 1241 sed
1659 1214 1740 1240 etiam
1752 1220 1784 1240 ex
1796 1213 1855 1239 ori-

1068 1260 1128 1295 gine
1145 1260 1232 1293 ﬁnire,
1247 1268 1408 1288 consumere.
1434 1260 1510 1288 Unde
1537 1261 1673 1294 passivum
1694 1260 1729 1286 τὰ
1744 1259 1854 1286 τετελε-

1067 1307 1165 1342 σμένα,
1182 1315 1242 1342 qute
1256 1308 1330 1335 velut
1345 1307 1452 1342 propria
1477 1307 1621 1342 appellatio
1646 1306 1789 1341 speciebus
1803 1313 1853 1333 eu-

1065 1354 1218 1382 charisticis
1245 1361 1261 1382 e
1286 1353 1420 1382 sacriﬁcio
1447 1353 1565 1383 servatis
1594 1361 1669 1381 more
1693 1353 1852 1381 Graecorum

1066 1399 1248 1431 tribuebatur,
1281 1399 1334 1426 alio
1349 1407 1431 1427 sensu
1458 1403 1514 1426 tum
1534 1399 1682 1427 convenire
1699 1399 1739 1425 sic
1759 1402 1853 1432 putre-

1067 1445 1147 1472 factis
1166 1445 1232 1472 etin
1252 1445 1394 1472 informem
1413 1447 1538 1479 speciem
1558 1444 1758 1479 trausﬁguratis
1774 1452 1851 1478 synt-

1067 1489 1136 1518 bolis
1152 1490 1253 1518 Christi
1270 1492 1392 1526 corporis
1411 1492 1509 1525 potuit,
1525 1495 1658 1525 quatenus
1672 1490 1800 1517 nimirum
1818 1497 1852 1517 ex

1067 1537 1168 1570 nativa,
1185 1542 1214 1565 ut
1242 1537 1516 1572 dixi,signilicatione
1533 1537 1632 1564 radicis
1649 1536 1721 1563 unde
1736 1537 1850 1564 verbum

1066 1583 1137 1611 istud
1146 1584 1290 1618 germinat,
1302 1589 1381 1611 sonat
1396 1588 1524 1619 praeterea
1537 1587 1701 1618 conrumpta,
1713 1588 1851 1616 corrupta,

1065 1636 1097 1656 ex
1115 1628 1197 1663 priori
1219 1629 1305 1657 desita
1326 1628 1382 1669 jam
1398 1629 1485 1657 forma
1508 1630 1535 1656 in
1551 1636 1649 1656 novam
1663 1630 1742 1656 aliam
1759 1629 1852 1656 demu-

1066 1679 1132 1703 teta.
1163 1674 1224 1702 Haec
1243 1680 1384 1710 utcunque
1410 1675 1464 1703 dici
1494 1674 1679 1703 verisimiliter
1698 1680 1824 1710 poterant
1842 1684 1849 1703 :

1065 1728 1131 1757 pulo
1143 1727 1233 1750 tamen
1248 1722 1321 1750 aliud
1335 1721 1544 1758 Pachymerem,
1557 1722 1620 1749 dum
1632 1722 1689 1748 haec
1704 1721 1848 1754 scriberet,

1065 1773 1214 1802 spectasse.
1233 1768 1281 1795 Sui
1310 1768 1435 1796 videlicet
1451 1767 1578 1804 Hesychii
1603 1775 1716 1801 memor,
1732 1768 1806 1802 quod
1821 1769 1847 1795 iu

1064 1821 1097 1842 eo
1114 1814 1224 1849 lcgisset
1245 1814 1438 1849 τετελεσμένον
1461 1814 1492 1840 τὸ
1508 1812 1565 1841 οἷον
1592 1814 1708 1850 πρᾶγμα
1720 1814 1850 1848 τελεσθῆ-

1064 1869 1118 1892 vat,
1135 1860 1219 1896 ἤγουν
1236 1860 1425 1896 πληρωθῆναι,
1441 1860 1457 1896 ἢ
1473 1861 1519 1888 καὶ
1546 1861 1744 1896 μεμιασμένον,
1759 1868 1848 1887 raram

1066 1907 1121 1935 illic
1137 1907 1281 1934 indicatam
1311 1907 1459 1940 notionem,
1478 1915 1531 1942 qua
1555 1907 1634 1942 721
1657 1907 1848 1942 τετελεσμένον

1066 1954 1264 1989 μεμιασμένον,
1277 1953 1408 1989 pollutum
1424 1958 1451 1980 ct
1469 1954 1682 1981 contaminatum
1695 1958 1784 1986 sonat,
1805 1954 1849 1981 hic

1064 2000 1148 2026 voluit
1164 2000 1276 2027 innuere
1293 2000 1410 2034 lgnotam
1428 2007 1480 2027 non
1497 2007 1557 2027 esse
1573 2000 1635 2027 sibi.

1101 2045 1182 2080 Τέρα,
1200 2054 1226 2081 p.
1243 2046 1304 2074 594.
1322 2046 1434 2074 Ponitur
1457 2047 1500 2074 hic
1517 2046 1618 2074 Graecis
1632 2046 1728 2075 litteris
1748 2053 1847 2075 nomen

1063 2091 1189 2119 Latinum
1217 2097 1298 2124 terra.
1324 2092 1371 2120 sed
1403 2100 1466 2120 cum
1491 2093 1572 2120 unico
1589 2102 1605 2128 ρ
1620 2093 1752 2128 scriptum
1769 2093 1846 2128 τέρα.

1067 2137 1176 2165 Videtur
1196 2143 1284 2165 autem
1303 2138 1374 2166 hanc
1399 2146 1493 2166 vocem
1517 2139 1660 2166 retinuisse
1687 2139 1846 2172 historicus.

230 2189 291 2209 sum
312 2189 327 2208 ει
343 2180 497 2216 patrilrcha
509 2178 630 2213 Josevho
645 2185 726 2213 ευριπ
743 2178 825 2205 ilium
849 2179 881 2206 de
898 2186 952 2213 quo
968 2179 1011 2206 hic
1027 2186 1050 2216 D
1063 2185 1133 2219 quod
1149 2184 1264 2219 vulgaris
1275 2189 1349 2212 esset
1360 2184 1486 2219 loquendi
1501 2185 1585 2212 forma
1599 2185 1652 2212 illis
1668 2185 1843 2220 temporibus.

230 2228 329 2261 agitur,
343 2225 501 2260 Georgium,
514 2231 566 2251 una
579 2224 757 2259 pronuntiata
776 2229 849 2251 certa
865 2224 1010 2251 verborum

230 2272 358 2304 formula,
372 2279 426 2306 qua
443 2271 466 2298 is
485 2270 588 2297 electus
603 2270 637 2297 ad
652 2269 866 2305 oﬁiciumprimi
886 2270 1013 2297 ecclesia-

229 2319 280 2347 stis
295 2317 424 2345 Palatina:
437 2316 579 2344 concionis
595 2317 659 2351 (hoc
674 2317 746 2344 enim
762 2321 841 2344 sonat
855 2324 1013 2352 πρωτοαπο-

230 2364 383 2399 στολάριυς)
403 2365 453 2390 rite
470 2363 502 2390 ad
520 2362 685 2397 fungendum
706 2362 732 2390 id
748 2362 931 2390 ministerium
946 2363 1012 2389 mis-

230 2419 279 2438 sus
298 2410 402 2437 fuisset.
429 2409 495 2442 Quia
515 2416 581 2436 vero
607 2409 687 2436 talem
710 2408 928 2436 benedictionem
953 2408 1012 2443 epi-

228 2455 304 2491 scopi
319 2463 370 2482 non
389 2455 548 2490 impendunt
566 2454 617 2482 nisi
642 2454 696 2481 sibi
711 2453 843 2488 probatis,
854 2458 881 2481 et
895 2453 928 2481 de
942 2461 1011 2488 quo-

233 2511 291 2530 rum
309 2506 382 2529 recta
404 2501 467 2534 ﬁde,
481 2501 624 2529 suﬁicicnti
644 2500 810 2531 eru'dili0ue.
822 2500 911 2534 probis
926 2501 1011 2527 mori-

230 2551 280 2576 bus
298 2547 364 2576 certi
395 2547 497 2579 forent.
523 2548 586 2575 hinc
612 2547 722 2574 rebatur
741 2546 914 2574 Andronicus
940 2547 1012 2574 hunc

227 2594 372 2629 Georgium
401 2599 506 2628 gratum
533 2598 563 2621 et
593 2592 836 2620 commendabilem
863 2594 950 2620 visutn
978 2594 1010 2620 iri

226 2640 341 2675 Joscphi
369 2640 506 2672 sectariis,
520 2647 600 2674 quem
628 2639 723 2673 utique
738 2637 884 2673 Iosephus,
910 2639 960 2673 ipsi
977 2640 1011 2667 ad

226 2687 386 2713 concionem
405 2687 511 2713 dicturo
529 2687 597 2712 bene
608 2685 753 2719 precando,
763 2685 873 2718 bonum,
892 2686 1010 2718 doctum,

224 2733 407 2759 orthodoxnm
426 2732 604 2759 declarasset.
622 2730 673 2758 llic
688 2732 776 2759 obiter
788 2733 1011 2766 praemuniendus

227 2778 312 2814 lector
329 2783 380 2809 est,
399 2786 432 2805 ne
462 2777 614 2812 decipiatur
642 2777 733 2811 legens
764 2779 834 2812 apud
865 2778 1009 2806 Meursium

225 2824 397 2851 uacationem
427 2823 460 2850 ad
487 2823 700 2858 patriarchan
733 2823 868 2858 σφραγῖδα
897 2823 1008 2852 dictam.

1063 2234 1091 2256 ut
1104 2230 1148 2264 qui
1164 2230 1300 2265 principes
1317 2230 1456 2265 regionum
1474 2231 1507 2258 ab
1527 2231 1587 2258 aliis
1600 2238 1784 2266 possessarum
1804 2232 1847 2267 jus

1061 2274 1113 2302 sibi
1126 2275 1293 2303 vindicantes
1315 2276 1423 2303 titulum
1439 2281 1587 2308 sumerent,
1612 2278 1645 2304 ad
1663 2277 1843 2306 diﬂ'erenliam

1063 2321 1255 2354 possidentium
1283 2323 1339 2349 sine
1357 2327 1439 2355 terra,
1453 2323 1538 2358 χωρὶς
1551 2323 1633 2358 τέρας
1658 2323 1700 2359 ἦτ’
1718 2321 1766 2351 οὖν
1784 2326 1844 2360 γῆς,

1064 2366 1130 2392 tales
1147 2366 1346 2401 appellarentur
1362 2375 1370 2395 :
1386 2372 1450 2402 puta
1470 2375 1516 2396 rex
1530 2367 1779 2404 Hierosolymorum
1801 2376 1846 2399 aut

1063 2413 1210 2446 imperator
1222 2411 1510 2448 Constantinopoleos,
1525 2415 1615 2449 qualis
1637 2414 1683 2443 hie
1696 2415 1845 2444 declaratus

1063 2465 1078 2484 a
1094 2465 1161 2492 papa
1177 2458 1248 2493 regis
1262 2457 1344 2485 Siculi
1361 2457 1446 2486 frater
1459 2459 1569 2494 dicitur,
1581 2459 1644 2496 jure
1656 2461 1781 2489 videlicet
1798 2462 1846 2489 do-

1064 2501 1109 2528 tali
1125 2509 1141 2528 e.
1154 2501 1207 2529 ﬁlia
1224 2502 1359 2536 Baiduini,
1372 2503 1419 2538 qui
1435 2504 1500 2531 olim
1514 2504 1694 2540 imperaverat
1711 2505 1845 2534 Constan-

1064 2548 1183 2583 tinopoli,
1197 2549 1223 2576 in
1235 2557 1360 2584 sponsam
1371 2550 1408 2578 illi
1419 2550 1513 2587 juncta
1525 2555 1623 2584 tracto,
1639 2553 1687 2580 sed
1698 2553 1755 2579 sine
1766 2559 1845 2585 terra,

1063 2594 1114 2622 hoc
1129 2601 1170 2622 est
1184 2596 1251 2623 citra
1265 2597 1462 2630 possessionem
1475 2597 1536 2632 ejus
1553 2597 1675 2633 imperii,
1692 2599 1725 2624 ab
1739 2599 1844 2625 Andro-

1063 2641 1126 2668 nico
1144 2642 1267 2670 videlicet
1280 2642 1393 2670 detenti.

1101 2686 1325 2721 Ὶζὶιγκράτορες,
1351 2695 1377 2722 p.
1394 2688 1457 2715 M4.
1481 2688 1576 2716 Fuisse
1592 2696 1640 2724 per
1655 2689 1711 2716 haec
1726 2693 1844 2723 tempora

1064 2733 1133 2767 apud
1160 2731 1269 2760 Graccus
1296 2733 1460 2768 Bysautiuos
1476 2735 1503 2761 in
1534 2743 1582 2761 usu
1611 2735 1744 2770 frequenti
1768 2743 1844 2761 τιτι-ιιι

1063 2779 1192 2813 quosdatlt
1214 2779 1358 2813 peculiaris
1383 2779 1475 2806 forma:
1489 2789 1503 2806 ιι
1519 2779 1624 2808 Latinis
1639 2785 1770 2815 acceptae.
1787 2789 1845 2814 qua

1062 2824 1187 2860 τζαγγρὰ
1205 2825 1245 2852 vcl
1264 2825 1416 2860 τζαγγροὺς
1437 2827 1578 2861 vocabant,
1598 2826 1775 2861 intelligimus
1787 2834 1845 2854 cu“
