1954 3063
44 149 95 180 781

735 144 924 173 ῡωδδΑιιι
933 145 953 173 U
962 144 998 173 Μ.

1624 140 1677 171 782).

43 214 74 231 νκ
93 204 158 231 aliis
171 203 239 232 locis
251 203 412 238 scriptorum
426 201 484 237 ejus
497 203 558 234 aevi,
572 206 626 229 tum
645 209 676 229 ex
698 203 749 228 hoc
763 201 835 227 Can-
851 201 873 229 Α
924 198 1096 232 Φάμσυσος,
1112 204 1137 232 p.
1161 196 1225 225 215.
1241 196 1346 225 Dudum
1372 196 1462 224 notavi
1488 196 1521 223 ad
1537 196 1581 223 illa
1596 198 1677 223 verba

45 251 173 278 tacuzeni
189 251 207 277 l.
223 258 241 282 ι,
259 258 284 278 c.
297 250 341 282 56,
357 258 384 285 p.
398 250 448 277 108
462 250 506 277 ed.
521 249 587 284 Reg.
607 257 613 275 :
632 248 692 274 Τῶν
706 248 738 274 ὲκ
753 247 838 280 τόξων

43 298 204 324 Λατινικῶν
232 297 388 332 λεγομένων
419 295 566 331 τζαγγρῶν
598 295 733 329 ἀφιέντων
761 293 837 328 βέλη.

43 342 211 375 Hujusn‘ut-di
238 342 356 369 arcubus
378 342 426 376 qui
454 345 608 372 uterentur,
633 339 839 375 τζαγκράτορες

44 390 221 424 Pachymere
245 392 356 415 auctore
380 387 557 419 vocabantur,
581 387 679 421 opinor
709 386 764 412 ἀπὸ
791 385 839 412 τοῦ

45 435 164 468 κρατεῖν
183 433 217 459 τὰ
236 432 373 467 τζαγγρά,
390 442 405 459 a
423 441 502 459 manu
517 432 635 459 tenendis
653 432 770 466 tzangris
787 431 840 458 La-

46 480 111 506 ιῐηω
123 480 218 514 fo'mw
229 479 353 506 arcubus.
370 478 414 506 Sic
429 478 509 506 etiam
527 479 579 505 hoe
601 479 761 506 vocabulum
779 483 841 506 ant-

46 533 78 551 ea
110 525 263 558 scripserat
278 523 386 551 Nicetas
400 524 425 550 in
445 523 565 550 Manuele
578 522 716 550 Coxnneno
728 523 746 550 Ι.
761 530 778 549 ll
798 523 841 549 his

46 571 142 598 verbis
156 579 170 598 a
185 570 304 597 Meursio
320 569 413 597 relatis
429 577 436 598 :
452 569 626 604 Φραξάμενοι
644 577 684 602 τε,
708 569 746 600 ὡς
756 567 839 604 εἶχον,

47 619 83 644 τὰ
97 618 178 652 τείχη
203 617 325 649 τοξόταις
341 617 388 644 καὶ
405 616 620 651 τζαγγράτορσι.
637 615 745 643 Nicetas
770 616 840 642 idem

49 666 76 691 in
93 665 204 695 Alexio,
222 664 240 691 l.
255 671 296 696 In,
316 663 415 690 milites
438 662 560 698 ejusdem
577 663 685 697 generis
706 661 842 697 τζαγγρο-

47 709 167 742 τοξότας
193 714 283 736 vocat.
313 709 427 736 Eosdem
459 717 542 744 porro
559 708 842 743 propri-umbabuisse

51 755 310 791 στρατοπεδάρχην,
327 756 394 782 sicut
412 754 457 782 hic
475 755 555 782 docet
567 754 756 790 Pacbymeres,
774 762 841 781 con-

51 803 157 835 firmat,
188 802 228 829 bis
258 801 317 835 ejus
349 800 587 836 στρατοπεδάρχου
617 800 781 828 mentionem
799 799 842 827 fa-

51 852 140 883 ciens,
158 849 288 877 Codinus.
307 848 359 876 Sed
386 848 528 883 utrobique
543 848 669 876 mendum
685 853 725 875 est
739 848 842 876 librarii

49 897 253 932 τζαγγατόρων
267 903 315 931 pro
328 896 553 930 τξαγγρατόρων,
569 895 607 922 ait
624 894 771 928 Meursius,
788 895 842 922 imo

51 952 102 980 pro
124 943 352 978 τζαγκραιτὸρων,
378 942 534 970 scribentis.
562 941 591 969 In
611 950 676 970 voce
691 942 743 969 hac
760 943 842 969 inter-

53 990 185 1024 pretanda
202 997 255 1017 non
269 989 348 1016 debui
365 988 494 1017 adhibere
509 989 622 1024 arquitaa
642 993 687 1016 aut
709 988 842 1023 sagittarii

53 1036 202 1067 voeabula,
219 1035 263 1071 [P.
280 1035 344 1071 512]
360 1043 421 1070 ψη
433 1035 598 1071 peculiarem
621 1035 735 1062 formam
754 1042 844 1062 anno-

56 1090 116 1109 rum
142 1081 224 1117 hnjus
239 1082 342 1109 ordinis
358 1088 410 1108 non
435 1081 630 1116 exprimerent.
656 1080 764 1108 Retinui
780 1087 844 1115 ergo

56 1131 187 1162 tanquam
208 1127 348 1162 proprium
366 1126 444 1161 vulgo
457 1130 522 1154 tunc
537 1126 663 1153 usitatum
681 1134 790 1154 nomen.

94 1174 207 1213 Τρισᾳί,
224 1173 327 1208 ρ.6Η.
349 1172 419 1200 Nota
433 1177 474 1200 est
493 1173 611 1208 vulgaris
634 1178 752 1208 potestas
769 1174 845 1201 vocis

55 1220 137 1256 τριϐὴ
155 1220 271 1255 duplex;
292 1227 352 1247 nam
371 1224 398 1247 et
420 1227 498 1248 usum
525 1220 722 1248 exercitatione
738 1226 845 1255 partum

57 1272 85 1294 et
111 1274 217 1294 moram
233 1270 280 1293 aut
297 1267 499 1294 cunctationem
516 1266 587 1301 apud
613 1271 736 1294 auctores
750 1267 846 1295 classi-

61 1321 107 1341 cos
132 1318 229 1346 sonat;
255 1313 325 1347 quod
340 1317 484 1346 utrumque
497 1313 616 1340 breviter
634 1313 785 1349 Hesychius
798 1321 847 1341 exs

62 1361 173 1396 pressit,
202 1360 265 1387 dum
291 1359 373 1395 τριϐὴ
401 1360 519 1395 explicat
548 1360 673 1396 διατριϐὴ
705 1361 720 1395 ἢ
749 1361 849 1396 βραδῦ-

59 1416 120 1441 nc.
137 1407 192 1434 Sed
211 1407 255 1434 hic
282 1412 375 1436 noster
402 1406 500 1440 plurali
533 1415 645 1434 numero
660 1414 754 1434 vocem
780 1408 849 1435 hanc

62 1459 176 1488 usurpat
199 1453 342 1487 peculiari,
361 1455 386 1480 ni
405 1452 491 1485 fallor,
508 1453 631 1485 notione,
648 1460 696 1487 pro
720 1452 847 1480 induciis.

63 1500 205 1528 Sententia
219 1500 319 1535 quippe
335 1499 384 1527 loci
408 1500 465 1527 hzec
479 1499 586 1526 videtur
604 1505 674 1531 esse,
701 1498 850 1533 imperato-

64 1555 120 1575 rem
133 1551 219 1574 totum
233 1547 365 1574 intentum
380 1546 515 1579 hostibus,
530 1554 545 1572 a
559 1545 656 1580 quibus
670 1552 684 1572 e
697 1545 850 1580 propinquo
864 1551 885 1580 ς,

66 1594 209 1621 molestius
224 1592 378 1627 urgebatur,
395 1593 585 1630 reprimendis.
605 1592 727 1619 inducias
744 1592 850 1618 interim

64 1641 135 1669 velut
150 1630 282 1675 quasdam
299 1640 467 1668 concessisse
483 1638 575 1667 Persis
601 1646 649 1673 per
672 1643 776 1666 tractus
798 1638 849 1665 im-

64 1687 131 1723 perii
156 1687 308 1714 Orientales
322 1685 521 1721 grassantibus,
540 1684 607 1712 nihil
623 1690 716 1712 contra
733 1693 780 1712 eos
795 1692 852 1711 mo-

63 1734 166 1765 liendo,
183 1733 271 1768 quoad
291 1732 361 1759 malo
379 1730 503 1759 viciniori
519 1735 547 1758 et
562 1731 589 1758 in
607 1731 666 1757 sinu
696 1731 793 1764 posito,
807 1732 852 1765 ὲγ-

64 1780 184 1814 κολπιῳ,
206 1780 370 1806 mederetur.
398 1777 528 1811 Suspicor
544 1783 608 1811 ergo
621 1776 648 1803 in
664 1784 713 1804 usu
730 1777 851 1812 populari

65 1826 223 1854 Grmcornm
251 1825 460 1860 Byzantinorum
492 1822 575 1850 fuisse
603 1822 765 1849 vocabulum
794 1831 854 1858 τρι-

67 1872 112 1899 Gai
127 1872 160 1899 ad
173 1870 381 1905 signiﬁcandum
396 1869 466 1905 quod
478 1867 566 1896 Latini
580 1868 701 1894 inducias
715 1869 852 1896 dixerunt.

68 1919 323 1952 Argumentumque
354 1915 413 1950 ejus
441 1922 517 1942 sumo
532 1921 564 1941 ex
594 1913 674 1948 722
691 1921 757 1940 voce
774 1913 854 1940 hodie

69 1964 171 1993 Gallica
199 1963 282 1990 utres
298 1962 368 1990 idem
385 1960 503 1994 valente,
527 1967 607 1995 quam
623 1965 686 1995 puto
702 1967 716 1986 a
740 1958 853 1986 Francis

68 2010 213 2039 occasione
230 2016 369 2038 sacrarum
385 2007 587 2043 expeditionum
600 2007 646 2034 diu
664 2006 719 2034 iltic
737 2005 854 2032 versatis

71 2057 131 2084 inde
144 2056 257 2083 relatam
276 2054 303 2082 in
320 2053 445 2088 patriam.

108 2102 304 2136 Ὑπέρπυρον,
321 2108 347 2135 p.
369 2099 431 2127 616.
456 2099 552 2127 Merito
578 2098 666 2126 elevat
683 2097 854 2132 largitionem

68 2157 117 2177 sex
129 2149 356 2185 hyperpyrorum,
374 2146 408 2179 si,
431 2145 501 2181 quod
515 2153 548 2173 ex
559 2144 656 2173 Grmco
680 2144 788 2172 homine
804 2143 855 2170 tide

69 2195 232 2231 dignissimo
244 2193 347 2225 audivi,
362 2193 521 2227 ὕπέρπυρον
537 2191 693 2218 nummulus
705 2195 745 2217 est
757 2197 853 2225 argen-

889 244 975 271 Annte
987 243 1156 276 Commcnae,
1173 243 1191 273 Ι,
1207 251 1255 270 xtn
1272 243 1418 275 Alexiadir,
1434 251 1459 278 p.
1477 243 1528 270 577
1547 252 1554 270 :
1570 243 1678 278 Φάμου-

892 291 927 318 σά
942 300 1003 318 τινα
1022 291 1173 326 γράφοντες
1187 291 1259 318 κατὰ
1274 291 1323 326 τὴν
1340 291 1387 318 τοῦ
1404 291 1536 326 βασιλέως
1548 291 1677 327 ἔῤῥιπτον

891 337 1042 373 σκηνήν,ει
1057 338 1109 365 hoc
1121 337 1224 365 Latina:
1238 338 1330 372 stirpis
1347 337 1507 365 vocabulum
1523 337 1680 373 Byzantina:

891 384 1002 412 Graeciaa
1024 383 1107 411 fuisse
1132 384 1243 411 civitate
1261 385 1389 411 donatum
1412 384 1467 419 jam
1483 392 1497 410 a
1514 384 1679 418 temporibus

870 429 978 457 ‘Alexii
991 430 1141 462 Conmeni;
1158 437 1211 464 quo
1228 430 1317 457 minus
1331 430 1428 456 mirum
1455 434 1531 457 tanto
1543 430 1678 465 posterio-

891 482 947 502 rem
966 475 991 502 id
1005 475 1057 502 hoe
1073 475 1135 502 loco
1155 482 1287 509 naurpare
1300 474 1509 510 Pachymerem,
1528 483 1560 502 ex
1576 476 1679 509 vulgari

893 520 948 547 illic
962 521 1159 548 consuetudine
1173 521 1300 555 loquendi
1313 521 1413 555 scripta
1430 521 1559 549 maledica
1575 526 1682 548 mutua-

894 569 921 594 to
935 566 969 593 ab
981 566 1055 594 italis
1078 568 1188 594 nomine
1204 567 1335 602 φάμῡυσα
1349 571 1376 594 et
1391 567 1492 602 τόμους
1513 567 1570 595 sive
1585 567 1682 602 λόγους

893 612 1051 647 φιμούσους
1062 613 1210 641 dicentem.

925 659 1024 693 Φιάλη
1039 660 1217 694 ἐκκλησίας,
1233 668 1260 695 p.
1276 660 1322 687 22.
1343 659 1442 693 Φιάλη,
1456 663 1485 686 ut
1509 659 1683 687 doctissimus

893 705 1010 733 Jacohus
1022 705 1094 733 Goar
1119 706 1151 734 0.
1162 706 1193 733 P.
1206 707 1362 734 observavit
1376 707 1447 734 notis
1459 707 1490 734 ad
1503 707 1625 739 διάταξιν
1633 708 1684 742 τῆς

895 751 1103 786 ἱεροδιακονίας.
1133 760 1159 786 p.
1177 752 1212 778 '25
1239 752 1281 779 sui
1300 752 1469 786 Euchologii,
1497 752 1558 779 fons
1581 759 1640 780 erat
1656 753 1683 780 in

894 796 1018 824 ecclesiis
1033 796 1188 824 Graecorum
1207 798 1236 824 ἐν
1252 797 1376 832 αὐλῇτοῦ
1389 797 1536 832 νάρθηκος,
1553 798 1580 824 in
1593 798 1684 825 subdi-

895 843 949 870 vali
962 851 1024 870 arca
1039 842 1182 874 narthecia,
1200 843 1299 870 ultima:
1316 843 1399 878 partis
1415 843 1479 870 aedis
1492 851 1587 875 sacrm,
1600 851 1685 878 aquas

894 889 1008 917 [inridens
1020 889 1080 916 usui
1091 889 1124 916 ad
1140 889 1268 916 lationem
1282 888 1385 922 ingredi
1398 888 1552 916 volentibus
1567 889 1682 916 futuras.

896 935 939 971 [Ρ.
957 934 1021 971 515]
1031 935 1176 970 Colligitur
1191 940 1280 963 autem
1295 943 1326 962 ex
1341 934 1502 962 Balsamone
1520 935 1553 963 ad
1572 943 1633 964 can.
1651 936 1685 964 76

896 986 981 1009 sexta:
996 982 1102 1017 synodi,
1119 989 1210 1009 aream
1228 981 1310 1008 etiam
1326 981 1423 1016 ipsam,
1449 981 1474 1008 in
1492 989 1543 1016 qua
1561 981 1620 1009 fons
1632 987 1685 1014 est,

896 1028 995 1056 usitata
1009 1028 1136 1056 videlicet
1149 1028 1320 1063 synecdoche
1334 1028 1436 1062 φιάλην
1451 1028 1562 1055 dictam.
1578 1029 1686 1055 tionnu-

899 1079 987 1103 merat
1002 1075 1074 1102 enim
1091 1075 1191 1110 φιάλας
1216 1075 1271 1106 τοῖς
1291 1074 1396 1109 ἑτέρθις
1415 1075 1512 1109 μέρεσι
1534 1075 1589 1102 τῶν
1604 1075 1685 1102 θείων

898 1122 981 1154 ναῶν,
1009 1122 1112 1156 phialas
1139 1121 1202 1149 aliis
1223 1122 1345 1156 partibus
1361 1129 1499 1148 sacrorum
1517 1121 1687 1157 templorum,

899 1177 968 1205 quas
990 1175 1086 1196 onmes
1112 1173 1253 1203 utcunque
1284 1167 1439 1195 subdivales
1464 1169 1602 1195 communi
1621 1177 1687 1203 προ-

899 1216 971 1243 νάων
983 1215 1093 1243 nmnine
1109 1214 1300 1249 comprehendi
1316 1221 1346 1241 ex
1364 1214 1511 1249 probatiori
1524 1214 1615 1241 multis
1626 1222 1690 1251 sen-

901 1262 985 1289 tentia
1016 1262 1109 1289 tradit.
1137 1261 1186 1288 Est
1215 1260 1298 1295 igitur
1315 1260 1399 1295 φιάλη
1415 1260 1463 1295 τῆς
1485 1260 1633 1296 ἐκκλησίας
1648 1262 1688 1287 vcl

901 1308 962 1335 fons
983 1312 1044 1335 anlc
1060 1307 1134 1334 fores
1151 1307 1216 1334 mdis
1233 1314 1320 1334 sacrae
1341 1307 1455 1341 positus,
1485 1306 1525 1334 vel
1544 1314 1606 1334 area
1623 1315 1690 1342 quo-

901 1363 954 1390 que
969 1355 1026 1389 ipsa
1042 1354 1133 1387 templi
1152 1353 1230 1381 ostiis
1243 1358 1386 1388 praetenta.
1403 1353 1428 1379 in
1446 1361 1498 1388 qua
1517 1355 1567 1380 sub
1581 1354 1643 1382 divo
1661 1355 1686 1382 in

902 1401 1006 1428 concha
1023 1400 1083 1427 fons
1099 1399 1199 1427 tubulis
1213 1399 1311 1427 ductus
1329 1407 1413 1433 aquas
1431 1399 1560 1427 salientes
1572 1405 1688 1428 eructat.

903 1447 1025 1474 imitatos
1042 1449 1068 1473 et
1084 1445 1157 1473 hunc
1180 1452 1281 1472 morem
1299 1444 1412 1472 Latinos
1435 1445 1605 1472 demonstrat
1620 1444 1690 1472 Pun-

901 1492 950 1520 lini
975 1492 1063 1524 loeus,
1089 1491 1172 1526 epist.
1187 1491 1222 1517 35
1238 1500 1245 1519 ε
1264 1490 1297 1517 1η
1312 1490 1449 1522 vestibulo,
1471 1490 1606 1525 inquiens,
1623 1498 1686 1516 can-

902 1540 1007 1566 titarunt
1035 1538 1156 1565 ministra
1177 1537 1310 1567 manibus.
1327 1541 1351 1564 et
1363 1536 1452 1563 aribus
1479 1536 1574 1562 nastris
1588 1537 1690 1570 ﬂuenta

903 1588 1050 1611 metantem
1078 1582 1233 1618 fastigialus
1261 1581 1347 1608 solido
1369 1588 1420 1607 arm
1447 1580 1532 1606 tlmlus
1565 1584 1642 1606 ornat
1665 1585 1691 1606 et

902 1632 1047 1663 inumbrat,
1064 1639 1115 1657 non
1129 1630 1184 1656 sine
1202 1628 1313 1664 mystica
1329 1627 1410 1661 specie
1428 1631 1543 1662 quatuor
1561 1626 1691 1653 calumnia

902 1678 1026 1704 salientes
1052 1684 1133 1711 aqua:
1152 1675 1280 1702 ambiens.
1297 1673 1335 1701 De
1360 1681 1434 1700 more
1452 1672 1564 1708 antiquo
1578 1672 1686 1699 iuvandi

904 1733 1001 1753 manus
1011 1730 1086 1752 extra
1104 1723 1246 1752 ecclesiam
1268 1726 1332 1749 ante
1346 1722 1496 1757 ingressum
1512 1720 1574 1748 vide
1589 1720 1691 1755 episto-

904 1773 956 1799 lam
971 1771 1000 1798 S.
1017 1770 1069 1798 Nili
1085 1771 1130 1804 2A,
1145 1771 1165 1798 l.
1178 1778 1186 1797 ι
1199 1769 1244 1797 ed.
1258 1768 1335 1798 Rom.
1352 1768 1423 1803 typis
1437 1767 1601 1800 Barberinis,
1618 1775 1645 1801 p.
1663 1768 1692 1796 9.

940 1818 1021 1853 723
1038 1816 1279 1851 Φυλλοκρινεῖν,
1312 1823 1339 1850 p.
1370 1814 1430 1841 H5.
1467 1813 1694 1849 Ἐφυλλοκρὶνουν

904 1863 1027 1898 ἀκριϐῶς
1039 1863 1088 1898 τὴν
1105 1863 1246 1897 ἐξήγησιν.
1261 1861 1299 1888 Ita
1315 1860 1467 1888 clarissime
1482 1859 1609 1895 exprimit
1622 1859 1694 1886 hunc

905 1910 994 1937 locum
1009 1910 1094 1936 codex
1112 1909 1232 1943 optimus
1251 1907 1428 1939 Barbcrinus,
1445 1914 1523 1941 quem
1538 1907 1594 1933 haec
1608 1905 1692 1933 editio

906 1956 1040 1992 prmclpue
1063 1956 1138 1990 sequi
1166 1954 1316 1989 proﬁtetur.
1343 1953 1434 1986 Quare
1450 1952 1532 1979 aliam
1548 1952 1691 1979 lectionem

906 2002 1033 2030 Aliatianl
1061 2000 1250 2036 ἔφιλοκρίνουν
1265 2006 1314 2034 pro
1339 1997 1550 2034 ἐφυλλοκρινουν
1566 1998 1692 2032 legentis,

906 2049 1005 2077 silente
1022 2047 1172 2083 prazsertim
1193 2045 1335 2077 Vaticano,
1354 2045 1399 2079 qui
1415 2051 1522 2071 comma
1540 2043 1610 2071 istud
1623 2051 1693 2078 pra:—

908 2095 981 2127 terit,
997 2092 1210 2129 posthabendam
1223 2091 1298 2121 duxi,
1313 2090 1362 2117 etsi
1377 2090 1448 2117 ultro
1464 2089 1550 2117 fatear
1564 2089 1624 2125 ejus
1640 2097 1691 2116 ex-

907 2141 1066 2177 peditiorem
1093 2146 1201 2167 sensum
1230 2145 1300 2165 esse.
1326 2136 1393 2164 Nam
1412 2138 1577 2171 φιλοκρινεῖν
1600 2141 1692 2163 notum

907 2187 1020 2214 verbum
1037 2191 1091 2215 est.
1118 2185 1199 2212 etiam
1217 2184 1359 2212 commode
1386 2183 1525 2218 quadrans
1543 2183 1567 2208 in
1582 2181 1695 2208 sentem

69 2227 127 2270 teus
143 2245 263 2276 quatuor
293 2239 379 2273 aspris
407 2237 583 2272 aaquivalens.
609 2236 675 2263 Cum
704 2242 805 2269 autem,
828 2240 856 2263 ut
870 2232 897 2262 Ι)
912 2233 975 2260 tiam
1003 2233 1069 2260 loci.
1097 2231 1149 2259 Sed
1167 2238 1227 2258 eum
1243 2230 1327 2257 sciam
1351 2228 1542 2263 Pacbymerem
1559 2227 1592 2254 ab
1605 2227 1694 2254 obviis

70 2289 140 2317 idem
161 2286 297 2316 tradebat,
313 2293 394 2319 anpra
410 2291 462 2311 non
480 2283 540 2317 plus
557 2282 662 2317 singula
682 2282 789 2309 valeant
811 2290 860 2309 sex

71 2334 181 2362 minutis
198 2332 281 2360 amcis
295 2331 352 2358 sive
378 2329 522 2365 quatrinis,
552 2333 580 2355 ut
598 2328 678 2361 vulgo
707 2327 750 2354 hic
766 2327 858 2354 Romae

68 2383 227 2416 loquuntur,
259 2385 374 2413 quorutn
400 2375 597 2410 quinquaginta
611 2373 710 2400 Iulium
729 2373 786 2399 sive
809 2373 856 2399 de-

70 2431 176 2457 narium
188 2426 341 2453 Romanum
354 2423 442 2458 pretio
458 2422 609 2456 adaequant,
629 2420 789 2454 intelligitur
806 2420 857 2453 by-

70 2482 205 2513 perpyron
235 2473 376 2508 quatrinos
401 2469 496 2505 viginti
525 2472 641 2503 quatuor
657 2467 784 2502 pendere,
807 2467 858 2493 hoc

71 2529 123 2556 est,
141 2530 175 2550 ne
192 2519 357 2554 semijulium
374 2517 483 2552 quidem
506 2515 670 2546 Romanum,-
688 2521 766 2549 quem
785 2521 859 2548 gros—

68 2578 126 2598 ntm
143 2571 252 2599 vocant,
269 2564 450 2593 aestimatione
476 2560 600 2594 assequi;
621 2567 682 2587 nam
715 2559 737 2586 is
763 2558 856 2593 viginti

71 2617 193 2652 quinque
211 2611 354 2647 quatrinos
367 2609 498 2636 continet.
515 2607 650 2635 Usitatum
667 2611 695 2633 et
712 2605 772 2632 aliis
787 2605 858 2632 scri-

68 2663 194 2698 ptoribus
221 2660 273 2686 hoc
299 2657 400 2684 Graeca:
427 2659 542 2682 monetae
573 2661 670 2681 nomen
706 2652 806 2679 dudum
832 2655 858 2678 te

70 2709 206 2739 Meursius
224 2704 368 2734 docuerit:
385 2704 431 2731 sed
445 2707 575 2737 quantum
590 2707 620 2727 ea
639 2699 737 2731 valeat,
754 2698 775 2725 si
796 2704 859 2725 cre-

70 2757 189 2787 dendum
215 2751 326 2780 duxeris
354 2751 380 2778 in
408 2757 437 2777 re
459 2748 614 2776 Grmcorum
633 2745 769 2780 populatis
794 2751 859 2771 usus

71 2802 175 2833 homini
196 2804 258 2828 nato
274 2800 443 2831 educa'oque
460 2795 486 2821 in
513 2793 617 2821 Grarcia
643 2792 714 2819 unde
729 2798 777 2818 nos
794 2791 860 2817 han-

70 2852 169 2880 simus,
194 2854 227 2874 ex
251 2846 301 2873 bac
328 2847 420 2871 nostra
440 2839 586 2869 testimonii
607 2838 665 2873 ejus
687 2836 857 2869 recitatione,

72 2898 169 2928 lector,
186 2893 283 2920 disces.

909 2286 981 2312 saepe
1004 2277 1140 2312 refugere,
1166 2275 1330 2304 obsoletiora
1347 2275 1443 2310 cupide
1457 2274 1696 2305 acccrsere,arbi-

911 2329 967 2351 tror
985 2323 1058 2350 illum
1077 2329 1138 2349 raro
1152 2321 1281 2348 vocabulo
1303 2320 1347 2348 hic
1362 2321 1398 2347 uti
1415 2320 1553 2351 maluisse,
1577 2324 1604 2346 et
1625 2321 1694 2353 quod

909 2371 994 2397 codex
1012 2370 1133 2396 omnium
1154 2368 1390 2395 emendatissiums
1408 2367 1513 2398 suadet,
1537 2366 1695 2401 amnem-

910 2425 971 2443 vouv
985 2415 1120 2451 posuisse,
1139 2418 1167 2442 ut
1181 2414 1315 2441 indicaret
1327 2412 1430 2447 singula
1446 2412 1509 2439 folia
1525 2413 1696 2440 dissertatio-

910 2464 953 2490 nis
969 2471 983 2489 a
999 2463 1087 2490 Vecco
1103 2462 1210 2496 scripta:
1222 2467 1337 2488 excussa
1352 2464 1502 2494 pcrattente
1518 2467 1531 2485 a
1549 2458 1718 2486 lectoribus-

911 2509 1004 2536 fuisse.
1023 2509 1122 2535 lterum
1145 2508 1232 2534 utitur
1248 2508 1299 2534 hoc
1319 2507 1402 2533 verbo
1416 2510 1520 2538 noster,
1534 2513 1559 2539 p.
1574 2505 1636 2537 “8,
1651 2506 1695 2531 ulvi

909 2557 948 2584 sic
962 2556 1059 2583 scribit
1081 2555 1115 2582 de
1135 2554 1318 2581 odiosissimis
1339 2552 1561 2580 criminatoribus
1584 2551 1696 2579 assecli-
1726 2554 1729 2558 '

910 2602 1050 2629 Athanasii
1072 2601 1234 2636 patriarcha!
1250 2607 1257 2627 :
1274 2600 1327 2626 Καὶ
1344 2599 1469 2625 τοσοῦτον
1485 2598 1695 2633 ὲφυλ).οκρίνηυι

909 2649 995 2676 ταῦτα
1021 2649 1068 2675 καὶ
1092 2648 1196 2678 ποιναῖς
1218 2645 1388 2678 ὲξεκόλαζον,
1410 2645 1448 2676 ὡς
1472 2644 1510 2680 μὴ
1536 2644 1616 2678 μόνον
1634 2645 1697 2671 τηῖλξ

909 2694 1123 2729 ἀδιαφοροῦντςις
1136 2692 1252 2719 δεδιέναι
1274 2693 1320 2718 καὶ
1334 2692 1446 2726 τρέμειν
1460 2691 1572 2717 ἐκείνων
1585 2690 1698 2715 imam-

912 2742 983 2772 σίαν,
1000 2740 1070 2768 ἀ).λὰ
1092 2741 1139 2767 καὶ
1153 2739 1198 2766 τὸν
1216 2738 1348 2765 δοκοῦντα
1366 2735 1632 2773 προσεχτικώτατον.
1650 2735 1698 2762 Ille.

911 2787 1038 2815 similiter
1053 2786 1222 2813 Barberinns
1239 2783 1322 2811 codex
1341 2782 1493 2810 clarissime
1506 2781 1602 2808 scribit
1618 2780 1698 2814 ὲφυῧ-

911 2833 1063 2868 λοκρίνουν.
1080 2831 1218 2858 Allatiauo
1246 2829 1273 2855 in
1290 2836 1340 2855 suo
1368 2827 1554 2862 ἑφιλοκρίνουν
1572 2833 1699 2859 perstete-

913 2882 1001 2912 raate,
1019 2876 1149 2905 Vaticano
1168 2879 1256 2902 autem
1272 2873 1311 2902 sic
1327 2873 1414 2901 locum
1431 2872 1599 2908 exprimente
1617 2879 1625 2900 :
1645 2868 1698 2898 Καὶ
