1954 3063
263 119 316 151 783

561 119 595 149 P.
615 117 764 148 POSSINI
785 117 1110 149 OBSERVATIONUM
1124 119 1196 148 LIB.
1218 119 1241 148 l.
1257 131 1290 135 ~
1308 118 1566 150 GLObm‘riuuat.
1840 119 1906 149 75E

260 174 390 202 τοι-τοῦτον
402 173 489 201 ταῦτα.
508 174 681 207 ἐξετάζοντες
696 174 855 207 ἐξεκόλαζον
871 174 952 202 ὥστε.
968 173 1043 202 Vide-

1101 174 1212 202 alterius
1229 174 1237 201 l
1257 174 1320 208 Reg.
1340 183 1377 209 tv,
1389 175 1424 203 29
1446 183 1454 203 :
1475 175 1554 202 Dedit
1584 182 1685 210 quoque
1707 175 1775 202 Deus
1807 174 1904 202 Salo-

261 226 305 248 tur
321 220 387 248 velle
401 225 496 247 auctor
509 224 580 246 totos
595 219 662 247 istos
677 219 760 248 fuisse
774 221 799 247 in
815 220 934 248 studiose
948 228 1047 256 cogno-

260 269 367 295 scendis
395 266 495 294 libellis
519 266 685 293 delationum
700 286 707 298 ,
726 271 864 300 utcunque
890 267 1047 302 nugatoria-

263 321 333 344 rum.
359 313 463 340 chartis
479 312 633 340 i5tiusmodi
658 315 763 340 cunctis
782 313 859 340 avide
878 314 1044 341 scrutandis.

260 359 410 386 Centirmat
435 359 567 386 hactenus
600 358 670 385 dicta
699 363 726 385 et
757 358 826 385 alius
846 359 930 386 nostri
959 359 1046 391 locus,

261 412 286 439 p.
302 405 354 431 557
372 413 379 431 :
398 404 528 433 Βασιλεὺς
542 403 564 430 δ’
583 403 658 438 ὅμως
669 404 742 435 ἅπας
756 404 799 431 διὰ
815 405 918 431 σκοποῦ
934 406 1047 439 θέμενος
1065 406 1070 409 ”

260 450 359 480 αὐτοὺς
397 449 616 482 προσὶαὸέσθαι,
646 449 722 476 οὐδὲν
756 450 943 484 ὲφυλλοκρίνει
979 451 1047 485 πρὸς

260 495 346 522 ταῦτα
359 503 366 510 ·
388 495 463 522 Nihil
481 495 590 522 nimium
605 496 722 522 scrutari
738 500 784 523 aut
802 496 934 524 curiosius
946 496 1047 531 disqui-

261 551 318 570 rere
334 544 366 570 de
379 543 419 570 his
434 543 528 570 voluit.

295 589 373 622 Χοᾶς
389 589 560 623 θαλάσσης,
578 597 603 624 p.
622 588 686 617 279.
701 588 772 616 Fixit
793 588 860 616 mihi
879 596 987 617 crucem
1002 590 1047 617 hic

260 636 337 663 loctts
352 635 422 662 haud
438 636 466 662 in
488 640 612 670 promptu
627 635 739 662 habenti
758 635 821 668 quid
839 635 884 662 hic
897 641 987 663 essent
1000 641 1046 663 aut

260 687 387 713 quorsum
400 679 452 706 huc
465 678 584 706 facerent
596 679 720 714 xoa‘t,seu
734 679 834 712 verius,
844 685 873 706 ut
885 688 945 707 mox
957 686 1047 708 osten-

261 726 333 757 dam,
351 725 422 759 χοεῖς
443 724 591 760 Θαλάσσης.
606 724 677 757 Quid
693 724 868 752 divinaverim
884 733 1044 760 proponam.

258 769 372 797 Videtur
387 774 482 797 auctor
511 770 636 797 ailusisse
651 770 823 805 proverbium
840 778 855 798 e
871 771 957 798 sacris
970 779 1046 798 sum-

258 821 332 850 ptum
349 816 462 843 Litteris
476 816 509 844 de
523 823 553 842 re
567 823 647 850 quant
665 816 726 851 quis
740 815 856 850 cuipiam
875 816 987 844 minime
1004 817 1046 844 iu-

258 862 350 890 dicare
366 863 515 895 curaverit,
533 867 562 889 ut
583 862 653 901 Deus
672 862 828 890 hominibus
843 866 909 897 quot
934 863 1045 898 hydrias

256 909 313 935 sive
329 916 406 943 aqua:
425 915 569 936 mensuras
601 908 742 936 contineat
757 915 842 936 mare.
858 910 927 936 Ante
953 909 1044 936 omnia

255 954 475 981 constituendum
501 959 544 982 est
567 962 662 981 vocem
678 955 743 989 χοᾶς
765 955 790 981 in
816 956 959 982 accusandi
979 962 1044 982 casu

255 1001 350 1035 plurali
365 1001 520 1036 signiﬁcare
532 1006 636 1028 certam
653 1008 805 1028 mensuram
819 1001 943 1036 liquoris.
960 1001 1044 1028 Docet

254 1047 306 1074 hoc
323 1047 483 1075 scholiastes
501 1047 691 1082 Aristophanis
722 1048 755 1074 ad
778 1048 854 1075 illum
874 1048 933 1082 ejus
958 1053 1044 1082 poeta:

255 1093 281 1119 in
299 1093 430 1120 comoedia
445 1094 566 1128 Νεφέλαι
582 1095 653 1121 dicta
673 1094 763 1121 locum
781 1103 788 1121 :
811 1094 859 1126 Ἐξ
873 1095 940 1128 χοᾶς
953 1095 1044 1130 χωρή-

254 1146 340 1164 σεται.
353 1137 404 1165 Ubi
416 1138 455 1165 sic
468 1138 577 1165 adnotat
594 1147 601 1165 :
616 1137 702 1170 Xosi);
716 1138 744 1165 δέ
757 1139 832 1165 ἐστιν
846 1136 914 1169 εἶδος
931 1139 1042 1173 μέτρου,

253 1181 275 1218 ᾧ
290 1183 421 1220 μετροῦσι
434 1185 480 1211 τὸν
495 1182 565 1211 οἶνον
578 1193 584 1200 ·
597 1185 610 1210 ὃ
623 1185 669 1211 καὶ
685 1185 806 1212 κλίνεται
822 1185 906 1220 χοέως
922 1185 1042 1219 πηλέως,

253 1232 291 1263 ὡς
306 1232 352 1258 καὶ
368 1232 396 1258 ὲν
418 1231 569 1263 Ἱππεῦσιν,
590 1230 661 1257 Ἀλλ’
677 1231 772 1265 ἕνεγκέ
793 1240 838 1266 μοι
853 1232 957 1265 ταχέως
968 1231 1042 1257 οἴνου

254 1278 313 1313 xei.
349 1276 482 1304 Ἐνταῦθα
512 1277 539 1304 δὲ
564 1276 593 1303 τὸ
623 1278 699 1312 χοᾶς,
733 1278 757 1303 sl
781 1277 831 1312 μὲν
863 1277 1041 1312 περισπᾶται,

255 1324 298 1359 ίΡ.
317 1323 380 1359 5H]
395 1324 426 1350 ἐκ
448 1323 544 1350 τούτου
561 1323 607 1350 τοῦ
631 1323 710 1358 χοεύς
726 1324 783 1350 ἐστι
811 1323 882 1350 κατὰ
898 1323 1042 1359 ποιητικὴν

254 1369 344 1396 ἄδειαν
355 1378 362 1385 ·
378 1370 442 1404 xei};
454 1369 508 1403 γὰρ
525 1368 642 1403 ὤφειλεν
659 1370 761 1402 εἰπεῖν,
777 1369 813 1401 ὡς
830 1369 926 1404 ἱππῆς.
940 1369 1041 1396 Simili-

256 1421 295 1442 ter
308 1419 334 1442 et
352 1415 508 1443 Eustathius
522 1415 556 1442 ad
584 1414 681 1449 Odyss.
708 1423 744 1443 αι
764 1415 843 1441 Ἐστι
869 1415 915 1441 καὶ
936 1416 950 1441 ὁ
964 1414 1042 1450 χοεὺς

256 1460 355 1496 μέτρον
370 1469 406 1487 τι.
423 1460 488 1488 Vide
502 1465 528 1488 et
542 1460 617 1487 illttm
629 1461 662 1487 ad
678 1460 762 1487 Iliad.
778 1469 797 1493 t,
811 1460 846 1487 ad
860 1459 946 1487 Iliad.
971 1469 1001 1492 π,
1014 1464 1041 1486 et

1099 220 1170 247 mani
1189 220 1355 247 latitudinem
1374 221 1460 247 cordis
1474 221 1551 255 quasi
1576 229 1695 254 arescant,
1715 229 1774 256 quea
1793 228 1839 249 eu
1873 223 1906 248 ἔνι

1099 266 1187 293 littore
1204 266 1298 298 maris,
1311 266 1417 300 Graece,
1434 270 1481 293 καὶ
1494 268 1569 302 χῡμα
1584 268 1697 302 καρδίας
1711 269 1748 298 ὼς
1763 269 1778 301 ἡ
1794 268 1905 302 ἄμμος

1097 313 1114 348 ὴ
1133 311 1209 347 παρὰ
1221 312 1269 346 τὴν
1284 311 1432 343 Θάλασσαν,
1449 313 1493 340 ubi
1514 314 1604 349 ἄμμος
1619 314 1795 347 singulariter
1811 316 1903 347 poni-

1099 361 1142 384 tur
1165 364 1213 390 pro
1241 364 1315 388 vase,
1338 361 1367 384 ut
1396 358 1435 384 sic
1464 357 1561 391 dicam,
1592 362 1639 384 aut
1655 359 1731 385 alveo
1757 360 1849 386 maris
1869 360 1900 385 in

1099 409 1182 430 arena
1199 402 1299 437 ubique
1315 403 1452 434 cubantis,
1469 403 1512 430 cui
1529 404 1595 435 vasi,
1612 411 1664 430 non
1689 409 1778 431 autem
1798 413 1901 431 arente

1099 449 1232 484 granatim
1251 453 1376 483 sumptae,
1391 450 1517 476 convenit
1535 448 1610 484 χῦμα
1625 450 1749 482 latitudo,
1765 458 1829 484 quzc
1853 451 1898 478 illi

1099 495 1227 522 tribuitur
1255 496 1283 522 in
1313 495 1372 523 loro
1400 495 1459 524 illo.
1478 495 1568 528 Quare
1593 496 1619 522 in
1642 496 1692 522 hoc
1713 502 1807 524 nostro
1829 499 1897 531 pari

1098 539 1210 567 notione
1227 547 1372 575 possumus
1398 541 1523 574 accipere
1544 540 1614 567 idem
1631 540 1726 576 ἄμμου
1749 547 1777 569 et
1794 550 1899 570 aremc

1096 593 1208 617 nomen,
1235 593 1282 621 pro
1297 586 1373 613 alveo
1389 587 1495 614 scilicet
1514 585 1694 622 capacissitﬁo
1722 589 1808 616 maris
1828 590 1896 616 uni-

1096 630 1184 664 versi;
1206 631 1233 659 in
1251 639 1315 666 qtto,
1345 631 1388 658 ubi
1414 633 1448 660 de
1465 640 1578 660 numero
1599 634 1698 668 agitur,
1713 636 1896 670 synecdoche

1097 676 1275 703 usitatissima
1292 677 1457 704 continentis
1471 685 1520 711 pro
1531 683 1669 712 contento,
1685 679 1755 706 sicut
1774 681 1895 713 quando

1098 723 1188 750 vinum
1203 727 1316 750 vocatur
1334 723 1418 755 calix,
1435 723 1637 758 intelligendum
1658 725 1693 753 sit
1705 725 1745 760 agi
1761 726 1794 752 de
1810 733 1894 752 men-

1097 776 1160 795 sura
1172 768 1285 804 liquoris
1301 769 1370 804 ejus,
1394 769 1431 796 ita
1448 774 1477 796 ut
1491 769 1582 797 dicere
1598 779 1604 796 :
1619 770 1684 802 Quis
1706 772 1892 798 dinumerat-ir

1097 823 1215 850 arenam,
1233 815 1268 843 sit
1281 815 1373 843 dicere
1389 824 1396 843 :
1415 815 1481 849 Qui:
1500 820 1565 843 tenet
1587 825 1724 844 numerum
1741 819 1890 851 amp/iam-

1097 870 1156 889 rum
1172 866 1218 889 aut
1233 870 1371 889 urceorum
1388 871 1473 898 aquae,
1487 863 1580 898 quibus
1596 868 1652 890 tota
1667 864 1787 899 expletur
1801 874 1889 900 capa-

1095 908 1162 934 citas
1191 908 1271 934 maris
1286 907 1299 934 .7
1313 907 1401 942 Atque
1432 912 1461 935 ut
1479 908 1525 935 illo
1543 908 1728 937 Ecclesiastici
1747 911 1887 945 principio

1096 953 1166 981 Deus
1181 959 1301 981 ostentat
1312 958 1475 981 reservatam
1493 954 1572 982 istam
1590 956 1641 983 sibi
1663 957 1785 984 notitiam
1805 965 1887 984 men-

1095 1007 1219 1027 surarum
1241 1000 1367 1027 eletnenti
1400 999 1536 1027 Oceanum
1565 1001 1715 1035 implentis,
1749 1002 1784 1030 ita
1817 1003 1845 1030 in
1862 1003 1883 1030 1.

1092 1046 1144 1074 Job
1172 1055 1196 1074 c.
1218 1054 1314 1079 xxviii,
1337 1047 1383 1078 23,
1400 1046 1479 1074 istam
1496 1046 1638 1074 scientiam
1653 1055 1683 1075 se
1704 1055 1804 1083 negare
1832 1048 1884 1076 bo-

1095 1092 1212 1121 minibus
1240 1098 1267 1120 et
1287 1093 1338 1120 sibi
1355 1098 1382 1120 ut
1401 1094 1538 1128 propriam
1559 1094 1658 1121 habere
1679 1095 1789 1122 innuit:
1809 1094 1882 1121 Deus

1093 1139 1216 1174 intelligit
1242 1140 1310 1166 viam
1336 1141 1392 1174 ejus
1410 1141 1575 1175 (sapientiae)
1595 1146 1618 1168 et
1635 1141 1691 1176 ipse
1708 1143 1778 1169 novit
1794 1143 1881 1169 locum

1094 1185 1177 1210 illius.
1197 1184 1257 1219 Ipse
1269 1185 1338 1212 enim
1354 1185 1419 1219 ﬁnes
1435 1187 1526 1213 mundi
1541 1188 1668 1218 intuetur,
1683 1192 1705 1214 et
1719 1189 1808 1214 omnia
1820 1196 1881 1222 quia

1093 1231 1140 1257 sub
1163 1231 1225 1257 cwlo
1241 1236 1301 1257 sunt
1322 1232 1451 1264 respicit;
1471 1233 1516 1266 qui
1532 1233 1592 1267 fecit
1619 1239 1701 1260 ventis
1728 1235 1839 1267 pondus,
1855 1240 1880 1261 et

1094 1286 1177 1313 aquas
1201 1277 1323 1311 appendit
1343 1278 1369 1304 in
1400 1286 1535 1305 mensura.
1557 1278 1585 1304 lu
1600 1278 1696 1306 Graeco
1713 1279 1812 1314 legerat
1829 1279 1882 1306 Pa-

1094 1325 1234 1359 chymeres
1246 1332 1294 1358 pro
1315 1324 1356 1351 his
1381 1324 1484 1350 ultimis
1501 1324 1592 1352 verbis
1610 1324 1706 1356 ὓδατος
1730 1325 1816 1360 μέτρα
1835 1326 1880 1352 ὅτε

1093 1369 1229 1403 ἐποίησεν,
1245 1377 1319 1404 aqum
1347 1377 1482 1396 mensuras
1506 1369 1612 1403 quando
1642 1370 1711 1403 fecit.
1739 1371 1776 1397 En
1802 1379 1880 1405 aqua:

1093 1422 1235 1441 mensuras
1251 1414 1380 1449 singulari
1410 1414 1454 1441 Dei
1469 1414 1589 1442 scientiae
1603 1415 1727 1450 imputat.
1742 1416 1876 1444 Similiter

1093 1465 1120 1488 et
1135 1461 1256 1495 ejusdem
1274 1459 1336 1487 libri
1350 1459 1399 1487 Job
1415 1467 1439 1488 c.
1452 1468 1568 1492 xxxvnt,
1584 1461 1653 1489 inter
1671 1463 1876 1496 exprimendum

254 1507 287 1534 ad
296 1506 392 1542 Odyss.
406 1515 431 1533 σ.
455 1505 522 1533 Ilinc
534 1507 683 1540 sumpsisse
700 1506 751 1533 hoc
767 1506 877 1533 verbum
893 1505 1041 1541 Pachyme-
1055 1513 1078 1544 ο
1096 1504 1239 1539 magniﬁce
1255 1504 1320 1539 quid
1340 1505 1410 1532 Deus
1426 1505 1512 1539 possit
1527 1509 1554 1532 et
1567 1506 1646 1539 sciat,
1666 1507 1728 1541 quid
1741 1514 1877 1542 nequeant

254 1561 311 1580 rem
329 1558 371 1581 est
383 1553 523 1586 credibile,
538 1553 755 1580 versatissimum
771 1552 910 1579 hominem
925 1552 951 1578 in
964 1553 1043 1579 scho-

255 1599 297 1626 liis
315 1604 457 1634 poetarum
481 1599 668 1634 antiquorum,
695 1599 734 1626 uti
760 1599 842 1626 etiam
869 1597 1043 1632 peculiariter

256 1645 313 1678 ipse
329 1645 477 1679 signiﬁcat,
490 1652 517 1679 p.
542 1645 606 1673 506.
621 1645 693 1676 Χοᾶς
708 1652 773 1679 ergo
794 1645 882 1679 μέτρα
897 1643 1041 1671 intellexit.

255 1690 368 1717 Videtur
381 1694 472 1717 autem
485 1690 613 1718 habuisse
629 1690 686 1718 hac
699 1691 822 1718 scribens
838 1691 864 1717 in
881 1691 970 1720 animo
984 1690 1043 1718 loca

260 1735 304 1762 illa
322 1743 462 1763 sacrarum
475 1735 653 1769 Litterarum,
669 1735 752 1772 724
768 1736 866 1770 quibus
887 1735 957 1764 Deus
973 1737 1043 1764 inter

255 1789 286 1808 ea
304 1788 364 1815 qua:
380 1781 429 1807 sibi
446 1780 597 1814 notissima,
608 1781 853 1815 incompertissima
870 1786 934 1809 sunt
956 1782 1042 1809 homi-

256 1828 344 1859 nibus,
362 1833 487 1854 numerat
498 1834 652 1854 mensuram
670 1827 765 1860 maris,
782 1835 923 1855 numerum
937 1828 1042 1856 scilicet

255 1872 413 1908 hydriarum
435 1876 481 1899 aut
497 1876 686 1906 metretarum,
716 1880 769 1907 quo
784 1873 911 1900 delinitur
927 1873 1042 1901 immen-

254 1919 322 1944 sitas
351 1917 484 1944 undarum
513 1916 583 1952 ejus.
616 1917 800 1946 Ecclesiastici
830 1926 850 1952 t,
874 1919 910 1947 2:
927 1918 1040 1946 Arenam

255 1964 337 1990 maris
353 1969 376 1990 el
390 1963 485 1998 plut-ite
502 1968 593 1999 guttas
605 1970 628 1992 et
645 1965 700 1992 dies
714 1965 805 1992 σιτευιὶ
816 1966 873 2000 quis
888 1966 1038 1993 dinumera-

253 2011 288 2036 tvit
300 2010 312 2037 ἵ
324 2010 417 2037 Graece
445 2011 538 2046 ἄμμον
560 2011 713 2039 θαλασσῶν.
731 2011 783 2039 Ubi
800 2012 852 2038 etsi
869 2011 964 2039 obvius
979 2019 1040 2039 scn‘

253 2065 301 2083 sus
316 2061 357 2084 est
369 2058 517 2092 probabilis
532 2058 565 2084 de
585 2066 690 2085 sumtua
717 2065 862 2094 granorum
885 2057 971 2085 sabuli
991 2058 1038 2084 de-

254 2103 438 2136 speratissima
457 2103 564 2131 inventu
584 2108 692 2139 propter
707 2103 868 2131 inlinitatem
885 2103 958 2129 omni
975 2110 1039 2137 sup-

255 2149 394 2182 putatione
418 2149 560 2183 majorem,
580 2155 669 2177 tamen
693 2157 726 2177 ex
757 2148 960 2184 comparatione
987 2149 1039 2176 loci

1094 1555 1121 1577 et
1139 1552 1263 1586 ignorent
1280 1550 1414 1582 homines,
1433 1558 1459 1577 v.
1476 1550 1509 1578 16
1524 1552 1634 1586 ponitur
1656 1561 1662 1579 :
1682 1551 1819 1588 Numquid
1835 1555 1878 1581 iu-

1094 1604 1197 1631 gressus
1223 1604 1249 1623 es
1266 1597 1396 1631 profunda
1414 1597 1505 1627 maris,
1522 1602 1546 1624 et
1569 1598 1597 1624 in
1627 1598 1773 1626 novissimis
1791 1601 1878 1635 abyssi

1093 1643 1292 1670 deambulasti?
1312 1643 1377 1675 Quae
1394 1648 1530 1678 utcunque
1559 1645 1663 1672 numeri
1689 1653 1875 1674 mensurarum

1094 1698 1170 1724 aqua:
1185 1690 1284 1717 diserte
1299 1697 1350 1716 non
1367 1691 1523 1722 meminere,
1539 1695 1627 1718 tamen
1643 1699 1690 1726 per
1703 1693 1873 1726 pra-sentiam

1093 1736 1171 1770 quasi
1186 1735 1311 1762 obeuntis
1325 1739 1352 1762 et
1370 1735 1478 1762 curiose
1491 1735 1632 1762 lustrantis
1645 1737 1746 1764 notitiae
1766 1737 1874 1764 interio-

1096 1782 1133 1808 ris
1148 1782 1298 1816 cmphasim
1317 1782 1426 1810 habent.
1446 1782 1514 1810 llinc
1529 1783 1636 1811 videtur
1654 1783 1802 1811 iuvaluisse
1815 1791 1872 1818 pro-

1093 1828 1220 1856 verbialis
1234 1828 1303 1856 inter
1317 1828 1426 1857 Graecos
1441 1830 1554 1857 formula
1566 1829 1600 1857 de
1617 1829 1697 1858 rebus
1709 1829 1787 1857 alicui
1806 1829 1874 1857 cela-

1094 1875 1137 1908 tis,
1157 1879 1212 1902 tam
1228 1882 1259 1902 ea
1272 1874 1310 1902 illi
1326 1882 1388 1902 esse
1404 1875 1493 1910 ignota
1509 1883 1589 1910 quam
1606 1883 1747 1902 numerum
1766 1875 1874 1909 ampho-

1093 1929 1184 1949 rarum
1203 1922 1316 1957 liquoris
1332 1929 1386 1958 quo
1408 1922 1534 1957 expletur
1551 1930 1645 1954 mare;
1662 1929 1741 1956 quem
1759 1927 1789 1949 ut
1804 1922 1872 1950 Deus

1092 1968 1168 2002 scire.
1183 1967 1241 1994 vult
1261 1967 1334 1995 solus
1351 1975 1403 1994 nec
1418 1967 1618 1994 communicare
1643 1967 1770 2000 dignatur
1790 1967 1872 1994 homi-

1092 2014 1182 2047 nibus,
1206 2013 1243 2041 ita
1261 2014 1406 2049 imperator
1423 2021 1502 2042 suum
1525 2013 1557 2040 de
1581 2012 1684 2040 foedere
1702 2013 1814 2041 Serbico
1825 2021 1871 2040 nu-

1091 2060 1155 2095 ptiis
1184 2059 1396 2094 eonglutinando
1431 2059 1573 2087 consilium
1603 2059 1813 2093 impertiendum
1827 2066 1869 2094 pa-

1092 2105 1219 2133 triarchae
1235 2113 1288 2133 non
1305 2106 1419 2140 putavit.
