1954 3063
56 126 114 158 785

823 129 940 159 N()T.E.

859 199 1618 211 Μ

1645 120 1698 151 T88

466 289 703 352 PETRI
753 289 1061 354 POSSINI
1125 287 1189 350 S.
1223 288 1283 348 J.

190 416 804 476 OBSERVATIONUM
848 415 1572 481 PACHYMEBIANABUM

599 538 779 583 LIBER
833 537 1162 584 SECUNDUS.

820 715 944 747 NOTAE.

98 865 184 901 725
200 865 242 901 LP.
255 864 318 901 5l6]
347 864 408 900 Pag.
425 864 467 893 12.
487 864 676 897 Imperatorem
686 866 717 891 ab
733 863 859 892 Ecclesia:
873 867 897 897 Α
914 871 1041 900 tanquam
1054 864 1273 893 irrevocabiliter
1291 866 1397 893 addicta
1413 867 1540 899 Tartaro,
1557 866 1698 894 declarata

61 913 228 939 auctoritate
241 911 299 946 jam
318 912 406 938 animo
423 911 544 945 deﬁcere.
568 910 617 938 Est
636 911 680 939 hic
707 911 857 946 imperator

63 967 119 994 quo
138 959 173 985 de
194 960 283 994 agitur
310 959 368 986 sine
397 958 476 985 dubio
502 958 685 989 Andronicus,
710 965 790 993 quem
817 959 858 986 vi-

65 1008 148 1031 vente
161 1003 252 1031 adhuc
267 1007 354 1038 patre,
369 1003 411 1030 cui
425 1006 485 1030 erat
501 1002 527 1030 in
543 1002 656 1037 imperio
669 1003 783 1038 collega,
796 1010 857 1037 per~

64 1051 196 1078 territum
224 1050 338 1077 tumultu
358 1049 597 1078 schismaticorum
620 1048 676 1083 jam
702 1049 793 1076 animo
810 1050 858 1077 de-

65 1097 167 1124 fecisse
182 1104 196 1123 a
212 1097 296 1130 patris
323 1102 350 1124 et
372 1096 498 1123 Ecclesia:
523 1096 684 1124 auctoritate
710 1096 858 1125 historicus

66 1144 119 1170 hoc
138 1144 198 1170 loro
215 1143 303 1170 docet.
331 1142 409 1170 Unde
428 1143 596 1178 intelligatur
611 1151 690 1177 quant
707 1151 857 1179 congruam

66 1189 232 1217 defectionis
248 1197 354 1224 pcenam
385 1189 487 1227 tulerit,
503 1189 548 1224 qui
567 1194 640 1216 metu
657 1191 796 1217 turbarum
815 1198 857 1218 re-

65 1237 175 1264 volutus
195 1237 221 1263 itt
238 1237 365 1268 schisma,
377 1236 477 1263 nullum
501 1236 558 1263 fere
589 1235 617 1263 in
632 1237 753 1264 omnium
771 1238 859 1266 infeli-

65 1282 180 1309 cissimo
196 1282 347 1316 principatu
361 1281 430 1308 diem
446 1289 559 1308 vacuum
576 1289 590 1308 a
601 1282 687 1309 turbis
701 1282 859 1312 domesticis

67 1327 206 1357 civilibus.
220 1327 333 1359 bellicis,
344 1327 536 1355 ccelesiastieis
550 1327 685 1362 habuerit,
698 1334 726 1356 ut
733 1337 766 1357 ex
778 1330 858 1364 hujus

69 1374 184 1401 decursu
202 1373 324 1400 historice
341 1373 453 1406 patebit.

104 1419 172 1446 Ibid.
191 1419 259 1446 Loco
284 1419 444 1454 Acropolin
461 1419 566 1446 mortui.
581 1419 740 1447 Clarissinte
759 1420 803 1448 hic
815 1427 859 1447 as-

71 1465 137 1492 serit
151 1464 333 1498 Pacliyineres
351 1464 495 1500 Georgium
520 1465 703 1498 Acropolitatn
731 1473 858 1501 magnum

69 1510 235 1546 lngothetatn
254 1512 361 1538 vivente
378 1511 465 1538 adhuc
483 1511 612 1539 Micltaele
631 1511 783 1546 Palmologo
808 1513 858 1539 itit-

71 1563 197 1593 peratorc
216 1558 271 1585 fsto
295 1558 438 1591 iunctum;
455 1559 526 1592 quod
544 1558 612 1585 idem
639 1567 700 1586 cum
723 1560 856 1594 superiori

70 1605 208 1633 volumine
235 1605 252 1632 l.
269 1612 294 1637 ν,
312 1613 336 1633 c.
354 1606 390 1633 26
411 1610 438 1632 et
457 1605 490 1632 54
514 1605 649 1632 innuissct
670 1606 760 1639 potius
775 1614 856 1640 quam

72 1653 171 1680 diserte
188 1651 360 1685 aﬂirmasset,
374 1652 439 1679 inihi
453 1659 507 1679 non
525 1656 710 1686 persuaserat,
727 1657 756 1679 ut
772 1652 798 1679 in
810 1660 859 1678 tto-

71 1699 105 1726 tis
118 1700 151 1726 ad
170 1699 214 1725 illa
241 1699 330 1731 cupita
350 1699 368 1725 l.
397 1706 416 1725 tt
433 1697 662 1726 Observationum
682 1706 814 1731 mearum,
831 1706 857 1734 p.

72 1746 122 1773 681
139 1751 167 1773 et
183 1745 236 1773 686
254 1746 378 1779 exposui,
395 1753 455 1780 qua:
470 1752 485 1771 a
503 1753 546 1772 me
560 1745 632 1772 dicta
649 1753 719 1772 nunc
736 1752 787 1772 non
805 1746 860 1772 vel-

73 1794 136 1821 lent.
155 1793 214 1820 Non
242 1793 313 1820 enim
339 1793 415 1820 video
433 1801 482 1820 cur
498 1792 564 1820 lich
582 1793 675 1827 negari
692 1792 790 1820 debeat
805 1798 858 1820 tam

74 1841 154 1868 clarae
184 1840 329 1867 asset-lieni
355 1839 476 1866 historici
503 1846 563 1874 qum
590 1847 709 1874 przcsens
735 1845 860 1868 cerneret

74 1887 228 1914 scribentis.
247 1885 354 1913 induxit
373 1893 415 1913 me
431 1886 458 1912 in
478 1886 559 1912 istum
581 1893 701 1913 errorem
718 1894 770 1913 non
793 1886 861 1914 bene

75 1933 275 1961 rensi-lcratum
303 1931 489 1959 testimonium
519 1931 648 1959 Demetrii
668 1931 774 1965 Baulis,
790 1933 861 1966 quod

75 1981 100 2006 itt
115 1979 210 2006 iisdem
226 1979 297 2004 notis
313 1985 340 2012 p.
368 1977 419 2004 654
444 1979 541 2005 recito.
558 1977 622 2007 Sed,
643 1977 716 2011 quod
736 1977 861 2003 animad-

76 2030 151 2052 verto
166 2031 238 2051 nunc
251 2031 322 2056 sero,
338 2023 364 2050 in
380 2031 411 2050 co
428 2031 480 2050 non
499 2024 590 2057 agitur
602 2023 633 2050 de
647 2022 763 2057 Georgio
777 2022 863 2050 Acro-

77 2071 168 2105 polila,
185 2078 277 2097 verum
302 2071 335 2097 de
350 2069 467 2104 Georgio
485 2069 640 2101 Metochita,
665 2076 747 2109 quem
767 2068 863 2097 Dente—

77 2118 142 2144 tri-ts
160 2115 287 2152 magnum
305 2116 389 2144 fuisse
418 2116 585 2150 logothetam
605 2116 642 2143 ibi
664 2117 772 2150 scribit,
789 2117 862 2152 quod

78 2163 141 2190 mihi
170 2162 261 2189 fucum
279 2162 352 2195 fecit,
368 2166 395 2189 et
410 2163 543 2196 quomodo
560 2169 652 2189 verum
669 2170 729 2190 esse
743 2164 864 2197 potuerit

909 912 1029 946 incapaci
1049 911 1172 939 habenda
1196 910 1388 947 suffragiorum
1405 912 1547 943 Ecclesiae.
1574 921 1633 948 quae
1649 920 1698 948 pro

910 958 960 993 piis
976 958 1001 984 in
1018 957 1067 985 Dei
1092 958 1226 985 charitate
1251 958 1400 990 defunctis,
1419 966 1472 986 non
1497 966 1546 993 pro
1563 958 1617 986 Deo
1631 967 1698 986 exo-

909 1005 948 1034 sis
963 1010 990 1033 et
1004 1006 1029 1033 in
1045 1013 1093 1033 suo
1114 1006 1189 1041 gravi
1212 1011 1323 1040 peccato
1350 1006 1465 1034 mortuis
1480 1006 1570 1034 otl'erri
1587 1014 1700 1034 consue-

909 1056 1017 1083 verunt,
1043 1051 1112 1079 satis
1138 1051 1328 1079 demonstrare
1343 1059 1424 1086 quam
1445 1052 1542 1080 falsum
1558 1053 1605 1086 sit,
1628 1055 1699 1088 quod

911 1098 998 1130 multi,
1014 1098 1165 1133 praesertim
1192 1098 1364 1131 heterodoxi,
1390 1100 1555 1134 persuadere
1574 1105 1639 1126 suttt
1654 1106 1700 1126 co-

909 1144 976 1177 nati,
991 1144 1142 1172 doctrinam
1157 1144 1184 1172 in
1203 1144 1326 1172 Ecclesia
1355 1144 1477 1172 Romana
1504 1152 1640 1180 receptam
1667 1145 1701 1173 de

911 1191 1069 1227 purgatorio
1082 1199 1096 1218 a
1114 1191 1216 1218 Graecis
1236 1191 1344 1225 penitus
1361 1191 1449 1226 rejici.

946 1236 975 1264 P.
994 1237 1035 1264 l9.
1064 1235 1128 1264 Post
1154 1237 1224 1264 diem
1248 1237 1418 1264 tricesimum.
1447 1237 1556 1266 Videtur
1578 1237 1702 1265 indicare

911 1283 1079 1311 tricesimam
1099 1284 1214 1318 primam
1239 1283 1399 1311 Decembris
1416 1284 1487 1312 diem
1505 1293 1510 1310 :
1528 1291 1559 1311 ea
1575 1284 1646 1312 enim
1660 1288 1701 1311 cst

910 1334 966 1364 post
983 1330 1153 1357 tricesimum.
1172 1329 1250 1357 Unde
1275 1329 1374 1357 festum
1391 1330 1469 1364 cujus
1486 1329 1566 1364 paulo
1584 1333 1645 1364 post
1668 1330 1699 1357 tit

911 1375 1025 1407 mentio,
1048 1375 1131 1403 fuerit
1158 1380 1254 1403 octava
1284 1375 1441 1403 Nativitatis
1464 1381 1492 1403 et
1520 1376 1702 1409 Circumcisio

910 1420 1019 1448 Domini
1033 1429 1048 1448 a
1066 1428 1178 1456 vespera
1205 1421 1343 1456 pridiana,
1364 1426 1396 1449 ut
1412 1422 1454 1454 iit,
1484 1421 1629 1455 incipiens.
1655 1421 1700 1448 Sic

911 1466 1038 1500 inferius,
1055 1475 1081 1502 p.
1099 1467 1145 1499 22,
1167 1467 1263 1501 quinta
1281 1466 1407 1504 ~Januarii
1425 1467 1476 1495 sub
1493 1474 1634 1501 vesperam
1659 1467 1700 1494 fe-

911 1517 982 1540 stum
1010 1512 1262 1548 Theophaniorum,
1279 1517 1325 1540 aut
1351 1517 1380 1540 ut
1408 1520 1458 1541 nos
1484 1520 1621 1547 vocamus,
1638 1513 1697 1547 Epi-

911 1559 1017 1594 phaniae
1036 1559 1169 1587 celebrari
1183 1563 1303 1594 cceptum
1318 1559 1453 1591 innuitur,
1469 1559 1531 1586 dum
1551 1559 1586 1586 ibi
1603 1559 1700 1586 scribit

912 1606 1070 1638 historicus,
1099 1605 1171 1633 datis
1200 1605 1346 1640 unicuique
1372 1605 1459 1633 cereis
1480 1609 1590 1640 peracta
1619 1605 1702 1632 fuisse

910 1661 968 1688 quia
979 1653 1040 1688 festi
1052 1652 1116 1680 ritus
1130 1653 1262 1688 poscebat.

945 1700 978 1728 C.
992 1700 1008 1727 8
1023 1704 1050 1727 et
1066 1699 1093 1727 9.
1109 1699 1175 1733 ουκ
1190 1700 1217 1726 ὶη
1242 1699 1284 1727 his
1310 1699 1446 1734 capitibus
1461 1698 1578 1730 duobus,
1595 1698 1642 1726 sed
1660 1698 1703 1725 di-

911 1747 1039 1774 stinctius
1056 1746 1082 1773 itt
1101 1745 1128 1779 9,
1149 1745 1183 1773 de
1205 1745 1295 1773 Vecco
1311 1745 1459 1773 traduntur
1473 1749 1500 1772 et
1516 1745 1574 1780 ejus
1590 1749 1703 1772 senten-

913 1793 962 1827 tia,
992 1792 1177 1820 declaratione
1204 1791 1336 1827 indigent,
1354 1796 1383 1819 ut
1399 1791 1431 1818 iis
1454 1791 1560 1826 species
1577 1791 1703 1818 dematur

912 1837 1093 1873 ὲτεροδοξίας.
1111 1837 1230 1864 Pronum
1245 1838 1343 1872 quippe
1358 1837 1441 1864 fuerit
1458 1843 1512 1863 non
1534 1836 1700 1870 praemunito

913 1884 1021 1915 lectori,
1038 1883 1081 1910 ubi
1104 1884 1203 1910 viderit
1222 1882 1339 1910 Veccum
1361 1887 1504 1917 negantem
1526 1882 1623 1909 Filium
1642 1889 1704 1909 esse

913 1937 1035 1961 causam,
1053 1930 1105 1956 hoc
1121 1933 1163 1957 est
1192 1928 1368 1963 principium,
1393 1928 1523 1962 Spiritus,
1538 1934 1702 1954 concausam

913 1975 971 2002 sive
987 1975 1214 2010 comprincipium
1230 1982 1291 2002 cum
1315 1974 1407 2007 Patre,
1424 1974 1539 2008 denique
1553 1973 1702 2006 subjicien-

913 2026 967 2048 tem
984 2020 1151 2048 anathemati
1180 2024 1234 2047 tam
1249 2027 1295 2047 eos
1313 2020 1359 2054 qui
1377 2027 1410 2047 ea
1429 2019 1566 2046 senserint
1581 2027 1611 2046 ac
1625 2019 1702 2046 dixe-

915 2067 980 2100 rint,
991 2075 1072 2101 quam
1090 2066 1136 2102 qui
1147 2067 1187 2094 sic
1200 2066 1368 2100 sapientibus
1380 2071 1407 2093 et
1423 2062 1598 2100 loquentibus
1614 2066 1704 2092 scien-

916 2119 955 2141 tes
970 2112 1243 2142 communicaverint.
1269 2120 1399 2139 accusare
1429 2113 1516 2146 ipsum
1539 2112 1702 2146 przuvaricu-

916 2161 997 2187 tionis
1018 2160 1045 2188 in
1067 2167 1148 2187 causa
1163 2163 1290 2193 suscepta
1321 2158 1467 2193 purgandae
1483 2158 1516 2184 ab
1530 2158 1642 2184 hmrcsis
1657 2165 1698 2184 su-

77 2218 127 2236 uon
144 2209 275 2243 intelligo,
289 2215 349 2234 cum
370 2208 478 2235 vivente
497 2207 628 2235 Michaele
642 2209 727 2241 solus,
742 2209 813 2243 quod
830 2216 862 2235 ex
877 2214 899 2244 α
916 2207 1041 2241 spicione
1058 2207 1190 2234 doctrina).
1213 2205 1376 2232 Latinorum
1403 2205 1476 2232 circa
1501 2205 1702 2239 processioucm

77 2256 243 2290 Paehymere
266 2259 405 2289 appareat,
433 2254 568 2289 Georgius
582 2255 738 2290 Acropotita
756 2256 802 2282 tali
819 2255 861 2282 di-

76 2306 178 2336 guitate
190 2301 299 2327 iunctus
309 2301 365 2333 sit;
381 2308 441 2335 quae
455 2306 514 2335 pust
529 2301 588 2335 ejus
605 2306 718 2327 mortetn
734 2300 760 2327 in
774 2300 863 2327 Theo-

76 2350 170 2373 durum
189 2346 362 2373 Muzalonem
381 2346 415 2373 ab
442 2347 501 2380 ipso
526 2345 656 2373 Michaele
673 2347 794 2381 Augusto
820 2349 862 2374 est

78 2393 216 2424 translata,
232 2397 312 2426 prout
327 2391 372 2419 hic
385 2393 461 2420 locus
478 2392 568 2419 docet.

112 2438 176 2472 Pag.
194 2437 239 2465 13.
256 2439 355 2466 Mensis
369 2443 423 2465 tum
440 2438 556 2472 primum
573 2439 746 2472 oppositione.
764 2439 802 2466 De
818 2446 861 2467 re-

78 2490 184 2512 servata
200 2484 301 2511 seniori
319 2484 440 2517 Augusto
457 2483 657 2517 subscriptione
673 2492 732 2510 cum
757 2484 863 2519 apposi-

80 2531 147 2556 tione
164 2530 276 2563 mensis,
293 2529 353 2556 vide
374 2537 433 2563 quin
453 2530 607 2556 notavimus
624 2529 764 2556 Glussuio
777 2529 861 2563 priori

79 2576 112 2603 ad
127 2576 208 2602 verbu
214 2584 236 2601 tu
255 2576 334 2610 μηνοῖ·
341 2577 425 2609 ογεῖν.

114 2622 195 2658 726
210 2621 241 2658 [Ρ
257 2621 321 2657 ὅπη
340 2621 376 2649 Ρ(
390 2621 429 2648 15.
450 2621 614 2653 Supplicium
643 2622 781 2656 [ustuarti.
797 2621 864 2648 Vide

81 2677 135 2696 rem
153 2675 291 2694 narratam
312 2668 366 2695 vol.
387 2667 407 2698 Ι,
423 2675 449 2702 p.
466 2667 518 2693 495
537 2674 598 2702 sqq.

113 2715 144 2742 (Ξ.
157 2715 185 2741 5.
199 2714 292 2741 Obiter
310 2714 354 2741 hic
374 2714 561 2740 admonuerit"
576 2722 584 2740 :
612 2720 671 2747 quae
699 2713 751 2740 hoc
777 2712 866 2747 capite

81 2762 226 2789 traduntur
241 2761 279 2795 (p.
297 2761 341 2793 l6,
372 2759 416 2792 17)
433 2761 465 2787 de
484 2759 610 2786 fraudata
627 2759 865 2787 schismaticorum

81 2808 142 2836 odio
155 2807 245 2834 anima
261 2806 400 2834 Michaelis
417 2806 588 2841 imperatoris
606 2806 632 2832 in
651 2804 773 2832 Romana
788 2811 865 2832 com-

85 2853 211 2882 munione
228 2852 327 2881 mortui
341 2852 465 2881 subsidio
481 2851 662 2887 piacularium
674 2858 826 2885 sacrorum,
841 2855 869 2880 et

917 2252 1035 2286 Spiritus
1054 2251 1143 2279 sancti
1172 2258 1205 2279 ex
1232 2250 1313 2277 Patre
1336 2249 1459 2284 Filioque
1479 2253 1525 2276 aut
1542 2251 1633 2284 potius
1652 2257 1702 2283 pn-

916 2299 995 2326 dettdi
1012 2299 1104 2333 lapsus
1118 2298 1144 2325 in
1159 2304 1279 2324 errorem
1295 2297 1452 2324 Graecorum
1471 2304 1484 2322 a
1501 2296 1594 2323 Latina
1607 2296 1703 2324 Eccle-

917 2346 956 2373 sia
978 2346 1147 2377 damnatum,
1176 2343 1306 2371 aientium
1326 2351 1340 2369 a
1368 2343 1450 2369 Patre
1473 2343 1531 2369 solo
1555 2343 1704 2377 procedere

918 2392 1049 2426 Spiritum
1066 2397 1209 2423 sanctum;
1238 2397 1252 2416 a
1277 2386 1375 2424 quibus
1393 2389 1415 2416 is
1429 2393 1518 2416 tatnen
1544 2389 1628 2423 culpis
1646 2389 1706 2415 lon-

918 2437 1030 2472 gissime
1050 2436 1147 2464 abfuit.
1165 2435 1392 2462 Auimadvertere
1405 2435 1488 2470 igitur
1503 2441 1570 2469 opus
1587 2439 1639 2464 est.
1656 2442 1704 2461 cn-

921 2484 1018 2511 tholica
1036 2483 1127 2510 doceri
1145 2482 1259 2510 veritate
1282 2489 1335 2508 non
1353 2489 1414 2509 esse
1431 2482 1482 2508 nisi
1501 2489 1584 2508 unum
1599 2482 1702 2514 princi-

920 2531 992 2564 pium
1009 2531 1096 2556 sancti
1117 2529 1246 2563 Spiritus,
1261 2528 1324 2554 licet
1340 2527 1363 2554 is
1382 2535 1414 2554 ex
1442 2527 1524 2553 Patre
1537 2535 1583 2560 per
1596 2527 1703 2558 Filium,

920 2580 949 2602 ut
966 2575 1051 2602 Gra-ci
1079 2575 1174 2601 Patres
1193 2574 1352 2608 loquuntur,
1369 2578 1396 2600 et
1417 2581 1449 2600 ea:
1465 2573 1545 2600 Patre
1572 2572 1704 2608 Filioque,

920 2627 948 2648 ut
969 2621 1055 2648 Latini
1071 2627 1133 2647 vere
1158 2619 1330 2647 duclarantes
1353 2619 1423 2646 idem
1441 2618 1592 2653 proferunt,
1609 2627 1706 2653 proce-

920 2669 974 2695 dat.
992 2667 1074 2694 Pater
1093 2667 1163 2693 enim
1181 2671 1209 2692 ut
1231 2666 1377 2693 essentiam
1397 2672 1424 2693 ct
1440 2672 1566 2692 naturam
1587 2665 1707 2692 divinant

918 2713 989 2740 Filio
1000 2721 1047 2748 per
1059 2712 1262 2747 generationem
1275 2712 1468 2744 communicat,
1483 2712 1518 2738 ita
1532 2711 1618 2738 eidctn
1632 2710 1708 2745 prin-

921 2760 1021 2793 cipium
1046 2759 1153 2794 spirans
1181 2759 1238 2785 sive
1263 2757 1441 2792 spirationem
1472 2757 1587 2784 activam
1612 2756 1706 2790 tradit,

921 2806 989 2833 adeo
1006 2809 1036 2832 ut
1059 2803 1288 2840 quemadmodum
1312 2803 1407 2830 eadem
1432 2809 1547 2830 numero
1567 2806 1662 2829 natura
1680 2806 1707 2828 et

923 2851 1040 2880 essentia
1056 2849 1148 2878 divina
1162 2848 1236 2877 Patri
1251 2847 1384 2883 Filioque,
1410 2848 1472 2876 licet
1486 2847 1590 2876 duabus
1604 2847 1707 2882 alioqui
