1954 3063
260 139 315 170 'l‘i'l

725 141 754 172 P.
773 141 924 171 POSSINI
941 142 1268 173 OBSERVATIONUM
1289 144 1367 174 LIB.
1387 144 1429 175 Π.

1836 143 1895 176 788

255 194 393 224 distinctis
404 195 526 231 personis
542 199 624 227 inest,
638 195 676 222 ita
691 195 855 230 principium
867 195 975 230 spirans
988 197 1045 223 sive
1060 200 1082 228 Α
1098 202 1227 231 utrosque
1242 198 1435 226 stabiiiendam
1450 198 1603 234 oportebat,
1622 196 1692 226 uitro
1706 199 1816 226 damnat
1841 200 1893 226 fat-

256 243 371 277 spiratio
385 243 473 270 activa
486 251 538 270 una
557 243 707 277 eademque
727 250 841 269 numero
858 242 885 269 in
903 241 983 270 Patre
1000 250 1047 278 ge—

257 295 381 322 nerante,
407 289 433 316 in
450 288 519 316 Filio
543 289 634 322 genito
649 288 806 323 reperitur;
831 288 902 315 unde
915 288 944 316 fit
960 292 990 316 ut
1012 296 1046 316 ex

258 336 340 364 unico
356 336 490 371 principio
513 336 644 371 pret-edat
670 335 798 370 Spiritus,
816 336 990 371 quantumvis
1020 335 1045 363 id

257 383 423 417 principium
441 382 549 409 unicum
577 381 767 409 indistinctum
788 382 814 409 in
831 382 934 408 duabus
954 389 1047 416 perso-

258 428 301 455 nis
317 428 450 456 subsistat
472 428 670 455 identiﬁcatum
691 428 812 462 utrique.
828 420 905 455 Unde
921 428 1003 454 etiam
1017 428 1046 454 fit

258 479 299 506 ut,
323 477 395 509 quod
412 475 514 502 diserte
532 475 614 501 tradit
642 474 672 501 S.
686 474 819 501 Maximus
847 474 873 501 in
896 474 968 500 Dial.
985 482 1045 500 cum

257 520 352 547 Anom.
368 541 375 551 ,
390 519 470 547 Pater
486 525 610 547 sanctum
629 519 763 554 Spiritum
780 520 860 554 727
880 527 932 547 non
948 520 1046 554 produ-

256 571 301 593 cat
315 573 367 600 qua
384 565 466 592 Pater
480 570 523 592 est
545 564 665 601 [P.518]
692 565 766 600 (nam
793 565 912 599 Spiritus
936 565 1044 592 Patrem

257 620 310 639 non
327 612 434 646 habet),
451 619 500 639 nec
515 611 599 639 Filius
618 617 742 639 sanctum
759 611 888 646 Spiritum
904 612 1044 646 producat,

255 665 308 692 qua
333 657 417 684 Filius
435 662 476 685 est
489 657 585 692 (Filius
598 658 671 685 enim
688 663 716 684 ut
729 657 812 684 Filius
830 658 917 686 solunt
934 657 1043 685 Patrem

257 703 392 739 respicit),
407 704 453 730 sed
471 708 524 730 tam
541 703 624 730 Pater
641 712 722 738 quam
742 703 827 731 Filius
849 709 962 731 eatenus
982 709 1043 731 lano

256 756 313 778 ttun
339 750 494 785 producant
523 750 668 785 Spiritum,
684 755 818 784 quatenus
846 751 1042 778 identilicatum

256 797 306 824 sibi
321 798 436 832 quisque
450 797 584 829 obtinent,
607 801 634 824 et
652 801 781 823 exercent
796 797 905 823 unicum
921 796 1044 823 indivisi-

255 843 310 871 bile
323 843 444 878 spirandi
460 843 638 879 principium,
658 843 731 878 quod
747 843 861 878 spiralio
882 844 969 871 activa
994 851 1042 870 ro-

255 889 312 918 cari
341 890 490 925 praesertim
514 889 541 917 in
567 889 667 918 scholis
686 889 765 917 solet.
792 889 947 916 Doetrinam
974 889 1044 916 hanc

256 937 366 971 antiqua
390 936 518 964 continue
540 936 686 963 traditione
707 935 769 962 inde
795 943 880 970 usque
901 943 914 961 a
932 935 1043 962 Christo

255 985 283 1009 rt
296 981 428 1016 apostolis
450 981 651 1014 transmissam,
672 981 712 1008 sic
735 981 837 1008 diserte
853 980 956 1008 Gracis
978 981 1045 1015 ipsis

256 1029 468 1063 agnoscentibus
484 1032 510 1055 et
526 1028 745 1061 admittentibus,
762 1027 879 1062 explicat
896 1027 1043 1054 concilium

257 1074 455 1101 mt‘ttmenicum
483 1074 662 1109 Lngduncnse
688 1078 755 1100 etet
782 1081 873 1100 coram
893 1072 1044 1108 praesidens

257 1121 404 1155 Gregorius
420 1121 442 1147 X
459 1125 533 1156 ponl.
548 1128 621 1147 max.
637 1120 780 1148 Decretum
791 1119 817 1146 id
831 1120 920 1146 refero
934 1123 1012 1154 prout
1029 1127 1043 1146 a

258 1166 380 1194 Manuelc
401 1166 499 1194 Caleca
528 1167 668 1199 recitatur,
689 1166 769 1201 quale
788 1166 861 1194 illinc
878 1167 911 1194 ad
934 1166 1044 1193 ercos

258 1215 372 1244 missum
393 1213 513 1248 ipsorutu
531 1213 622 1248 lingua
637 1218 689 1241 est.
704 1213 729 1240 Is
746 1213 818 1240 enim
843 1214 963 1248 scriptor
976 1213 1045 1240 libro

258 1258 357 1286 Contra
374 1259 491 1291 Cra-cos,
507 1267 531 1287 c.
551 1259 597 1291 59,
612 1259 652 1286 sic
668 1259 750 1286 habet
764 1267 772 1287 :
789 1259 943 1294 Γρηγόριος
966 1260 994 1285 ιν
1009 1260 1042 1295 τῇ

258 1306 330 1332 κατὰ
344 1305 512 1340 Λούγδουνον
529 1305 747 1341 συγχροτηθείσῃ
771 1305 903 1340 καοολικῇ
929 1305 1043 1340 συνόδῳ.

258 1352 376 1378 Εὐλαὸεἶ
391 1352 439 1379 καὶ
463 1353 548 1388 πιστῇ
563 1351 694 1387 ὁμολογίᾳ
719 1352 810 1387 φαμὲν
825 1352 856 1378 τὸ
886 1350 998 1385 Πνεῦμα
1014 1350 1045 1377 τὸ

258 1399 336 1434 ἅγιον
354 1399 447 1431 ἀϊδίως
472 1400 504 1426 ὲκ
524 1398 631 1434 Πατρδς
654 1398 702 1426 καὶ
721 1398 797 1430 Υίοῦ,
825 1398 874 1433 οὔχ
889 1398 926 1429 ὡς
948 1399 979 1424 ὲκ
997 1397 1044 1424 δύο

257 1444 362 1481 ἀρχῶν,
377 1445 435 1472 ἁλλ’
450 1445 487 1477 ὡς
503 1446 534 1472 ὲκ
550 1446 625 1480 μιᾶς,
643 1445 673 1472 οὺ
694 1445 754 1472 δυσὶ
771 1444 914 1472 πνεύσεσιν
927 1444 944 1479 ἣ
960 1445 1044 1470 ἐκπο-

258 1492 396 1527 ριύσεσιν,
409 1491 476 1519 ἀλλὰ
491 1493 539 1528 μιᾷ
553 1493 600 1518 καὶ¹
613 1493 646 1528 τῇ
657 1492 726 1527 αὐτῇ
738 1492 946 1526 ἐκπορεύεσθαι.
959 1490 1044 1516 Τοῦτο

1099 252 1143 270 sas
1171 243 1315 278 opiniones
1345 245 1411 272 istas
1438 249 1463 271 et
1490 250 1519 271 ut
1555 245 1697 272 htereticas
1729 244 1890 279 proscribit.

1099 289 1187 317 Verba
1201 290 1258 325 ejus
1277 290 1465 324 superioribus
1479 291 1608 318 cantinua
1625 290 1671 318 hic
1685 291 1889 318 describamus.

1104 337 1176 364 Ἀλλ’
1190 337 1250 364 ἐπεί
1266 346 1340 368 τινες
1354 337 1398 364 διὰ
1414 337 1464 371 τῆς
1481 337 1622 372 ἀρῤήκτου
1637 336 1741 370 ταύτης
1756 336 1890 368 ἀληθείας

1097 383 1210 417 ἄγνοιαν
1233 384 1272 414 εἰς
1300 382 1426 414 ποικίλας
1441 383 1562 417 αἱρέσεις
1580 381 1784 416 ὐπωλίσθησαν,
1805 383 1892 416 ἡμεῖς

1097 430 1188 456 πᾶσαν
1212 429 1271 455 ὁδὸν
1298 430 1358 460 ταῖς
1376 428 1514 460 τοιαύταις
1533 429 1673 462 αἱρέσεσιν
1697 428 1890 463 ἀποφράττειν

1096 475 1307 510 ἐπιθυμοῦντες,
1332 476 1383 510 τῆς
1406 475 1484 509 ίερᾶ;
1500 474 1748 510 συμψηφιζομένης
1764 474 1889 507 συνόδου,

1096 521 1178 556 728
1189 521 1390 556 κατακρίνομεν
1403 522 1450 548 καὶ
1462 521 1701 556 ἀποδοκιμάζομεν
1710 521 1814 552 πάντας
1823 522 1891 552 τοὺς

1095 566 1236 601 ἀρνεῖσθαι
1252 567 1410 601 τολμῶντας
1421 567 1539 598 αίωνίως
1550 568 1581 593 ὲκ
1594 567 1699 602 Πατρὶς
1716 568 1763 593 καὶ
1777 567 1844 592 Υἱού
1858 566 1890 592 τὸ

1096 613 1172 646 ἅγιον
1188 612 1384 648 ἐκπορεύεσθαι
1405 612 1526 648 Πνεῦμα.
1543 612 1559 648 ἢ
1574 613 1709 648 προτιετεῖ
1725 621 1781 639 τινι
1794 613 1889 649 τόλμῃ

1094 659 1310 694 διισχυρίζεσθαι
1325 659 1362 691 Ito
1392 659 1506 693 Πνεῦμα
1530 659 1563 685 ὲκ
1581 658 1687 693 [ἰατρὸς
1704 659 1751 686 καὶ
1766 658 1833 690 Υἱοῦ
1849 659 1889 690 ὡς

1094 707 1165 734 δυοῖν
1181 705 1351 741 ἁρχῶν,ἀλλ“
1366 705 1415 740 οὐχ
1428 706 1464 735 ὼς
1477 706 1509 730 ὲκ
1525 705 1591 740 μιᾶς
1606 704 1816 740 ἐκπορεύεσθαι·
1832 704 1887 732 Sed

1093 753 1218 786 quoniam
1243 759 1289 785 per
1310 750 1504 785 irrefrngaliilis
1525 750 1600 777 istius
1622 750 1801 785 ignorantiam
1816 751 1887 777 reri-

1096 798 1156 824 tatis
1168 799 1194 825 in
1205 797 1295 824 varias
1307 797 1417 824 Im'rem
1429 797 1540 831 quidam
1552 796 1670 831 prolapsi
1683 800 1755 827 sunt,
1767 804 1813 823 nos
1828 804 1886 822 om-

1095 853 1152 871 nem
1170 845 1271 870 aditum
1287 843 1436 870 istiusmodi
1463 843 1609 869 Ita'resibus
1626 843 1761 874 obstruere
1778 843 1886 876 cupien-

1097 895 1145 924 tes,
1171 898 1247 917 sacro
1263 890 1424 924 suffragante
1442 889 1565 921 concilio,
1578 888 1736 915 dattmamus
1755 894 1779 914 et
1796 896 1886 920 repro-

1095 938 1188 964 bamus
1215 945 1302 964 omnes
1321 937 1365 973 qui
1386 945 1480 972 negare
1492 937 1707 971 pra’sumpserint
1721 938 1886 964 a‘ternalitsr

1096 984 1225 1018 Spiritum
1255 989 1377 1011 sanctum
1394 992 1426 1010 ea:
1444 983 1527 1010 Patre
1542 989 1566 1010 et
1580 982 1651 1010 Filio
1666 985 1817 1016 procedere,
1836 988 1885 1010 an!

1094 1031 1139 1065 qni
1161 1031 1300 1057 temerario
1328 1039 1395 1057 ausu
1419 1030 1582 1057 asserueriat
1605 1029 1733 1063 Spiritum
1748 1037 1780 1056 ea;
1801 1031 1885 1056 Patre

1095 1083 1118 1104 et
1136 1076 1207 1104 Filio
1230 1081 1355 1111 tanquant
1371 1083 1403 1102 ex
1419 1075 1519 1102 duobus
1547 1075 1685 1109 principiis
1710 1080 1735 1102 et
1752 1084 1804 1102 non
1821 1081 1884 1102 tan-

1095 1132 1172 1159 quam
1188 1131 1220 1149 ea:
1240 1131 1292 1150 uno
1315 1121 1465 1157 procedere.
1491 1120 1552 1148 llazc.
1568 1121 1715 1156 Gregorius
1736 1121 1760 1148 Χ
1775 1122 1800 1148 in
1818 1129 1884 1148 cott-

1095 1170 1157 1197 cilio
1180 1169 1363 1205 Lugdunensi.
1382 1168 1418 1195 Ex
1435 1167 1532 1202 quibus
1557 1173 1668 1201 apparet
1690 1176 1771 1202 quam
1788 1173 1884 1195 exacte

1095 1216 1127 1244 ad
1143 1215 1303 1243 catholicam
1331 1215 1482 1246 Veritatem,
1506 1221 1643 1248 quamque
1656 1213 1723 1240 citra
1747 1214 1883 1248 suspicio-

1095 1271 1156 1290 nem
1178 1261 1283 1289 favendi
1308 1261 1465 1288 Graecorum
1491 1260 1592 1292 errori,
1619 1265 1675 1287 tres
1703 1260 1763 1286 illos
1779 1259 1886 1287 νει-ως

1095 1309 1337 1336 anathematistnos
1357 1306 1478 1334 formula:
1501 1306 1563 1334 ﬁdei
1584 1306 1730 1340 quotannis
1751 1306 1776 1332 in
1792 1306 1884 1333 eccle-

1095 1356 1135 1383 sia
1154 1356 1196 1382 die
1211 1355 1379 1382 orthodoxire
1404 1354 1513 1381 recitari
1536 1353 1623 1381 solitae
1648 1352 1794 1380 addiderit.
1813 1353 1883 1379 Cum

1094 1403 1167 1430 enim
1184 1401 1327 1428 anathema
1346 1400 1411 1428 dixit
1428 1401 1451 1428 ei
1473 1401 1517 1435 qtti
1543 1400 1693 1427 afﬁrmaret
1708 1399 1810 1426 Filium
1822 1406 1884 1426 esse

1095 1457 1205 1476 causam
1228 1449 1285 1475 sive
1301 1447 1465 1482 principium
1487 1447 1614 1482 Spiritus,
1628 1453 1653 1473 et
1670 1446 1694 1473 ei
1716 1446 1822 1480 pariter
1835 1445 1881 1480 qui

1095 1495 1199 1523 diceret
1215 1494 1311 1521 Ftlilllll
1328 1501 1387 1521 esse
1403 1501 1564 1520 concausam
1580 1493 1638 1520 sive
1653 1492 1881 1526 coutprincipiutn

255 1537 359 1564 ἄνωθεν
373 1537 507 1573 ὡμολόγει
524 1538 570 1564 καὶ
583 1537 704 1564 διδάσκει
719 1537 736 1572 ἡ
751 1536 811 1572 ἱερὰ
824 1536 871 1563 καὶ
885 1535 951 1570 ἁγία
971 1535 1039 1562 Ῥω-

1096 1550 1147 1570 una
1162 1549 1221 1568 cum
1239 1540 1317 1567 Patre
1329 1540 1449 1574 ejusdem
1468 1538 1594 1573 Spiritus.
1611 1538 1742 1565 intellexit
1756 1538 1789 1564 de
1804 1537 1882 1571 priu<

255 1584 341 1619 μαῖκὴ
363 1583 522 1618 Ἐκκλησία,
537 1584 553 1618 ἡ
569 1584 660 1618 μήτηρ
675 1582 783 1609 πάντων
797 1582 852 1609 τῶν
868 1581 973 1608 πιστῶν
992 1581 1037 1608 καὶ

253 1631 424 1662 διδάσκαλος.
453 1630 538 1656 Τοῦτο
565 1630 674 1664 κατέχει
692 1630 708 1664 ἠ
725 1629 779 1655 τῶν
794 1628 942 1664 ὀρθοδόξων
958 1627 1045 1654 Πατέ-

258 1685 312 1710 ρων
325 1676 370 1702 καὶ
384 1675 552 1702 διδασκάλων
565 1675 618 1701 τῶν
643 1683 672 1700 τε
696 1674 818 1701 Λατίνων
832 1673 879 1700 καὶ
893 1673 945 1699 τῶν
961 1672 1045 1707 Γραι-

256 1721 312 1748 κῶν
328 1721 431 1757 ὰ).ηθὴς
446 1722 492 1748 καὶ
508 1721 708 1756 ἀμετακίνητος
724 1721 823 1756 ψῆφος,
840 1721 890 1747 hoc
903 1726 963 1747 est:
980 1719 1044 1748 Gre-

255 1769 345 1802 gorius
364 1768 486 1794 Decimus
511 1768 538 1794 in
556 1768 626 1803 apud
641 1766 800 1802 Lugdunum
814 1772 968 1802 congregata
984 1766 1044 1793 uni-

255 1815 354 1841 uersali
381 1814 491 1849 synodo.
510 1814 607 1841 Devota
621 1819 643 1841 et
659 1813 731 1848 fideli
748 1813 911 1848 confessione
931 1813 1042 1840 dicimus

257 1861 385 1895 Spiritum
403 1867 520 1888 sanctum
533 1861 693 1888 a'ternaliter
704 1868 736 1888 ex
750 1859 830 1887 Patre
844 1864 868 1888 et
884 1858 965 1892 Filio,
992 1868 1044 1887 non

257 1912 381 1942 tanquam
397 1915 429 1934 ex
444 1907 545 1934 duobus
562 1907 706 1942 principiis,
727 1907 772 1934 sed
788 1911 915 1941 tanquam
930 1913 962 1932 ea;
978 1913 1042 1938 uno,

257 1961 306 1981 non
328 1953 429 1981 duabus
444 1953 632 1988 spirationibus
646 1959 691 1980 aut
703 1952 975 1988 processionibus,sed
989 1960 1042 1978 una

258 2007 281 2028 et
295 2001 384 2028 eadem
401 2001 548 2036 protulere.
569 2000 625 2027 lloc
640 2001 765 2027 Itactenus
779 1999 899 2035 professa
913 2003 963 2031 est,
975 2006 1044 2032 pra:-

256 2048 365 2080 dirauit,
375 2046 474 2079 docuit.
486 2048 533 2073 Itoc
545 2046 658 2081 ﬁrmiter
669 2050 746 2077 tenet,
755 2047 893 2079 prmlicat,
904 2044 1044 2079 proﬁtetur

255 2100 279 2121 et
304 2093 378 2120 docet
402 2098 572 2120 sacrosancta
596 2091 717 2120 Romana
737 2091 868 2122 Ecclesia,
884 2096 968 2118 mater
987 2098 1044 2118 om-

257 2141 329 2167 nium
346 2139 464 2174 ﬁdelium
476 2144 500 2166 et
515 2139 655 2174 magistra.
673 2137 730 2165 Hoc
742 2138 819 2165 habet
834 2138 1042 2165 orthodozoram

257 2186 368 2214 Patrum
384 2191 460 2221 atque
478 2186 612 2212 doctorum
639 2183 794 2212 Latinorum
817 2185 917 2219 pariter
930 2190 953 2212 et
970 2183 1042 2211 Crte-

256 2242 345 2260 cortun
368 2241 427 2260 vera
445 2237 469 2259 et
483 2231 705 2259 incommutabilis
716 2232 855 2259 sententia.
869 2230 907 2258 lla
923 2231 958 2258 ibi
973 2230 1041 2258 Gre-

255 2281 349 2316 gorius
365 2279 400 2313 Χ,
417 2279 508 2307 statim
523 2282 583 2313 post
596 2278 718 2305 indicans
732 2285 765 2305 ex
785 2278 833 2305 ista
851 2285 902 2304 non
917 2277 985 2304 satis
999 2276 1042 2302 di-

257 2327 356 2354 stincte
367 2326 511 2353 observata
528 2324 644 2352 veritate
659 2325 748 2359 lapsos
763 2324 894 2359 quosdam
910 2323 937 2350 in
952 2322 1042 2350 varias

259 2373 387 2403 hzerescs,
410 2377 507 2407 nempe
522 2371 590 2397 duas
616 2369 683 2396 istas
698 2377 713 2397 e
737 2369 875 2396 contrario
891 2370 1040 2403 oppositas,

257 2419 405 2447 dicentium
422 2425 454 2445 ex
471 2417 527 2444 solo
544 2414 623 2444 Patre
647 2415 794 2452 procedere
818 2420 941 2442 sanctum
956 2414 1043 2449 Spiri-

257 2473 325 2497 tum,
346 2470 372 2492 et
390 2464 580 2491 allirmantium
605 2470 636 2490 ex
663 2463 744 2490 Patre
770 2460 889 2496 Fil‘oque
917 2461 1040 2489 eumdem

257 2518 387 2547 tanquam
422 2520 454 2539 ex
486 2511 592 2539 duobus
611 2510 758 2546 procedere
787 2510 938 2544 principiis.
963 2509 1040 2542 Quod

257 2565 403 2592 utrumque
418 2558 554 2586 exorbitat
570 2565 584 2585 a
605 2562 677 2584 recta
696 2557 757 2587 fide.
777 2557 839 2584 hinc
852 2557 884 2583 ad
901 2557 1039 2582 dexteram

259 2606 338 2633 illinc
352 2605 384 2632 ad
402 2605 541 2632 sinistram
557 2605 592 2631 ab
607 2612 659 2630 una
670 2611 732 2630 rora
744 2605 795 2630 sita
813 2604 838 2629 in
853 2603 943 2629 medio
957 2602 1039 2629 deﬂe-

259 2659 336 2681 clens
356 2653 409 2678 via.
423 2651 490 2684 Quia
512 2658 577 2678 vero
602 2651 671 2677 hanc
687 2651 831 2677 secundam
850 2649 971 2675 haeresim
988 2650 1041 2675 duo

256 2699 366 2733 Spiritui
382 2703 478 2726 saneto
497 2697 630 2732 principia
658 2696 843 2730 assignat-tem
862 2695 948 2722 Graeci
967 2695 1040 2722 Lali-

256 2745 297 2772 nis
316 2744 496 2778 imputabant.
514 2746 541 2769 et
564 2741 681 2776 priorem
705 2739 778 2767 Patri
805 2739 855 2767 soli
873 2740 930 2774 ejus
944 2739 1042 2773 produ-

254 2791 373 2817 ctionem
398 2789 566 2816 tribuentem
592 2786 681 2813 Latini
709 2786 828 2813 vicissim
858 2786 1042 2820 impingcbant

251 2836 367 2867 Grmcis,
393 2839 422 2862 ut
447 2839 544 2861 arimos
566 2838 613 2860 aut
629 2841 723 2861 errore
743 2837 789 2860 aut
811 2833 965 2866 suspicione
982 2832 1041 2859 istis

252 2882 401 2922 Gregorqu
427 2880 721 2923 purgaret,“prgtt_t_ad
745 2880 952 2908 consensionem
971 2878 1040 2906 inter

1091 1589 1162 1624 cipio
1178 1596 1230 1622 quo
1243 1588 1300 1614 sive
1317 1586 1436 1621 (annali,
1455 1591 1483 1612 ut
1499 1586 1649 1619 loquuntur
1668 1585 1694 1612 itt
1712 1584 1826 1616 scholis,
1841 1584 1882 1610 tti-

1097 1634 1193 1661 tnirutn
1209 1633 1352 1666 spiratione
1366 1631 1461 1663 actim,
1475 1638 1534 1664 qua:
1550 1638 1611 1657 cum
1629 1629 1664 1656 sit
1680 1636 1732 1655 una
1747 1634 1772 1655 et
1785 1629 1882 1656 eadem

1095 1677 1300 1706 ittdit‘isibililcr
1317 1676 1453 1703 exsistens
1473 1675 1499 1701 in
1515 1674 1594 1701 Patre
1612 1680 1637 1701 et
1652 1673 1731 1704 Filio.
1744 1679 1771 1701 et
1788 1674 1822 1700 ab
1836 1673 1884 1700 illo

1096 1724 1156 1752 huic
1172 1723 1383 1755 communicata,
1402 1722 1454 1749 dici
1468 1730 1518 1749 non
1532 1726 1620 1757 potest
1633 1726 1788 1755 competere
1802 1720 1881 1753 Filio,

1095 1778 1146 1805 qua
1168 1770 1278 1805 praecise
1302 1769 1387 1796 Filius
1403 1773 1444 1796 est
1458 1776 1564 1804 quaque
1583 1768 1626 1804 [P.
1641 1767 1704 1805 5i9]
1720 1767 1794 1795 Patri
1813 1768 1882 1795 rela-

1097 1818 1150 1844 live
1168 1818 1316 1852 opponitur
1341 1820 1368 1843 et
1392 1815 1426 1842 ab
1448 1823 1481 1843 eo
1507 1815 1693 1850 distinguitur,
1709 1815 1882 1848 spirationm

1095 1863 1289 1896 actiuant,sivo
1317 1862 1449 1890 ratioaem
1480 1861 1605 1896 principii
1634 1865 1758 1894 respectu
1789 1860 1879 1887 sancti

1094 1910 1223 1944 Spiritus,
1239 1909 1302 1944 quia
1328 1909 1477 1936 secundum
1503 1907 1582 1934 istam
1605 1906 1737 1933 rationem
1764 1914 1817 1933 non
1842 1905 1884 1932 di-

1094 1957 1211 1985 stinctus
1225 1964 1238 1981 ιι
1255 1955 1346 1987 Patre,
1359 1955 1406 1981 sed
1424 1954 1494 1980 idem
1509 1961 1569 1980 cum
1582 1953 1628 1980 illo
1643 1957 1694 1984 est,
1706 1953 1885 1987 quemadmo-

1095 2003 1156 2029 duut
1174 2006 1200 2028 et
1215 2001 1364 2028 secundum
1380 2000 1511 2030 divinam,
1527 2007 1606 2033 quam
1624 1999 1687 2026 item
1703 1998 1736 2025 ab
1752 1999 1798 2025 illo
1810 1999 1884 2025 arci-

1094 2049 1143 2083 pit,
1159 2048 1304 2074 essentiam
1320 2051 1347 2073 et
1365 2052 1500 2073 naturam.
1516 2046 1561 2077 ,Ac
1577 2050 1687 2080 propter
1702 2045 1827 2071 eamdem
1841 2052 1883 2070 ra-

1095 2095 1197 2122 tionem
1219 2099 1359 2128 perperam
1388 2092 1522 2118 diceretur
1549 2091 1766 2126 rontprincipium
1793 2090 1880 2117 Flius

1095 2140 1173 2168 Patri
1190 2144 1306 2174 respectu
1317 2139 1401 2166 sancti
1414 2138 1541 2172 Spiritus,
1556 2138 1578 2165 si
1594 2138 1683 2172 agitur
1699 2138 1731 2164 de
1747 2137 1882 2172 principio

1094 2195 1159 2222 quo,
1177 2187 1237 2221 quia
1267 2185 1386 2213 indicata
1409 2184 1590 2218 compriucipii
1620 2183 1750 2210 vocabulo
1765 2183 1881 2210 dualitas

1095 2233 1290 2268 principiorum
1324 2231 1554 2265 simplicissimatn
1591 2229 1762 2256 identitatem
1801 2231 1881 2256 unius

1095 2277 1252 2311 spirationis
1270 2275 1364 2303 activa:
1394 2275 1420 2302 in
1439 2274 1519 2302 Patre
1549 2274 1629 2301 sintut
1649 2282 1680 2301 ac
1708 2274 1776 2301 Filio
1792 2275 1881 2300 subsi-

1094 2322 1193 2350 stentis
1221 2323 1357 2349 videretur
1383 2322 1539 2348 excludere.
1565 2320 1647 2356 quue
1662 2321 1730 2348 satis
1750 2321 1882 2348 indicavit

1094 2371 1153 2406 ipse
1183 2369 1287 2397 Veceus
1302 2376 1331 2396 se
1354 2369 1392 2395 ita
1417 2368 1576 2402 intelligere,
1600 2375 1661 2394 cum
1686 2367 1883 2400 p.32,Gr:r-cis

1092 2416 1296 2451 objicientibus,
1324 2422 1357 2442 ex
1384 2422 1417 2441 eo
1433 2414 1504 2448 quod
1527 2414 1584 2448 ipse
1601 2421 1661 2440 cum
1688 2413 1792 2440 Latinis
1813 2412 1884 2440 adir-

1093 2466 1182 2490 ntaret
1209 2461 1338 2496 Spiritum
1372 2465 1494 2487 sanctum
1526 2466 1558 2485 ex
1576 2458 1655 2486 Patre
1681 2465 1707 2485 et
1727 2457 1795 2485 Filio
1818 2467 1882 2493 pro-

1093 2509 1201 2538 cedere,
1219 2507 1361 2534 manifeste
1384 2506 1459 2540 sequi
1479 2505 1576 2532 Filium
1599 2505 1651 2531 dici
1667 2509 1794 2538 oportere
1808 2505 1882 2538 prin-

1092 2554 1193 2588 cipium
1213 2553 1330 2587 Spiritus
1348 2553 1434 2580 sancti
1463 2557 1507 2578 aut
1538 2551 1632 2578 saltem
1655 2551 1880 2585 cotnprincipium

1093 2608 1144 2627 una
1163 2598 1223 2626 etim
1243 2599 1331 2630 Patre.
1345 2598 1491 2631 respondet
1509 2605 1561 2624 non
1584 2597 1670 2631 magis
1688 2602 1790 2623 rectam
1810 2598 1879 2624 hanc

1092 2654 1152 2674 esse
1173 2643 1468 2675 collectionem,Pater
1492 2651 1549 2670 cum
1571 2642 1641 2669 Filio
1658 2649 1695 2670 est
1723 2643 1880 2677 principium

1092 2694 1176 2720 sancti
1192 2692 1318 2726 Spiritus,
1343 2700 1403 2726 ergo
1420 2691 1472 2717 duo
1484 2696 1544 2717 Iunt
1560 2691 1691 2724 principia
1715 2691 1801 2716 sancti
1820 2690 1881 2723 Spi-

1093 2740 1170 2772 ritus,
1186 2747 1266 2773 quant
1283 2739 1360 2765 istatn
1375 2738 1486 2765 alteram
1515 2738 1548 2763 ab
1575 2737 1701 2764 omnibus
1722 2738 1782 2763 sine
1800 2737 1882 2763 dubio

1092 2786 1288 2822 explodeutlam
1304 2794 1311 2812 :
1330 2784 1410 2811 Pater
1436 2788 1473 2810 est
1485 2783 1615 2818 perfectus
1639 2782 1719 2814 Deus,
1737 2781 1825 2809 Filius
1842 2787 1881 2809 est

1092 2832 1221 2868 perfectus
1248 2830 1328 2861 Deus,
1343 2831 1458 2865 Spiritus
1474 2835 1581 2856 sanctus
1593 2834 1631 2855 est
1642 2829 1773 2862 perfectus
1791 2828 1857 2854 Deus
1871 2835 1880 2855 :

1092 2886 1152 2914 ergo
1166 2883 1216 2906 tres
1231 2881 1293 2904 sunt
1305 2876 1413 2912 perfecti
1428 2876 1477 2903 dii.
1492 2875 1531 2903 lta
1543 2875 1577 2902 ibi
1590 2874 1703 2902 Vaccus.
1719 2874 1795 2908 Quod
1808 2873 1879 2902 idem
