1954 3063
79 125 142 158 ⁵189

830 125 946 155 NOTAE.

1668 123 1721 152 7‘Jll

79 180 220 211 Interius.
238 187 265 214 p.
293 177 337 210 92,
372 177 496 212 repetiit,
523 177 550 204 in
574 177 756 212 disputatione
787 183 881 205 contra
898 185 920 211 Α
936 182 964 205 ut
983 177 1096 210 Veccus,
1113 177 1135 206 si
1151 177 1311 213 Pacbyuteri
1328 178 1476 210 credimus.
1499 177 1580 205 etiam
1605 177 1724 210 intratus.

83 226 279 262 patriarcham
297 224 456 259 Gregorium
475 223 616 258 Cyprium,
629 224 773 259 utrobique
794 218 880 260 signi-

84 273 191 304 ﬁcans,
201 272 346 304 sicutjuna,
362 270 441 297 unice
454 269 622 302 indistincta,
636 270 775 297 individua
786 271 882 298 divini-

85 323 130 346 tas
149 318 178 344 in
195 317 285 344 tribus
299 316 426 351 personis
443 315 579 344 distinctis
593 315 687 349 Patre,
701 316 769 344 Filio
783 321 810 343 et
822 317 882 352 Spi-

85 364 145 391 ritu
172 368 268 389 sancto
292 361 444 388 subsistens
468 368 521 388 non
552 362 654 395 patitur
668 368 716 388 eos
734 366 789 388 tres
816 362 881 389 deos

86 409 157 439 dici,
172 407 392 439 ita.-tttta,.unice
417 405 746 439 indistincta/,individua
769 406 881 440 spiratio

87 455 181 481 activa
190 453 273 488 729
284 453 310 480 in
321 453 401 479 Patre
413 459 444 478 ac
456 452 524 479 Filio
533 453 667 479 cxsistens
675 460 726 479 non
737 453 827 479 sinere
836 460 881 480 eos

88 500 145 527 dici
161 499 215 526 duo
232 498 362 532 principia
375 498 492 532 Spiritus
510 498 608 527 sancti.
623 497 751 526 Eamdern
773 507 882 534 quoque

89 545 173 572 istum
190 545 321 571 unitatem
336 543 495 578 spirationis
508 545 613 576 activae,
626 545 653 572 in
668 544 748 572 Patre
761 545 824 572 licet
837 545 882 572 Fi-

89 590 183 625 lioque
202 590 338 618 distinctis
354 590 525 622 exsistentis,
539 591 583 617 illa
601 592 753 625 respiciunt
766 599 827 626 quae
839 599 882 619 re-

90 637 180 664 fertur
192 644 207 664 a
224 641 317 663 nostro
333 636 464 663 historico
483 637 596 668 dixisse.
617 644 642 671 ι).
660 637 704 669 52,
719 638 770 665 sub
788 639 880 670 linem,

90 683 113 710 si
131 683 194 718 quis
209 683 298 710 inesse
321 682 492 710 contenderit
513 684 698 717 prtepositioni
714 683 759 710 διά
774 692 820 718 per
835 692 882 710 no-

91 730 198 757 tionem
212 737 318 761 causaa,
336 736 396 756 eum
423 729 484 763 jure
503 730 665 757 temeritatis
686 730 880 758 accusandum.

92 775 156 803 Vult
184 776 268 810 enim,
293 776 401 811 quando
419 775 514 804 Patres
529 777 616 804 Graeci
639 776 732 805 dicunt
757 783 881 804 sanctum

94 820 226 856 Spiritum
242 828 257 847 a
284 820 364 848 Patre
389 821 432 848 διὰ
448 821 525 854 Υὶοῦ,
541 829 589 856 per
603 820 701 848 Filium
724 823 882 856 procedere,

933 224 1045 251 nimium
1064 230 1130 251 sane
1143 223 1301 256 liberaliter,
1315 228 1345 251 ut
1357 224 1512 251 non-dicam
1527 223 1609 258 730
1623 223 1725 258 injuste

933 278 964 297 ac
980 269 1155 302 calumniose,
1173 270 1303 297 concedat
1322 270 1426 298 crimini
1448 269 1585 302 subiacere
1611 270 1725 297 υπαπῦΜο

932 315 1098 348 ιιειοεγὶιοσ
1111 321 1152 343 est
1169 315 1334 344 [tatinamet
1347 315 1496 343 Romanam
1513 315 1675 348 Ecclesiam,
1692 324 1725 344 eo

932 359 1003 392 quod
1019 366 1112 386 vocem
1130 358 1251 394 Filioque
1268 360 1426 394 apposuerit
1449 360 1588 395 Symboio.
1609 360 1665 388 lloc
1685 362 1725 387 vi-
1744 353 1747 362 ’

931 411 990 431 sum
1019 404 1069 432 sibi
1094 405 1201 432 audisse
1228 405 1269 440 (ut
1295 413 1394 433 sensus
1417 405 1558 434 alIectibus
1588 396 1723 433 serviunt)

931 449 1136 476 schismaticutn
1150 450 1320 483 historicum,
1329 451 1394 478 dum
1407 451 1470 478 huic
1479 451 1557 478 Vecci
1569 456 1596 479 et
1610 459 1723 479 suerunt

931 492 1087 522 Graecorum
1102 496 1298 524 concertationi
1316 497 1471 531 interesset,
1487 498 1566 525 facile
1578 505 1723 526 concesse-
1741 485 1743 493 ν

931 540 983 567 rim
1000 548 1008 567 :
1025 539 1141 568 Veccum
1157 549 1252 570 revera
1275 543 1312 570 ita
1336 542 1456 570 locutum
1470 551 1542 578 aegre
1560 543 1679 570 adducar
1694 548 1723 571 ut

931 586 1051 613 credam.
1074 585 1140 612 Nam
1160 587 1264 621 prolabi
1282 588 1440 622 scriptores
1458 588 1547 615 studio
1572 596 1603 616 ac
1628 588 1722 617 l‘avore

931 640 1020 659 causa:
1036 633 1160 668 propriae,
1179 634 1332 669 exemplum
1347 634 1375 661 in
1392 634 1518 669 hoc-ipso
1530 641 1648 668 praesens
1672 635 1722 662 ha-

932 678 983 705 beo
998 677 1122 706 Vaticani
1139 678 1336 713 paraphra'slis,
1352 680 1478 715 quicum
1502 681 1560 709 haec
1584 681 1721 709 duntaxat

934 724 1018 751 modo
1035 732 1050 751 a
1074 725 1153 752 nobis
1172 725 1306 761 descripta
1322 726 1350 753 in
1366 725 1534 763 Pacbymere
1552 727 1672 763 legisset,
1689 734 1722 755 ea

933 770 1088 798 immaniter
1102 772 1270 807 ampliﬁcatis
1286 773 1448 801 deformavit
1460 773 1488 801 iu
1501 775 1574 802 hunc
1591 774 1697 802 modum
1713 782 1737 807 :;

941 815 1021 842 Ἀλλὰ
1041 815 1111 849 τέως
1133 817 1181 844 καὶ
1197 817 1279 853 μόνον
1297 819 1326 845 τὺ
1337 818 1673 854 ἔγκλημαιθεραπεύοιτο,
1690 819 1721 846 οὐ

94 873 156 892 cum
182 864 226 891 illa
252 865 445 900 praepositione
469 865 513 892 διά
532 874 577 899 per
595 865 715 894 indicent
733 867 885 894 communi-

938 860 990 888 τῶν
1010 861 1121 889 Ἰταλῶν
1136 861 1287 897 οὔμενουνε
1304 864 1404 891 ἐκεῖνοι
1423 864 1477 900 γὰρ
1499 865 1585 900 χωρὶς
1603 864 1658 892 τῶν
1675 865 1723 892 ἆλ-

94 912 230 938 cationem
258 918 273 938 a
302 911 385 938 Patre
401 911 499 938 factam
524 911 594 939 Filio
610 912 767 947 spirationis
787 913 882 940 activa:

98 958 178 985 nuius
193 957 378 992 ejusdemque,
393 958 503 985 omnino
516 958 667 992 negandam
681 966 741 986 esse
752 959 883 994 praeposi-

97 1005 199 1032 tionem
224 1003 297 1031 illam
310 1003 355 1030 διά
366 1011 413 1038 per
427 1004 547 1031 indicare
563 1005 645 1031 ullam
661 1005 793 1032 rationem
808 1006 885 1040 prin-

98 1050 159 1085 cipii
181 1050 269 1077 sancti
286 1049 417 1084 Spiritus,
444 1059 505 1086 quae
527 1051 597 1078 Filio
613 1055 758 1085 competat,
788 1052 885 1079 distin-

99 1103 141 1124 cta
161 1097 195 1124 ab
213 1104 245 1124 ca
260 1104 319 1131 qua!
335 1097 404 1124 inest
418 1097 493 1125 Patri
513 1105 647 1132 quamque
659 1098 696 1125 illi
714 1098 795 1125 Pater
809 1106 883 1125 com-

101 1143 232 1170 municat.
247 1141 294 1170 llis
311 1143 347 1169 ita
363 1143 389 1170 in
412 1143 566 1170 universum
578 1142 745 1177 praestructis
762 1143 795 1169 ad
809 1149 885 1169 amo-

100 1189 219 1216 iicndam
245 1196 260 1216 a
287 1187 375 1216 Vecco
398 1189 582 1223 suspicionem
602 1196 710 1217 omnem
737 1189 884 1221 haereseos,

102 1236 225 1269 quazdaut
246 1235 297 1262 alia
317 1236 344 1262 in
365 1243 390 1262 c.
409 1235 426 1262 9
447 1240 550 1262 restant
563 1235 724 1270 explicanda
740 1236 827 1264 nobis.

135 1280 165 1308 P.
181 1280 226 1308 50.
246 1281 305 1315 Τὴν
315 1280 349 1308 δὲ
363 1280 557 1315 κατασκευὴν
568 1281 622 1315 τῆς
633 1281 817 1316 προτάσεως.
830 1282 885 1311 Re-

102 1327 221 1362 spicinnt
240 1327 297 1354 haec
312 1327 400 1355 locum
422 1327 599 1363 Hermogenis
618 1328 635 1354 l.
652 1336 659 1355 ι
676 1328 712 1355 De
726 1329 883 1363 inventione,

104 1374 146 1400 ubi
162 1374 320 1409 κατασλευὴ
344 1373 393 1408 τῆς
417 1374 573 1408 προτάσεως
587 1374 685 1401 dicitur
698 1375 783 1408 αἰτία,
803 1384 884 1404 causa

103 1420 159 1447 sive
173 1420 242 1446 ratio
257 1427 306 1446 cur
324 1420 484 1447 enuntietur
505 1424 532 1447 et
547 1419 694 1447 allirmetur
709 1420 820 1455 aliquid.
838 1422 886 1450 Est

104 1466 174 1493 enim
201 1465 333 1500 πρότασις
354 1466 506 1499 propositio,
533 1466 695 1498 enuntiatio,
722 1466 883 1501 allirmatio;

103 1519 162 1548 qua:
175 1520 236 1538 cum
248 1511 348 1538 habere
366 1511 568 1539 lundantentum
580 1511 687 1546 aliquod
702 1512 808 1545 debeat,
820 1514 884 1543 illud

104 1558 262 1591 κατασκευή
278 1557 388 1585 dicitur.

138 1600 206 1627 Ibid.
220 1601 436 1635 Παρῃρημένην
451 1602 595 1636 opponitur
611 1602 650 1637 τῷ
666 1603 807 1638 κειμένην.
822 1603 887 1629 Kst-

105 1646 173 1682 μένη
186 1653 250 1673 cum
261 1647 295 1673 sit
311 1647 457 1681 propositio
473 1656 614 1682 expresse,
630 1649 713 1681 clare,
729 1649 886 1683 intelligibi-

102 1693 164 1720 liter
173 1693 275 1721 eteitra
285 1693 534 1728 interpretationem
550 1695 608 1722 visu
623 1695 709 1729 primo
716 1695 888 1730 agnoscibili-

104 1744 144 1766 ter
156 1739 243 1773 posita
258 1740 330 1774 (nam
344 1740 373 1766 τὸ
383 1740 508 1774 κείμενον
518 1745 608 1768 textus
615 1741 712 1768 dicitur
723 1742 886 1776 glossemata

101 1785 270 1818 excludens).
283 1786 405 1820 sequitur
420 1794 435 1814 e
451 1787 553 1814 ratione
568 1787 695 1815 contrarii
710 1792 739 1815 ut
761 1797 888 1823 παρῃρη-

104 1831 171 1866 μὲνη
190 1831 226 1859 sit
234 1833 342 1865 oblique
360 1833 505 1867 insinuata,
520 1833 636 1860 latenter
647 1835 816 1863 adumbrata.
833 1835 889 1862 Nec

102 1875 210 1909 penitus
243 1876 268 1903 id
294 1877 417 1904 abhorret
442 1886 456 1904 ιι
485 1878 595 1905 notione
617 1879 714 1906 usitata
742 1878 791 1906 τοῦ
817 1888 890 1912 παρ-

102 1922 251 1958 αιρεῖσθαι,
268 1930 328 1958 quae
348 1928 389 1950 est
411 1924 541 1956 adimere,
557 1923 695 1957 sulIurari,
708 1925 827 1958 auferre,
840 1933 889 1960 pu-

102 1969 178 1997 blica:
187 1969 310 1996 videlicet
321 1969 466 2004 cognitioni
476 1969 644 2001 subtrahere,
658 1970 708 1997 hoc
720 1974 760 1998 est
774 1970 888 1998 abscon-

103 2016 165 2042 dere
181 2022 231 2042 nec
246 2015 297 2041 nisi
321 2022 367 2048 per
388 2015 514 2050 ambages
532 2020 559 2042 et
573 2016 742 2050 conjecturas
758 2017 888 2050 indicare,

103 2060 241 2088 autetiam
254 2059 363 2094 penitus
373 2060 478 2088 tollere.
497 2060 571 2088 Unde
591 2061 780 2095 disjunclivam
800 2063 888 2097 posui,

103 2111 150 2134 aut
163 2106 286 2133 omissam
308 2110 354 2132 aut
380 2106 482 2141 oblique
507 2107 670 2134 insinuatam
696 2108 887 2142 interpretans,

104 2161 136 2179 ne
144 2160 195 2187 qua
217 2160 260 2179 me
275 2151 357 2186 fugiat
373 2151 441 2191 Δνοῦς
459 2153 597 2180 σκοτεινοῦ
617 2154 811 2189 συγγραφέως,
828 2163 889 2181 sen-

103 2199 183 2224 tentia
200 2198 324 2233 lucifugze
337 2199 471 2232 scriptoris
486 2206 494 2225 :
509 2206 568 2225 eam
585 2199 668 2230 enim,
686 2207 719 2227 ne
734 2200 887 2234 aliquaver-
901 2214 928 2244 Β

103 2252 161 2272 sum
178 2243 312 2275 eiabatur.
327 2243 416 2278 sepire
428 2244 548 2279 undique
563 2247 717 2272 consultum
731 2250 783 2274 est.

139 2291 208 2318 lbid.
232 2290 339 2317 lnducit
359 2290 504 2318 historicus
521 2291 634 2318 Veccum
650 2297 811 2325 purgantem
829 2300 890 2320 sese

105 2346 118 2364 a
134 2337 289 2372 suspicione
303 2337 430 2371 culpandi
446 2337 555 2365 Gnaeos
579 2342 626 2365 aut
651 2338 757 2366 favendi
775 2338 889 2368 Latinis.

106 2385 133 2412 ln
160 2391 212 2418 quo
234 2383 262 2411 ei
289 2382 390 2418 allingit
416 2383 527 2417 aliquid.
543 2391 576 2410 ex
594 2391 643 2411 suo
656 2384 771 2412 fortasse
795 2392 889 2419 sensu,

105 2430 237 2463 ejusmodi
270 2429 341 2463 quod
367 2436 420 2455 non
440 2429 507 2455 citra
524 2429 649 2463 injuriatn
670 2429 827 2457 Latinorum
842 2431 888 2463 sit,

105 2477 149 2510 qui
167 2480 194 2502 et
215 2475 241 2502 in
256 2473 420 2501 traclaﬁone
447 2474 545 2508 prioris
568 2475 645 2502 istius
662 2476 814 2503 concordiae
830 2484 890 2511 qum

106 2528 225 2556 tempore
240 2520 377 2548 Michaelis
390 2520 531 2554 Palaaologi
544 2520 570 2547 in
588 2521 705 2548 concilio
715 2521 889 2557 Lugdunensi

105 2569 216 2600 coaluit,
231 2566 294 2594 etin
310 2573 439 2601 apparatu
455 2567 579 2594 secunda:
591 2567 616 2594 in
630 2568 745 2594 concilio
758 2569 890 2597 Florenti-

106 2622 140 2641 no
167 2613 291 2644 lirmataa,
311 2621 418 2647 semper
444 2613 622 2641 defenderunt
645 2622 676 2642 se
692 2616 764 2649 juste
782 2623 813 2642 ac
831 2615 890 2642 sine

106 2661 182 2694 culpa
198 2661 308 2688 verbum
323 2658 443 2693 Filioque
463 2660 584 2695 symbolo
598 2660 707 2687 Nicmno
723 2662 796 2688 dicto
811 2662 889 2689 addi-

106 2707 190 2738 disse,
207 2713 267 2732 cum
280 2711 368 2732 tamen
383 2706 426 2732 hic
438 2706 542 2734 Veccus
554 2707 671 2740 graviter
684 2707 709 2734 itt
721 2715 753 2733 eo
764 2715 890 2742 peccasse

107 2753 175 2782 illos.
194 2751 271 2786 quasi
286 2751 359 2778 uitro
373 2752 564 2786 praevaricans,
581 2753 748 2787 proﬁteatur.
767 2753 811 2789 [P.
822 2752 887 2790 5'20]

107 2798 194 2825 Verba
219 2797 340 2824 historici
364 2797 416 2825 tale
433 2798 519 2825 Vecco
541 2798 642 2826 dictum
666 2799 809 2827 tribuentis
831 2800 889 2827 haec

108 2849 170 2872 utut
187 2850 195 2870 :
213 2842 311 2876 Δεδιὼς
324 2843 351 2871 δὲ
367 2844 444 2877 αὖθις
459 2859 493 2866 -
513 2845 619 2873 κεῖσθαι
643 2844 673 2872 τὸ
691 2845 828 2880 μέγιστον.
847 2845 886 2873 En

936 903 1041 934 λωνιῶν
1052 907 1160 942 ἔχουσιν
1175 909 1375 945 αἱρέσεωνγτῷ
1392 910 1526 945 τολμῆσαι
1541 911 1622 947 μόνον
1635 919 1729 946 προσι

937 952 1025 979 Θεῖναι
1048 953 1097 988 τῷπ
1117 954 1246 989 supr
1273 955 1324 990 τὴν
1345 955 1429 989 λέξιν,
1443 956 1567 992 μεγάλης
1586 957 1729 992 αἱρέσεως

936 997 1050 1029 eludunt;
1081 998 1170 1034 ἔνοχοι
1191 999 1323 1033 γίνονται.
1349 999 1407 1028 lloc
1433 1005 1497 1029 est:
1513 1001 1566 1029 Sed
1593 1002 1724 1029 Itacteuus

936 1044 1081 1077 duntaxat,
1097 1050 1126 1072 ut
1151 1047 1250 1073 crimen
1274 1046 1545 1083 estusaret(Vecctts)
1562 1056 1613 1074 non
1634 1049 1723 1083 utique

937 1090 1068 1118 Italorum
1087 1100 1097 1119 :
1121 1091 1162 1118 illi
1180 1092 1261 1124 attint,
1277 1098 1373 1127 prtcler
1396 1092 1465 1120 alias
1487 1093 1580 1129 quibus
1602 1098 1724 1121 tenentur

936 1135 1059 1168 hwreaea,
1078 1136 1117 1163 vel
1141 1137 1197 1164 solo
1216 1145 1283 1164 ausu
1297 1138 1442 1165 additiom’s
1458 1137 1583 1173 Symbola
1598 1140 1724 1174 apposita

937 1182 1015 1208 unius
1029 1183 1108 1213 vocis,
1124 1183 1237 1218 ingentis
1257 1183 1385 1211 haereseos
1408 1185 1446 1212 rei
1458 1185 1518 1220 jure
1538 1187 1640 1220 peracti
1663 1191 1723 1214 sunt

937 1227 1061 1256 habendi.
1076 1227 1114 1255 ita
1128 1228 1304 1264 interpolator
1313 1230 1513 1263 schtsmaticus,
1530 1232 1629 1259 oblitus
1640 1239 1724 1267 quam

937 1281 1008 1308 saepe
1024 1275 1094 1309 apud
1109 1276 1280 1310 scriptorem,
1297 1284 1378 1311 quem
1393 1277 1532 1312 compilet,
1545 1277 1641 1313 legerit
1653 1278 1724 1305 Vec-

937 1326 1000 1346 cum
1024 1326 1129 1347 onmem
1150 1321 1265 1355 lapidem
1280 1323 1409 1355 movisse,
1427 1323 1453 1350 in
1478 1330 1567 1358 eoque
1589 1331 1722 1351 summam

937 1371 1044 1399 semper
1061 1366 1263 1394 contentionem
1278 1367 1444 1401 adhibuisse,
1462 1374 1490 1396 ut
1512 1368 1648 1396 evineeret
1672 1377 1724 1404 pu-

938 1417 984 1437 ros
1002 1410 1075 1437 omni
1097 1410 1232 1439 haereseos
1253 1411 1313 1440 labe
1328 1411 1441 1440 Latinos
1458 1420 1530 1445 esse,
1551 1417 1581 1440 ut
1602 1413 1664 1440 itide
1681 1413 1724 1440 in-

940 1455 1022 1483 ferret
1035 1461 1110 1485 recte
1121 1458 1240 1492 potuisse
1254 1459 1314 1487 illos
1327 1459 1354 1487 in
1366 1459 1583 1487 communionem
1597 1468 1611 1486 a
1621 1459 1727 1487 Graecis

939 1501 1056 1536 admitti,
1069 1503 1175 1531 etiamsi
1189 1504 1259 1532 forte
1270 1513 1323 1532 non
1339 1505 1405 1533 satis
1418 1510 1566 1541 purgarent
1592 1505 1726 1532 invidiam

898 1544 921 1576 C
937 1548 1120 1583 adjunctionis
1141 1551 1215 1578 verbi
1237 1551 1270 1578 ad
1285 1551 1458 1586 symbolum;
1478 1559 1548 1587 quae,
1566 1557 1593 1579 ut
1614 1560 1727 1579 summa

935 1594 996 1628 jure
1012 1600 1147 1630 ageretur,
1165 1603 1243 1624 error
1254 1601 1350 1624 contra
1364 1598 1460 1632 dogma
1479 1605 1539 1625 esse
1554 1603 1727 1633 nonposset,

938 1641 984 1667 sed
1007 1646 1148 1674 peccatum
1164 1642 1296 1670 duntaxat.
1315 1649 1409 1671 contra
1429 1644 1614 1679 disciplinam,
1629 1645 1721 1679 qualia

938 1694 990 1714 non
1016 1687 1145 1714 inducunt
1172 1688 1362 1722 obligatiOnem
1389 1690 1601 1718 communionis.
1614 1691 1727 1718 abrum-

939 1733 1041 1768 pendae.
1065 1733 1099 1761 Ut
1126 1734 1207 1769 igitur
1234 1736 1374 1764 historiam
1403 1745 1484 1772 quant
1514 1738 1643 1773 scriptam
1669 1745 1727 1773 prae

938 1780 1024 1807 oculis
1042 1780 1158 1810 habebat
1179 1789 1331 1818 anonytnus
1353 1783 1526 1816 epitomator,
1540 1783 1651 1811 allectui
1669 1784 1726 1819 pri—

939 1830 1001 1853 vato
1020 1833 1084 1862 erga
1100 1828 1219 1855 schistna
1236 1829 1389 1864 indulgens,
1409 1829 1440 1856 in
1449 1829 1649 1864 prtejudicatam
1662 1837 1726 1857 cor-

939 1876 1010 1908 rupit
1039 1876 1214 1908 sententiam,
1242 1877 1278 1903 ita
1307 1877 1439 1912 suspicari
1470 1878 1544 1910 licet,
1569 1878 1723 1904 audientem

940 1919 1017 1947 Vecei
1029 1921 1109 1948 verba
1125 1921 1330 1957 Pachymerem,
1342 1923 1541 1956 contendentis,
1556 1922 1636 1950 velsi
1655 1923 1729 1950 forte

939 1967 1029 1995 all‘erri
1045 1969 1170 2003 nequiret
1185 1969 1281 1996 idonea
1298 1970 1633 2001 excusatio‘additamenti
1649 1970 1726 1998 Lati-

939 2020 1034 2040 norum
1057 2013 1089 2041 ad
1105 2014 1266 2050 symbolum.
1284 2015 1310 2042 in
1325 2022 1380 2049 quo
1393 2016 1449 2050 ipse
1463 2023 1583 2051 pugnare
1602 2016 1724 2044 odiosius

939 2065 992 2084 non
1007 2058 1118 2086 duceret
1134 2061 1317 2087 necessarium
1332 2061 1366 2088 ad
1387 2068 1508 2093 causam,
1530 2067 1618 2088 tamen
1638 2061 1726 2089 lucre-

941 2105 999 2131 ticae
1025 2105 1159 2133 immunes
1183 2105 1257 2134 labis
1274 2107 1367 2141 utique
1390 2107 1463 2142 ipsos
1489 2115 1561 2140 esse,
1577 2109 1624 2142 qui
1645 2108 1672 2135 in
1692 2115 1725 2135 ea

939 2158 1020 2184 quam
1051 2151 1194 2179 tradebant
1225 2153 1268 2181 de-
1286 2154 1460 2187 proeessioue
1488 2156 1577 2182 sancti
1608 2155 1726 2189 Spiritus

940 2197 1021 2224 etiam
1034 2205 1066 2224 ex
1080 2198 1148 2225 Filio
1165 2199 1286 2227 doctrina
1300 2207 1354 2227 non
1372 2200 1452 2228 dubie
1468 2201 1659 2236 suifragatores
1671 2201 1726 2229 Pa-

943 2247 998 2270 tres
1010 2241 1120 2271 Grarcos
1145 2244 1239 2278 prima:
1259 2246 1430 2273 auctoritatis
1446 2246 1585 2273 haberent.
1599 2246 1664 2272 Eant
1681 2246 1727 2273 ille

940 2290 1146 2318 concessionem
1163 2291 1188 2318 itt
1205 2299 1362 2325 expressam
1380 2292 1537 2320 Latinorum
1556 2292 1590 2319 ob
1611 2292 1729 2319 additio-

940 2342 1002 2362 netn
1016 2335 1049 2362 ad
1061 2336 1214 2371 symbolum
1230 2337 1432 2365 damnationem
1447 2339 1574 2373 'augendo
1587 2342 1727 2372 perverte-

941 2381 986 2408 rit.
1016 2381 1083 2409 Utut
1108 2383 1158 2415 sit,
1181 2383 1307 2417 equidem
1333 2384 1401 2411 satis
1426 2384 1498 2411 clare
1524 2384 1728 2412 demonstrasse

942 2428 1008 2454 mihi
1026 2429 1120 2456 vitleor
1141 2431 1248 2463 propria
1266 2438 1349 2465 super
1366 2438 1399 2458 eo
1416 2435 1576 2465 argumento
1596 2431 1728 2458 disserta~

942 2475 1024 2508 tione,
1041 2483 1100 2509 qua:
1116 2481 1205 2502 exstat
1222 2475 1239 2502 Ι.
1263 2483 1281 2503 ll
1307 2484 1429 2503 mearum
1450 2477 1677 2504 Observationum
1694 2477 1727 2504 ad

942 2521 1017 2556 prius
1038 2521 1162 2549 volumen
1187 2521 1266 2555 hujus
1287 2521 1412 2550 Historiae
1429 2530 1444 2550 a
1463 2531 1489 2557 p.
1505 2523 1558 2550 665
1570 2538 1605 2543 —-
1621 2531 1646 2556 p.
1663 2522 1728 2556 674,

941 2569 1103 2596 additionem
1134 2569 1166 2596 ad
1191 2569 1348 2604 Symbolum
1377 2575 1450 2598 recte
1466 2577 1499 2597 ac
1520 2570 1667 2605 prudenter
1689 2571 1728 2596 fa-

941 2620 1011 2642 ctam
1041 2615 1104 2641 nulli
1130 2622 1191 2642 esse
1216 2615 1360 2642 obnoxiam
1377 2616 1601 2651 reprehensioni;
1622 2620 1650 2642 ut
1667 2623 1728 2642 eam

940 2669 986 2689 seu
1001 2660 1104 2690 Veccus
1120 2670 1166 2689 seu
1181 2662 1360 2698 Pachymeres
1371 2662 1481 2698 culpare
1491 2663 1615 2695 voluerit,
1627 2661 1729 2689 frustra

940 2708 1005 2735 sint.
1232 2718 1234 2721 ·

975 2753 1006 2782 Ρ,
1023 2754 1067 2781 52.
1086 2755 1187 2782 Καίτοι
1208 2763 1241 2791 γε
1255 2755 1291 2782 τὰ
1301 2755 1408 2790 μέτριά
1422 2764 1456 2790 τε
1471 2754 1534 2789 τοῖς
1552 2755 1657 2789 ,λόγοις
1673 2755 1729 2782 αὐ-

939 2800 992 2827 τοῦ
1007 2802 1302 2836 προσαρορούμενος,
1319 2802 1435 2829 obnoxie
1461 2802 1548 2829 lateor
1571 2801 1601 2829 iu—
1615 2810 1668 2831 ms.
1683 2809 1736 2830 mea

939 2846 1036 2882 legisse
1052 2847 1282 2883 προσαρχόμενος.
1294 2847 1346 2875 Sed
1361 2848 1473 2875 verbum
1490 2848 1609 2883 ignotum
1623 2853 1650 2878 et
1664 2849 1728 2879 huic
