1954 3063
161 126 215 159 797

911 136 1030 166 NOTAE.

1724 136 1782 170 798

162 186 210 212 oris
222 186 376 214 astantibus
393 188 512 215 meruit?
526 189 658 224 ιιῖεῐιμιοι]
679 191 853 227 pracjudicato
866 201 946 220 sensu
964 200 984 226 Α
1001 194 1105 229 [ιιιῐιιῗοιι
1133 194 1313 229 disputatione
1341 195 1516 230 propugnari,
1554 202 1608 223 non
1631 195 1777 228 impactum

160 233 300 266 rapiebant
317 239 344 261 et
357 235 458 262 similes
477 236 613 264 habebant
626 238 698 265 labra
717 239 845 267 lactucas.
857 241 942 274 Quarti

159 286 220 305 mox
237 279 359 313 adiungit
373 281 476 308 analo
491 283 553 309 dicti
565 285 606 310 sui
621 285 763 318 rationem,
782 286 861 321 735
872 286 942 321 quod

159 325 288 351 nimirum
307 333 338 352 ex
353 334 383 353 ea
399 335 480 361 quam
502 329 604 363 respuit
635 331 756 357 doctrina
781 338 944 365 sequeretur

158 371 231 397 aliud
249 379 305 397 esse
331 374 416 398 sancti
437 373 555 407 Spiritus,
574 376 730 409 principium
756 378 868 404 activum
890 378 942 404 Pa-

158 421 234 448 trem,
251 418 323 444 aliud
339 418 455 453 ejusdem
471 421 628 455 principium
647 423 757 449 activum
772 423 941 457 Filium,”-

158 471 218 489 nam
238 471 297 490 esse
316 465 483 493 demonstrat
497 469 617 494 doctrina
637 468 716 496 Vi-cci
745 478 758 495 a
792 471 868 496 nobis
895 471 942 497 de-

157 507 257 534 clarata
273 510 396 542 superius
413 511 487 538 notis
514 512 546 537 ad
563 519 588 538 c.
604 512 620 539 9
635 513 712 546 hnjn's
729 513 802 544 libri.
820 521 898 546 Quam
919 514 941 540 is

158 553 283 580 henstant
300 563 332 583 ex
359 557 477 590 antiquis
493 557 617 586 Patrihus
646 560 801 586 distinctius
822 561 940 594 explica.

157 603 212 626 tam
227 608 240 626 a
259 600 430 634 Lugdunensi
445 604 564 636 generali
581 605 696 631 concilio
718 610 745 632 et
765 606 894 639 Gregorio
917 605 940 632 X

156 645 277 676 tenebat,
293 645 430 674 aﬂirmans
441 648 494 674 vim
505 649 638 682 spirandi,
655 649 713 677 sive
723 651 852 678 rationem
866 651 940 684 prin-

154 691 217 724 cipii
235 692 315 719 activi
336 698 462 727 respectu
479 694 596 728 Spiritus
610 697 710 729 sancti,
736 705 816 723 unam
843 697 940 724 indivi-

154 737 272 764 sibiliter
291 743 319 765 et
332 740 456 766 eamdem
477 741 607 768 exsistere
630 743 654 768 in
671 742 752 769 Patre
771 747 797 769 et
811 743 891 774 Filio,
905 743 938 769 ab

151 783 200 810 illo
223 784 285 811 huic
307 787 547 820 communicatam,
565 796 597 814 ex
626 796 679 823 quo
705 789 780 816 ﬁeret
798 793 826 816 ut
856 789 938 817 Pater

152 835 180 856 et
202 830 288 858 Filius
316 839 398 858 unum
415 838 507 860 essent
533 835 694 869 principium
729 836 846 863 activum
873 836 936 871 Spi-

998 241 1063 273 ipsis
1081 240 1176 267 falsum
1196 241 1298 268 crimen
1322 241 1426 275 privata
1446 241 1603 269 defensione
1628 240 1716 268 refelli
1733 248 1778 266 res

997 291 1132 320 posceret,
1147 291 1283 320 poterant,
1306 287 1415 320 inquam
1457 286 1597 314 elfundere
1620 290 1776 319 congestam

995 332 1059 366 ip~is
1074 333 1150 367 longa
1174 333 1288 359 lectione
1312 331 1410 359 Patrutt
1450 332 1689 359 cltrestomathiam
1717 339 1765 358 eru

994 379 1106 406 ditionis
1125 378 1206 413 736
1232 379 1400 411 ortbodoxm,
1422 387 1473 413 qua
1495 378 1638 406 manifesto
1665 378 1774 405 evince-

995 430 1054 451 rent
1072 424 1407 459 didicisseDnmascennrn
1439 433 1497 459 qua:
1528 425 1610 451 tradit
1626 425 1657 451 de
1687 424 1774 452 sancti

994 470 1112 505 Spiritus
1129 478 1174 503 per
1190 470 1287 497 Filium
1311 478 1324 496 a
1357 470 1436 497 Patre
1456 470 1627 504 proccssione
1651 470 1684 496 ab
1705 470 1775 496 auti-

991 517 1133 551 quioribus
1150 517 1306 543 tlortorihns
1323 517 1459 546 Ecclesiae.
1477 516 1610 542 nimirum
1638 522 1669 541 ex
1690 516 1773 542 Atha-

991 562 1068 588 nasio
1083 562 1129 588 lib.
1140 561 1178 588 De
1189 561 1304 588 humana
1316 567 1412 587 natura
1432 566 1565 592 suscepta.
1580 569 1604 588 c.
1619 562 1645 592 Δ,
1661 562 1703 587 ubi
1720 567 1774 587 tra-

990 613 1067 635 ctans
1103 608 1191 634 locum
1223 608 1360 641 prophetae
1386 607 1493 634 Davidis
1530 615 1561 633 ex
1593 606 1663 633 Psal.
1691 613 1771 637 xxxv,

991 654 1025 681 10
1042 663 1048 680 :
1065 654 1197 686 Quoniam
1221 654 1291 688 apud
1320 658 1344 680 te
1356 659 1392 679 est
1425 653 1482 687 fons
1509 652 1580 685 vitaz,
1614 652 1652 678 sic
1678 652 1774 678 scribit

991 700 1023 727 de
1037 699 1139 726 Davide
1170 699 1284 733 loquens
1315 707 1322 726 :
1341 698 1402 725 Οἱδε
1425 699 1478 733 γὰρ
1501 699 1576 734 παρὰ
1600 698 1660 732 Θεῴ
1685 697 1772 731 "arpi.

989 745 1052 772 ὄντα
1065 745 1110 771 τὸν
1126 745 1189 771 Yle
1199 744 1289 780 πηγὴν
1303 744 1349 771 τοῦ
1363 745 1440 778 ἁγίου
1456 743 1614 778 Πνεύματος
1627 751 1635 759 ·
1655 743 1771 770 Noverat

989 793 1056 819 enim
1067 791 1137 825 apud
1154 791 1264 818 Patrem
1280 791 1379 817 Filium
1394 799 1449 817 esse
1463 790 1563 824 fontem
1581 790 1667 817 sancti
1690 790 1770 821 Spiri-

989 843 1041 866 tus.
1057 837 1095 864 Et
1113 837 1238 873 Didymo,
1256 837 1273 863 1.
1289 845 1306 863 ιι
1323 837 1359 863 De
1373 836 1473 869 Spiritu
1488 841 1591 866 sancta,
1611 835 1688 868 Cujus
1697 835 1770 862 Grie-

152 875 222 902 ritus
260 877 360 909 sancti,
394 885 448 905 non
479 879 542 912 duo,
585 881 655 907 sicut
681 880 774 914 Pater,
791 881 878 908 Filius
910 885 936 908 et
953 884 972 910 Β
988 890 1048 910 cum
1064 887 1221 910 contextum
1242 882 1346 909 Veccus
1361 882 1460 908 habere
1477 881 1563 915 potuit
1580 889 1586 906 :
1604 888 1652 906 nos
1675 880 1701 906 in
1713 880 1769 906 sola

151 921 270 955 Spiritus
304 928 415 951 sanctus
443 932 497 952 tton
532 929 589 952 tres
619 926 666 960 dii,
687 927 732 954 scd
770 934 838 954 unus
863 927 935 954 Deus

188 1013 219 1041 P.
237 1014 282 1041 94.
302 1013 378 1040 Ni/til
394 1015 517 1043 [tabentes
535 1016 606 1048 quod
623 1017 777 1050 objicerent,
798 1023 851 1045 etc.
882 1018 934 1045 Te-

151 1068 227 1088 mere
240 1061 346 1096 judicat
361 1062 540 1098 Pachymcres
561 1065 768 1092 archidiaconos
792 1065 857 1092 nihil
886 1065 936 1092 ha-

152 1106 244 1134 buisse
270 1108 339 1141 quod
360 1114 528 1142 opponerent
554 1111 680 1137 secundae
705 1111 772 1144 parti
803 1110 934 1137 orationis

149 1153 323 1186 patriarchae,
349 1161 401 1188 qua
426 1155 448 1181 is
487 1155 668 1182 allirmaverat
694 1164 747 1183 non
769 1163 848 1190 posse
874 1155 934 1183 illos

150 1200 343 1226 demonstrare
360 1200 538 1227 testimonium
562 1200 718 1228 Damact‘eni
738 1203 850 1237 conﬂari
869 1210 933 1228 con-

148 1246 306 1281 ﬁrmariqne
323 1254 354 1273 ex
372 1247 433 1273 aliis
461 1255 560 1282 quoque
585 1249 788 1274 aurtoritatibus
812 1248 934 1275 Patrum.

151 1294 207 1322 lloc
223 1295 294 1321 enim
314 1294 350 1320 illi
363 1301 414 1320 non
432 1296 581 1321 omiserunt
598 1295 688 1321 facere
702 1295 764 1328 quia
789 1302 841 1320 non
876 1301 936 1327 pos-

149 1344 224 1371 sent,
241 1340 287 1366 sed
304 1340 367 1374 quia
382 1339 416 1366 de
435 1339 485 1367 boc
499 1347 570 1367 nunc
583 1348 637 1367 non
650 1340 787 1374 agebatur,
798 1345 822 1366 et
833 1345 932 1367 statum

151 1386 298 1421 proposita
318 1390 382 1413 tunc
395 1387 427 1412 ad
449 1387 618 1413 tractandum
644 1386 804 1420 quaestionis
828 1391 934 1414 mutare

151 1433 290 1459 nolebant.
310 1431 358 1459 Hic
375 1439 469 1466 nempe
483 1432 564 1458 cardo
580 1437 637 1459 erat
648 1432 840 1458 controversia!
874 1432 934 1459 loco

151 1477 198 1503 illo
211 1483 241 1503 ac
257 1482 377 1511 tempore
388 1477 579 1511 disceptandae,
593 1481 702 1504 rectene
735 1475 837 1503 Veccus
868 1485 934 1504 con-

149 1523 278 1550 clusisset
308 1531 339 1550 ex
359 1523 518 1551 Damasceni
553 1524 611 1550 loco
642 1523 772 1558 Spiritum
795 1531 827 1550 ex
855 1523 934 1550 Patre

148 1577 198 1604 per
214 1569 309 1595 Filiqu
327 1569 473 1604 procedere
502 1569 609 1601 aientis,
624 1577 676 1596 non
701 1577 761 1596 esse
792 1569 934 1597 haereticos

147 1613 272 1647 Latinos,
300 1614 344 1648 qni
364 1613 492 1648 Spiritum
511 1622 543 1641 ex
577 1614 655 1641 Patre
682 1619 710 1642 et
728 1613 796 1642 Filio
813 1615 934 1642 dicerent

147 1661 308 1696 procedere.
334 1659 368 1687 Ut
399 1657 468 1686 bona
491 1668 522 1686 ea
550 1660 720 1695 judicaretur
743 1662 837 1692 illatio,
867 1661 932 1687 nihil

146 1705 219 1731 aliud
242 1704 382 1739 oportebat
393 1711 472 1738 quam
485 1711 578 1730 verum
590 1709 617 1731 et
627 1705 808 1732 orthodoxam
822 1705 932 1739 agnosci

145 1759 162 1779 a
178 1751 279 1778 Gram-is
303 1755 328 1777 et
345 1750 497 1785 patriarcha
513 1750 672 1777 Damasceni
691 1751 889 1782 tctimonintn,
905 1756 933 1777 et

145 1793 375 1829 wquipollentiam
394 1793 613 1828 praepositionum
626 1801 672 1827 per
680 1799 707 1821 et
720 1802 762 1827 ex,
770 1801 854 1830 ‘qttam
864 1795 931 1823 adeo

145 1841 184 1868 illi
202 1840 392 1871 admittebant,
411 1844 439 1866 ιιι
450 1840 531 1866 etiam
544 1839 649 1867 analo
678 1840 758 1873 paulo
779 1845 841 1867 ante
867 1849 930 1875 pro-

144 1887 235 1914 fessus
245 1887 280 1912 sit
297 1887 426 1913 audacius
443 1885 569 1911 allirmari
592 1893 639 1919 per
657 1885 757 1912 Filium
787 1894 867 1920 quani
898 1893 930 1913 ex

143 1932 213 1960 Filio
234 1932 378 1966 procedere
393 1931 534 1965 Spiritum.
549 1931 655 1962 Alioqui
683 1939 736 1966 qua
760 1932 812 1958 tida
835 1932 930 1963 scribit

145 1979 189 2006 hic
210 1977 391 2012 Pacliymercs
404 1977 613 2004 archidiaconus
641 1975 723 2004 Vecci
739 1977 858 2004 asseclas
875 1984 926 2003 non

144 2024 266 2059 potttisse
281 2023 443 2050 continuare
459 2022 617 2049 Damasceni
631 2022 816 2049 testi-monium
834 2029 930 2048 conso-

144 2070 187 2097 nis
204 2068 409 2102 augtoritatibns
423 2067 533 2095 Patrum
558 2068 682 2100 aliorum,
709 2076 769 2095 cunt
791 2068 861 2094 idem
878 2068 929 2095 hoc

145 2115 205 2150 ipso
230 2115 299 2141 libro
312 2114 435 2148 superius
449 2135 456 2147 ,
471 2121 497 2148 p.
518 2113 564 2146 28,
586 2114 710 2141 retulerit
734 2113 849 2140 Veccum
866 2121 930 2140 san-

144 2167 250 2188 etorum
268 2159 310 2196 [P.
328 2159 391 2196 525]
417 2160 517 2194 scripta
544 2159 674 2187 attentius
699 2159 878 2194 perlegentem
899 2159 925 2185 in

947 1547 969 1576 (Ξ

985 936 1045 963 quae
1062 932 1149 955 exstat
1177 927 1272 954 Latina
1298 928 1355 961 ejus
1384 932 1497 954 auctore
1524 926 1688 961 Hieronymo
1710 933 1770 953 ver-

985 972 1072 1004 sione,
1097 973 1153 998 hanc
1180 972 1293 1006 legimus
1313 971 1346 998 ad
1370 971 1413 997 illa
1440 971 1540 997 Christi
1570 972 1596 997 in
1625 971 1769 1004 Evangelio

983 1017 1094 1045 Joannis
1109 1018 1189 1044 verba
1205 1025 1212 1043 :
1232 1027 1241 1043 ‹
1263 1017 1323 1043 Non
1338 1018 1407 1043 enim
1423 1017 1542 1051 loquetur
1553 1026 1567 1043 a
1586 1021 1665 1044 semet
1681 1017 1767 1049 ipson

984 1066 1032 1092 hoc
1050 1070 1097 1098 est,
1124 1073 1176 1091 non
1193 1065 1248 1091 sine
1266 1072 1320 1090 meo
1336 1070 1359 1090 et
1377 1063 1466 1091 Patris
1483 1063 1606 1094 arbitrio,
1626 1063 1687 1098 quia
1699 1063 1770 1089 inse-

983 1110 1109 1145 parabilis
1130 1118 1145 1136 a
1161 1117 1218 1135 mea
1238 1114 1263 1136 et
1278 1109 1365 1136 Patris
1383 1109 1526 1140 voluntate,
1539 1109 1600 1143 quia
1615 1116 1666 1135 non
1685 1115 1717 1134 ea:
1730 1115 1756 1134 te

982 1156 1028 1182 sed
1051 1163 1083 1182 ex
1105 1155 1186 1182 Patre
1212 1162 1234 1182 et
1256 1164 1296 1182 me
1325 1160 1373 1182 est.
1407 1155 1464 1181 [loc
1486 1155 1552 1181 enim
1583 1155 1666 1188 ipsum
1700 1153 1769 1188 quod

984 1200 1113 1232 subsistit,
1127 1209 1143 1226 a
1159 1199 1238 1227 Patre
1257 1205 1279 1226 et
1298 1207 1337 1226 me
1349 1200 1389 1226 illi
1414 1204 1462 1226 est.
1487 1199 1524 1225 lix
1562 1198 1714 1232 Epiphanio
1742 1198 1768 1224 in

983 1246 1131 1275 Ancorato.
1152 1254 1181 1273 ιι.
1200 1246 1234 1272 67
1249 1253 1256 1271 :
1274 1246 1389 1280 Χριστὸς
1405 1247 1436 1271 ὲκ
1449 1244 1496 1271 τοῦ
1512 1245 1618 1279 Πατρὺς
1642 1243 1768 1270 πιστεύε-

984 1298 1029 1316 ται
1043 1290 1108 1321 Θεὸς
1121 1291 1152 1316 ἐκ
1168 1290 1245 1322 Θεοῦ,
1263 1290 1353 1316 καὶτὸ
1371 1290 1482 1324 Πνεῦμα
1496 1290 1529 1315 ἐκ
1546 1289 1591 1315 τοῦ
1617 1288 1735 1322 Χριστοῦ
1749 1287 1765 1322 ἢ

985 1337 1051 1371 παρ’
1066 1336 1238 1371 ἀμφοτέρων.
1257 1336 1376 1363 Christus
1404 1344 1435 1362 ea;
1461 1335 1542 1362 Patre
1568 1335 1683 1362 creditur
1696 1335 1766 1361 Deus

985 1380 1016 1408 de
1036 1380 1099 1414 Deo,
1115 1387 1139 1408 et
1155 1381 1276 1415 Spiritu.-
1288 1389 1321 1409 εει
1333 1382 1436 1409 Christo
1449 1387 1496 1408 ant
1520 1382 1552 1408 ab
1580 1381 1715 1407 ambabus.
1734 1380 1767 1406 Et

985 1433 1062 1453 antea
1077 1427 1178 1453 claritts
1200 1428 1294 1454 eodem
1310 1427 1379 1453 libro
1394 1435 1420 1453 n.
1438 1427 1454 1452 8
1470 1435 1476 1453 :
1508 1425 1620 1460 Πνεῦμᾳ
1636 1424 1703 1451 Θεοῦ
1719 1425 1767 1451 καὶ

985 1472 1097 1506 Πνεῦμα
1107 1472 1154 1498 τοῦ
1174 1473 1278 1507 Πατρὸς
1293 1473 1340 1499 καὶ
1357 1473 1468 1507 Πνεῦμα
1486 1471 1563 1502 Υἱοῦ.
1579 1472 1609 1497 οὐ
1624 1470 1694 1496 κατά
1706 1478 1767 1496 τινα

986 1517 1121 1551 σύνθεσιν,
1133 1518 1258 1554 καθάπερ
1276 1519 1303 1544 ὲν
1317 1519 1383 1553 ἡμῖν
1395 1518 1469 1552 ψυχὴ
1486 1518 1533 1544 καὶ
1552 1517 1642 1551 σῶμα,
1658 1516 1716 1541 ἀλλ’
1738 1516 1766 1541 ὲν

987 1563 1060 1599 μέσῳ
1076 1565 1182 1600 Πατρδς
1195 1565 1241 1591 καὶ
1268 1564 1345 1596 Υὶοῦ,
1372 1565 1403 1590 ὲκ
1428 1564 1474 1589 τοῦ
1497 1563 1602 1597 Πατρὶς
1629 1561 1675 1587 καὶ
1701 1561 1766 1587 Υἱοῦ

984 1611 1073 1646 τρίτον
1086 1612 1118 1646 τῇ
1134 1610 1265 1646 ὀνομασίᾳ
1281 1619 1288 1625 ·
1305 1610 1422 1645 Spiritus
1439 1610 1484 1636 Dei
1497 1614 1521 1636 et
1536 1608 1651 1642 Spiritus
1674 1607 1766 1634 Patris

983 1661 1005 1682 et
1022 1656 1138 1691 Spiritus
1155 1656 1229 1689 Filii,
1246 1665 1296 1683 non
1311 1657 1499 1691 compositione
1516 1655 1615 1689 aliqua,
1642 1653 1768 1688 quemad-

983 1703 1090 1729 modum
1108 1703 1135 1730 in
1154 1704 1227 1730 nobis
1240 1703 1328 1729 anima
1338 1709 1361 1729 et
1377 1711 1483 1737 corpus,
1501 1702 1546 1728 sed
1564 1703 1632 1728 inter
1659 1700 1766 1727 Patrem

983 1748 1134 1784 Filiumque
1147 1749 1245 1775 medius
1253 1756 1286 1775 ea:
1302 1748 1383 1776 Patre
1398 1755 1421 1776 et
1439 1748 1522 1780 Filio,
1532 1747 1767 1783 appellatione!”-

983 1795 1047 1821 tius.
1065 1795 1103 1821 Ex
1120 1795 1253 1829 Gregorio
1270 1795 1402 1829 Nysseuo,
1421 1795 1439 1822 Ι.
1457 1803 1462 1820 ι
1481 1794 1579 1822 Contra
1592 1792 1764 1819 Eunumium:

988 1839 1031 1871 Ὠς
1048 1839 1211 1867 συνάπτεται
1223 1840 1261 1875 τῷ
1278 1841 1363 1873 “arpi.
1381 1842 1393 1867 ὁ
1422 1841 1496 1873 Υἱὸς,
1514 1840 1560 1866 καὶ
1575 1840 1604 1865 τὸ
1632 1839 1660 1872 ἐξ
1681 1837 1764 1864 αὑτοῦ

981 1882 1051 1910 εἶναι
1068 1885 1136 1920 ἔχων
1146 1885 1195 1919 οὐχ
1214 1884 1348 1919 ὑστερίζει
1374 1886 1444 1911 κατὰ
1466 1885 1515 1920 τὴν
1539 1884 1667 1918 ὕπαρξιν,
1693 1883 1764 1909 οὕτω

981 1929 1061 1955 πάλιν
1084 1930 1130 1955 καὶ
1158 1930 1205 1955 τοῦ
1228 1930 1398 1962 Μονογενοῦς
1421 1931 1512 1964 ἔχεται
1533 1930 1562 1955 τὸ
1593 1928 1705 1962 Πνεῦμα
1735 1929 1764 1955 τὸ

981 1976 1069 2008 ἅγιον,
1090 1975 1198 2010 ἐπινηίᾳ
1209 1975 1275 2010 μόνῃ
1290 1975 1361 2002 κατὰ
1372 1976 1417 2001 τὸν
1432 1976 1483 2010 τῆς
1497 1975 1587 2006 αἰτίας
1602 1974 1764 2008 λόγον,προ-

979 2021 1165 2056 θεωρουμένου
1181 2022 1229 2055 τῆς
1257 2021 1304 2047 τοῦ
1329 2021 1486 2056 Πνεύματος
1511 2022 1708 2052 ὑποστάσεως·
1728 2019 1763 2046 Ut

980 2066 1054 2093 Patri
1068 2067 1223 2100 coniunctus
1237 2072 1274 2093 est
1292 2066 1391 2097 Filius,
1406 2071 1429 2093 et
1445 2075 1503 2093 cum
1532 2075 1564 2093 ex
1584 2067 1631 2093 illo
1642 2075 1696 2093 esse
1712 2067 1761 2092 Ita-

979 2113 1048 2144 beat,
1066 2121 1117 2139 non
1139 2117 1226 2139 tamen
1241 2113 1373 2145 posterius
1387 2113 1502 2144 exsistit,
1515 2113 1553 2139 sic
1575 2113 1653 2139 etiam
1680 2111 1766 2146 Spiri-

978 2163 1020 2185 tus
1039 2163 1147 2184 sanctus
1164 2158 1281 2192 proxime
1306 2158 1387 2185 lueret
1407 2158 1486 2190 Filio,
1512 2167 1556 2194 qut
1582 2159 1639 2185 sola
1664 2159 1766 2193 cogita-

145 2207 242 2233 liorum
275 2206 412 2239 plerisque
443 2204 496 2231 dici
523 2205 682 2232 observasse
705 2209 826 2231 sanctum
843 2203 927 2238 Spiri-
944 2213 966 2240 ο
983 2206 1053 2232 tione
1066 2205 1208 2231 secundum
1225 2205 1355 2232 rationem
1371 2206 1495 2240 principii
1514 2207 1588 2240 prius
1612 2206 1765 2232 considera-

144 2259 199 2278 tnru
215 2259 246 2278 e1:
266 2251 345 2278 Putre
368 2259 413 2284 per
429 2250 530 2276 Filium
554 2250 690 2284 profundi,
707 2249 928 2284 exsplendesceie,

144 2298 266 2330 praeberi,
283 2297 399 2331 prodire,
427 2297 576 2330 procedere,
608 2295 786 2329 laudasseque
807 2297 833 2321 itt
869 2302 928 2321 eant

145 2343 307 2371 sententiam
324 2346 446 2369 sanctum
475 2341 631 2374 Maximum,
660 2340 812 2373 Tarasium,
842 2340 929 2367 Atha-

147 2391 263 2421 nasium,
275 2388 413 2420 Basilinm,
427 2392 525 2422 praeter
535 2387 644 2414 Griecos
658 2387 823 2414 recentiores
839 2386 928 2422 magni

143 2434 261 2462 nominis
290 2433 487 2460 Maroniensem
528 2432 649 2460 Nicetam
691 2438 720 2459 et.
746 2433 927 2465 Nicephorum

144 2479 339 2511 Bleuunidam;
368 2483 395 2505 ut
420 2479 543 2505 otnittam
569 2485 637 2512 quos
667 2478 764 2504 ibidetn
790 2482 929 2512 percenset

143 2526 246 2554 Graecis
261 2533 367 2559 quoque
380 2525 549 2552 venerabiles
564 2524 672 2551 Latinos
687 2524 790 2553 Patres.
812 2525 928 2550 Ambro-

144 2571 225 2601 sium,
242 2569 435 2604 Augustinum,
454 2569 659 2604 Hieronymum.
674 2569 743 2601 Quin
764 2574 790 2596 et
808 2569 927 2596 ntoxltoc

145 2616 203 2649 ipso
219 2623 258 2647 c.,
276 2623 302 2650 p.
319 2615 363 2647 95,
383 2616 452 2642 idem
473 2615 589 2641 atlirmat
605 2615 762 2649 prolatuma
781 2615 866 2642 Vecco
880 2622 927 2649 pro

144 2663 268 2695 dogmate
282 2662 376 2688 eodem
394 2661 556 2688 luculentum
589 2661 774 2688 testiinonium
803 2660 927 2696 Gregorii

143 2707 271 2742 Nysseni.
301 2706 475 2734 Calumniose
507 2706 590 2741 igitur
623 2709 650 2733 et
682 2705 708 2732 in
738 2705 926 2732 contumeliam

143 2759 231 2779 causa:
244 2751 383 2778 catholica
394 2751 562 2778 schismatici
577 2751 627 2778 hoc
652 2749 737 2777 Vecco
757 2755 784 2776 et
808 2750 866 2785 ejus
880 2757 927 2776 so-

144 2798 195 2825 ciis
207 2798 357 2832 impingunt
372 2805 380 2830 ;
396 2797 441 2832 qui
459 2797 553 2831 utique
579 2801 715 2831 poterant,
732 2796 753 2823 si
782 2801 868 2822 status
900 2795 926 2822 id

145 2844 286 2878 praesentis
300 2843 490 2872 controversiae
500 2848 608 2878 caperet
621 2848 647 2871 et
657 2842 819 2870 catholicum
829 2842 926 2877 dogma

980 2254 1024 2275 tur
1040 2249 1209 2275 subsistentia
1228 2247 1356 2283 Spiritus.
1386 2250 1422 2276 Ex
1440 2249 1543 2280 Cvrillo
1569 2250 1762 2282 Alexandrino,

974 2294 1066 2322 1.tDe
1080 2295 1189 2321 Adornt.
1204 2303 1214 2322 :
1232 2295 1312 2322 ’Ἐστι
1337 2296 1384 2321 τοῦ
1407 2295 1474 2322 Θεοῦ
1500 2297 1546 2322 καὶ
1569 2295 1685 2331 Πατρὸς,
1717 2297 1764 2322 καὶ

981 2341 1034 2376 μὴν
1046 2341 1153 2367 καὶτοῦ
1169 2340 1247 2373 Υῑοῦ,
1262 2342 1292 2367 τὸ
1305 2342 1441 2373 οὐσιωδώς
1473 2342 1502 2374 ἐξ
1523 2343 1622 2376 ἀμφοῖν
1645 2343 1693 2369 εἴτ’
1716 2341 1763 2369 οὖν

979 2388 1011 2413 ὲκ
1026 2387 1131 2421 Πατρὸς
1147 2387 1181 2412 δι’
1197 2387 1262 2414 Υίοῦ
1287 2389 1468 2422 προχεόμενον
1501 2388 1626 2422 Πνεῦμα·
1648 2387 1694 2414 Eat
1716 2388 1762 2414 Dei

979 2437 1003 2459 et
1031 2432 1192 2465 Patrisﬂed
1203 2439 1228 2460 et
1246 2433 1313 2460 Filii
1338 2442 1449 2468 quoque,
1481 2435 1526 2468 qui
1551 2433 1764 2460 substantialiter

978 2486 1010 2505 ea:
1025 2478 1162 2510 ambobus,
1173 2480 1295 2505 nimirum
1308 2487 1340 2506 ex
1357 2479 1435 2505 l’atre
1452 2487 1497 2513 per
1518 2478 1628 2510 Filium,
1654 2478 1764 2513 profun-

979 2524 1053 2550 ditur
1076 2523 1202 2558 Spiritus.
1215 2524 1251 2552 Ex
1268 2524 1463 2559 Chrysostoruo
1481 2525 1507 2551 in
1525 2525 1641 2558 quadarn
1671 2523 1763 2550 Homi-

980 2569 1013 2595 lia
1030 2575 1094 2596 tom.
1115 2568 1134 2594 Υ
1152 2569 1195 2596 ed.
1213 2570 1296 2596 Saril.
1316 2578 1341 2603 p.
1357 2570 1408 2596 674
1423 2577 1431 2596 :
1453 2570 1482 2596 '0
1505 2569 1599 2604 Σιυτὴρ
1624 2569 1762 2594 δείκνυσιν

978 2614 1073 2640 ἑαυτὸν
1087 2615 1178 2650 πηγὴν
1203 2615 1286 2649 ζωῆς,
1306 2615 1353 2641 καὶ
1372 2615 1443 2650 ὕδωρ
1468 2615 1521 2646 ζῶν
1536 2616 1564 2641 τὸ
1595 2614 1705 2648 Πνεῦμα
1731 2613 1763 2639 τὸ

978 2662 1065 2695 ἅγιον.
1084 2662 1200 2696 Ει.ὁρᾷς
1213 2662 1302 2697 πηγὴν
1316 2662 1411 2692 ὓδατος
1427 2662 1472 2688 τὸν
1487 2662 1563 2694 Θεὸν,
1581 2661 1635 2692 ζῶν
1647 2661 1674 2687 δὲ
1689 2660 1761 2694 ὕδωρ

977 2707 1007 2734 τὸ
1023 2707 1134 2741 Πνεῦμα
1144 2708 1174 2733 τὸ
1189 2707 1266 2742 ἅγιον
1281 2716 1288 2723 ·
1305 2708 1380 2742 πηγὴ
1393 2708 1487 2739 ὓδατος
1505 2707 1604 2739 ζῶντος
1618 2707 1631 2732 ὁ
1655 2706 1759 2740 Πατὴρ,

978 2753 1098 2786 ποταμὸς
1115 2754 1146 2779 ὲκ
1161 2754 1209 2787 τῆς
1224 2754 1316 2788 πηγῆς
1330 2755 1530 2788 προερχόμενος
1542 2754 1555 2778 ὁ
1583 2752 1656 2783 Υἱδς,
1688 2751 1760 2784 ὕδωρ

977 2798 1024 2825 τοῦ
1038 2798 1162 2833 ποταμοῦ
1178 2799 1207 2825 τὸ
1221 2799 1331 2832 Πνεῦμα
1347 2799 1377 2824 τὸ
1387 2799 1476 2830 ἅγιον·
1497 2798 1622 2825 Salvator
1647 2797 1760 2823 attendit

978 2854 1004 2872 rc
1020 2845 1104 2880 ipsum
1131 2845 1226 2879 {autent
1250 2853 1303 2872 me
1331 2845 1400 2877 t’lltl',
1430 2849 1454 2870 et
1476 2852 1570 2877 aquam
1596 2851 1678 2870 rutam
1701 2850 1759 2870 esse
