1954 3063
183 130 235 161 7ὶῆ

183 241 279 266 nquam
312 240 400 260 autent
436 235 519 261 viuum
555 235 686 269 Spiritum
723 241 857 272 tonet/um.
891 236 963 264 Fons

182 286 257 312 aqtue
275 279 336 305 uiuat
351 279 430 306 Pater
441 284 490 312 est,
519 281 616 314 ﬂumen
627 289 659 308 ea:
677 281 748 316 fonte
766 283 905 317 procedens
922 283 965 310 Fi-

183 325 242 353 lius.
257 333 325 358 aqua
337 325 453 359 ﬂuminis
466 326 580 361 Spiritus
596 334 714 356 sanctus.

218 370 297 405 737
312 371 373 398 llaec
401 379 459 404 qua:
480 381 564 406 pauca
580 373 612 400 de
634 374 725 400 multis
741 374 898 408 specimiuis
919 375 964 402 ltic

181 415 266 448 gratia
284 418 434 449 posuimus,
448 418 511 451 quin
528 418 591 444 etin
603 419 725 445 eamdem
737 420 899 447 sementium
911 428 963 447 non

182 460 271 488 minus
285 462 382 488 diserta
397 463 483 496 plura,
506 464 564 490 sine
589 464 671 491 dubio
697 469 841 498 potucrant
857 474 889 493 ex
911 465 964 493 Pa-

183 507 268 534 tribtts
286 508 404 542 allegare
418 510 483 536 socii
500 510 591 543 Vecci,
608 511 707 544 quippe
721 511 821 544 quibus
837 512 882 538 diu
904 519 963 539 cum

183 553 271 580 Vecco
293 554 318 581 in
331 555 472 590 theologim
484 556 600 589 Spiritus
614 556 657 592 [Ρ.
668 556 823 592 5'26]saucti
838 565 964 592 perscru-

183 599 284 625 tatione
306 600 420 626 versatis
442 600 531 635 ignota
549 601 574 627 in
591 601 642 628 hoc
658 608 757 635 genere
775 609 835 629 esse
850 609 902 629 non
916 610 965 638 po-

183 649 271 670 terant
299 653 360 679 quae
388 644 464 673 fuere
490 646 541 680 ipsi
562 646 649 674 Vecco
683 647 913 681 perspectissima,
935 653 965 676 ut

182 690 246 716 intel
260 690 340 724 igitur
357 699 388 718 ex
408 692 488 727 hujus
504 693 622 726 scriptis,
639 701 698 727 quae
711 693 807 727 partim
821 694 905 721 edidit
922 693 963 721 lll.

183 736 308 769 Allatius,
321 738 416 770 partim
435 739 498 773 legit
511 739 536 765 in
552 747 631 766 manu
653 739 773 767 exaratis
786 740 925 767 codicibus
938 744 966 768 et

182 790 214 809 es
234 783 266 810 iis
287 783 400 818 plurima
416 784 558 818 descripsit
578 785 704 813 Petavius
728 791 819 813 noster
837 787 863 813 in
883 795 966 820 opere

180 824 407 863 'l‘ltcologicorum
426 830 597 864 Dogmatum.
612 831 664 857 Sed
679 831 804 859 consulto
820 831 847 858 id
866 833 967 860 omise-

184 880 257 906 runt,
286 876 356 909 quod
387 884 456 903 nunc
483 883 536 903 non
560 880 619 904 erat
649 877 693 904 his
720 877 805 904 locus.
828 877 967 911 Agebatur

182 921 290 954 qiiippe,
311 925 339 947 ut
363 921 436 953 dixi,
454 929 583 949 verumne
613 926 688 950 esset
712 922 816 950 crimen
832 922 968 952 haereseos

183 965 328 1000 impactum
347 967 434 994 Vecco
448 972 474 994 et
489 968 571 995 sociis
590 976 597 995 :
615 975 665 995 non
681 973 769 995 autem
787 969 819 996 de
841 969 967 1004 dogmate

181 1012 380 1046 inquiri-batur.
398 1013 431 1040 Et
452 1014 619 1042 calumnioso
643 1015 759 1042 artillcio
775 1014 854 1043 Vecci
872 1017 968 1043 adver-

180 1059 245 1085 sarii
263 1059 370 1086 eludere
383 1060 552 1087 conabantur
565 1061 619 1088 vim
642 1061 809 1090 defensionis
825 1062 894 1096 eius,
914 1063 968 1090 alio

183 1104 347 1131 traducenda
364 1107 523 1142 qumstione.

218 1150 247 1177 P.
274 1151 317 1178 93.
350 1151 410 1178 Non
438 1153 568 1188 conﬁteris
599 1152 728 1186 Spiritum
759 1159 879 1182 sanctum
905 1164 968 1183 con-

182 1197 285 1223 tinuum
309 1197 400 1228 Patri,
418 1204 470 1225 etc.
499 1199 555 1226 lloc
577 1199 663 1233 ipsum
687 1201 833 1228 absurdum
861 1201 968 1229 Latinis

183 1243 307 1277 impingit
322 1251 384 1270 acer
397 1244 552 1271 Graecorum
568 1245 704 1273 haereseos
723 1246 850 1274 defensor
865 1247 967 1282 Grego-

183 1289 239 1315 rius
255 1289 389 1323 Palamas,
409 1291 578 1318 contendens
597 1291 688 1319 doceri
707 1299 721 1319 a
745 1292 881 1325 Patribus,
905 1295 967 1330 Spi-

183 1335 264 1362 ritum
285 1340 409 1362 sanclum
432 1337 559 1364 continue
586 1345 616 1364 ac
633 1339 699 1365 citra
722 1339 838 1367 medium
859 1348 873 1367 a
888 1340 968 1369 Patre

181 1381 338 1415 procedere.
356 1383 417 1409 Καὶ
444 1383 510 1418 μὴν,
528 1384 625 1419 inquit,
643 1385 743 1421 ὲρῤἐθη
768 1386 815 1412 καὶ
836 1386 868 1413 τὺ
898 1387 968 1414 θεῖον

182 1426 294 1462 Πνεῦμα
313 1429 344 1454 ὲκ
360 1429 465 1462 Πατρὶς
482 1430 602 1464 ἀμέσως.
622 1430 738 1466 Vullque
755 1431 781 1458 id
803 1433 890 1459 astrui
906 1441 969 1461 ver-

181 1473 255 1501 sibus
269 1474 429 1509 quihusdam
441 1475 470 1504 S.
485 1475 604 1511 Gregorii
617 1478 756 1512 Theologi,
774 1478 871 1512 quibus
885 1478 969 1507 Filius

181 1524 208 1546 et
235 1519 264 1547 ὃ.
283 1521 400 1555 Spiritus
427 1523 529 1556 pariter
555 1524 683 1550 dicuntur
713 1524 781 1550 Θεοῦ
809 1526 917 1560 [ἰατρὸς
935 1527 1005 1564 τὰς,

180 1565 295 1601 δεύτερα
316 1566 398 1602 ἔχειν,
415 1569 542 1596 secundas
565 1577 582 1596 α
607 1569 659 1596 Deo
684 1569 766 1598 Putre
786 1570 891 1599 habere.
917 1571 969 1599 Sed

181 1612 282 1639 frustra
297 1618 359 1639 sunt
372 1613 398 1640 hi
415 1614 594 1643 scitismatici.
609 1615 676 1641 Nam
694 1616 771 1650 juxta
791 1616 898 1644 Patrum
915 1623 969 1644 tam

182 1658 338 1686 Gre-corum
355 1667 434 1693 quant
447 1661 604 1687 Latinorum
618 1663 800 1690 orthodoxam
819 1664 969 1691 doctrinam

182 1709 327 1736 utrumque
351 1713 443 1732 verum
469 1711 528 1738 est,
551 1711 576 1733 ct
600 1708 747 1741 procedi-re
772 1709 883 1743 ἀμέσως
903 1711 970 1737 citra

182 1749 296 1776 medium
318 1758 332 1777 a
357 1750 437 1777 Patre
458 1757 580 1778 sanclmn
599 1752 741 1786 Spiritum,
757 1758 784 1781 et
799 1755 922 1782 eumdem
937 1756 972 1782 δι’

183 1794 259 1826 rev,
276 1803 321 1828 per
334 1795 429 1822 Filium
456 1803 469 1822 τι
488 1796 568 1823 Patre
595 1799 718 1830 produci.
747 1799 815 1833 Apte
845 1801 971 1830 conciliat

185 1841 240 1868 llam-
256 1841 282 1868 in
302 1842 419 1876 spnr'iem
437 1843 572 1868 co-:traria
592 1843 724 1871 {lit-artius
740 1844 905 1878 Vicmriuns,
923 1847 940 1872 Ι.
955 1856 971 1874 v

183 1887 222 1914 De
245 1887 385 1920 Trinitale,
401 1896 424 1914 c.
444 1889 470 1919 6,
490 1889 540 1915 sim
556 1889 667 1916 litudinc
689 1899 722 1917 ex
743 1891 869 1918 humanis
890 1900 972 1928 gene-

183 1933 334 1960 rationihus
349 1934 465 1960 adducta
482 1943 488 1960 :
508 1934 629 1962 Procedit
652 1944 764 1970 nrt-nque
776 1937 835 1972 (ait)
858 1946 970 1971 persona

182 1980 215 2006 de
234 1988 343 2014 persona
364 1981 520 2015 quandoque
543 1982 647 2016 quidem
673 1985 854 2012 tantummodo
879 1986 970 2012 imme-

182 2025 264 2056 diate.
280 2027 435 2060 quandoque
458 2027 642 2054 tantummodo
671 2029 794 2061 mediale,
814 2032 971 2067 quandoque

183 2076 270 2098 autem
303 2073 415 2099 mediate
439 2073 519 2099 simul
550 2078 574 2100 et
616 2074 778 2103 immediate.
814 2076 970 2111 Exemplum

181 2118 281 2144 dvindc
307 2119 488 2152 processionis
506 2121 693 2147 tantummodo
715 2123 877 2150 iinmedialte
897 2125 972 2158 ponit

185 2163 211 2189 in
238 2165 328 2190 lsaaco
354 2170 478 2198 respectu
498 2165 645 2192 Abrahami
660 2187 667 2197 ,
687 2167 821 2198 siquidem
850 2169 971 2197 Isaacutu

705 134 855 165 POSSlNl
870 108 1197 164 OIESEtt\'.\TIONU.\l
1222 132 1293 162 LIB.
1319 131 1363 162 II.

183 187 451 221 Spiritumshnctum.
466 189 508 221 ιφ,
527 190 595 216 videt
621 191 722 224 [autem
756 200 832 226 aqum
860 191 965 222 Deum;
981 193 1001 219 Α
1019 190 1059 216 tit.
1077 188 1163 215 Verba
1191 188 1297 214 Βίων-(Η
1324 188 1381 214 hanc
1407 191 1470 213 sum

1748 129 1802 160 800

1495 194 1501 212 :
1521 185 1590 213 Nam
1612 186 1673 213 Seth
1697 185 1800 220 quidem

1014 236 1139 270 processit
1163 235 1194 260 de
1219 233 1366 260 substantia
1386 232 1452 259 Atia!
1483 232 1645 264 immediate,
1663 233 1751 267 utique
1775 232 1802 259 in

1013 287 1139 317 quantum
1158 281 1208 315 fuit
1234 280 1266 306 de
1290 279 1395 314 proprio
1417 280 1529 311 semine;
1557 279 1668 306 mediute
1691 287 1749 305 vero
1775 279 1802 305 in

1014 331 1140 360 quantum
1171 327 1221 360 fuit
1238 325 1270 352 de
1286 326 1381 352 semine
1412 324 1486 352 Em.
1507 324 1600 351 Talem
1625 330 1715 351 autent
1741 332 1802 352 esse

1014 373 1051 399 ait
1073 373 1271 406 processioncm
1302 371 1383 406 738
1405 371 1490 398 sancti
1509 371 1628 405 Spiritus
1651 378 1684 398 ex
1710 371 1800 404 Patre,

1015 419 1159 445 mediatam
1189 418 1295 451 quidem
1326 423 1459 452 quatenus
1483 425 1515 444 ex
1543 418 1611 444 Filio
1640 423 1702 450 est,
1721 425 1802 451 quem

1016 463 1097 490 Pater
1120 463 1230 497 genuit,
1254 462 1334 489 simul
1353 467 1442 489 autem
1469 462 1655 488 immediatam
1679 470 1803 495 quoque,

1015 509 1145 543 quoniam
1164 507 1249 534 Filius
1268 507 1369 541 pariter
1388 513 1414 534 et
1429 507 1508 534 Pater
1533 513 1654 534 sanctum
1672 507 1803 541 Spiritum

1015 553 1181 588 producunt.
1201 552 1316 588 Spiritus
1338 553 1412 580 enim
1438 561 1545 579 sanctus
1563 554 1655 588 (verba
1671 559 1734 580 sunt
1748 554 1805 579 Au-

1015 600 1129 634 gustini,
1146 599 1163 627 l.
1179 607 1223 631 xv.
1251 599 1287 626 De
1305 598 1448 630 Triuitate,
1475 607 1500 626 c.
1523 599 1570 634 ‘27)
1597 607 1647 626 non
1672 598 1703 625 de
1723 598 1805 626 Putre

1015 645 1131 677 procedit
1145 646 1171 672 iu
1196 644 1303 677 Filium,
1318 650 1341 671 ει
1357 646 1388 672 de
1403 644 1474 672 Filio
1499 645 1616 679 procedit
1646 646 1679 671 ad
1705 646 1806 672 sancti-

1015 690 1149 725 ﬁcaudam
1176 696 1337 723 creaturam,
1353 691 1398 718 sed
1411 691 1490 718 simul
1501 691 1532 718 de
1548 696 1658 726 utroque
1676 692 1804 726 procedit,

1015 738 1133 771 quartanis
1152 737 1199 764 hoc
1218 736 1290 764 Filio
1308 737 1389 764 Pater
1402 737 1516 769 dederit.
1537 745 1564 764 ut
1586 738 1804 773 quemadmodum

1016 783 1048 808 de
1064 790 1102 812 se,
1117 782 1156 808 ita
1170 782 1201 809 de
1217 782 1263 810 illo
1278 791 1377 817 quoque
1391 783 1524 817 procedat.
1541 783 1603 811 “th
1620 784 1803 819 Augustinus;

1017 834 1076 860 quae
1093 831 1225 861 quatenus
1239 827 1365 859 utediata,
1381 833 1516 862 quatenus
1531 829 1714 855 itummediata
1732 828 1805 855 Patti

1019 872 1053 899 sit
1068 873 1153 899 sancti
1179 873 1296 906 Spiritus
1326 875 1473 909 processio,
1491 875 1640 902 luculenter
1655 875 1804 908 explicant.

1055 917 1086 946 Ρ.
1113 917 1156 945 9ϋ.
1183 917 1288 946 Sentire
1309 925 1396 946 autem
1420 921 1573 947 continuum
1590 927 1644 948 etc.
1667 921 1806 956 Signiﬁcat

1021 964 1064 992 his
1082 966 1171 992 verbis
1188 965 1289 993 Veccus
1300 974 1352 993 non
1369 974 1448 1001 posse
1463 967 1596 994 catholico
1606 968 1658 995 dici
1676 970 1805 995 duntaxat

1020 1011 1198 1038 immediate»:
1210 1013 1413 1047 processionem
1426 1014 1512 1041 sancti
1536 1014 1652 1049 Spiritus
1664 1022 1696 1041 cx
1708 1015 1804 1045 Patre:

1021 1057 1159 1084 dicendam
1175 1059 1247 1085 enim
1263 1066 1324 1086 esse
1334 1060 1414 1086 simul
1426 1060 1606 1087 immediatam
1619 1066 1641 1087 et
1651 1062 1806 1090 mediatam.

1022 1104 1113 1138 Itaque
1125 1105 1169 1131 hic
1183 1104 1214 1131 τὸ
1224 1105 1366 1141 προσεχῶς
1377 1108 1498 1134 continue
1510 1112 1654 1140 usurpatur
1665 1107 1806 1138 exclusive,

1022 1151 1072 1177 hoc
1095 1156 1136 1177 est
1164 1159 1224 1177 cum
1250 1152 1439 1180 subiutellecta
1469 1153 1614 1187 negatione
1638 1154 1808 1181 ntediutiouis

1022 1196 1113 1223 ullius.
1128 1196 1220 1230 Qualis
1246 1203 1335 1225 tamen
1365 1199 1454 1234 aliqua
1476 1200 1502 1226 in
1519 1200 1695 1233 processione
1718 1201 1807 1226 sancti

1023 1241 1140 1277 Spiritus
1158 1252 1171 1270 a
1197 1243 1278 1271 Patre
1303 1246 1473 1280 agnoscenda
1501 1246 1659 1273 ortltodoais
1684 1251 1735 1277 est,
1761 1246 1807 1272 sed

1021 1297 1082 1324 qua:
1099 1297 1149 1316 ltuit
1169 1290 1297 1317 excludat
1312 1291 1495 1318 inunediatam
1513 1291 1600 1318 Patris
1623 1292 1708 1325 ipsius
1723 1291 1803 1318 actio-

1022 1342 1083 1361 nem
1100 1335 1125 1361 in
1153 1337 1330 1369 productione
1349 1337 1479 1370 Spiritus,
1495 1342 1523 1364 at
1549 1343 1652 1364 tantum
1682 1337 1804 1364 admittat

1022 1380 1064 1416 [Ρ.
1083 1380 1149 1417 5‘27]
1166 1382 1191 1408 in
1212 1389 1245 1409 ea
1265 1383 1430 1410 consortimn
1446 1383 1519 1414 Filii,
1539 1385 1580 1411 cui
1612 1385 1686 1418 prius
1704 1384 1804 1411 ratione

1024 1426 1102 1453 Pater
1125 1428 1183 1461 ipse
1205 1429 1444 1455 comutuuicaverit
1456 1434 1483 1456 et
1498 1430 1521 1456 ci
1539 1437 1585 1464 per
1602 1431 1808 1464 generationem

1023 1474 1229 1501 identilicaverit
1239 1473 1310 1501 illam
1321 1475 1406 1509 ipsam
1418 1484 1497 1502 uuam
1507 1476 1607 1502 etindiv
1616 1477 1716 1507 iduum,
1725 1485 1809 1510 quam

1024 1519 1080 1553 ipse
1108 1520 1288 1553 originaliter,
1305 1521 1356 1547 hoc
1378 1527 1418 1547 cst
1433 1528 1487 1548 non
1503 1522 1612 1548 aliunde
1625 1525 1739 1548 tractam
1763 1523 1810 1549 sed

1023 1566 1183 1592 naturaliter
1196 1565 1390 1593 idctttiﬁcalatlt
1407 1574 1464 1594 suac
1480 1575 1611 1601 personae,
1629 1567 1709 1594 habet
1725 1568 1811 1601 spira-

1023 1611 1123 1637 tioucm
1153 1611 1279 1643 activam,
1308 1612 1334 1638 in
1353 1619 1416 1646 qua,
1438 1620 1490 1638 non
1518 1613 1603 1639 solum
1627 1613 1651 1639 in
1669 1618 1764 1639 natura
1781 1618 1808 1640 et

1021 1656 1137 1683 essentia
1155 1657 1342 1689 divina,l’atcr
1358 1662 1383 1683 et
1397 1657 1481 1684 Filius
1496 1665 1581 1685 unum
1593 1659 1810 1686 sual.Audiatur

1022 1707 1132 1730 sanctus
1169 1704 1314 1731 Auscltuus
1344 1705 1400 1730 |ta2c
1428 1704 1568 1739 eleganter
1597 1705 1746 1739 explicans,
1773 1705 1811 1732 De

1023 1749 1189 1783 processione
1207 1749 1324 1782 Spiritus
1340 1750 1426 1777 sancti
1445 1750 1513 1778 libro
1535 1758 1542 1777 :
1566 1750 1674 1777 Constat
1699 1751 1811 1783 inexpu-

1021 1795 1122 1830 gnabili
1135 1796 1238 1822 ratione
1255 1796 1381 1830 Spiritum
1397 1803 1518 1824 sanctum
1529 1806 1585 1824 esse
1601 1798 1633 1824 de
1648 1797 1717 1824 Filio
1731 1798 1811 1824 sicuti

1021 1847 1059 1867 est
1076 1843 1107 1868 de
1128 1841 1217 1873 Patre,
1235 1850 1280 1868 nec
1298 1848 1385 1869 tamen
1401 1851 1457 1869 esse
1477 1844 1508 1870 de
1523 1844 1625 1870 duobus
1636 1844 1810 1874 dicet'sis,sctl

1021 1888 1052 1913 de
1067 1895 1129 1914 uno.
1144 1887 1185 1914 Ea:
1198 1895 1227 1914 eo
1242 1889 1309 1914 enim
1324 1889 1392 1923 quod
1412 1887 1493 1915 Pater
1504 1895 1527 1915 et
1544 1889 1629 1916 Filius
1647 1897 1724 1916 unum
1739 1896 1810 1922 sunt.

1021 1934 1050 1959 id
1060 1939 1095 1959 est
1106 1941 1138 1960 ea:
1151 1934 1213 1966 Deo,
1229 1938 1267 1961 est
1284 1941 1306 1961 et
1323 1934 1440 1969 Spiritus
1455 1941 1573 1965 sanctus.
1586 1944 1637 1962 twn
1653 1944 1683 1962 ex
1698 1944 1726 1962 co
1743 1936 1812 1962 unde

1022 1978 1068 2004 alii
1084 1983 1145 2005 sunt
1166 1979 1197 2006 ab
1224 1979 1343 2006 invicem.
1355 1979 1407 2006 Sed
1422 1981 1546 2014 quoniam
1563 1980 1643 2012 Deus,
1659 1981 1689 2006 de
1703 1989 1753 2015 quo
1770 1988 1809 2008 est

1023 2023 1139 2058 Spiritus
1159 2031 1279 2057 sanctus,
1297 2030 1336 2052 est
1370 2025 1451 2052 Pater
1481 2031 1504 2053 et
1528 2025 1627 2059 Filius,
1642 2028 1739 2053 idcirco
1755 2036 1812 2054 vere

1022 2071 1119 2098 dicitur
1141 2079 1196 2098 este
1213 2072 1245 2098 de
1262 2071 1340 2099 Patre
1352 2077 1376 2099 et
1399 2072 1482 2105 Filio,
1500 2074 1544 2108 qui
1565 2074 1616 2100 duo
1639 2079 1710 2100 sunt.
1727 2073 1811 2106 Cujus

1025 2117 1093 2144 ratio
1110 2121 1161 2149 est,
1179 2118 1239 2150 quia
1256 2118 1417 2152 principium
1435 2124 1478 2145 act
1491 2127 1552 2146 vum
1572 2119 1690 2154 Spiritus
1711 2121 1810 2150 sancti,

1023 2164 1080 2190 sive
1092 2164 1207 2198 spiratio
1222 2165 1321 2196 activa,
1338 2165 1470 2198 ejusmodi
1488 2166 1611 2200 quaedam
1630 2167 1668 2192 vis
1684 2171 1735 2197 est,
1751 2175 1812 2201 qua:

185 2210 341 2237 immediate
363 2211 533 2238 Ahrahatnus
558 2214 667 2247 genuit:
693 2215 878 2247 processionis
904 2223 968 2242 vero
985 2210 1006 2236 ι)
1023 2215 1050 2236 ιιι
1069 2210 1095 2236 ill
1113 2215 1205 2237 aetum
1225 2216 1304 2238 exeat
1321 2211 1407 2246 exigit
1422 2211 1587 2238 identiﬁcari
1609 2214 1732 2246 pcrsmtis
1746 2214 1812 2239 dua—

186 2256 374 2282 tantummodo
401 2257 524 2283 mediatre
548 2257 574 2284 in
596 2257 699 2285 Jacobo
727 2265 850 2293 respectu
882 2261 968 2288 Abra-

186 2299 275 2331 ltami;
295 2307 354 2326 nam
367 2299 484 2327 Jacobus
498 2303 714 2335 patriarcharum
727 2305 868 2332 duodecim
882 2311 967 2340 pater,

186 2345 303 2372 mediate
319 2350 422 2372 tantum
435 2346 468 2373 ab
483 2347 638 2376 Abrahamo
651 2354 692 2376 est
705 2350 822 2384 genitus,
835 2357 970 2388 quatenus

186 2391 270 2418 illium
284 2391 428 2418 Abrahami
443 2392 565 2420 lsaacum
578 2400 681 2428 patrem
696 2396 799 2428 habuit,
815 2397 871 2430 ipse
885 2398 970 2424 Altra-

186 2437 258 2464 hami
283 2445 375 2472 nepos.
395 2439 451 2466 Hoc
475 2442 593 2468 secundo
617 2443 696 2468 modo
728 2451 790 2470 vere
817 2449 930 2475 negatur
955 2453 969 2471 a

186 2485 342 2511 doctoribus
358 2486 500 2513 catholicis
520 2492 645 2514 sanctum
670 2488 802 2521 Spiritum
820 2490 934 2517 mediate
956 2498 969 2517 a

187 2529 268 2556 Patre
288 2531 442 2563 procrtlcre.
459 2532 509 2558 Sed
526 2538 567 2559 est
585 2533 637 2560 alia
661 2535 799 2567 processio
815 2534 970 2562 ianucdiata

187 2575 310 2603 simulet
331 2576 463 2608 Incdiata.
483 2578 560 2612 cujus
580 2579 696 2605 fortnam
724 2579 856 2607 Hicardus
880 2582 971 2608 statuit

188 2623 213 2648 in
230 2623 404 2656 generatione
419 2623 494 2651 Setiti
525 2633 556 2651 ex
583 2626 685 2651 Adamn
697 2630 723 2652 et
740 2626 804 2652 Eva.
823 2626 887 2652 Nam
905 2635 972 2660 quo-

187 2676 258 2694 niam
278 2667 331 2695 Eva
359 2677 390 2696 rx
419 2669 522 2695 Adamn
540 2675 727 2703 processerat,
753 2671 844 2702 utique
862 2679 892 2697 cx
915 2672 972 2706 cjus

185 2719 260 2740 costa
291 2714 417 2745 formata,
442 2714 516 2742 Sctlti
541 2715 684 2748 productio
713 2724 760 2749 per
791 2717 872 2743 Evam
903 2717 971 2744 facta

188 2761 305 2786 Inediata
322 2766 434 2787 eatenus
450 2767 573 2795 respectu
593 2761 688 2788 Adatui
704 2761 753 2789 luit
774 2771 781 2789 :
801 2771 893 2790 verum
910 2764 972 2798 quia

186 2806 258 2833 idem
277 2806 453 2833 nihilominus
477 2807 595 2834 Adamus
613 2815 660 2842 per
673 2815 702 2836 se
718 2809 751 2836 ad
764 2809 836 2836 illam
859 2817 974 2844 genera.

187 2853 290 2880 tionem
311 2853 459 2886 concurrit,
481 2853 635 2882 immediate
652 2855 746 2883 cadent
769 2856 872 2884 Adamo
889 2857 972 2885 cnti-

1020 2256 1080 2286 lius,
1097 2264 1211 2290 quarum
1233 2265 1285 2284 una
1307 2265 1340 2284 ex
1355 2258 1440 2284 altera
1457 2259 1631 2293 processerit.
1650 2258 1725 2285 Unde
1748 2267 1812 2285 cau-

1020 2309 1077 2328 sam
1097 2303 1198 2335 reperit
1215 2303 1347 2330 Ricardus
1363 2303 1529 2334 Victorinus,
1543 2305 1561 2331 l.
1585 2312 1598 2330 v
1612 2304 1650 2331 De
1671 2304 1810 2337 Τιὶηἱέηιε,

1020 2355 1045 2374 c.
1060 2348 1088 2380 7,
1102 2355 1151 2375 cur
1168 2349 1264 2376 ordinc
1287 2350 1424 2384 posterior
1437 2349 1472 2377 sit
1488 2350 1626 2384 processio
1640 2353 1725 2377 satu-ti
1749 2352 1811 2386 Spi-

1022 2393 1091 2420 ritns
1116 2395 1290 2427 processione
1309 2395 1370 2422 Filii
1389 2387 1395 2421 ξ
1415 2395 1584 2422 Naturalith
1609 2397 1719 2431 (inquit)
1739 2398 1813 2429 prior

1021 2444 1059 2465 est
1087 2441 1205 2467 dualitas
1229 2449 1309 2475 quam
1335 2442 1464 2468 trinitas:
1492 2451 1552 2468 nam
1575 2443 1623 2469 illa
1652 2448 1734 2475 potest
1756 2453 1812 2471 esse

1024 2487 1079 2513 sine
1095 2488 1157 2518 ista,
1175 2488 1227 2514 ista
1254 2496 1313 2516 vero
1335 2497 1470 2523 nunquam
1492 2489 1548 2516 sine
1564 2489 1624 2516 illa.
1645 2490 1813 2517 Naturaldar

1023 2532 1111 2566 ituque
1127 2538 1148 2558 et
1165 2533 1295 2565 processio
1310 2533 1383 2568 prior
1397 2539 1445 2566 est,
1460 2542 1518 2569 qua:
1533 2540 1613 2568 pateat
1629 2536 1769 2562 subsisture
1786 2537 1812 2562 in

1022 2586 1192 2612 prrtouarum
1208 2579 1349 2613 dualimte,
1366 2588 1443 2614 quam
1460 2580 1585 2614 illa.qu(e
1599 2589 1650 2607 non
1665 2586 1813 2611 potestate

1025 2624 1081 2651 sine
1110 2633 1281 2660 personarum
1324 2627 1455 2652 trinitate.
1489 2627 1558 2654 Hinc
1589 2628 1747 2662 intelligitur
1785 2628 1811 2654 id

1026 2671 1097 2704 quod
1124 2671 1212 2698 innuit
1243 2673 1332 2698 verbis
1351 2680 1433 2706 supra
1450 2673 1594 2707 descriptis
1612 2672 1726 2702 Vaccus.
1746 2682 1811 2707 pro-

1026 2717 1165 2751 prietatem
1196 2725 1258 2745 esse
1287 2718 1472 2745 distinctivam
1509 2720 1693 2752 processimus
1712 2719 1771 2746 Filii
1795 2728 1810 2747 a

1025 2764 1198 2798 proct‘ssione
1227 2764 1344 2798 Spiritus
1371 2765 1470 2796 sancti,
1499 2765 1569 2798 quod
1593 2765 1676 2792 Fiius
1700 2767 1810 2800 quidem

1024 2810 1155 2844 procedat
1165 2810 1199 2837 ab
1210 2818 1262 2838 uno
1276 2811 1333 2838 solo
1344 2807 1558 2845 prittripio‘quod
1570 2816 1670 2846 etquo,
1685 2812 1717 2839 ah
1729 2813 1810 2839 unita

1026 2856 1151 2884 nimirum
1184 2863 1299 2891 persona
1328 2856 1429 2890 divina,
1457 2856 1548 2890 Patre,
1572 2861 1597 2884 et
1625 2865 1672 2892 pcr
1700 2858 1809 2886 unicam
