1954 3063
142 155 192 186 801

900 155 1020 185 NOTIE.

1726 163 1778 195 802

140 212 344 247 generationem
382 212 499 239 activam
530 211 818 240 incommunicabilem
854 213 933 240 alteri
951 217 970 242 tt
985 214 1048 249 poni
1066 217 1170 248 poterat
1188 214 1252 242 illud
1270 214 1370 244 Christi
1387 217 1422 243 ad
1437 217 1625 252 Nicodemum,
1641 219 1720 248 Joan.
1733 230 1774 250 tu.

139 266 273 294 per-sonte,
293 258 410 294 Spiritus
429 266 492 286 vero
517 264 629 286 sanctus
645 260 774 294 procedat
789 264 816 288 et
835 268 932 296 pr0re-

139 305 202 332 derc
226 305 317 338 exigat
343 312 391 338 per
415 305 526 332 unicutn
549 305 657 340 quidem
673 306 755 341 739
769 306 930 340 principium

137 359 200 386 quo,
225 359 323 385 nempe
349 352 520 385 spirationcnt
539 353 650 378 artiram
677 353 783 380 unicam
815 353 932 381 indivise

136 404 314 432 propagatatn
334 405 367 424 ex
384 397 463 424 Patre
490 398 516 424 in
543 397 656 431 Filium,
682 404 772 426 tamen
792 407 806 426 a
826 400 930 427 dttobus

138 443 280 478 principiis
296 443 376 478 quod,
394 443 509 478 geminis
527 443 652 470 videlicet
669 444 930 479 personis,quarutn

138 490 182 516 ubi
199 490 275 523 prior
289 490 367 516 alteri
382 489 628 517 communicaverit
645 491 697 517 vim
721 491 856 526 propriam
874 492 931 526 spi-

138 537 228 570 randi,
242 537 326 563 amba:
343 537 535 571 conspirantes
560 544 607 571 per
628 545 707 564 unam
736 538 928 565 indivisihilem

137 584 323 618 operationem
357 584 507 618 producant
539 585 648 611 tertiam
679 592 841 618 personam,
869 593 931 619 quae

136 634 249 657 sanctus
263 635 305 657 est
322 630 450 664 Spiritus.
467 631 554 665 Atque
573 631 631 658 haec
651 635 690 659 est
703 632 747 658 illa
766 634 835 658 ratio
854 633 932 667 Λίβε-

136 677 229 703 rcntia:
247 684 326 711 quant
344 676 442 712 allegat
462 677 505 704 hic
522 676 634 710 Vaccus,
648 686 707 705 eam
729 679 837 705 obstare
853 680 930 706 aiens

137 724 283 757 qttomintts
312 723 365 750 dici
398 724 483 758 possit
511 724 629 758 Spiritus
658 725 781 752 continue
804 734 835 752 ex
849 725 931 752 Patre

137 769 280 804 προςεχῶς
295 770 328 796 ὲκ
342 769 388 796 τοῦ
405 771 526 806 Πατρός,
549 771 619 804 quod
635 772 750 804 sumpsit
775 779 806 798 ex
827 771 917 805 Gtt-go

136 815 179 842 rio
198 815 322 851 Nysseno
339 817 365 844 in
381 817 497 851 cpistola
523 820 555 844 ad
581 817 735 849 Ablabium,
751 819 821 844 unde
843 822 929 844 lotmn

136 862 211 889 hunc
235 863 322 889 locum
341 863 419 896 juvat
435 863 479 891 hic
493 864 659 898 descriptum
678 871 829 899 proponere
848 873 854 891 ε
873 864 926 891 Τοὗ

135 907 166 939 ἐξ
184 907 275 939 αἰτίας
287 907 362 939 ὄντος
377 909 458 935 πάλιν
474 909 560 945 ἄλλην
575 910 708 945 διαφορὰν
724 910 883 945 ἑννοοῦμεν”
896 910 927 937 τὸ

137 953 188 989 μὲν
215 956 269 990 γὰρ
296 955 441 991 προσεχῶς
457 956 489 982 ὲκ
511 955 558 982 τοῦ
584 955 706 990 πρώτου,
722 956 752 983 τὸ
767 957 795 983 δὲ
815 957 860 983 διὰ
881 956 928 983 τοῦ

135 1000 282 1035 προσεχῶς
295 1008 301 1015 ·
321 1000 388 1036 Ejus
407 1003 476 1035 quod
494 1010 526 1029 ex
539 1002 669 1037 principio
685 1009 721 1030 est
738 1011 831 1031 rursus
845 1003 929 1030 aliaat

134 1047 315 1081 diﬁ'ercntt‘am
343 1048 528 1083 intelligimus.
559 1048 629 1075 Nam
653 1049 727 1076 aliud
748 1050 871 1076 continue
897 1059 929 1077 ea:

134 1095 222 1128 primo
237 1099 284 1125 est.
302 1095 378 1122 aliud
390 1103 450 1122 vero
475 1103 521 1129 per
536 1096 603 1122 illud
618 1096 687 1130 quod
702 1102 740 1123 est
760 1098 883 1123 continue
897 1105 929 1124 ea:

133 1140 232 1173 primo.
247 1138 322 1166 Unde
337 1141 428 1167 statim
445 1141 525 1168 infert
545 1140 685 1176 Nyssenus
698 1142 781 1175 ideut,
795 1142 866 1174 ᾦστε
883 1145 939 1170 aut,

133 1185 167 1211 τὸ
195 1186 338 1220 μονογενὲς
361 1186 548 1221 ἀναμφίὅολον
577 1187 624 1214 ἐπὶ
651 1187 699 1214 τοῦ
726 1188 791 1215 Υῐοῦ
822 1190 945 1223 μένεινρ

136 1231 194 1259 Hoc
215 1231 274 1259 loco
301 1235 445 1268 μονογενὲς
464 1241 517 1259 non
544 1233 615 1260 ident
633 1235 704 1267 quod
726 1234 820 1262 Latine
836 1236 928 1270 unige-

135 1278 222 1304 nitum
248 1282 335 1309 sonat,
354 1279 412 1311 sed,
428 1283 506 1313 prout
532 1280 638 1306 erudite
663 1280 735 1306 hunc
755 1282 842 1314 ipsttm
860 1281 928 1315 Nys-

135 1323 195 1350 seui
211 1325 300 1350 locum
324 1328 444 1352 tractans
462 1325 580 1359 explicat
594 1325 702 1353 Manuel
718 1327 841 1360 Calecas,
859 1336 883 1354 c.
900 1329 927 1359 5,

134 1369 273 1404 signiﬁcat
297 1370 324 1396 id
349 1371 418 1404 quod
446 1380 527 1398 unum
543 1381 574 1398 ex.
589 1380 640 1399 uno
660 1373 824 1407 produci/ur.
840 1373 927 1401 Verba

134 1422 200 1444 sunt
223 1417 327 1444 Calceus
344 1426 350 1444 :
368 1418 419 1444 Καὶ
435 1419 464 1444 τὺ
481 1420 628 1453 μονογενὲς
653 1420 841 1454 ἁναμφιὸόλου
859 1421 928 1455 (lege

135 1464 342 1499 ἀναμφιϐόλιικ)
367 1465 413 1491 ἐπὶ
430 1465 475 1491 τοῦ
492 1465 559 1492 Υἰοῡ
587 1466 672 1501 μένει.
702 1467 790 1498 Μόνος
817 1467 870 1500 γὰρ
895 1468 927 1493 ἐκ

136 1509 236 1545 μόνου,
251 1511 311 1537 ἐπεὶ
326 1511 407 1546 μέχρι
417 1512 515 1538 τούτου
534 1512 642 1547 ἵστησιν
656 1513 669 1538 ὁ
685 1512 763 1546 λόγος
775 1514 824 1547 τῆς
841 1514 928 1548 ὑπάρ-

134 1556 204 1588 ξεως
221 1558 306 1585 αὐτοῦ
323 1558 354 1584 τὸ
370 1559 482 1592 ἰδίωμα·
503 1558 656 1594 Managenis
672 1559 766 1586 titulus
780 1560 835 1586 sine
848 1561 927 1586 dubio

987 260 1020 288 l0
1034 271 1039 288 ε
1055 260 1093 287 Τιι
1108 269 1134 288 es
1149 262 1277 296 magister
1293 263 1321 289 in
1333 262 1430 295 Israel,
1447 270 1470 290 ct
1484 265 1538 292 hcce
1553 266 1680 300 ignoras?
1694 268 1776 303 740

985 305 1061 339 Quod
1079 311 1169 332 autent
1191 311 1271 341 negat
1284 315 1312 334 se
1329 308 1367 334 ita
1386 309 1454 343 loqui
1472 311 1607 343 didicisse,
1625 313 1700 347 Culpa
1717 315 1775 348 ejus

985 357 1037 384 est,
1056 351 1127 385 quod
1145 353 1245 387 scripta
1263 354 1453 386 magis‘trorum
1468 364 1519 383 non
1532 357 1641 392 legisset
1654 364 1683 386 ut
1695 359 1776 386 tlchu-

985 403 1053 429 crat.
1073 398 1181 425 Patrum
1199 399 1327 426 nimirum
1343 402 1529 436 antiquorum,
1546 403 1589 431 ubi
1609 413 1667 438 quae
1682 406 1776 432 affert--

983 442 1030 470 bat
1045 442 1148 470 Vercus
1162 445 1315 472 invenerat.
1331 446 1383 473 Sed
1397 447 1475 482 longe
1492 449 1616 477 inscitius
1630 451 1708 484 hujus
1736 452 1776 478 rli-

984 493 1055 515 ctunt
1083 489 1199 516 refertur
1216 490 1299 522 infra,
1325 492 1368 518 ubi
1394 493 1582 520 sthisntoticus
1609 496 1659 522 iste
1683 497 1706 523 dt
1719 496 1777 523 linit

984 534 1110 561 haeresim
1128 537 1248 571 reputari
1266 537 1296 563 τὸ
1313 539 1441 573 συνιστᾷν
1458 538 1545 565 θέλειν
1560 540 1703 575 ἀσύνηθες,
1723 543 1774 569 κᾶν

984 582 1102 615 ἀσφάλὲς
1116 580 1160 617 ἦν,
1182 583 1301 610 stabilire
1319 585 1382 611 relle
1408 586 1541 613 insuetum
1560 588 1707 622 quippiam,
1725 591 1775 616 etsi

984 637 1106 655 securum
1136 630 1181 656 sit.
1198 630 1256 663 Quo
1273 631 1444 666 iniquissimo
1461 634 1551 660 edicto
1567 643 1662 662 omnes
1679 636 1775 663 Eccle-

982 675 1029 701 siae
1044 673 1151 707 Patres,
1169 683 1263 702 omnes
1279 675 1408 710 theologi,
1424 684 1519 705 omnes
1537 686 1677 706 sacrorum
1695 681 1775 707 libro-

985 730 1045 748 rttm
1064 722 1213 757 iutepretcs
1231 723 1258 750 in
1275 723 1464 751 lueretieorum
1488 726 1623 759 ergastula
1649 727 1773 760 cornpim

983 773 1095 802 cuntur.
1113 768 1218 802 Quotus
1243 768 1314 796 cnim
1340 770 1454 804 quisque
1472 771 1578 798 illorunt
1605 779 1657 799 non
1675 773 1773 807 aliquid

983 814 1084 848 profert
1101 815 1243 848 insuetum,
1261 814 1352 842 idiotis
1362 816 1510 850 prtcsertim
1526 821 1572 844 aut
1589 818 1613 844 in
1627 817 1716 845 studio
1731 827 1775 845 sa-

984 866 1038 885 cra:
1057 859 1188 886 doctrinae
1211 860 1391 895 negligentius
1414 863 1539 896 versatis,
1564 863 1669 898 qualem
1684 871 1713 891 sc
1729 865 1773 891 hic

979 905 1132 939 patriarcha
1145 905 1335 934 schistnaticus
1347 908 1434 941 prodit
1452 908 1463 934 Τ

1018 951 1083 979 Ibid.
1102 951 1151 980 Ubi
1162 953 1233 981 enim
1247 953 1308 987 plus
1322 955 1394 980 clare
1407 954 1628 988 deprehendatur,
1642 961 1693 984 etc.
1708 958 1773 985 Ver—

981 997 1014 1025 ba
1031 999 1396 1034 suntConstantinopolitani
1409 1002 1570 1035 patriarchae
1581 1003 1704 1038 Gregorii
1720 1005 1772 1040 Cy~

982 1046 1045 1080 prii,
1061 1053 1120 1080 qua:
1140 1046 1214 1073 illum
1232 1047 1379 1074 ostendunt
1395 1049 1479 1076 nihilo
1494 1054 1539 1076 aut
1557 1049 1706 1078 doctiorem
1725 1056 1772 1078 aut

985 1092 1197 1120 moderatiorem
1223 1094 1373 1122 Athanasio
1398 1096 1449 1122 isto
1470 1096 1663 1129 Alexandrino,
1690 1105 1769 1132 quam

982 1139 1063 1165 modo
1090 1140 1258 1169 notavimus.
1275 1140 1402 1169 Profecto
1429 1143 1514 1173 enim,
1531 1143 1552 1168 si
1568 1151 1598 1170 ex
1625 1151 1702 1177 atquo
1729 1151 1772 1170 re-

982 1186 1131 1219 spondente
1143 1186 1186 1213 vel
1203 1186 1282 1214 famae
1298 1195 1350 1223 qua
1369 1188 1569 1221 celebrabatur,
1590 1189 1631 1216 vel
1647 1190 1769 1224 dignitati

982 1239 1032 1263 qua
1053 1232 1184 1267 fulgebat,
1203 1239 1275 1261 esset
1291 1235 1443 1262 eruditione
1466 1236 1604 1270 praeditus,
1624 1244 1676 1263 non
1695 1237 1771 1269 lgna-

982 1282 1056 1304 rat-ct
1071 1285 1129 1312 quae
1144 1279 1175 1305 de
1199 1279 1355 1307 immediata
1372 1280 1451 1307 simul
1473 1286 1499 1307 et
1523 1281 1640 1308 metliata
1659 1289 1770 1316 proces-

980 1323 1058 1350 sione
1083 1324 1172 1351 sancti
1199 1324 1316 1359 Spiritus
1344 1333 1374 1352 ex
1400 1325 1479 1353 Patre
1508 1331 1623 1358 veteres,
1644 1332 1671 1353 ut
1686 1329 1771 1361 paulo
1816 1320 1823 1325 “

980 1369 1102 1402 superius
1120 1370 1297 1403 ostendimus,
1313 1370 1439 1398 Ecclesiae
1453 1373 1577 1399 doctores
1592 1380 1688 1407 magno
1704 1381 1770 1399 con-

980 1421 1061 1440 sensu
1080 1415 1206 1446 tradunt;
1226 1420 1253 1442 et
1273 1416 1294 1443 si
1307 1424 1366 1443 eam
1383 1418 1563 1444 reverentiam
1580 1418 1698 1452 antiquis
1715 1417 1769 1444 Pu-

981 1459 1067 1487 tribus
1090 1461 1223 1489 tribueret
1238 1469 1319 1496 quam
1338 1463 1373 1490 iis
1395 1470 1410 1490 a
1432 1463 1566 1491 catholico
1591 1464 1697 1498 quovis,
1714 1473 1771 1490 tua-

980 1506 1052 1533 xime
1069 1511 1159 1533 autent
1189 1507 1334 1542 episcopis,
1354 1509 1454 1536 deferri
1478 1516 1527 1544 par
1552 1514 1603 1540 cst,
1631 1517 1768 1543 nunquam

980 1553 1126 1587 nugatoria:
1143 1554 1312 1588 loquacitatis
1329 1555 1512 1589 plenissimam
1530 1556 1642 1586 diceret,
1658 1563 1738 1589 quam
1754 1564 1768 1582 a

135 1602 211 1629 Filio
224 1604 346 1637 proprius
367 1611 452 1631 manet
469 1612 477 1631 :
492 1605 563 1632 solus
578 1606 646 1632 enim
662 1614 694 1632 ex
709 1607 765 1633 solo
778 1611 827 1640 est,
843 1615 925 1642 quan-
942 1598 961 1625 ο
980 1604 1074 1626 δίδυαῐο
1098 1599 1228 1634 Gregorio
1255 1600 1375 1636 Νγεεεηο
1397 1601 1507 1629 ἀίεθτιίδ
1525 1601 1652 1629 ³ῘῘῙ¹Ἣ¹³ΓῘ
1676 1602 1769 1629 verbis

133 1650 274 1684 doquidem
304 1655 410 1677 eatenus
433 1651 580 1678 orthodoxa
605 1651 726 1679 doctrina
762 1653 831 1679 sistit
853 1653 925 1679 illius

133 1697 296 1724 exsistentitc
323 1697 520 1730 proprietatem.
539 1693 668 1724 Poturrat
703 1698 752 1725 ltoc
779 1698 925 1732 Gregorius

133 1741 274 1778 Nysseuus
301 1743 430 1770 didicisse
457 1751 471 1770 a
492 1744 601 1771 seniore
617 1744 701 1772 fratre
718 1744 833 1777 Basilio,
849 1746 926 1779 cujus

133 1795 227 1818 exstat
251 1790 284 1817 ad
309 1790 419 1817 fratrem
436 1790 586 1826 Nyssenum
604 1793 730 1825 cpistola,
748 1792 774 1818 in
799 1800 851 1826 qua
868 1794 926 1820 haec

133 1837 260 1871 leguntur
278 1845 284 1863 :
306 1837 336 1862 '0
361 1836 389 1863 δὲ
408 1836 483 1867 Υἱὸς,
501 1837 513 1863 ὸ
533 1837 563 1863 τὸ
587 1837 619 1863 ἐκ
644 1837 692 1863 τοῦ
721 1838 827 1872 [ἰατρὸς
845 1839 927 1864 ὲκπο-

134 1883 285 1919 ρευόμενον
301 1882 413 1918 Πνεῦμα
437 1882 471 1908 δι’
487 1882 584 1908 ἑαυτοῦ
604 1883 651 1909 καὶ
668 1883 728 1917 μεθ’
745 1883 844 1909 ἑαυτοῦ
858 1892 928 1917 γνω-

133 1929 231 1965 ρίζων,
252 1929 331 1963 μόνος
353 1928 507 1963 μονογενῶς
534 1931 565 1956 ὲκ
593 1929 640 1955 τοῦ
663 1929 812 1964 ἀγεννήτου
838 1929 926 1964 φωτὸς

133 1974 288 2010 ἐκλάμψας,
301 1975 430 2010 οὐδεμίαν
446 1975 517 2002 κατὰ
535 1975 565 2001 τὸ
581 1974 682 2006 ἰδιάζον
699 1975 753 2001 τῶν
769 1977 927 2010 γνωρισμά-

133 2031 189 2048 των
202 2023 252 2056 τὴν
268 2022 412 2048 κοινωνίαν
428 2021 486 2057 ἔχει
504 2021 571 2057 πρὸς
589 2022 634 2048 τὸν
653 2022 761 2056 Πατέρα
778 2022 794 2056 ἢ
811 2022 878 2057 πρὸς
895 2022 927 2048 τὸ

133 2067 250 2102 Πνεῦμα
263 2067 293 2094 τδ
308 2067 402 2102 ἅγιον·
418 2067 510 2094 Filius
538 2075 608 2100 vero,
631 2068 675 2101 sui
701 2075 733 2094 es:
761 2067 841 2094 Patre
865 2076 926 2101 pro-

132 2115 294 2149 gredientem
307 2113 434 2149 Spiritum
449 2123 496 2149 per
511 2123 538 2141 se
551 2115 636 2148 ipsum
650 2119 671 2141 et
684 2114 709 2140 in
722 2122 748 2140 se
763 2114 820 2148 ipso
836 2119 926 2140 uotum

133 2162 212 2196 I'acit,
228 2161 300 2188 solus
326 2162 437 2195 unigena
455 2161 532 2188 modo
546 2169 578 2188 ex
593 2161 710 2196 ingenita
733 2161 790 2187 luce
812 2161 927 2195 resplen-

132 2209 207 2240 dens,
222 2207 322 2234 nullam
334 2207 478 2234 secundum
493 2208 679 2242 proprietatem
698 2207 833 2234 nationum
856 2215 927 2234 com-

133 2254 282 2280 munionem
304 2253 381 2280 habet
403 2262 464 2280 cum
481 2252 564 2280 Patre
585 2258 630 2280 aut
647 2253 752 2288 Spiritu
771 2258 871 2279 sancto.
887 2251 926 2279 Ex

133 2301 233 2332 quibus
248 2300 376 2327 omnibus
394 2304 479 2334 patet,
493 2301 569 2334 juxta
586 2299 740 2327 doctrinam
764 2299 925 2326 catholicam

133 2346 256 2380 Patrum,
275 2347 530 2374 characteristicam
559 2354 621 2374 esse.
649 2346 841 2381 proprietatetn
865 2344 925 2372 Filii

132 2391 238 2424 aeterni,
259 2399 311 2426 qua
334 2398 362 2419 et
379 2399 394 2418 a
418 2392 499 2419 Patre
517 2396 545 2419 et
559 2399 574 2419 a
591 2391 695 2426 Spiritu
715 2397 812 2419 sancto
828 2391 926 2418 distin-

133 2438 234 2472 guitur,
251 2438 284 2465 ab
310 2447 361 2466 uno
387 2439 538 2474 procedere,
554 2439 612 2466 sive
629 2444 660 2466 ut
680 2439 800 2473 loquitur
819 2437 925 2465 Manuel

132 2487 260 2520 Cttlccas,
289 2487 371 2522 μόνον
394 2489 427 2514 ὲκ
452 2487 546 2523 μόνου,
569 2488 654 2514 solum
679 2495 710 2513 cs;
731 2486 787 2514 solo
801 2486 924 2520 produci.

134 2534 191 2560 lloc
216 2533 286 2561 idem
310 2538 352 2561 est
370 2534 441 2568 quod
460 2534 565 2562 Veccus
587 2541 620 2561 ex
645 2532 766 2569 Nysseno
790 2533 843 2559 hoc
866 2531 925 2558 loco

133 2585 211 2607 vocat
225 2589 281 2608 esse
298 2579 398 2608 Filium
419 2581 542 2607 continue
558 2587 590 2607 ea:
605 2580 694 2607 Patre.
710 2579 853 2606 Notionem
875 2585 924 2604 att-

135 2631 186 2653 tcnt
209 2634 241 2654 ac
267 2627 463 2662 proprietatem
485 2626 589 2661 pariter
605 2626 787 2654 distinctivam
806 2624 926 2659 Spiritus

133 2673 219 2700 sancti
234 2681 294 2701 esse
308 2673 417 2708 produci
430 2681 475 2708 per
488 2681 547 2700 eum
557 2673 601 2708 qui
618 2673 740 2700 continue
752 2671 866 2700 eaPotrc
876 2676 924 2703 cst,

135 2719 185 2746 huc
203 2724 256 2752 est,
274 2719 444 2747 identiticata
468 2719 572 2748 duabus
601 2720 725 2754 personis
744 2724 771 2746 et
798 2726 812 2745 a
838 2717 926 2752 prima

134 2766 210 2793 atteri
226 2765 425 2793 communicata
441 2765 592 2799 spiratione
609 2765 732 2800 produci.

170 2811 219 2848 [P.
235 2811 299 2847 528]
310 2811 340 2839 P.
361 2811 405 2839 97.
423 2812 466 2839 Ita
479 2820 538 2839 vero
554 2812 624 2848 loqui
640 2821 691 2839 non
706 2813 858 2846 didicimus,
873 2817 925 2841 etc.

137 2857 304 2893 Responsura
321 2863 363 2886 est
378 2858 554 2886 Alexandrini
579 2858 742 2893 patriarcha:
760 2867 793 2887 ex
811 2860 923 2892 lectulo,

135 2911 201 2932 sane
210 2904 422 2932 somniculosum
435 2908 461 2933 et
475 2904 696 2933 oscitabunduut.
713 2905 762 2933 Cui
776 2907 871 2934 merito
886 2914 928 2935 rc-

977 1646 1141 1673 scntentiant
1158 1647 1297 1674 fateretur.

1014 1691 1042 1718 1).
1062 1692 1106 1720 9S.
1126 1692 1253 1720 Fateatur
1267 1694 1450 1726 temeritatem,
1467 1698 1490 1720 et
1509 1694 1609 1721 veniant
1625 1693 1767 1728 poscimur.

978 1736 1067 1766 Verba
1087 1745 1151 1767 sunt
1181 1738 1271 1772 Vecci,
1295 1741 1321 1767 in
1340 1741 1437 1774 quibus
1464 1740 1504 1767 vel
1531 1741 1619 1768 ironia
1643 1740 1768 1775 quaedam

977 1788 1147 1820 agnosm‘nda
1170 1787 1250 1813 tacita
1268 1791 1319 1818 est,
1337 1787 1378 1812 vel
1393 1787 1534 1821 permissio
1550 1787 1703 1814 necessaria
1718 1788 1768 1813 Im-

978 1831 1043 1856 ntlui
1066 1838 1175 1858 causam
1193 1836 1324 1859 arcusattc
1341 1833 1508 1860 caluutniosc
1521 1833 1679 1859 innocentiae
1697 1832 1768 1866 apttd

978 1882 1179 1911 praeoccupatos
1197 1886 1289 1905 errore
1319 1878 1459 1905 iucurahili
1478 1879 1584 1913 judices
1603 1879 1702 1913 agenti.
1725 1877 1770 1904 Vi-

977 1917 1058 1950 debat
1077 1923 1122 1951 ille
1140 1932 1220 1951 ruere
1244 1924 1386 1951 manifeste
1399 1930 1425 1952 et
1451 1925 1676 1959 inconscqttcntcr
1694 1925 1767 1958 loqui

978 1969 1170 2003 patriarcham,
1200 1971 1245 1996 sed
1263 1977 1294 1996 eo
1323 1970 1468 2004 supercilio
1486 1975 1515 1996 ut
1541 1978 1570 1997 se
1591 1971 1689 1997 reviuci
1713 1978 1766 1996 tton

979 2021 1119 2047 passurum
1138 2019 1292 2049 appareret.
1310 2015 1421 2042 Frustra
1443 2015 1526 2049 igitur
1543 2015 1727 2047 contenderet,
1742 2016 1766 2042 si

978 2060 1116 2087 vindicare
1127 2068 1142 2087 a
1157 2061 1291 2087 calumnia
1305 2061 1465 2094 nugaritatis
1481 2061 1595 2096 impacta
1612 2067 1768 2095 usquequa-

978 2114 1030 2140 que
1049 2107 1227 2134 orthodoxam
1254 2107 1369 2142 Nysseoi
1388 2107 1537 2134 doctrinam
1556 2112 1723 2140 conaretur;
1740 2113 1768 2134 ct

978 2153 1087 2180 interim
1111 2153 1284 2192 occasionem
1309 2154 1431 2188 perderet
1449 2161 1478 2181 se
1495 2162 1526 2181 ac
1547 2162 1609 2180 suos
1628 2155 1661 2181 ab
1678 2156 1766 2181 Incre-

978 2207 1039 2227 scos
1060 2199 1171 2226 infamia
1191 2200 1333 2235 purgandi.
1357 2199 1569 2227 Usitatissimum
1588 2200 1708 2234 patronis
1725 2205 1766 2228 est

979 2255 1041 2274 reos
1059 2247 1085 2274 in
1100 2247 1200 2282 judicio
1213 2247 1429 2279 defendentihus,
1446 2253 1587 2282 postquam
1610 2248 1676 2274 satis
1695 2247 1766 2274 refu-

979 2298 1071 2319 tarunt
1084 2292 1302 2319 criminationem
1319 2293 1437 2327 aliquam
1456 2293 1544 2320 minus
1560 2293 1593 2319 atl
1612 2301 1666 2320 rem
1684 2293 1768 2327 pelti-

977 2343 1096 2371 neutem,
1109 2345 1142 2366 ea
1157 2347 1212 2366 non
1227 2340 1316 2372 agnita
1332 2339 1441 2374 quidem
1457 2347 1505 2373 pro
1519 2347 1590 2370 vera.
1605 2340 1650 2366 sed
1664 2340 1766 2366 omis~a

978 2384 1016 2411 uti
1033 2393 1127 2419 parum
1144 2385 1273 2418 curanda,
1296 2386 1399 2413 referre
1414 2393 1442 2413 se
1457 2387 1489 2412 ad
1512 2391 1592 2421 caput
1607 2393 1697 2413 causae
1717 2387 1767 2413 hoc

978 2436 1020 2458 aut
1038 2432 1122 2459 simili
1148 2439 1246 2467 genere
1266 2426 1417 2467 loquendi:
1435 2442 1444 2458 (
1467 2433 1564 2460 Verum
1590 2432 1625 2459 sit
1642 2433 1678 2459 ita
1703 2440 1769 2460 sane

978 2483 1006 2504 ut
1023 2478 1104 2505 vultis
1123 2488 1129 2506 :
1150 2484 1241 2506 tamen
1257 2480 1297 2506 vel
1312 2479 1363 2506 ltoc
1376 2479 1458 2506 etiam
1474 2486 1606 2506 conces~o
1622 2485 1698 2505 extra
1712 2478 1769 2505 cul—

978 2533 1039 2560 pam
1056 2533 1116 2553 esse
1131 2526 1157 2554 in
1176 2534 1266 2554 causa:
1278 2527 1367 2562 capite
1384 2535 1473 2554 meum
1489 2531 1643 2561 susceptum
1660 2531 1740 2562 patet.
1756 2535 1766 2552 ι

978 2572 1070 2600 Talem
1090 2574 1202 2601 omnino
1219 2581 1331 2601 sensum
1355 2574 1412 2601 lucc
1433 2573 1510 2601 Vecci
1526 2574 1605 2601 habet
1619 2574 1718 2606 oratio,
1739 2578 1769 2599 ut

978 2623 1050 2649 clare
1067 2622 1272 2663 intelligitur_ex
1288 2622 1527 2656 consequentibus.

1014 2668 1043 2695 Ρ.
1057 2667 1103 2696 99.
1117 2668 1244 2695 ΛΙΙιιΔεηε
1259 2668 1293 2695 ad
1307 2677 1401 2696 nomen
1414 2669 1499 2696 aliud.
1519 2668 1659 2701 Quodnam
1686 2667 1770 2694 fuerit

978 2715 1042 2744 illud
1067 2715 1139 2743 aliud
1164 2716 1261 2744 nomen
1288 2715 1396 2751 Georgii
1417 2714 1640 2749 Moschamparis,
1668 2722 1701 2741 ne
1726 2713 1769 2740 Ill.

979 2763 1087 2799 quidem
1104 2763 1220 2792 Allatius
1233 2764 1258 2791 itt
1276 2763 1481 2791 accuratissima
1505 2764 1537 2790 de
1552 2761 1676 2797 Georgiis
1704 2762 1771 2788 Dia-

979 2811 1049 2839 triba
1062 2811 1147 2839 multa
1170 2812 1202 2839 de
1219 2812 1270 2838 ltoc
1290 2818 1444 2838 memorans
1464 2809 1563 2845 prodit.
1580 2809 1655 2836 Licet
1677 2810 1768 2844 suspi-

979 2858 1035 2886 cari
1047 2866 1078 2885 ex
1098 2858 1201 2885 urbano
1225 2857 1272 2884 illo
1287 2857 1368 2883 νεα(τί
1388 2856 1470 2889 dicto,
1491 2855 1580 2890 φύλλα
1603 2863 1646 2886 τις
1670 2857 1767 2882 ἐπικα-

980 2903 1079 2932 θίσασα
1100 2910 1151 2933 etc.
1168 2904 1285 2939 Psyllum
1300 2903 1382 2932 fuisse
1410 2903 1640 2937 cognnnlnatum.
1662 2901 1765 2930 [tt-citat
