1954 3063
142 98 198 130 8θ3

604 93 637 126 Ρ.
659 93 812 125 POSSINI
834 91 1160 125 OBSERVATIONUM
1180 93 1253 122 LIB.
1276 92 1320 122 Ιῐ.

1709 89 1764 121 83$

144 128 216 181 hunc
231 152 307 188 74],
325 151 411 180 locum
425 159 452 187 p.
470 150 522 179 549
536 128 614 178 edita:
627 150 659 178 de
674 149 797 186 Georgiis
808 149 930 176 diatriba:
947 151 966 177 Δ
981 149 1062 176 sociis
1075 148 1204 183 judicium
1218 157 1226 180 ;
1245 152 1326 180 atque
1347 146 1397 173 hoc
1412 144 1498 180 ipsum
1514 144 1688 180 colloquium,
1704 153 1764 172 cum

146 200 224 226 modo
242 199 364 225 laudatus
377 198 435 226 'Lco
455 198 570 225 Albitius
587 205 646 224 cum
662 197 750 231 aliqua
772 196 929 223 diversitate

147 250 199 270 tam
218 244 243 270 in
264 248 392 270 contextu
414 242 508 270 Grzeco
533 251 612 277 quam
628 243 654 269 in
673 242 769 269 Latina
794 242 929 274 interpre-

147 291 257 322 tatione,
273 290 350 323 cujus
376 289 419 316 hic
443 290 589 315 admonere
607 288 734 314 lectorem
760 287 855 314 debeo.
874 285 930 313 lllie

146 336 229 370 igitur
245 335 287 362 illa
303 335 382 361 verba
392 334 482 369 ’φύλλα
492 340 536 365 τις
550 337 690 361 vertuntur
702 332 776 359 suis:
789 332 928 367 quispiam.

146 381 274 415 Suspicor
290 381 416 408 mendum
434 380 590 416 typothelaa,
606 379 652 414 qui
668 383 680 404 ε
702 386 749 413 pro
763 387 779 411 ρ
805 378 829 404 in
844 377 930 412 priori

146 427 277 454 vocabulo
294 425 423 458 posuerit,
442 425 512 452 facili
527 425 618 458 utique
630 425 716 459 lapsu.
734 423 838 458 qualem
858 432 932 449 anta-

146 473 290 500 nurnsium
310 471 350 508 [P.
368 471 432 507 529]
451 472 547 499 eruditi
565 476 714 506 agnoscunt
730 470 755 496 itt
779 471 839 497 loco
851 469 931 496 Plinii

145 519 165 545 1.
183 527 241 551 xu,
266 526 292 545 c.
316 517 372 545 40:
391 517 477 552 Napis
498 517 604 548 culices,
631 521 694 548 etc.,
723 516 766 543 ubi
784 524 817 543 ex
841 516 932 542 Thoo-

146 564 268 598 phrasto,
284 571 364 597 quem
380 563 560 594 describebat,
582 563 679 596 pulices
700 567 796 589 auctor
809 563 867 588 sine
882 562 932 588 du-

103 634 108 635 ,
147 611 191 637 bio
207 615 346 644 posuerat.
363 609 415 636 Sed
430 614 578 636 memorattt
605 609 710 643 dignior
724 609 749 636 in
766 609 868 635 Graecis
885 617 931 634 va—

148 657 232 683 rietas
247 659 299 682 est.
320 654 370 682 Ubi
389 654 460 681 enim
483 655 633 682 clarissime
650 655 734 681 codex
758 654 932 687 Barberinus,

149 701 247 727 l'umlus
271 705 371 728 nostra:
395 699 533 731 editionis,
557 699 636 727 habet
651 699 707 726 οὔτ’
730 700 856 735 ἀνασπᾷν
871 699 933 726 οὔτε

148 748 294 782 κατασπᾷ-μ
318 747 374 781 ἔχει
400 746 448 781 τὴν
472 745 609 780 πείρινθα,
625 745 668 772 lll.
695 745 820 777 Allatius,
838 745 879 772 vel
901 753 932 772 ex

147 793 258 828 proprio
274 793 379 825 codice,
400 799 480 827 quem
499 792 532 818 ad
548 799 655 818 manum
672 792 750 818 modo
767 799 820 818 non
838 792 933 823 habeo,

147 839 190 866 vel
203 847 234 866 ex
251 839 403 874 corijectura
422 838 485 872 legit
502 838 551 873 τὴν
565 837 708 872 μήρινθον.
724 837 861 864 Arbitrum
876 837 932 863 dis-

149 885 292 918 crepantia:
314 886 437 911 codicum
469 884 582 911 dttorum
609 884 768 910 Vaticanum
796 882 934 917 exemplar

147 931 247 956 ferrem
262 938 269 956 :
283 930 330 957 sed
347 930 368 957 is
384 935 525 964 utramque
543 930 615 956 illam
630 930 725 957 vitavit
742 937 844 961 vocem,
863 929 934 956 huttc

150 975 238 1002 locum
255 975 293 1002 sic
309 974 464 1009 exprimens
480 975 572 1002 εΨίλα
587 975 714 1009 (seribere
736 974 819 1001 voluit
837 973 934 1008 φύλλα)

148 1030 192 1053 τις
206 1021 354 1048 inexilith
385 1022 424 1057 τῷ
438 1022 489 1056 τῆς
507 1021 615 1056 ἁμάξης
628 1021 717 1056 ῥυμῷ,
734 1022 795 1056 ἥτις
809 1020 871 1047 οὔτε
889 1021 938 1055 βά-

151 1076 197 1102 ρος
212 1067 290 1104 φέρει
308 1069 340 1103 τῇ
359 1067 451 1103 ἁμάξῃ
467 1067 530 1093 οὔτε
547 1067 600 1103 μὴν
625 1068 742 1102 ἐλαφρόν
758 1075 785 1093 τι
802 1068 848 1094 καὶ
871 1066 936 1094 χοῦ-

151 1122 212 1148 φον,
229 1115 367 1141 verbosius
379 1121 459 1148 quam
482 1114 661 1142 breviatorem
679 1114 777 1147 decuit,
803 1121 852 1141 nec
867 1113 937 1140 mul-

152 1165 207 1186 tutn
241 1161 387 1195 eleganter.
420 1160 475 1195 Ego
501 1169 549 1187 cur
580 1161 737 1194 abrogatem
772 1160 851 1186 ﬁdem
877 1166 937 1186 meo

152 1207 300 1241 archetypo
316 1214 423 1233 causam
441 1214 493 1233 non
512 1206 604 1237 habui.
620 1213 680 1234 Cum
694 1206 776 1241 proba
792 1212 819 1232 et
834 1205 939 1241 Pachy-

153 1260 226 1279 tuere
243 1254 258 1279 «ι
271 1260 321 1286 gua
342 1253 463 1279 videatur
482 1253 539 1280 hmc
565 1253 653 1286 lectio,
680 1257 772 1287 utpote
793 1261 872 1286 quatit
889 1261 938 1287 ap-

152 1302 247 1332 pareat
257 1299 362 1324 ductam
375 1305 407 1324 ex
420 1298 536 1326 llomero
549 1298 630 1325 Iliad.
653 1308 692 1326 ως
707 1299 808 1331 Ἀὐτὰρ
820 1299 861 1332 ὅγ’
875 1297 937 1330 υἷας

153 1344 400 1379 ἃμαξανέθτροχον
412 1345 552 1380 ἡμιονείην
564 1346 671 1372 ὁπλίσαι
687 1345 796 1380 ἠνώγει,
812 1346 938 1380 πείρινθα

153 1390 181 1415 δὲ
198 1389 278 1424 δῆσαι
296 1389 338 1415 ἐπ’
364 1391 460 1425 αὐτῆς,
477 1395 503 1417 ct
530 1391 623 1426 Odyss.
648 1400 680 1418 οε
707 1391 762 1417 Καὶ
786 1392 819 1418 τὰ
837 1392 885 1427 μὲν
911 1392 940 1424 ἐς

154 1435 280 1470 πείρινθα
294 1436 363 1463 τίθει
383 1437 575 1473 Πεισίστρατος
587 1438 673 1473 ἣρως.
688 1438 803 1474 Quorum
818 1438 938 1465 locorttni

980 200 1072 222 secuta
1087 202 1194 221 reorum
1211 195 1364 221 auditorum
1382 192 1618 222 condettttiatione,
1632 193 1764 227 synodum

981 245 1115 272 vocatam,
1131 248 1210 274 cujus
1225 246 1285 267 acta
1303 239 1436 274 publicata
1453 240 1504 265 rite
1515 239 1581 266 sint.
1601 237 1686 273 Hujus
1702 246 1768 272 qua-

981 286 1122 320 li~cuuque
1149 286 1243 321 synodi
1263 284 1402 319 exemplar
1423 284 1561 318 antiquum
1580 290 1674 311 nactus
1688 283 1767 311 Jaco-

982 333 1033 360 bus
1061 332 1222 359 Sirmoudus
1237 338 1343 364 uoster,
1366 333 1392 359 id
1417 332 1627 360 communicavit
1652 331 1768 358 llcttrico

980 376 1128 410 Spondano
1150 377 1275 411 episcopo
1294 377 1462 410 Apamiensi,
1485 377 1531 411 qui
1558 384 1691 403 summam
1708 376 1768 411 ejus

982 423 1092 450 exhibet
1111 423 1138 449 iu
1159 431 1207 450 sua
1225 423 1428 450 continuatione
1446 423 1590 450 Annalium
1611 423 1717 450 Baronii
1733 423 1768 450 ad

984 477 1083 495 annum
1100 469 1177 500 1285,
1190 477 1217 496 n.
1236 469 1279 496 to.
1292 469 1396 496 Dicitur
1409 469 1463 496 illic
1480 470 1530 496 ista
1544 471 1661 504 synodus
1678 470 1770 496 habita

983 517 1032 543 sub
1048 515 1203 542 Andronico
1232 513 1382 550 Palmulogo
1406 517 1570 550 imperatore
1589 520 1616 543 et
1639 516 1770 550 Gregorio

983 561 1138 595 patriarcha
1152 566 1246 588 contra
1262 559 1393 589 Joannem
1411 560 1529 588 Veccnm
1546 567 1573 589 et
1584 562 1664 596 hujus
1681 562 1770 590 socios

983 607 1190 634 Constantinum
1220 606 1398 636 Melitenioten
1421 612 1447 634 ct
1472 606 1618 641 Georgium
1641 607 1771 634 llletochi-

983 655 1050 684 tam,
1073 652 1118 686 qui
1138 652 1295 680 Latinorum
1326 654 1421 687 dogma
1438 654 1470 680 de
1491 654 1668 687 processione
1683 654 1771 688 Spiri-

985 703 1028 725 tus
1049 698 1134 724 sancti
1159 698 1357 731 proﬁtebantur
1386 699 1420 725 ab
1437 698 1515 726 annis
1543 704 1615 726 octo.
1637 698 1713 727 Hunc
1734 699 1771 726 ibi

986 753 1126 772 numerum
1140 745 1205 771 Acta
1219 745 1312 780 synodi
1327 745 1492 779 exprimunt,
1512 753 1545 772 ex
1561 753 1614 778 quo
1626 745 1700 772 illaut
1717 746 1770 774 hoc

987 799 1058 818 anno
1074 791 1238 818 celebratam
1266 791 1408 824 evincitur,
1429 791 1484 824 qui.
1505 796 1531 818 ut
1546 791 1616 818 libro
1630 793 1709 818 tertio
1722 793 1772 819 ha-

987 846 1046 865 rum
1072 837 1316 867 Observationum,
1333 845 1357 864 c.
1384 838 1412 869 ‘2,
1435 837 1695 868 demonstrabimus,
1710 845 1774 866 vere

985 889 1096 913 octavus
1109 887 1151 909 est
1165 882 1198 908 ab
1211 882 1278 909 inito
1293 890 1307 908 a
1322 881 1409 909 Vecco
1421 883 1607 917 patriarcbatu
1621 887 1649 910 et
1665 889 1771 917 recepta

989 931 1076 966 palam
1092 928 1174 963 (qttod
1187 928 1236 955 sub
1252 928 1322 955 idem
1332 933 1438 962 tempus
1449 929 1572 963 contigit)
1582 928 1774 956 Constantino-

987 977 1039 1012 poli
1066 975 1256 1003 communione
1282 982 1344 1002 cum
1361 973 1485 1002 Ecclesia
1510 974 1642 1002 Romana.
1672 974 1774 1002 Deinde

988 1026 1139 1049 memorant
1172 1020 1267 1048 eadem
1309 1022 1375 1047 Acta
1405 1020 1604 1056 pseudosynodi
1640 1019 1772 1047 Joannem

987 1068 1105 1096 Veccum
1127 1067 1182 1102 jam
1200 1072 1263 1094 ante
1277 1067 1312 1094 ob
1325 1067 1448 1094 eamdem
1470 1074 1580 1095 causam
1599 1066 1682 1094 fulsse
1696 1066 1774 1093 dam-

986 1119 1081 1142 natum
1096 1114 1122 1140 in
1136 1114 1251 1146 quadam
1276 1112 1431 1141 Graecorum
1453 1114 1555 1148 synodo
1570 1122 1576 1146 ;
1594 1121 1673 1148 quam
1689 1120 1774 1147 appa-

988 1165 1028 1188 ret
1041 1168 1099 1187 eam
1119 1167 1179 1187 esse
1195 1160 1272 1194 cujus
1288 1159 1411 1186 meminit
1426 1164 1528 1192 noster,
1552 1167 1578 1194 p.
1594 1160 1638 1187 54.
1661 1159 1727 1186 Nam
1746 1159 1773 1186 in

988 1214 1018 1234 ea
1047 1206 1140 1232 dicunt
1159 1204 1273 1232 Veccum
1297 1204 1412 1232 libellum
1432 1206 1619 1239 resipisceutiw
1649 1205 1694 1241 [Ρ.
1709 1204 1775 1242 550]

988 1251 1122 1282 obtulisse,
1141 1258 1192 1285 quo
1211 1250 1392 1285 acquiescebat
1415 1250 1582 1277 damnationi
1608 1258 1639 1276 ac
1669 1250 1775 1284 deposi-

987 1298 1054 1325 tiom'
1069 1305 1134 1324 suae.
1153 1296 1198 1323 Sic
1220 1297 1348 1323 nintirum
1377 1296 1522 1330 appellant,
1536 1304 1617 1330 quam
1641 1301 1777 1323 extortam

989 1345 1027 1372 ibi
1041 1343 1138 1377 ,Vecco
1153 1343 1333 1377 Pacbymeres
1348 1346 1441 1368 narrat
1468 1343 1686 1376 subscriptionem
1699 1350 1775 1369 cont-

990 1395 1068 1428 positi
1081 1393 1172 1422 libelli,
1187 1401 1237 1428 quo
1253 1391 1382 1427 professio
1396 1396 1473 1418 rech
1489 1389 1551 1424 ﬁdei
1566 1388 1778 1424 conjungebatur

991 1449 1049 1468 cum
1065 1441 1219 1467 amolitione
1241 1439 1433 1473 suspicionum.
1459 1437 1480 1463 si
1495 1444 1552 1471 qua:
1569 1436 1595 1462 in
1611 1436 1777 1462 contrarium
1808 1453 1809 1456 η

153 1481 186 1507 ad
203 1483 319 1516 priorem
333 1482 491 1510 Eustathius
512 1484 588 1511 docet
604 1484 732 1519 πείρινθα
750 1484 800 1510 dici
822 1484 851 1510 τὸ
864 1485 937 1510 πλιν-

991 1491 1137 1517 εςιειαι·εηι,
1161 1485 1254 1521 quibus
1281 1484 1315 1510 ad
1337 1487 1480 1510 extremum
1505 1481 1676 1508 annertebant
1698 1480 1778 1506 abdi-

154 1527 211 1554 θὶον
225 1528 254 1553 τὸ
277 1528 332 1554 tivo)
347 1528 396 1562 τῆς
418 1529 537 1564 ἁμάξης,
553 1529 620 1556 ὅπου
641 1530 674 1555 τὰ
689 1530 788 1564 φορτία
807 1529 940 1556 ἐπιτίθεν-

153 1582 209 1603 ται,
223 1573 254 1600 ad
272 1575 446 1607 posteriorem
462 1581 551 1602 autent
567 1575 631 1610 εΕίη
651 1575 674 1602 δ’
689 1575 720 1601 ἂν
743 1575 869 1610 πείρινθα
893 1576 940 1602 καὶ

153 1618 170 1653 ἡ
189 1618 240 1652 προ
257 1618 353 1644 τούτου
377 1618 491 1652 ρηθεῖσά
507 1627 556 1644 που
580 1619 730 1653 ὺπερτερία
748 1619 794 1645 ἐπὶ
806 1618 856 1652 τῆς
869 1619 939 1645 κατὰ

154 1663 202 1698 τὴν
227 1664 388 1690 Ναυσικάαν
411 1665 530 1699 ἁμάξης,
546 1665 613 1699 ὅπερ
635 1666 658 1691 οι
685 1665 798 1700 ὕστερον
819 1665 940 1700 ἐσχάραν

154 1711 295 1738 καλοῦσιν.
310 1711 348 1738 Ex
364 1712 461 1745 quibus
479 1712 607 1738 habemus
624 1711 749 1747 πείρινθα
764 1713 853 1738 vocari
867 1711 940 1739 iocu-

155 1757 209 1784 lum
231 1762 276 1785 aut
289 1758 383 1785 cistam
405 1758 461 1785 sive
477 1765 586 1791 capsum
602 1758 745 1791 quamdam
765 1758 857 1785 formae
873 1766 940 1793 qua-

156 1803 239 1830 drata:
254 1803 378 1830 curribus
393 1804 491 1838 imponi
512 1804 618 1830 solitam
635 1804 773 1838 capiendis
787 1805 866 1831 rebus
881 1812 941 1839 quae

155 1849 284 1876 vehenda:
302 1849 366 1881 sint,
384 1850 551 1885 ὑπερτερίαν
565 1854 592 1876 cl
613 1850 733 1886 ἐσχάραν
753 1850 813 1877 aliis
829 1851 939 1878 dictam.

155 1895 233 1923 Unde
249 1896 324 1927 satis,
350 1895 454 1929 opinor,
475 1896 628 1922 defenditur
649 1901 740 1923 nostra
766 1901 792 1923 et
817 1896 895 1923 lectio
915 1900 942 1924 et

155 1941 254 1968 versio.
276 1941 329 1968 Nec
349 1942 438 1969 obstat
458 1942 528 1976 quod
553 1941 634 1969 verba
659 1942 786 1977 ἁνασπᾷν
805 1947 832 1969 et
856 1951 943 1969 κατοι-

156 1988 227 2023 σπᾷν
238 1987 322 2022 magis
339 1987 484 2015 convenire
496 1988 638 2015 videantur
652 1987 777 2023 μηρίνθῳ
789 1988 847 2022 funi
861 1996 941 2022 quam

155 2033 275 2068 πείρινθι
302 2033 416 2068 plaustri
434 2033 520 2060 sistro.
550 2033 605 2060 Etsi
624 2033 695 2060 enim
720 2033 841 2060 trahendi
868 2034 942 2061 notio

154 2087 187 2106 el
205 2080 308 2114 Origine
332 2079 397 2113 ipsis
422 2079 492 2106 inest.
515 2079 706 2113 cettgruentior
726 2078 783 2106 funi
803 2080 943 2106 tractionis

154 2126 343 2157 instrumento,
356 2129 445 2151 tamen
458 2132 511 2151 non
521 2126 610 2152 minus
622 2124 748 2159 frequens
766 2129 808 2152 est
828 2126 942 2152 istorum

155 2172 297 2198 Verborum
311 2179 375 2197 usus
387 2170 420 2197 ad
437 2170 640 2204 signiﬁcandam
658 2170 871 2205 depressionem,
881 2179 940 2204 qua),

156 2217 183 2243 lit
194 2215 374 2251 aggravando,
385 2221 429 2241 aut
440 2215 662 2246 sublevationent,
673 2223 732 2250 quae
743 2216 772 2242 lit
797 2216 941 2243 minuendo

156 2263 271 2298 pondus.
285 2262 420 2289 Utscnsus
432 2262 476 2288 hic
488 2261 534 2293 sit,
551 2261 665 2296 pulicem
683 2262 842 2290 insidentem
855 2267 941 2290 tracto

156 2317 217 2336 cum
235 2309 337 2343 impetu
356 2308 446 2334 currui
464 2315 512 2334 nec
525 2308 624 2335 addere
646 2316 695 2335 nec
711 2309 852 2336 detrahere
866 2308 943 2343 quid-

157 2362 236 2389 quam
253 2353 355 2384 oneris.
372 2354 418 2380 sed
441 2353 551 2387 perinde
572 2353 672 2381 habere
687 2361 718 2381 ac
735 2356 757 2381 si
784 2361 836 2380 non
857 2358 941 2381 esset.

191 2400 222 2428 P.
241 2400 303 2427 100.
321 2399 385 2427 Volo
403 2405 427 2426 et
439 2400 510 2426 vobis
529 2389 683 2432 orthodoxe,
703 2404 756 2427 etc.
772 2399 824 2428 Per
840 2400 941 2434 hYper-

156 2446 244 2473 boletn
263 2446 319 2473 haec
336 2446 387 2472 dici
409 2445 572 2473 credendum
587 2452 640 2478 est,
657 2452 683 2473 et
709 2454 739 2473 ea
757 2446 856 2472 ﬁducia
878 2454 941 2480 qua,

156 2494 177 2520 si
197 2493 290 2520 lierettt
306 2500 365 2527 quae
382 2492 438 2519 ﬁeri
457 2500 509 2519 non
527 2500 604 2527 posse
617 2493 661 2528 qui
676 2493 793 2526 loquitur
806 2493 941 2527 intelligit,

156 2539 179 2567 is
203 2547 233 2566 se
259 2539 332 2565 durae
365 2539 481 2574 cuipiam
503 2539 595 2573 objicit
627 2539 786 2566 conditioni.
820 2539 942 2566 Similem

155 2585 299 2620 qttamdam
314 2585 435 2611 nonnulli
450 2585 607 2619 interpretes
618 2586 768 2620 appingunt
779 2584 941 2611 sententiam

157 2632 210 2658 illis
225 2631 306 2658 lilosis
321 2636 348 2657 et
364 2630 438 2657 Pauli
456 2631 545 2657 verbis
565 2637 572 2657 :
592 2630 701 2657 Dimitte
723 2630 778 2656 illis
790 2649 797 2662 ,
820 2635 867 2657 aut
884 2630 943 2658 dele

157 2679 235 2705 uiede
249 2677 424 2713 libro(E:t:od.
442 2685 507 2708 uti,
521 2678 580 2712 5‘2);
596 2683 622 2705 et
638 2687 644 2704 :
661 2678 789 2711 Optabam
803 2678 943 2706 anathema

156 2732 210 2750 esse
222 2733 237 2750 α
258 2724 360 2750 Christo
377 2732 424 2758 pro
435 2723 562 2758 fratribus
579 2724 642 2750 meis
665 2722 752 2758 (Rom.
771 2732 808 2756 tx,
823 2724 862 2759 5).

193 2770 274 2806 742
306 2770 487 2804 Supplendum
512 2769 555 2796 hic
582 2770 652 2803 quod
674 2770 820 2798 historicus
842 2771 944 2798 diserte

158 2823 210 2844 nou
235 2817 370 2852 exprimit,
390 2815 522 2851 perlatum
542 2824 555 2843 a
570 2816 752 2844 scbismaticis
768 2817 800 2845 de
815 2815 903 2844 Vecco
917 2821 944 2845 et

992 1533 1119 1560 cntionem
1131 1531 1282 1558 sacerdotii.
1299 1529 1426 1563 Adjungit
1441 1527 1662 1562 pseudosynodus
1674 1525 1779 1553 codiris

992 1577 1176 1605 Sinuondiani
1191 1575 1308 1603 Veccum
1327 1580 1419 1610 postea
1439 1574 1465 1600 in
1481 1574 1596 1607 priorem
1613 1571 1777 1599 sententiam

992 1623 1116 1651 rediisse.
1135 1621 1162 1649 Id
1179 1629 1243 1648 vero
1274 1621 1387 1661 negabat
1413 1618 1526 1650 Veccus,
1554 1619 1598 1652 qui
1622 1626 1654 1645 eo
1677 1618 1779 1652 scripto

992 1676 1022 1696 se
1039 1675 1181 1695 revocasse
1195 1668 1274 1694 ﬁdem
1291 1666 1365 1701 prius
1377 1668 1574 1701 propugnatam
1593 1672 1645 1691 non
1655 1663 1779 1690 credide-

991 1719 1046 1747 rat,
1062 1715 1108 1742 sed
1137 1719 1242 1741 tantutn
1260 1712 1391 1747 temporis
1418 1719 1500 1739 causa
1530 1711 1628 1737 throno
1651 1710 1778 1737 cessisse.

993 1761 1121 1796 Sequitur
1134 1761 1189 1788 illic
1205 1759 1343 1787 sententia
1359 1756 1598 1786 condemnationis
1613 1758 1640 1783 in
1659 1755 1779 1784 Veccum

992 1812 1019 1835 et
1037 1808 1104 1834 duos
1115 1807 1172 1842 ejus
1195 1806 1285 1833 socios
1302 1805 1373 1836 lataa,
1392 1813 1452 1832 cum
1472 1803 1640 1831 refutatione
1660 1803 1779 1838 capitum

993 1853 1124 1880 doctrinae
1142 1852 1246 1879 illorum
1262 1852 1294 1878 de
1307 1851 1410 1885 Spiritu
1428 1854 1534 1882 sancto,
1548 1855 1575 1878 et
1594 1852 1689 1878 iterata
1705 1851 1781 1878 dete-

993 1899 1109 1927 statione
1125 1899 1203 1925 factaa
1212 1898 1412 1925 conciliationis
1424 1897 1613 1924 Ecc'esiarum
1632 1897 1733 1924 Gra‘cte
1748 1904 1780 1924 ac

993 1945 1105 1976 Latinae,
1126 1953 1208 1980 quam
1227 1944 1423 1978 πεπλασμένην
1438 1943 1594 1978 οἰκονομίαν
1606 1944 1652 1969 καὶ
1667 1943 1781 1979 εἰρήνην

994 1992 1129 2028 πολεμίαν
1150 1996 1256 2018 vocant.
1275 1991 1417 2017 Adduntur
1430 1989 1456 2016 in
1476 1990 1529 2016 ﬁne
1551 1990 1779 2024 subscriptiones,

995 2038 1082 2073 primo
1096 2037 1268 2072 imperatoris
1282 2036 1371 2064 rubris
1383 2036 1491 2068 litteris,
1508 2036 1674 2063 Andronicus
1685 2036 1711 2062 in
1727 2036 1780 2064 Deo

994 2085 1078 2119 ﬁdelis
1102 2091 1146 2110 rea:
1170 2088 1194 2110 et
1209 2083 1353 2116 imperator
1381 2082 1469 2109 Ducas
1488 2082 1603 2117 Angelus
1631 2081 1781 2109 Contnenuz

995 2128 1175 2162 Palzrologns.
1200 2127 1298 2153 deinde
1321 2126 1491 2161 patriarcha,
1510 2125 1652 2160 Gregorius
1678 2127 1782 2153 miseri-

993 2175 1083 2202 cordia
1103 2173 1150 2200 Dei
1167 2173 1285 2206 archiep.
1303 2172 1334 2200 C.
1353 2171 1385 2199 P.
1402 2163 1473 2200 nam
1490 2172 1579 2199 Ποηιιε
1593 2177 1616 2199 et
1639 2173 1780 2199 mcunmti-

994 2230 1040 2248 cu:
1056 2221 1220 2255 patriarcha.
1240 2219 1420 2246 Snbscribunt
1436 2219 1498 2246 inde
1513 2219 1548 2246 42
1564 2219 1693 2254 episcopi,
1712 2227 1781 2252 quo-
1823 2236 1830 2246 .

994 2275 1052 2293 rum
1078 2267 1179 2300 primus
1205 2263 1371 2292 estJoannes
1390 2264 1558 2298 Ephesinus,
1584 2270 1610 2291 et
1625 2272 1638 2291 e
1658 2265 1732 2292 clero
1752 2265 1779 2291 in

993 2312 1123 2346 dignitate
1153 2311 1294 2338 censtituti
1326 2311 1423 2344 viginti
1463 2315 1535 2337 octo.
1563 2310 1650 2338 Locus
1679 2312 1779 2346 Synodi

994 2358 1110 2385 omissus
1128 2365 1155 2384 tn
1175 2357 1267 2384 codice
1282 2355 1433 2388 Sirmondi,
1466 2357 1526 2388 fuit.
1543 2362 1571 2383 ιιι
1599 2357 1781 2392 Parbymeres

993 2404 1081 2434 docet,
1100 2403 1256 2429 Alexiacum
1280 2402 1429 2429 triclinium
1453 2402 1479 2429 in
1503 2403 1604 2436 palatio
1624 2403 1778 2430 Constanti-

994 2449 1164 2482 nopolitano.

1030 2495 1060 2522 P.
1078 2495 1139 2522 109.
1153 2493 1237 2522 Sacra
1262 2493 1436 2528 Hoplollteca.
1457 2493 1506 2521 Hic
1527 2494 1605 2525 liber,
1622 2495 1692 2528 quod
1709 2495 1780 2522 scire

995 2542 1128 2568 hactenus
1151 2541 1284 2574 potuerim
1297 2560 1304 2572 ,
1325 2548 1379 2567 non
1405 2544 1508 2568 exstat.
1523 2541 1655 2568 Collectio
1671 2541 1729 2574 fuit,
1753 2546 1782 2568 ut

995 2592 1121 2623 apparet;
1139 2587 1359 2614 testimoniorum
1377 2594 1392 2614 e
1408 2586 1544 2619 Patribtts,
1559 2595 1606 2622 per
1621 2595 1680 2621 quae
1693 2588 1782 2622 impu-

995 2634 1071 2670 gnari
1088 2638 1113 2659 et
1127 2633 1250 2660 convinci
1270 2634 1384 2660 haereses
1413 2637 1533 2667 possent,
1559 2641 1645 2668 eaque
1676 2642 1781 2661 smnma

994 2688 1059 2708 cura
1078 2684 1104 2707 et
1119 2679 1170 2706 ﬁde
1185 2678 1256 2706 facta
1269 2688 1276 2713 ;
1291 2680 1363 2706 unde
1375 2679 1413 2707 illi
1434 2681 1513 2714 vulgo
1539 2681 1712 2715 prcejudicata
1739 2681 1780 2706 in-

995 2726 1150 2753 dubitabilis
1173 2725 1252 2761 ’143
1281 2726 1419 2753 ﬁdelitatis
1446 2729 1594 2753 auctoritas
1625 2727 1780 2754 '(ltlllil'SCIll.

994 2772 1033 2799 Ex
1058 2779 1090 2798 eo
1115 2773 1186 2805 quod
1213 2772 1292 2806 paulo
1321 2777 1382 2807 post
1405 2773 1457 2800 hoc
1483 2773 1542 2799 loco
1569 2780 1735 2800 mentoratur
1757 2774 1783 2801 ei

995 2818 1068 2857 operi
1085 2823 1184 2846 attesta
1202 2819 1401 2854 erceptiuucula
1425 2818 1550 2847 συνηριεηὶ
1574 2819 1706 2847 Mauueh‘s
1726 2821 1785 2848 Au-
