1954 3063
123 129 177 162 805

861 127 981 159 NOTAE.

1696 127 1749 159 836

124 189 196 226 gusti
212 187 390 216 rubmouentia
405 186 542 222 quippiam
561 187 594 213 ad
607 185 769 213 sententiam
786 185 822 213 ibi
839 184 908 212 reci-
926 188 946 215 Α
961 181 1147 210 Srholasticus
1171 181 1329 214 monachus,
1346 180 1489 209 Matthrens
1513 183 1675 216 monachus.
1694 184 1749 211 Ma-

127 242 209 262 tatam
238 234 268 261 S.
295 232 411 260 Joannis
445 233 605 260 Damasccni
640 231 789 267 pertinens,
815 231 911 258 oborta

125 282 191 308 Inibi
206 280 325 314 suspicio
341 280 463 314 quaedam
480 284 533 310 est,
548 286 628 313 quam
647 286 707 305 meo
724 277 845 312 periculo
867 277 911 304 hic

124 332 259 358 exponam
282 323 394 358 judiciis
424 323 556 350 lectortttn
581 323 761 349 eruditorum.
789 321 857 355 Quid
887 320 912 347 si

125 370 258 398 Munnelis
281 370 413 397 Comneni
434 370 513 403 jussu
540 369 714 402 compilatam
743 373 770 395 et
802 369 912 394 nomine

123 406 417 443 cditam~autumemus
434 415 597 450 farraginem
616 415 694 441 istam
714 414 911 441 sententiarum

123 463 247 494 Patrum,
265 470 325 497 qua:
345 470 393 496 pro
411 462 625 488 armamentario
638 469 696 488 esse
711 465 801 495 posset
818 462 914 486 catho-

124 509 186 536 licis
203 509 336 543 theologis
357 513 391 536 ad
407 507 587 535 beterndoxos
614 507 829 543 impugnandos?
841 506 912 533 Sane

124 555 186 582 talia
201 555 314 582 curandi
331 555 432 581 avitum
449 554 602 589 exemplum
621 554 727 581 Manuel
743 554 847 584 habuit,
864 561 911 580 ne-

123 609 172 635 pos
197 601 292 635 utique
322 600 499 634 imperatoris
530 600 617 627 Alexii
646 599 791 632 Comneni,
828 609 910 636 quem

125 646 210 680 ipsius
230 647 298 679 lilia,
313 645 445 673 Manuelis
461 647 543 672 amita
559 647 636 673 Anna
655 652 789 674 memorat
803 648 912 675 Alexin-

125 693 165 720 dis
185 692 203 719 l.
220 700 265 724 xv,
297 700 324 727 p.
345 692 397 719 490
418 693 463 720 ed.
486 692 552 726 Reg.
570 701 682 721 curasse
697 701 765 728 opus
785 695 911 728 componi

122 743 149 765 et
179 738 221 764 cdi
240 739 392 771 argumenti
418 743 500 773 atque
526 746 591 766 usus
611 746 663 766 non
689 740 834 767 absimilis.
852 739 910 767 Non

124 785 174 812 erit
198 784 247 811 abs
263 793 292 812 re
306 785 387 811 verba
408 785 450 812 hic
469 787 552 811 Annae
565 793 666 820 patiere
677 785 753 820 juxta
776 786 911 820 interpre-

123 831 256 858 tationem
272 834 402 858 nostram.
418 830 470 858 Ubi
488 831 543 865 egit
560 831 619 858 l'use
632 833 664 858 de
680 831 779 859 Basilio
793 834 910 867 quodam

964 229 1051 256 ximus
1074 227 1240 262 Margnnius,
1256 228 1364 255 Gabriel
1391 228 1507 255 Severus
1528 229 1751 264 Philadelphien-

965 275 1014 306 sis,
1041 273 1171 307 Georgius
1193 273 1330 305 Cnrcsius,
1364 280 1391 300 et
1407 275 1506 308 passim
1532 275 1589 307 alii,
1620 277 1751 310 colligunt

964 329 1023 347 cum
1040 328 1153 355 negasse
1167 321 1251 347 sancti
1269 320 1388 354 Spiritus
1401 322 1602 355 procrssiouem
1615 330 1647 349 ex
1662 323 1749 350 Filio:

964 367 1010 393 sed
1021 372 1046 393 ct
1062 374 1076 392 e
1096 366 1294 393 recentioribus
1308 365 1410 393 Latinis
1428 366 1452 392 id
1470 374 1518 400 pro
1539 372 1614 393 certo
1629 367 1749 396 admittit

962 412 1061 442 Joann,
1085 412 1224 439 Gerardns
1243 412 1368 444 Vossius,
1389 413 1406 440 l.
1434 421 1453 440 ιι
1471 412 1508 440 De
1524 413 1656 441 historicis
1672 415 1749 442 Gra-

963 460 1011 489 rt's,
1029 466 1054 493 p.
1066 458 1129 486 281.
1144 458 1214 491 Quin
1235 459 1319 486 multo
1339 465 1403 486 ante
1415 460 1457 486 vir
1473 467 1585 487 summa:
1599 463 1750 489 auctorita—

965 505 998 532 tis
1019 504 1047 532 S.
1063 504 1117 532 Th.
1145 507 1239 533 doctor
1260 506 1405 539 Angelicus
1431 506 1500 532 idem
1526 513 1699 535 concesserat
1723 508 1750 536 in

963 551 1083 584 Summa,
1102 559 1121 578 ll
1144 556 1232 586 parte,
1257 557 1354 586 quaest.
1379 552 1423 583 56,
1441 558 1492 579 art.
1516 553 1544 585 2,
1565 554 1610 580 ubi
1624 561 1685 580 cum
1699 554 1749 581 sibi

963 599 1108 631 obiecisset
1123 604 1283 633 argumento
1303 599 1319 625 3
1333 599 1405 626 hunc
1422 599 1510 634 ipsum
1530 599 1618 627 locum
1652 600 1749 627 Dama-

963 645 1050 676 sceui,
1064 645 1103 672 sic
1129 645 1274 678 respondet
1292 652 1299 670 :
1317 645 1356 671 ΑΔ
1383 645 1399 672 5
1424 646 1562 672 dicendum
1586 647 1655 680 quod
1668 646 1752 680 Spiri-

963 696 1017 717 tum
1044 697 1163 718 sanctum
1190 700 1241 718 non
1269 692 1407 726 procedere
1435 700 1451 718 a
1480 692 1550 719 Filio
1566 697 1650 728 primo
1665 693 1715 728 fuit
1735 702 1751 721 a

965 736 1134 764 Nestoriauis
1161 738 1352 769 introductum,
1379 744 1405 764 ttt
1428 743 1499 773 putet
1516 740 1541 765 iu
1557 740 1670 773 quodam
1683 748 1752 774 synt-

963 783 1021 809 bolo
1042 783 1262 810 Nestorianorum
1291 784 1418 811 damnato
1435 785 1460 811 in
1484 784 1616 817 Ephest'na
1639 788 1750 818 synodo.

965 827 998 854 Et
1022 829 1090 855 [tunc
1116 837 1232 856 errorem
1261 835 1365 856 secutus
1392 829 1441 863 fuit
1473 829 1649 857 Thcodorirus
1670 830 1752 865 (forte

123 882 239 903 auctore
265 877 377 903 haeresis
400 884 481 910 quam
502 863 582 904 {vocat
604 863 817 911 Bogoniiloruni,
842 885 910 912 quo-
927 863 948 890 Β
964 874 1105 908 legendum
1124 874 1306 910 Tlteodoritus)
1335 874 1511 902 Nestoriauus
1537 881 1561 902 et
1581 875 1669 909 plures
1693 881 1752 910 post

124 931 184 949 rttm
205 924 331 955 dogmata
352 927 378 950 et
396 922 521 950 facinora
541 924 576 951 ob
595 924 788 958 turpitudinem
809 924 910 951 referre

124 975 153 996 se
166 970 268 995 audere
293 973 384 1002 negat,
408 976 558 997 memorem
582 971 751 996 verecundiae
769 969 908 997 mulierem

125 1022 242 1048 eamque
254 1015 403 1049 principem
417 1015 547 1047 decentis,
561 1015 599 1042 sic
609 1017 740 1042 continuo
751 1016 888 1051 subjungit
902 1026 908 1044 :

126 1060 192 1093 Qum
211 1061 235 1087 si
252 1061 295 1087 cui
310 1069 388 1087 nosse
412 1061 481 1087 tanti
494 1067 543 1089 est.
566 1062 702 1088 consulere
719 1063 740 1089 is
757 1063 851 1095 poterit
879 1063 912 1089 li-

126 1106 202 1133 brum
226 1107 271 1141 qui
302 1107 456 1133 inscribitur
484 1106 640 1141 Dogntaticu
667 1107 808 1141 Puttopit'a,
833 1109 911 1142 jussu

126 1154 176 1179 mei
198 1154 283 1187 patris
298 1154 425 1187 scrip'um
450 1158 527 1187 atque
543 1150 659 1179 ezlitum.'
682 1155 782 1181 Auctor
795 1155 853 1189 ejus
873 1161 911 1182 est

125 1199 269 1225 monachus
298 1200 454 1234 Zygadenur
481 1200 594 1231 nomine,
612 1206 689 1227 notus
717 1202 830 1228 dominre
850 1211 913 1230 mea:

125 1245 191 1271 ruite
206 1250 342 1272 mutet-utr.
359 1250 382 1270 et
397 1246 515 1271 omnibus
533 1245 585 1271 Deo
603 1247 685 1272 sacris
702 1246 859 1281 hominibus,
870 1257 914 1276 sa-

125 1290 274 1316 cerdotibus
288 1298 318 1315 ac
335 1290 502 1324 pontiﬁcibus
516 1290 671 1324 fumiﬁaris.
688 1291 766 1318 Hunc
782 1301 912 1320 summum

125 1337 331 1370 grammaticum
346 1339 514 1370 eamdemque
532 1337 659 1362 rhetorem
685 1345 736 1364 non
757 1338 914 1366 inexercita-

126 1388 192 1413 tum,
210 1382 346 1415 theologia:
355 1391 412 1409 vero
421 1388 443 1408 et
456 1383 575 1409 catholici
587 1383 717 1417 dogmatis
727 1392 781 1417 pra
793 1386 913 1413 omnibus

125 1428 342 1460 scientissimum,
354 1429 488 1463 Angustus
504 1435 578 1462 pater
591 1438 662 1456 meus
674 1431 708 1456 ad
717 1439 745 1457 se
760 1433 912 1458 accersitum

127 1474 203 1505 iusn't
215 1473 334 1508 digerere
351 1475 442 1501 ordine
457 1475 484 1501 in
502 1483 566 1510 opus
583 1482 780 1503 tmumcunctas
792 1479 912 1508 litorea-es,

125 1524 148 1546 et
171 1521 312 1554 unicuique
336 1519 426 1547 relate:
447 1521 586 1554 sigillatim
597 1529 725 1556 opponere
743 1523 914 1557 refutatione:

126 1570 279 1592 nudorum
299 1564 421 1598 Patrum,
437 1571 496 1600 post
510 1575 598 1594 omnes
623 1569 733 1602 denique
756 1570 913 1604 aubjungrre

127 1611 250 1637 ultimam
275 1611 342 1638 hanc
365 1610 560 1646 Bogomilorum
581 1613 700 1639 Itaerrsim
720 1615 826 1649 ejusque
851 1617 915 1650 dog-

128 1662 210 1689 mata,
221 1663 297 1691 prout
311 1665 339 1684 ea
350 1657 445 1690 imptus
457 1657 500 1684 ille
511 1657 625 1684 Basilius
637 1666 803 1693 exposuerat.
817 1660 856 1687 Ea:
868 1665 915 1687 hoc

128 1703 216 1730 Alerit'
238 1705 361 1729 ntoutlato
380 1704 480 1730 exstitit
495 1711 558 1738 opus
574 1705 663 1739 ingens
684 1706 772 1740 plures
786 1707 813 1733 iu
835 1707 915 1735 libros

129 1750 266 1781 tributum,
285 1750 328 1776 cui
343 1750 471 1784 hodieque
497 1751 620 1777 universo
637 1751 752 1778 adhaeret
769 1754 917 1780 nomencla-

129 1796 165 1822 tio
185 1796 220 1822 alt
240 1796 397 1830 imperatore
421 1797 536 1830 primum
559 1799 707 1832 excogitata
728 1804 804 1834 atque
830 1800 915 1827 indita

129 1843 268 1877 illequam
293 1843 408 1869 diximus
429 1842 565 1878 Panoptia:
587 1845 760 1879 dogmaticw.
778 1845 915 1874 Hactenus

130 1889 224 1920 Anna;
242 1895 273 1915 ex
289 1889 368 1923 cujus
383 1889 473 1916 verbis
487 1889 550 1924 quis
571 1891 692 1923 prudens
713 1898 766 1918 non
783 1896 915 1925 agnoscat

131 1936 202 1962 baud
228 1936 402 1963 abhorruisse
425 1943 439 1962 a
459 1936 540 1970 genio
561 1936 658 1964 domus
681 1936 838 1969 Comnenre,
869 1943 915 1965 aut

130 1981 164 2008 ab
179 1981 270 2007 indole
284 1981 412 2014 peculiari
430 1981 559 2008 Manuelis
574 1981 616 2017 [P.
635 1981 698 2016 53H
712 1990 846 2010 summam
862 1985 914 2010 sibi

130 2036 231 2062 ponere
247 2027 319 2055 soliti
337 2029 362 2055 in
389 2029 539 2056 imitatione
560 2030 708 2057 facinorum
731 2032 818 2057 omnis
835 2038 916 2066 gene-

131 2075 168 2101 ris
179 2075 353 2101 laudatorum
374 2074 400 2102 in
416 2083 465 2102 avo
481 2082 530 2102 suo
545 2076 640 2102 Alexio
657 2076 789 2110 Augusto,
802 2077 916 2104 descen-

128 2121 193 2149 dere
208 2122 235 2148 in
250 2128 344 2148 curam
361 2122 541 2149 concinnandi
554 2122 615 2149 talis
626 2123 812 2150 commentarii
828 2130 854 2150 et
866 2131 916 2151 suo

128 2168 232 2196 nomini
251 2167 309 2202 ejus
324 2168 469 2195 editionem
484 2169 630 2203 imputaudi
641 2169 652 2197 τ
664 2169 692 2196 lu
707 2177 761 2204 quo
776 2168 846 2197 forte
862 2178 913 2198 non

130 2221 225 2248 parum
253 2214 292 2241 illi
318 2214 453 2249 profuerit
479 2216 553 2250 prior
580 2215 623 2242 illa
640 2214 775 2251 Zygadeni
791 2216 913 2251 scriptio,
932 2236 953 2263 ο

129 2267 211 2295 quam
227 2260 340 2287 resectis
355 2265 458 2287 tantum
475 2261 703 2296 descriptionibus
724 2263 867 2289 haeresium
887 2269 914 2290 et

132 2306 340 2335 recitatiOnibus
371 2307 551 2334 absurdarum
583 2309 776 2340 assertionum,
811 2310 915 2339 quibus

130 2354 181 2381 illte
196 2354 369 2386 constabant,
394 2357 452 2380 tum
481 2355 645 2381 testimoniis
674 2355 784 2382 Patrum
799 2364 812 2381 a
829 2355 916 2390 Zyga-

131 2400 201 2426 deuo
214 2399 353 2432 congestis
367 2399 394 2425 in
422 2399 546 2426 ordinem
564 2401 735 2427 commodum
752 2401 916 2433 distributis,

132 2445 310 2477 lreviaverit,
325 2449 351 2472 et
366 2444 467 2479 proprii
481 2446 598 2472 nominis
610 2437 774 2473 auctoritaﬁ
785 2447 916 2473 ιηιιιιίιιιιη

131 2492 281 2527 Vulgaverit
294 2499 364 2519 navo
382 2491 461 2519 titulo
477 2491 554 2527 ἱερᾶς
571 2491 815 2527 ὀπλοθήκης,ιιιενί
830 2500 919 2519 arma-

132 2539 267 2565 meritorii.

167 2585 234 2611 Ibid.
253 2585 296 2612 Αἰι
316 2585 439 2612 nimirum
455 2584 524 2611 idem
539 2588 657 2611 sanctus.
679 2584 718 2612 Ex
745 2585 787 2612 his
818 2585 916 2612 Dama—

133 2630 205 2656 sreni
233 2629 333 2661 verbis.
362 2637 421 2664 quae
443 2630 567 2664 leguntur
586 2629 718 2664 hodieque
746 2631 816 2664 apud
843 2630 917 2657 illum

135 2675 152 2702 Ι.
172 2683 179 2702 ι
196 2674 234 2702 De
255 2675 318 2709 ﬁde,
333 2676 432 2709 capite,
455 2680 484 2701 ut
503 2675 613 2709 quidam
636 2676 732 2708 citant,
759 2676 792 2702 i2
817 2677 878 2712 (ego
892 2677 918 2704 in

134 2721 164 2748 il
189 2721 293 2755 reperio
309 2722 352 2748 ed.
371 2720 533 2748 Basilecnsis
552 2721 614 2748 anni
632 2721 747 2756 1575,p.
760 2722 815 2756 45),
839 2722 920 2758 744.

134 2775 189 2794 non
221 2767 301 2794 modo
324 2767 412 2794 Graeci
437 2767 604 2794 schismatici
631 2767 746 2802 antiqui,
784 2768 919 2797 Macarius

133 2814 306 2848 Ancyranus.
327 2814 473 2847 Gregorius
493 2812 627 2845 Palamas,
658 2812 792 2847 Josepbus
819 2814 920 2849 Bryen-

133 2859 208 2892 nius,
239 2859 369 2887 Emanuel
410 2859 576 2893 Palmologns
601 2860 752 2899 lAugu‘ltts,
784 2859 918 2894 Georgius

964 922 1060 956 ipsum,
1075 923 1143 949 inter
1156 931 1220 957 quos
1236 923 1285 957 fuit
1300 924 1377 950 client
1408 923 1597 950 Damnst-enus.
1627 923 1701 951 Unde
1725 925 1753 951 in

964 968 1013 994 hoc
1045 969 1101 1002 ejus
1128 969 1264 996 sententia
1294 977 1345 995 non
1364 974 1401 996 ext
1427 970 1561 1001 standum,
1589 971 1706 1004 quanti-is
1735 978 1752 997 α

964 1015 1123 1049 quibusdam
1139 1015 1247 1041 dicatur
1262 1015 1331 1050 quod
1348 1015 1526 1042 Dmuascenus
1539 1016 1606 1042 sicut
1626 1024 1677 1042 non
1690 1025 1753 1043 oon-

965 1060 1052 1094 ﬁretur
1065 1059 1194 1093 Spiritum
1209 1065 1328 1086 sanctum
1344 1068 1399 1087 esse
1420 1068 1434 1087 a
1452 1060 1530 1091 Filio,
1547 1062 1584 1087 ita
1606 1062 1685 1088 etiam
1701 1069 1752 1087 non

967 1111 1085 1140 negatae:
1102 1107 1127 1132 vi
1150 1107 1297 1133 verborum.
1324 1105 1361 1133 Ita
1386 1106 1423 1134 ibi
1446 1111 1557 1134 Sanctus
1577 1107 1681 1134 doctor.
1701 1107 1753 1134 De-

966 1151 1078 1178 fendunt
1096 1157 1184 1178 tamen
1206 1152 1254 1179 hic
1282 1152 1316 1178 ab
1340 1159 1432 1179 errore
1451 1153 1645 1179 Damascemnu
1666 1152 1751 1180 Graeci

966 1205 1073 1232 quoque
1093 1199 1154 1232 ipsi,
1177 1199 1224 1225 sed
1248 1199 1391 1226 Ortbodoxi
1409 1203 1434 1225 et
1455 1198 1537 1225 alieni
1560 1207 1573 1225 a
1595 1199 1752 1230 schismate.

967 1244 1133 1279 Nicephorius
1149 1244 1309 1276 Blemmida,
1326 1252 1368 1272 or.
1394 1244 1426 1272 ad
1444 1243 1573 1272 Jacobnm
1595 1246 1752 1280 episcopum

967 1291 1098 1325 Bulgaria:
1120 1291 1152 1317 de
1176 1282 1348 1324 processione
1365 1290 1481 1325 Spiritus
1508 1292 1611 1325 sancti;
1629 1291 1755 1319 Bessariu

967 1337 1124 1368 canlinalis,
1137 1338 1217 1371 epist.
1234 1338 1266 1363 ad
1286 1337 1408 1364 A‘exiuni
1426 1337 1563 1364 Lascarim
1580 1337 1754 1365 Pbilantltro-

968 1391 1077 1418 penum,
1099 1389 1124 1410 et
1141 1384 1265 1410 oratione
1283 1384 1437 1418 dngtnatica
1456 1384 1488 1410 ad
1506 1384 1637 1418 synodum
1654 1383 1752 1411 Orien-

969 1429 1067 1459 taletn;
1095 1427 1246 1454 Demetrius
1269 1428 1418 1462 Cydanius,
1441 1429 1573 1462 opusculo
1597 1429 1633 1455 De
1650 1437 1755 1463 proces-

968 1475 1039 1501 sione
1056 1473 1172 1507 Spiritus
1184 1475 1283 1507 sancti;
1298 1474 1431 1508 Josephus
1443 1474 1628 1502 Methonensis
1643 1481 1669 1502 et
1687 1475 1754 1502 Gre-

969 1522 1060 1554 gorius
1091 1520 1310 1554 Ptotosyncellus
1327 1527 1420 1547 contra
1436 1523 1515 1555 epist.
1535 1521 1614 1548 Marci
1632 1521 1751 1556 Ephesii,

967 1565 1125 1593 Gennadius
1142 1567 1295 1599 patriarcha
1312 1574 1360 1600 pro
1375 1567 1490 1593 concilio
1502 1566 1665 1597 Florentino,
1681 1573 1752 1601 quos

966 1619 1060 1638 omnes
1086 1612 1185 1642 laudat.
1215 1612 1352 1639 fusissime
1379 1619 1406 1639 et
1429 1613 1612 1640 eruditissime
1633 1618 1752 1639 tractans

967 1658 1037 1684 bttne
1053 1658 1153 1689 locum.
1175 1658 1214 1685 lll.
1231 1658 1283 1685 Leo
1297 1659 1420 1691 Allatius,
1441 1659 1458 1686 I.
1478 1667 1496 1686 ιι
1513 1659 1551 1685 De
1566 1659 1637 1686 Eccl.
1658 1658 1751 1687 Occid.

964 1709 990 1731 et
1008 1703 1112 1731 Orieut.
1125 1710 1250 1740 perpetua
1269 1706 1448 1738 consensione,
1464 1704 1528 1732 αἱ.
1547 1705 1646 1731 llorum
1664 1705 1753 1739 plero—

966 1758 1079 1784 rnmque
1106 1759 1154 1786 pro
1187 1751 1355 1778 Damasceno
1385 1753 1524 1786 responsio
1546 1751 1603 1778 fere
1624 1751 1753 1778 coincidit

966 1804 1026 1823 cum
1053 1798 1197 1831 postremis
1223 1798 1252 1824 S.
1281 1797 1390 1825 Thomte
1416 1799 1560 1832 Aquinatis
1583 1801 1662 1825 modo
1686 1797 1752 1824 rela-

969 1843 1002 1869 tis
1035 1843 1134 1870 verbis.
1156 1843 1241 1870 Aiunt
1266 1844 1370 1871 scilicet
1397 1849 1424 1871 et
1440 1844 1483 1870 isti
1515 1851 1684 1878 nequaqnan
1710 1851 1753 1870 se-

966 1889 1011 1922 qui
1024 1897 1056 1915 cx
1073 1897 1105 1916 eo
1114 1891 1183 1923 quod
1193 1890 1292 1916 scribat
1304 1889 1487 1916 Damascenus
1496 1898 1522 1917 se
1531 1898 1581 1916 non
1595 1890 1680 1916 dicere
1694 1890 1754 1923 Spi-

967 1934 1047 1960 ritum
1062 1943 1093 1961 α
1109 1935 1187 1967 Filio,
1205 1936 1297 1969 negari
1316 1937 1349 1961 ab
1371 1937 1430 1970 ipso
1453 1936 1524 1962 istud
1550 1937 1649 1970 ipsum.
1674 1936 1750 1968 Qua:-

967 1981 1028 2008 dam
1052 1981 1124 2008 enim
1139 1986 1211 2007 certa
1232 1989 1265 2007 ex
1286 1988 1368 2009 causa
1393 1989 1445 2008 non
1463 1981 1597 2012 dicuntur,
1615 1989 1674 2016 quae
1697 1989 1751 2008 non

967 2032 1103 2061 negantur
1126 2032 1228 2059 tamen,
1247 2028 1310 2062 quia
1336 2029 1416 2054 verba
1443 2035 1503 2062 qum
1525 2028 1642 2055 haeretici
1667 2035 1752 2063 pravo

967 2082 1046 2101 sensu
1083 2075 1256 2109 protulerint,
1291 2075 1424 2101 interdum
1461 2075 1588 2102 catholiti
1625 2082 1753 2102 verentur

967 2128 1107 2154 usurpare,
1137 2128 1171 2148 ne
1197 2121 1290 2148 audita
1316 2126 1444 2155 putentur
1472 2123 1605 2156 appictam
1635 2122 1686 2149 illis
1705 2130 1753 2156 per

968 2167 1109 2193 datnnatos
1124 2172 1248 2194 auctores
1260 2168 1347 2194 adhuc
1362 2167 1479 2194 retinere
1493 2169 1666 2195 sententiam.
1680 2169 1754 2201 Quo.

969 2213 1040 2239 uiam
1069 2220 1134 2248 ergo
1163 2214 1311 2241 Eunomius
1339 2214 1482 2241 Trinitatis
1511 2216 1754 2244 consubstantialis

968 2258 1053 2285 hostis
1078 2263 1201 2286 sanctum
1222 2260 1351 2294 Spiritum
1375 2267 1436 2286 esse
1460 2268 1491 2286 ex
1511 2257 1578 2287 Filio
1596 2261 1752 2290 afﬁrmave-

968 2309 1021 2335 rat,
1047 2311 1080 2330 co
1100 2304 1203 2330 scilicet
1227 2305 1306 2331 modo
1321 2305 1346 2331 id
1367 2305 1519 2340 intelligens
1535 2315 1589 2340 quo
1614 2308 1700 2341 ipsum
1719 2317 1752 2336 ex

967 2349 1048 2377 Patre
1082 2350 1179 2376 Filiqu
1205 2355 1233 2378 et
1259 2350 1377 2378 Verbum
1405 2360 1457 2379 non
1483 2356 1753 2383 consubstantialiter

967 2397 1115 2430 procedere
1133 2397 1233 2428 aiebat,
1249 2397 1371 2424 vitabant
1391 2399 1515 2427 catholici
1532 2400 1692 2434 sitnplicitcr
1713 2408 1753 2429 ta-

969 2442 1020 2469 lem
1039 2443 1201 2468 sentenliam
1222 2443 1330 2475 ell'erre,
1355 2445 1396 2470 cui
1413 2453 1445 2472 cx
1467 2446 1520 2473 late
1539 2448 1646 2481 vulgato
1663 2448 1754 2475 Emm-

969 2488 1015 2514 mii
1032 2496 1125 2515 errore
1139 2490 1245 2523 reprobi
1262 2492 1394 2525 dogmatis
1409 2492 1541 2519 calumnia
1556 2494 1678 2522 insereret.
1695 2495 1753 2527 Qua

969 2534 1025 2560 sola
1042 2536 1168 2562 cautione
1185 2536 1252 2562 idem
1267 2535 1448 2565 Damascenus
1462 2538 1561 2573 refugit
1576 2548 1674 2567 vocare
1688 2541 1753 2568 bea-

969 2584 1024 2607 tam
1052 2580 1163 2607 Mariam
1188 2581 1397 2617 Cbristiparam,
1424 2584 1487 2612 licet
1507 2585 1618 2613 minime
1641 2593 1754 2622 ttcgarct

969 2633 1029 2654 eam
1056 2634 1120 2654 rere
1144 2627 1282 2655 Christum
1312 2630 1459 2663 peperisse.
1486 2637 1590 2659 tantum
1616 2641 1649 2660 ne
1675 2640 1754 2662 utens

970 2673 1043 2701 notis
1058 2674 1148 2702 verbis
1165 2673 1293 2708 Nestorii,
1307 2677 1405 2711 quibus
1416 2677 1460 2705 ille
1478 2679 1657 2706 bmresiarcba
1679 2681 1754 2708 blas-

971 2722 1095 2754 phemam
1131 2729 1206 2748 suam
1233 2724 1402 2757 exprimebat
1431 2725 1598 2760 opinionem,
1626 2734 1754 2760 personas

971 2767 1037 2793 duas
1053 2766 1164 2794 Christo
1180 2767 1363 2802 albugentem,
1381 2770 1461 2805 755
1478 2771 1597 2798 divinam
1612 2776 1639 2798 et
1657 2773 1754 2800 buma-

972 2820 1045 2846 nam,
1073 2814 1113 2840 sic
1141 2819 1170 2840 ut
1196 2815 1280 2841 Maria
1313 2816 1396 2843 solius
1417 2817 1541 2844 humame
1561 2824 1682 2852 persona:
1696 2827 1755 2846 ma—

971 2866 1013 2888 ter
1029 2865 1110 2894 csset,
1126 2861 1195 2889 unde
1212 2861 1284 2889 illam
1301 2863 1480 2891 contendebat
1494 2864 1691 2899 Cbristiparam
1708 2874 1756 2894 vo-
