1954 3063
196 104 247 136 807

652 99 686 131 ι’.
709 99 861 131 POSSINI
881 88 1209 130 ons’snmnosun
1231 100 1303 130 ιλιι.
1327 100 1364 130 n.

1757 99 1809 130 8T8

196 163 251 190 cari
266 161 374 194 debere,
387 168 439 188 non
457 164 545 187 autem
559 158 701 194 Deiparam
713 167 719 185 :
733 164 764 184 ne
781 157 842 189 illis,
857 158 978 191 inquam,
994 161 1017 188 Α
1032 157 1117 191 pergit
1131 158 1240 189 diserte,
1256 160 1391 187 accurate,
1409 156 1557 190 eleganter,
1573 156 1671 182 acriter
1686 164 1745 190 quae
1758 157 1812 191 Cy-

196 207 290 235 iisdem
312 206 495 232 Damascenus
513 205 602 231 verbis
624 207 701 230 utens
721 202 804 229 videri
821 206 912 236 posset
928 201 978 227 min

196 261 246 279 nus
262 252 346 278 cautis
366 260 417 278 non
432 251 499 277 satis
516 250 598 276 vitare
618 248 808 282 contagionem
839 247 978 273 Nestoriu-

196 306 236 325 nae
253 298 332 328 labis,
348 305 401 324 non
433 297 518 323 solum
539 295 572 322 iis
589 295 625 321 uti
648 293 774 325 noluerit,
792 293 832 328 [Ρ.
850 291 913 328 532]
931 293 977 318 sed

196 344 276 370 etiam
294 350 462 377 nequaquam
478 350 507 368 se
519 342 555 368 ita
572 341 645 374 loqui
658 340 758 366 diserte
772 340 809 366 sit
824 339 976 373 professus.

198 389 259 415 ΗΜ
287 393 426 421 utcunque
451 386 628 421 plousibilitcr
651 385 800 419 allcgentnr
824 391 910 410 :v‘era
940 388 978 408 tn-

197 442 256 461 men
282 436 342 467 ejus
367 434 428 460 nodi
453 433 550 459 solutio
575 436 626 463 cst,
649 440 730 465 quam
759 438 791 457 ex
818 430 978 456 Bessarioxe

196 482 275 515 epist.
289 482 320 507 ad
337 481 472 507 Lascarim
488 480 602 506 afferunt
614 478 752 508 Petavius.
765 482 836 504 lomo
850 476 870 503 ll
887 475 976 503 Tlteol.

196 528 283 562 dogm.
300 527 317 553 l.
336 535 382 557 ιἰι.
397 534 421 553 c.
439 526 482 556 17.
500 535 526 553 n.
542 525 575 558 8;
592 530 619 551 et
639 525 763 554 Allatius.
780 524 798 550 l.
817 531 834 550 ιι
859 523 894 549 De
918 531 979 549 cou-

197 582 265 600 srus.
282 572 471 604 Ecclesiarum,
488 580 511 599 c.
525 572 552 603 ‘2,
567 580 594 598 ιι.
612 571 655 604 10,
668 578 764 604 nempe
782 571 841 596 ideo
856 569 978 596 absolute

197 627 228 646 ac
242 619 300 646 sine
320 620 443 653 adjuncta
464 619 554 646 Patris
574 617 710 644 tneutioue
733 624 786 642 esse
809 625 832 642 ιι.
847 615 977 649 Spiritum

197 674 229 692 ex
244 666 312 692 Filio
330 673 382 692 non
397 665 495 692 dixisse
520 664 726 693 Damasceuum,
752 663 822 697 quod
846 665 979 688 metueret

195 719 231 738 ne
245 712 284 738 sic
305 711 441 738 videretur
456 717 604 744 agnoscere
621 709 647 735 in
671 708 742 736 Filio
770 715 976 742 προχαταρκτι-
996 709 998 712 '

197 757 248 788 χὴν
270 757 371 788 αἰτίαν,
393 756 521 789 originale
536 755 692 790 principium
723 754 850 789 Spiritus,
869 753 940 788 quod
963 760 977 780 tt

196 802 324 836 dogmate
341 801 474 828 catholico
493 801 635 833 abhorret;
653 801 730 834 juxta
753 800 835 833 quod,
854 804 882 826 ut
897 806 978 833 snpe-

197 847 254 873 rius
277 847 445 873 Ostendimus
467 847 536 873 notis
560 846 593 873 ad
620 855 646 873 c.
664 846 680 873 8
697 850 722 873 et
736 845 752 872 9
769 845 785 872 Ι.
803 853 822 877 ι,
849 846 885 871 ita
909 845 979 872 inest

198 893 268 920 Filio
299 893 338 921 vis
367 892 498 926 spirandi,
517 893 567 919 hoc
586 897 628 919 est
656 891 823 926 producendi
854 896 977 919 sanctum

196 938 337 972 Spiritum,
356 944 387 965 ut
402 939 424 965 is
451 937 522 964 illam
557 945 571 964 a
602 937 683 965 Patre
711 938 854 972 acceperit.
872 946 924 964 non
945 945 975 964 el

195 991 236 1014 se,
252 988 385 1017 quatenus
410 990 423 1008 ιι
442 982 523 1009 Patre
550 981 692 1008 distinctus
721 986 771 1012 est.
789 982 895 1013 habent,
924 980 978 1007 imo

195 1030 289 1056 eadem
323 1028 523 1062 simplicissime
552 1036 604 1055 una
629 1027 700 1054 Patri
726 1028 828 1061 pariter
853 1028 919 1054 insit
947 1034 978 1053 ac

195 1075 274 1108 Filio,
297 1075 357 1101 huic
372 1075 405 1101 ab
421 1075 465 1100 illo
481 1074 688 1105 communicata,
706 1074 744 1100 sic
765 1078 792 1100 ut
816 1073 859 1099 illa
884 1078 977 1107 quate-

196 1129 247 1147 nus
261 1122 285 1146 in
304 1120 383 1146 Patre
396 1124 437 1146 est
452 1119 679 1154 προκαταρκτικὴ
697 1119 813 1151 dicatur,
829 1119 890 1153 quia
906 1119 976 1145 Illam

196 1174 228 1193 ex
245 1174 274 1192 se
297 1166 377 1192 habet
401 1173 415 1191 a
441 1166 514 1192 nullo
534 1166 584 1191 sibi
603 1166 657 1191 alio
682 1166 819 1196 tributam,
837 1173 889 1192 non
913 1166 977 1192 item

196 1218 329 1246 quatenus
346 1211 412 1238 Filio
426 1212 562 1238 cenvenit.
590 1211 638 1238 llic
656 1211 728 1237 eniut
754 1211 860 1238 aliunde
876 1211 975 1242 hausit,

196 1266 292 1293 nempe
307 1265 320 1284 ιι
336 1258 419 1284 Patre
434 1257 568 1284 tribuente
581 1265 628 1291 per
642 1257 842 1292 generationem
857 1257 905 1291 ipsi
917 1264 977 1283 om-

198 1305 241 1331 nia
259 1312 317 1338 qutn
332 1305 421 1337 habet,
439 1308 534 1337 printer
555 1311 610 1329 esse
628 1302 745 1334 Putrem,
762 1310 792 1329 ac
810 1310 978 1337 consequen-

197 1355 238 1378 ter
253 1350 339 1384 ipsam
358 1357 465 1384 quoque
480 1350 560 1376 dante
582 1349 607 1375 ιιι
622 1357 650 1375 se
664 1349 831 1383 originaliter
845 1349 977 1375 exsisten—

198 1401 250 1423 tem
265 1396 439 1430 spiratiouem
458 1395 586 1427 activam,
602 1403 653 1428 qua
669 1394 747 1421 simul
766 1402 825 1421 cum
846 1394 914 1421 Filio
928 1402 976 1429 per

196 1442 304 1469 modtttn
320 1442 398 1479 unius
413 1440 535 1476 principii
551 1441 680 1476 spirantis
694 1440 823 1474 Spiritunt
839 1441 974 1474 producit.

1027 202 1103 236 prius
1122 203 1248 229 mendose
1266 203 1292 229 in
1309 208 1381 229 tomo
1397 203 1541 236 scripserat
1555 209 1681 236 arguere.

1062 247 1130 275 ibid.
1148 247 1298 274 Prwsertim
1313 247 1465 275 incursabat
1475 252 1663 282 exposlttouem
1675 249 1702 274 in
1713 255 1742 273 eo
1756 251 1813 273 tra-

1027 294 1123 321 ditam.
1149 293 1267 326 Juvabit,
1285 295 1312 321 ui
1330 294 1418 326 fallor,
1432 294 1568 321 eruditum
1585 294 1713 329 lectorem
1729 294 1812 321 Vecci

1028 340 1126 372 locum,
1140 348 1221 383 quem
1235 334 1278 367 his
1288 340 1378 368 verbis
1392 341 1491 368 indicat
1505 340 1696 382 Paebymeres,
1708 341 1812 367 videre.

1028 385 1153 419 Reperiet
1174 387 1247 413 illum
1262 387 1385 414 oratione
1401 387 1426 418 l.
1444 387 1470 413 in
1487 391 1587 413 tomum
1601 386 1692 421 Cyprii
1711 394 1739 420 p.
1757 387 1811 412 227

1030 438 1056 459 et
1083 433 1137 460 2‘28
1166 434 1231 459 tomi
1257 433 1367 461 secundi
1396 433 1506 461 Grauia:
1533 434 1686 460 art/todaIa:
1709 434 1743 460 ab
1771 433 1811 461 lll.

1028 478 1118 506 Leone
1136 479 1233 505 Allutio
1248 479 1325 506 editae
1342 479 1435 506 Romze
1450 488 1495 506 an.
1513 481 1592 507 l659.

1064 525 1093 552 P.
1113 526 1173 552 117.
1190 525 1241 553 Vix
1270 526 1336 552 tanti
1357 531 1398 553 est
1425 527 1573 554 admonere
1596 529 1746 561 comparari
1766 529 1812 556 hic

1030 571 1158 604 Vcccum,
1186 577 1246 606 post
1270 572 1472 599 damnationem
1500 577 1527 600 et
1552 573 1710 606 ejectionetn
1731 582 1810 601 suam

1029 617 1159 650 Gregorio
1180 617 1280 652 Cyprio
1295 619 1463 653 persecutori
1480 627 1529 646 suo
1545 620 1663 654 graviter
1684 625 1712 647 et
1741 621 1814 654 peri-

1029 662 1120 688 culose
1136 663 1288 689 molestiam
1312 664 1501 698 facessentcm,
1516 672 1576 692 eum
1593 665 1637 692 illo
1659 673 1690 692 ex
1714 666 1814 693 fabulis

1030 707 1072 742 [P.
1084 707 1147 743 555]
1160 709 1301 735 notissimo
1312 708 1396 737 Nesso
1410 710 1556 743 Centauro,
1568 711 1613 746 qui
1627 712 1689 738 duttt
1704 713 1813 744 rapiens

1029 754 1183 788 Dejaniram
1200 756 1302 782 eminus
1316 756 1367 782 telo
1381 756 1502 783 Herculis
1519 757 1664 784 transﬁxus
1678 759 1808 793 exspirat,

1030 808 1078 827 suo
1093 801 1223 835 sanguine
1240 801 1319 827 misto
1337 809 1395 828 cum
1412 809 1516 828 veneno
1532 802 1640 838 llydrte,
1660 811 1714 837 quo
1737 810 1812 831 esset

1030 848 1114 872 tincta
1140 847 1229 879 cuspis
1253 846 1418 874 vnlneraulis
1435 847 1520 880 ipsum
1543 847 1637 882 jaeuli,
1651 855 1752 876 vestem
1770 849 1813 875 itt-

1030 891 1134 924 l‘ererit,
1150 901 1230 927 quam
1248 893 1344 919 deinde
1362 893 1475 920 induens
1490 894 1619 921 llereules
1632 902 1663 922 ex
1677 903 1707 922 ea
1721 896 1812 929 perie-

1030 939 1075 965 rit.
1106 938 1170 965 llhnl
1202 938 1270 966 forte
1306 939 1486 972 opportunius
1509 939 1657 971 notabitnr,
1683 940 1765 966 scribi
1795 947 1811 966 a

1029 984 1194 1019 Pachymcre
1215 984 1267 1010 hoc
1295 992 1355 1010 cum
1385 985 1465 1011 unico
1486 986 1581 1019 sigma,
1597 993 1657 1012 ctttn
1680 990 1812 1013 tamenet

1028 1031 1127 1065 passim
1157 1031 1190 1056 ab
1207 1030 1266 1056 aliis
1292 1038 1352 1057 cum
1370 1031 1467 1065 duplici
1489 1031 1627 1058 scribatur
1641 1035 1667 1058 et
1690 1031 1727 1058 ita
1751 1032 1810 1060 ﬂeri

1030 1077 1128 1103 debere
1147 1076 1242 1102 doceat
1256 1076 1412 1104 Eustathius
1430 1079 1461 1103 ad
1484 1077 1557 1104 Iliad.
1581 1086 1613 1104 ω.

1063 1121 1092 1148 Ρ.
1117 1120 1180 1147 150.
1200 1120 1246 1153 ’.Ὡς
1269 1121 1520 1155 ἀταλαιπιιφήτως
1541 1121 1665 1155 ἔχοντες
1688 1122 1753 1156 περὶ
1777 1122 1812 1149 τι)

1027 1167 1133 1194 κακόν.
1153 1166 1199 1194 Sic
1219 1167 1386 1194 restituimus
1413 1175 1445 1193 ex
1479 1168 1618 1201 marginali
1641 1169 1813 1195 correctione

1027 1212 1200 1246 perantiqua,
1216 1220 1275 1238 ctnn
1301 1213 1330 1238 ἐν
1348 1212 1387 1247 τῷ
1405 1213 1525 1247 κειμένῳ
1542 1213 1684 1247 utriusque
1708 1214 1812 1241 codici:

1028 1258 1048 1284 B
1062 1263 1088 1284 et
1102 1259 1123 1285 Α
1141 1258 1276 1292 legeretur
1296 1258 1390 1285 καλὸν.
1410 1258 1463 1286 Sed
1482 1259 1526 1292 qui
1549 1260 1657 1293 penitus
1682 1259 1813 1294 introspi-

1028 1304 1092 1335 ciat,
1108 1303 1250 1330 manifeste
1267 1303 1451 1336 deprehendet
1471 1304 1548 1338 plane
1569 1310 1660 1331 contra
1678 1305 1728 1332 loci
1749 1313 1812 1332 ειιη⁴

1028 1349 1138 1376 tentiam
1181 1348 1223 1374 hic
1261 1347 1343 1374 καλόν
1380 1349 1452 1382 poni.
1485 1349 1515 1375 Et
1550 1349 1711 1383 sull'ragatur
1738 1350 1815 1376 Vati-

1027 1402 1110 1421 canus
1126 1393 1302 1428 interpolator
1313 1414 1320 1425 ,
1347 1394 1393 1427 ,qni
1421 1401 1468 1427 pro
1494 1395 1546 1421 illis
1557 1415 1565 1426 ,
1578 1395 1813 1430 ἀταλαιπωρὴτως

1027 1439 1135 1475 ἔχοντες
1162 1438 1226 1474 περὶ
1241 1439 1270 1464 τὸ
1293 1438 1387 1471 καλόν,
1406 1439 1462 1467 haec
1485 1441 1577 1467 subdit
1595 1448 1602 1467 :
1619 1441 1655 1466 To
1672 1441 1755 1467 κακὸν
1774 1442 1814 1476 μὴ

195 1487 266 1521 Ergo
291 1486 474 1512 Damascenus
504 1493 564 1512 cum
588 1486 688 1512 diserte
717 1485 854 1520 professus
880 1485 1011 1523 fuissetc
1029 1486 1185 1521 μισοῦντες.

196 1533 240 1558 τὸν
269 1532 377 1567 Πατέρα
404 1531 539 1566 προῦοΜα
563 1530 597 1557 δι’
616 1530 682 1556 Υἱοῦ
706 1531 752 1557 τοῦ
780 1531 976 1566 ὲκφαντορικοῦ

196 1578 354 1613 Πνεύματος
363 1578 469 1605 Putrem
484 1579 665 1612 productorem
682 1586 727 1611 per
742 1576 840 1604 Filium
851 1578 978 1604 enuntia-

196 1625 256 1651 torit'
274 1624 402 1658 Spiritus.
415 1628 486 1650 recte
504 1623 638 1650 recusavit
654 1624 743 1650 dicere
762 1623 794 1648 ἐκ
807 1622 854 1648 τοῦ
868 1623 933 1649 Υἰοῡ
949 1623 979 1649 τὸ

197 1670 324 1704 Πνεῦμα,
334 1677 365 1696 ex
374 1668 445 1695 Filio
455 1667 581 1703 Spiritum
596 1676 662 1698 esse.
675 1667 767 1698 ἀπὶ-ὣς
776 1672 801 1695 et
810 1669 867 1695 sine
882 1669 978 1702 adjun-

196 1721 240 1741 cta
255 1715 352 1747 l’atris,
368 1715 413 1748 qui
427 1715 451 1741 ei
463 1722 494 1741 ex
510 1722 539 1741 se
557 1714 694 1748 prarbitam
714 1715 765 1740 vim
793 1714 911 1748 spirandi
939 1715 978 1741 si-

197 1760 252 1786 mul
266 1767 326 1786 cutn
342 1766 373 1786 eo
393 1763 528 1791 exerceat,
552 1759 697 1786 mentione.
716 1759 828 1786 Fallitur
848 1767 910 1794 ergo
929 1758 979 1786 Pa-

197 1807 348 1842 chymeres,
376 1805 438 1831 dtttn
462 1805 513 1831 hoc
538 1805 597 1831 loco
612 1805 648 1831 ait
663 1805 715 1831 isto
729 1805 887 1831 Datnasceni
903 1805 978 1831 testi-

197 1859 289 1878 monio
302 1851 377 1885 quasi
393 1858 520 1877 mucrone
537 1851 651 1885 quodam
668 1849 774 1878 confodi
788 1858 847 1877 eum
867 1850 976 1878 Latinos

197 1899 329 1932 Spiritum
347 1904 378 1924 ex
394 1896 465 1924 Filio
489 1897 634 1932 procedere
654 1897 785 1929 dicentes,
801 1901 855 1923 tum
869 1897 978 1924 Graecos

199 1946 234 1972 iis
244 1946 446 1979 patrocinantes
459 1943 624 1970 adstruenda
647 1943 835 1977 :equivelentia
853 1943 980 1978 pratposi-

200 1993 303 2019 tiouum
315 1999 347 2017 ea:
356 1996 382 2017 et
394 1998 458 2024 per:
471 1995 579 2016 neutros
588 1989 659 2016 enim
672 1997 701 2017 re
713 1997 776 2016 vera
785 1988 827 2015 vel
840 1989 979 2016 tniuimum

198 2038 356 2073 perstringit
372 2037 424 2065 ista
440 2037 537 2072 χρῆσις
550 2044 582 2063 ex
591 2043 656 2064 vero
667 2035 826 2063 Damasceni
841 2042 921 2063 sensu
935 2035 982 2062 de-

197 2084 308 2110 clarata.

233 2122 263 2156 1).
279 2129 339 2156 114.
350 2127 474 2155 Perlatus
486 2132 571 2154 tomus
583 2127 609 2154 in
620 2135 713 2153 ntanus
728 2126 812 2159 Vacci,
823 2131 874 2154 etc.
885 2126 981 2153 Exstat

1067 1534 1096 1561 Ρ.
1141 1534 1201 1564 169,
1236 1535 1359 1569 Πέμπει.
1379 1535 1407 1561 lu
1440 1539 1555 1567 utroque
1587 1541 1638 1561 ms.
1674 1533 1815 1567 legebatur

1032 1580 1163 1614 πέμπειν.
1176 1581 1253 1608 Unde
1266 1580 1476 1614 lectorquidam,
1489 1585 1518 1606 ut
1531 1579 1635 1606 fulciret
1652 1580 1814 1613 pendentem

1032 1627 1205 1660 sententiam,
1221 1628 1249 1654 in
1279 1626 1400 1661 margine
1417 1624 1542 1658 ascripsit
1565 1625 1643 1658 ἔγνω.
1665 1625 1717 1651 Sed
1733 1631 1816 1657 expe-

1032 1673 1116 1698 ditior
1130 1673 1264 1700 correctio
1276 1677 1318 1707 est
1337 1672 1447 1699 extritio
1463 1670 1627 1698 abundantis
1646 1671 1743 1698 littera-
1754 1680 1768 1697 ν
1787 1671 1815 1698 in

1031 1726 1095 1745 voce
1109 1719 1240 1752 πέμπειν.
1259 1718 1402 1745 Vaticanus
1415 1718 1471 1744 lucc
1481 1717 1592 1745 omittit.

1067 1764 1108 1799 ιιι,
1138 1763 1215 1800 554.]
1229 1764 1260 1791 Ρ.
1289 1765 1349 1792 178.
1368 1765 1448 1791 Κατά
1460 1763 1516 1797 τὴν
1539 1763 1667 1797 περαίαν
1678 1765 1735 1796 τὴν
1761 1764 1815 1791 δυ-

1031 1809 1128 1841 τικήτκ
1154 1809 1285 1841 Requiret
1309 1809 1441 1844 quispiam
1465 1811 1494 1836 in
1513 1809 1737 1842 interpretatiOne
1756 1817 1815 1836 mea

1016 1855 1102 1890 “quod
1120 1855 1284 1888 respondeat
1299 1854 1357 1881 voci
1371 1854 1494 1888 δυτικήν.
1513 1854 1733 1885 Existimavime,
1753 1862 1815 1881 cum

1032 1898 1155 1925 Galatam
1173 1899 1302 1931 dicerem,
1314 1898 1381 1925 duas
1393 1899 1452 1925 illas
1465 1907 1545 1926 voces
1563 1900 1682 1934 περαίαν
1700 1906 1725 1926 et
1740 1900 1816 1926 δυτι-

1033 1945 1095 1980 κὴν,
1112 1944 1191 1971 unica
1204 1945 1248 1970 illa
1263 1944 1409 1978 explicare.
1424 1944 1486 1972 Sive
1501 1946 1571 1971 enim
1585 1946 1711 1972 subnrbiu
1725 1950 1816 1973 tran‘s-

1033 1988 1283 2025 marina‘Byzantio
1294 1990 1373 2025 747
1385 1988 1532 2021 duol‘uere,
1545 1991 1659 2018 alterum
1674 1993 1705 2018 ad
1720 1992 1816 2019 Ortum

1032 2042 1156 2069 Vergens,
1172 2035 1287 2061 alterum
1308 2036 1340 2061 ad
1360 2035 1510 2067 Occasum,
1530 2043 1562 2063 ex
1583 2036 1641 2063 iStis
1655 2037 1705 2064 hoc
1728 2037 1816 2064 solum

1033 2080 1194 2112 secundum,
1220 2080 1248 2106 in
1266 2088 1319 2114 quo
1337 2080 1495 2108 Gcnuenses
1513 2081 1679 2114 habitarunt,
1691 2083 1816 2110 Galatam

1034 2126 1134 2152 dictum
1161 2126 1285 2160 reperio;
1303 2131 1330 2153 et
1349 2127 1382 2153 de
1403 2127 1454 2153 hoc
1470 2127 1528 2154 solo
1555 2134 1634 2162 agere
1648 2128 1691 2155 ltic
1711 2128 1816 2164 Pachy-

198 2176 243 2202 Itic
260 2176 405 2202 indicatum
420 2174 497 2201 Vecci
512 2181 591 2208 opus.
607 2174 709 2200 editum
728 2178 799 2200 tomo
814 2173 836 2200 ll
851 2172 981 2200 Orthodo—
994 2170 1020 2200 D
1035 2179 1134 2198 ruerem
1147 2171 1312 2198 existimavit
1324 2177 1386 2198 ante
1398 2179 1440 2198 me
1455 2173 1644 2206 paraphrastes
1659 2174 1817 2206 Vaticanus,

196 2229 240 2248 aut
265 2220 374 2248 ercite
388 2228 402 2247 a
418 2228 446 2255 p.
460 2220 513 2246 215
527 2220 558 2245 ad
574 2219 638 2250 ‘286,
656 2219 700 2246 ubi
716 2225 810 2246 auctor
829 2219 880 2246 sub
896 2219 981 2253 ipsum

198 2267 359 2302 principium
381 2271 491 2300 questus
504 2266 619 2300 primum
634 2266 706 2292 bunt:
717 2265 844 2299 Cyprium
856 2265 888 2291 ad
899 2264 983 2292 schis-

198 2320 242 2339 ma
258 2312 411 2339 Graecorum
424 2318 439 2337 a
454 2311 580 2337 trecentis
592 2309 648 2344 jam
664 2311 742 2337 anuis
761 2310 916 2336 inchoatum
932 2309 982 2336 isto

198 2358 283 2393 impio
299 2365 348 2384 suo
365 2361 437 2383 torno
457 2356 580 2383 haeresim
596 2356 704 2388 addere,
720 2356 746 2383 in
764 2357 829 2382 tanti
845 2360 981 2382 auctorem

200 2405 262 2432 mali
281 2403 321 2430 fas
338 2409 432 2438 putans
447 2402 493 2429 ira:
516 2402 607 2429 liberm
617 2402 739 2429 aculeum
755 2409 893 2433 exserere,
906 2405 984 2427 vocat

199 2454 263 2477 eum
281 2456 307 2484 p.
332 2449 384 2476 216
415 2449 498 2476 κακὸν
524 2447 687 2478 διαπόντιον,
703 2448 772 2482 θῆρα
789 2447 939 2477 Θαλάττιον.
955 2447 984 2473 ὕ.-

198 2504 277 2531 γριαιν
294 2495 374 2530 κῆτος
389 2495 438 2529 τῆς
454 2495 567 2529 Κύπρου
583 2494 738 2520 ὲπαναστὰν
760 2494 815 2524 τοῖς
831 2492 891 2518 καθ’
911 2493 983 2526 ἡμᾶς

199 2540 394 2576 ὲνδεδημηκὸς,
409 2541 459 2576 οὐχ
476 2541 520 2567 ἵνα
542 2541 650 2575 φυγάδα
666 2540 808 2575 προφήτην
822 2538 983 2572 ὑποδέξηται

199 2589 246 2614 καὶ
257 2589 295 2619 εἰς
307 2588 461 2623 ὑπηρεσίαν
470 2586 536 2613 Θεοῦ
548 2586 727 2621 διασώσῃ-ται,
740 2585 797 2612 ἀλλ’
809 2585 853 2612 ἵνα.
872 2585 985 2619 Ἐκκλη-

200 2633 262 2660 σίαν
276 2634 340 2668 ὃλην
358 2633 493 2659 καταπιδν
518 2632 637 2666 ἄφαντον
655 2631 859 2666 ἀπεργάσηται.
881 2630 984 2658 Malunt

199 2685 279 2714 ponto
293 2680 474 2714 deportatum,
492 2677 577 2711 {eram
592 2677 732 2710 marinum,
746 2677 886 2703 immanem
900 2681 985 2703 cetum

200 2728 286 2762 Cypro
294 2726 375 2762 746
382 2729 560 2759 erumpentem
569 2728 592 2750 et
603 2724 652 2750 ltuc
661 2731 764 2758 peregre
773 2723 922 2756 appulsam,
933 2731 984 2749 non

200 2780 228 2799 ut
242 2770 382 2807 fugitivum
401 2770 552 2806 prop/telam
564 2770 597 2796 ad
611 2770 658 2796 Dei
671 2769 846 2796 ministerium
857 2773 984 2799 servaret,

201 2820 245 2846 led
262 2825 287 2845 ttt
304 2818 447 2845 Ecclesium
462 2817 609 2843 universam
629 2816 766 2843 absorbent
785 2815 900 2843 aboleret
922 2815 985 2842 Inde

316 2930 499 2947 ψη

1032 2225 1046 2243 a
1060 2224 1114 2250 qtto
1130 2217 1172 2243 hic
1196 2217 1271 2243 locus
1294 2217 1335 2243 sic
1350 2217 1460 2244 elIertnr
1479 2227 1485 2244 :
1504 2218 1583 2245 Κατὰ
1597 2219 1748 2254 ἀντιπέραν
1767 2220 1817 2254 τῆς

1032 2262 1139 2292 πόλεως
1156 2262 1222 2296 πρὸς
1239 2262 1277 2298 τῷ
1291 2262 1400 2290 Patara?
1418 2263 1505 2298 μέρει.
1522 2264 1585 2291 Sive
1611 2265 1690 2292 unius
1711 2271 1816 2294 tantum

1033 2308 1154 2335 Subttt‘ltii
1183 2309 1242 2336 dna:
1266 2309 1471 2344 distinguuntur
1497 2315 1589 2344 partes
1614 2311 1762 2346 ἀνατολικὴ
1791 2318 1816 2340 et

1033 2356 1147 2391 ὁυτική,
1164 2363 1277 2390 quorum
1295 2356 1365 2382 hanc
1388 2355 1472 2382 solam
1497 2356 1654 2383 incendium
1677 2359 1818 2392 corripue-

1035 2401 1080 2434 rit,
1109 2409 1141 2427 ex
1157 2402 1250 2427 eodem
1277 2401 1454 2435 paraphraste
1476 2401 1597 2435 intelligo
1617 2402 1753 2435 propriam
1767 2411 1818 2437 ap-

1035 2447 1205 2480 peilationem
1231 2447 1310 2474 istius
1327 2447 1443 2482 περαίας
1457 2446 1568 2482 δυτικῆς
1583 2446 1708 2475 Galatam
1722 2447 1816 2477 fuisse.

1035 2493 1091 2520 Hoc
1119 2494 1261 2528 sequebar.
1291 2493 1320 2520 Si
1352 2502 1395 2521 me
1424 2495 1494 2521 ratio
1521 2494 1666 2528 fefellerit,
1694 2495 1821 2530 ignoscat

1035 2539 1120 2566 lector
1137 2544 1163 2566 et
1177 2540 1307 2573 corrigat.

1071 2584 1100 2611 P.
1121 2584 1182 2611 186.
1209 2584 1412 2619 Ποιμαντικὴν
1431 2585 1602 2620 βακτηρίαν
1625 2588 1728 2615 λαὸὼν
1738 2589 1818 2623 παρὰ

1035 2630 1089 2657 τοῦ
1103 2629 1295 2664 κρατοῦντος.
1312 2631 1399 2658 Ιίιιιιε·
1411 2639 1512 2658 morem
1528 2632 1704 2660 Orientalium
1731 2635 1818 2670 impe-

1036 2681 1156 2703 ratorum
1182 2677 1282 2703 imitari
1296 2677 1425 2705 Germani
1457 2678 1610 2712 voluerunt,
1622 2682 1722 2714 quibus
1749 2682 1819 2709 male

1037 2730 1096 2748 cum
1119 2721 1241 2748 liomana
1261 2722 1380 2750 Ecclesia
1406 2722 1541 2757 convenit,
1563 2731 1720 2759 arrogantes
1743 2733 1770 2753 et
1791 2727 1818 2755 hi

1036 2769 1086 2795 sibi
1103 2768 1147 2802 jus
1163 2769 1325 2799 investiendi
1347 2770 1487 2804 episcopos
1514 2771 1657 2799 traditione
1676 2774 1820 2808 pastoralis

1038 2815 1144 2847 baculi;
1163 2815 1232 2850 quod
1249 2816 1282 2842 ab
1300 2815 1436 2844 lladriauo
1467 2825 1535 2853 papa
1556 2818 1640 2846 fuisse
1659 2828 1818 2848 concessum
