1954 3063
206 136 256 168 811

667 134 701 165 P.
722 131 874 164 POSSlNl
893 131 1219 164 OBSERVATIONUM
1242 132 1314 163 ΗΒ.
1343 132 1379 162 ll.

1786 133 1841 164 812

199 194 353 230 significat.
376 193 411 220 De
432 193 536 228 sparsis
553 193 578 220 itt
596 192 648 220 hac
660 193 805 220 occasione
824 194 850 220 in
866 193 993 227 populum
1011 195 1033 222 Λ
1048 192 1179 219 auxilium
1196 192 1367 227 implorasse,
1385 192 1420 218 ita
1439 192 1593 227 patriarcha
1611 199 1681 220 nunc
1697 194 1796 220 sedens
1813 200 1840 220 et

204 240 354 270 nummulis
369 241 438 267 intra
461 240 508 267 lini
525 244 665 274 segmenta
689 239 792 274 ligatis,
808 246 924 273 qttorum
951 239 995 265 hic

204 287 328 314 meminit
360 287 552 321 Paehymeres,
577 286 637 312 vide
668 293 728 320 qua:
751 285 943 312 adnotavimus
967 286 993 312 in

199 332 343 361 Glossario
358 333 420 359 tomi
439 332 536 366 prioris
549 332 630 359 verbo
650 332 815 366 ὲπικόμπια.

237 378 280 417 [Ρ.
293 377 358 414 556]
373 378 402 405 P.
419 378 481 406 197.
492 378 569 405 liene
582 378 748 405 tnarchionis
760 377 955 405 Montisferrati
967 378 992 404 in

201 426 369 454 Lotnbardia
387 426 452 457 tilia,
468 425 586 453 secunda
598 426 698 460 conjttx
712 425 859 452 Andronici
872 425 994 452 Senioris

202 471 389 506 imperatoris.
402 479 457 499 tres
468 472 492 498 ei
511 479 601 498 mares
615 471 729 506 peperit.
745 469 892 501 Joannem,
904 469 995 497 Thco-

201 522 310 553 dorum,
325 518 506 546 Demetrium.
531 517 589 544 Hoc
606 518 706 544 diserte
725 517 803 543 docet
823 516 992 543 Cantacuze-

202 574 267 598 nus,
299 565 459 601 praefatione
485 562 519 590 ad
551 563 711 594 llistoriam,
743 570 769 596 p.
805 562 821 590 5
851 562 895 589 ed.
926 562 991 596 lteg.

203 613 311 640 Mortuo
326 612 385 638 sine
400 610 493 638 liberis
522 610 607 636 fratre
632 609 727 636 lrenes
744 609 902 636 marchioue
918 608 992 635 illon-

203 658 346 690 tisfcrrati,
369 666 429 685 cum
453 657 486 684 ad
513 655 712 683 successionem
741 655 909 690 principatus
934 654 993 688 t-jns

203 705 350 732 mittendus
376 711 448 731 esset
474 702 572 736 aliquis
592 709 625 729 ex
644 699 735 728 lrenes
750 700 822 732 ﬁliis,
837 705 913 734 pater
935 707 992 727 om-

202 751 277 779 nitnn
306 751 448 778 minimum
473 747 638 775 Demetrium
659 755 691 774 eo
715 746 876 778 destinavit,
902 750 929 773 et
944 745 992 772 de-

201 801 286 830 spota:
309 795 387 822 titulo
403 795 566 822 honoratum
593 792 619 819 in
636 791 854 826 Longobar-liatn
873 790 945 818 misit
957 791 991 817 ad

201 843 275 871 illam
304 841 491 870 hacreditatcm
516 839 577 874 jure
601 844 725 866 materno
741 838 920 865 ccrneudant.
937 838 990 864 Sed

1048 239 1106 274 ejus
1127 246 1282 266 assessores
1300 239 1448 269 antistites,
1478 246 1573 265 omnes
1594 239 1736 266 Schismati
1762 239 1839 265 addi-

1047 284 1160 311 ctissimi
1173 304 1180 316 ,
1199 283 1311 312 Joannis
1325 285 1417 317 Vecci,
1435 285 1480 318 qui
1505 290 1567 311 lllltC
1582 285 1614 311 de
1633 286 1769 312 sententia
1789 293 1838 312 ca-

1049 330 1211 358 tholicorum
1238 331 1263 358 ei
1289 331 1473 357 assistentium
1496 331 1684 365 episcoporum
1707 332 1837 359 ecclesia-

1049 377 1117 404 stica
1134 380 1269 411 potestate
1285 376 1454 404 relaxaverat
1467 377 1604 404 vinculum
1619 383 1722 405 esexto
1737 386 1837 413 cogna-

1047 422 1130 449 tionis
1152 422 1238 457 gradu
1253 428 1353 454 ortum,
1375 431 1428 457 quo
1445 431 1459 450 a
1475 423 1536 457 jure
1547 425 1725 452 contrahendi
1741 426 1837 452 matri-

1047 470 1167 495 inanium
1190 469 1309 503 despotte
1324 469 1441 496 Michael
1456 469 1576 505 Angelus
1592 475 1618 498 et
1638 471 1715 498 Anna
1735 471 1838 498 Palam-

1046 515 1105 549 loga
1123 515 1175 542 filia
1194 514 1333 542 Michaelis
1347 516 1520 550 imperatoris
1543 517 1717 549 arcebantur,
1733 517 1835 544 factum

1045 563 1175 589 damnare
1200 562 1329 594 voluisse,
1350 562 1420 589 ttltro
1439 561 1548 590 fatendo
1572 564 1705 590 excedere
1729 563 1755 590 id
1781 565 1834 589 vim

1045 608 1236 643 patriarchalis
1249 609 1432 636 auctoritatis.
1450 609 1630 636 Permitlehat
1645 613 1734 636 autent
1753 609 1837 641 Dens,

1044 657 1091 691 qtti
1118 663 1171 683 non
1196 664 1257 694 raro
1284 657 1414 683 factiosos
1438 661 1533 684 contra
1560 658 1708 685 Ecclesiam
1730 658 1839 691 conspi-

1045 707 1138 730 rantes
1157 703 1260 730 mutuis
1287 703 1360 729 intcr
1384 709 1444 729 sese
1465 703 1650 731 simultatibus
1679 704 1835 736 committitl

1044 756 1105 776 sese
1130 749 1195 776 istos
1223 749 1300 776 vanis
1314 749 1391 776 hisce
1411 749 1546 784 scrupulis
1563 750 1676 776 invicem
1693 750 1835 777 infestare.

1044 796 1086 833 LP.
1100 795 1165 832 557]
1176 796 1242 823 Nam
1255 795 1335 831 paulo
1349 796 1476 831 superius
1488 796 1538 823 0.5
1551 795 1736 832 Pachymeres
1753 797 1837 825 refert

1045 842 1227 877 patriareham
1251 847 1278 869 et
1300 842 1444 878 episcopos
1473 842 1618 877 pratfracte
1645 851 1760 878 negasse
1777 844 1834 871 An-

202 895 290 918 ltl‘ller
313 888 401 919 Irelte.
419 895 478 923 qui“
495 891 559 914 ῑ¹¹¹¹ε
575 885 669 920 βτοίῚιῘ
681 894 694 912 ³
713 885 771 912 "iro
788 884 993 912 Thessalonica!
1010 882 1029 909 Β
1046 888 1161 915 dronico
1177 888 1375 915 instantissime
1395 889 1484 915 oranti
1504 889 1727 915 constitutionem
1746 889 1838 916 eccle-

201 937 471 971 degebat,qna¢que,
489 937 517 959 ut
543 931 727 966 Pachytneres
751 930 850 957 alicubi
871 929 993 956 timidius

203 983 318 1014 indicat,
336 980 420 1008 multo
436 986 525 1006 autem
542 978 678 1005 exsertius
695 977 828 1011 Gregoras
841 976 994 1011 proiitetur,

200 1032 322 1057 rationes
337 1029 363 1055 in
382 1027 474 1054 mttltis
503 1033 621 1060 sequi-ns
642 1025 767 1059 proprias
786 1023 856 1050 haud
881 1021 994 1050 multum

200 1075 321 1103 otmosie
349 1072 439 1100 mariti
470 1071 578 1106 placitis
603 1077 666 1097 suas
694 1068 859 1103 subiungere
888 1067 994 1095 solebat

200 1122 363 1152 voluntates,
382 1118 514 1154 aptiorem
539 1116 717 1151 praerogativa
742 1115 830 1142 mtatis
852 1114 995 1141 adnllioris

201 1168 234 1193 ad
249 1167 299 1193 hoc
311 1164 486 1192 Theodorum
506 1167 661 1194 autumans,
679 1169 739 1188 eutn
751 1169 783 1187 ex
804 1160 993 1195 propinquiori

202 1219 314 1239 strenue
343 1211 463 1242 mittens,
494 1209 641 1236 adventum
686 1207 815 1234 Demetrii
850 1206 992 1242 prteveuit.

201 1259 293 1292 Quare
303 1256 508 1285 marchionatus
522 1254 783 1282 Montisferratcnsis
794 1253 992 1288 possessionem

203 1299 365 1333 Theodorus
377 1304 454 1335 adiit,
469 1303 583 1336 conjuge
599 1304 709 1335 accepta
723 1299 825 1334 Spinnli
842 1298 994 1326 Gennensis

203 1353 253 1379 viri
279 1351 399 1386 primarii
421 1350 486 1382 filia,
509 1357 543 1377 ex
569 1357 622 1383 qua
650 1355 711 1375 cum
737 1347 839 1382 prolem
856 1347 991 1374 duntaxat

201 1398 361 1426 ft-tnininatn
379 1396 548 1431 suscepisset
573 1400 600 1422 et
612 1394 653 1422 sic
665 1394 778 1422 obiisset
795 1394 853 1421 sine
872 1395 992 1421 mascula

201 1445 306 1477 sobole,
319 1443 584 1472 Montisferratenses
596 1441 729 1469 Joannem
746 1440 888 1476 despntam
906 1442 993 1467 nemi-

201 1493 285 1520 natim
302 1497 330 1519 ut
347 1490 557 1526 primogenitum
578 1488 669 1516 lrenes
690 1487 716 1515 in
740 1487 889 1523 principem
907 1487 993 1522 petic-

201 1543 276 1571 runt,
295 1538 531 1572 impetraruntque
548 1535 668 1562 tandem.
684 1534 749 1562 llaec
767 1538 861 1561 narrat
888 1538 991 1566 noster,
1006 1556 1027 1584 ο

201 1586 219 1614 ι.
237 1593 285 1616 vu,
297 1593 321 1612 c.
344 1583 387 1616 t8,
403 1583 447 1610 ubi
465 1588 492 1610 et
512 1582 642 1609 observat
671 1580 745 1608 hunc
764 1579 896 1608 Joannem
912 1579 992 1612 plane

203 1640 234 1660 se
257 1632 481 1658 aeeonunodasse
507 1629 540 1656 ad
565 1636 656 1656 mores
682 1627 810 1654 Italorum
841 1631 868 1654 et
886 1625 990 1661 gratum

203 1678 319 1706 subditis
353 1677 449 1703 fuisse.
481 1675 649 1709 Propagasse
680 1674 724 1701 hic
752 1673 852 1701 dicitur
883 1671 991 1706 longam

201 1723 301 1751 seriem
341 1722 492 1756 principum
538 1728 591 1747 non
631 1719 866 1747 schismaticorum
895 1719 992 1746 donius

201 1769 396 1803 Palmologicrc,
425 1767 451 1795 in
476 1775 540 1794 vera
566 1765 738 1802 professione
764 1765 825 1793 fidei
850 1764 992 1792 catholicis

202 1815 286 1842 Ruina
291 1823 342 1842 nae.

237 1861 269 1889 Ρ.
291 1860 357 1888 202.
373 1859 537 1887 Ιητοκειιηιε
558 1859 711 1894 affinitatis.
727 1857 792 1884 Erat
807 1858 858 1885 ista
873 1857 992 1884 affinitas

202 1915 255 1942 qua
271 1907 304 1934 de
322 1907 446 1941 personis
471 1911 550 1934 sexto
580 1906 651 1932 inter
674 1912 703 1932 se
721 1904 806 1939 gradu
823 1903 992 1938 cognationis

199 1955 319 1987 junctis,
338 1953 513 1980 matrimonio
541 1951 712 1986 eopnlandis,
723 1951 832 1985 speciali
852 1950 884 1976 ad
903 1950 926 1976 id
944 1949 992 1975 oh-

203 2001 312 2028 tinenda
330 2001 503 2035 pralatorutn
523 1999 653 2026 Ecclesia:
664 1998 753 2030 venia,
768 1997 948 2028 tractabatur,
964 2000 992 2022 nt

201 2053 297 2074 auctor
331 2048 420 2081 capite
451 2045 586 2081 superiori
623 2044 783 2072 declaravit.
819 2043 923 2077 Atqui,
952 2041 991 2069 ιιιί

200 2092 283 2128 750
296 2093 349 2119 vol.
363 2092 372 2118 l
391 2097 483 2119 noster
499 2091 569 2118 idem
588 2090 748 2120 historicus.
764 2096 790 2123 p.
809 2088 873 2120 ΜΟ,
890 2088 990 2115 docue-

201 2145 253 2171 rat.
269 2139 367 2166 similis
384 2137 585 2173 impedimenti,
606 2144 654 2163 sex
671 2136 772 2170 pariter
795 2133 991 2169 consanguini-

200 2185 264 2212 tatis
281 2184 424 2217 gradnum,
440 2183 575 2210 obstantis
591 2181 727 2209 connubio
743 2182 815 2208 inter
830 2181 990 2208 Michaelem

1046 934 1186 962 siasticam
1219 942 1274 969 qua
1307 936 1357 962 sub
1398 934 1620 962 interminatione
1655 935 1839 962 anathematis

1046 988 1142 1010 omnes
1168 981 1282 1016 imperio
1305 980 1579 1014 snliditijnberentur
1594 981 1717 1009 Michaeli
1735 981 1838 1016 jnniori

1046 1028 1167 1062 Angusto
1184 1028 1262 1054 fidem
1278 1032 1305 1054 et
1321 1027 1502 1054 obedientiam
1522 1033 1663 1062 praestare,
1676 1029 1751 1062 quasi
1766 1033 1839 1056 esset

1048 1075 1081 1101 ab
1099 1075 1226 1102 Ecclesiae
1248 1079 1370 1100 materna
1391 1073 1503 1102 lenitate
1522 1074 1640 1101 alienum
1654 1074 1722 1101 diris
1737 1074 1764 1101 in
1779 1082 1840 1108 per-

1046 1121 1147 1148 duelles
1165 1121 1278 1153 stevire;
1298 1123 1324 1147 et
1339 1119 1418 1147 istius
1445 1120 1472 1147 in
1493 1119 1622 1147 ultionem
1651 1120 1766 1154 repulsa:
1784 1121 1841 1146 An-

1045 1167 1188 1194 dronicum
1204 1167 1330 1194 eumdem
1350 1166 1489 1194 Novellain
1504 1167 1636 1199 edidisse,
1652 1174 1704 1200 qna
1716 1167 1839 1201 largitio-

1045 1221 1106 1241 nem
1125 1214 1311 1248 sportularum
1340 1214 1367 1240 in
1393 1214 1587 1248 episcoporum
1616 1214 1839 1241 ordinationibus

1045 1261 1173 1288 usitatam
1194 1267 1227 1286 es
1251 1260 1331 1294 longo
1343 1260 1579 1295 Constantinopoli
1607 1265 1637 1286 ut
1653 1259 1838 1286 Simoniacant

1043 1306 1190 1334 damnabat
1214 1310 1242 1334 et
1268 1306 1397 1341 deinceps
1418 1307 1542 1333 adhiberi
1568 1306 1741 1341 prohibebat,
1758 1307 1839 1333 vicis-

1044 1354 1096 1381 sim
1112 1361 1194 1380 urens
1219 1358 1351 1386 prmtextu
1375 1353 1490 1388 (ιυπείιο
1505 1359 1552 1380 eos
1569 1352 1656 1387 quise
1676 1352 1762 1379 nihilo
1776 1359 1840 1387 pro-

1045 1399 1171 1426 babiliori
1187 1400 1298 1427 obtentu
1315 1404 1498 1434 pnpngcrant.

1079 1447 1119 1473 Ad
1150 1447 1297 1474 astruenda
1323 1454 1383 1481 qua:
1411 1446 1491 1473 modo
1518 1446 1586 1477 dixi,
1600 1445 1738 1480 pertinere
1768 1452 1838 1481 puto

1045 1497 1138 1519 notam
1172 1492 1349 1527 marginab-m
1380 1499 1394 1518 a
1422 1491 1525 1519 lectore
1549 1491 1645 1518 Grzcco
1671 1499 1751 1518 tnanu
1770 1493 1840 1519 satis

1045 1537 1154 1572 antiqua
1175 1537 1200 1564 in
1220 1545 1266 1564 ora
1285 1537 1425 1565 Barlterini
1441 1538 1543 1566 codicis
1556 1539 1683 1572 positam,
1699 1546 1714 1564 ο
1728 1538 1840 1572 regione

1043 1584 1066 1611 si
1088 1583 1195 1618 quidem
1211 1583 1317 1610 illortnn
1337 1584 1481 1611 verborum
1495 1584 1567 1611 ὥστε
1582 1584 1628 1611 τὸν
1644 1585 1704 1611 νέον
1722 1584 1839 1618 βασιλέα

1043 1630 1170 1665 γαμϐρὸν
1181 1631 1274 1666 ἐκείνῃ
1290 1631 1420 1664 γενέσθαι
1442 1631 1482 1658 sic
1502 1631 1537 1658 ibi
1556 1632 1689 1658 scribitur
1701 1640 1708 1658 ε
1722 1632 1782 1658 "Iv:
1800 1634 1839 1666 μὴ

1042 1675 1157 1703 τοιαῦτα
1179 1677 1226 1703 καὶ
1239 1676 1319 1708 αὖθις
1338 1677 1497 1712 συμῦαίνοι,
1512 1677 1526 1703 ὀ
1540 1677 1588 1711 τῆς
1611 1676 1723 1712 Ῥώμης
1742 1677 1839 1713 ἀρχιε-

1044 1725 1108 1759 ρεὺς
1122 1727 1157 1751 τὰ
1171 1723 1287 1751 τοιαῦτα
1308 1724 1483 1758 παραχωρεῖ.
1501 1722 1577 1755 Quae,
1604 1722 1712 1756 opinor,
1730 1724 1838 1757 signifi-

1044 1777 1108 1798 cant
1121 1771 1227 1798 cavisse
1247 1770 1320 1802 illos,
1335 1770 1382 1804 qui
1403 1769 1531 1797 Ecclesia:
1549 1777 1621 1797 nunc
1639 1775 1786 1804 przeerant,
1804 1778 1839 1798 ne

1044 1816 1144 1844 imitari
1172 1816 1328 1843 viderentur
1341 1815 1497 1849 exetnplnm
1516 1823 1529 1842 a
1547 1814 1636 1842 Vecco
1658 1820 1685 1842 et
1700 1816 1763 1843 aliis
1779 1816 1838 1850 epi-

1044 1862 1244 1897 scopisGrtecis
1258 1862 1387 1889 Romanm
1406 1863 1607 1890 communionis
1623 1864 1648 1889 in
1663 1862 1708 1889 illo
1721 1864 1838 1896 permit-

1046 1909 1129 1935 tendo
1159 1908 1307 1940 connubio,
1334 1908 1368 1936 de
1388 1916 1441 1943 quo
1472 1908 1526 1936 vol.
1555 1909 1576 1940 I,
1604 1917 1631 1944 p.
1649 1909 1711 1941 HO,
1744 1915 1837 1937 actum

1043 1955 1148 1988 fuerat,
1166 1955 1322 1990 praebitum.
1348 1955 1463 1982 Causam
1483 1963 1547 1982 vero
1569 1964 1620 1983 cur
1645 1956 1671 1984 id
1692 1956 1838 1991 diligenter

1044 2002 1204 2032 vitaverint.
1233 2002 1391 2036 exprimunt
1419 2003 1502 2029 verba
1527 2005 1668 2037 sequentia
1694 2012 1701 2030 :
1730 2004 1759 2030 '0
1786 2004 1838 2038 τῆς

1043 2048 1159 2082 Ῥώμης
1185 2048 1334 2083 ἀρχιερεὺς
1351 2048 1468 2075 τοιαῦτα
1494 2050 1672 2084 παραχωρεῖ,
1700 2049 1837 2077 [tertiarius

1043 2096 1122 2132 751
1139 2095 1259 2130 pontifex
1273 2095 1340 2121 tuft'n
1354 2095 1494 2127 permittit.
1517 2095 1620 2128 Nempe
1641 2100 1737 2122 auctor
1751 2099 1837 2123 adno-

1044 2142 1200 2170 tatinnt-uhe
1227 2142 1364 2174 significat
1391 2141 1482 2168 studio
1513 2141 1678 2175 reprobandi
1707 2150 1784 2169 nsum
1809 2148 1836 2170 ct

1043 2187 1267 2214 consuetudinem
1292 2186 1420 2214 Ecclesia:
1443 2187 1573 2214 Romanae
1590 2192 1736 2222 provectos
1761 2187 1836 2215 (Ξῖ-ζμ

199 2230 311 2258 Occidui
341 2235 445 2257 tractus
472 2229 615 2262 despotam
639 2232 666 2254 ct
684 2227 789 2254 Annam
818 2227 990 2262 imperatoris

1045 2241 1090 2261 cos
1112 2233 1303 2260 schismaticos
1328 2233 1361 2259 ad
1379 2233 1530 2266 negandam
1555 2234 1709 2262 istiusmodi
1741 2236 1836 2261 matri-

199 2276 340 2304 Micbaelis
373 2276 457 2302 filiam
487 2273 681 2306 conciliando,
711 2275 827 2308 gratiam
857 2274 988 2306 fecerant,

198 2329 329 2359 poscente
343 2322 473 2357 Angusto,
489 2321 534 2356 qui
550 2326 615 2348 tunc
628 2325 763 2354 praeerant
776 2319 916 2353 Ecclesitr,
927 2327 989 2347 cum

199 2375 289 2397 tamen
314 2370 383 2396 adeo
409 2375 531 2402 praesens
544 2371 573 2394 et
595 2371 729 2401 praestans
750 2366 855 2394 utilitas
878 2367 905 2393 in
931 2373 988 2393 rem

199 2417 306 2452 imperii
324 2424 357 2442 ex
378 2415 431 2442 isto
447 2414 576 2449 cenjugio
597 2421 649 2440 non
664 2417 823 2447 speraretur
836 2421 916 2447 quant
931 2420 991 2447 quae

198 2468 276 2491 certo
300 2462 449 2497 apparebat
474 2469 505 2488 ex
530 2462 581 2489 hoc
597 2465 737 2488 secutura.
752 2459 885 2487 Nimirum
901 2460 989 2487 saltis-

199 2511 291 2539 ntatici
305 2518 376 2538 nunc
389 2515 513 2545 potentes
529 2517 619 2537 rerum
631 2508 796 2536 affectahant
809 2507 990 2543 religiosiores

197 2566 330 2594 apparere
344 2556 490 2584 catholicis
506 2562 572 2584 tunc
596 2561 622 2583 et
638 2555 771 2583 Ecclesiae
793 2560 820 2582 et
837 2553 990 2588 rcipublicze

197 2605 424 2641 prtesidentibus;
444 2609 526 2638 atque
545 2607 574 2629 ut
598 2601 771 2629 Andronicus
799 2600 904 2636 eiurata
924 2608 989 2627 con-

196 2653 289 2680 cordia
304 2659 366 2680 cnm
380 2658 461 2684 papa.
480 2656 563 2684 quant
579 2649 638 2682 cius
654 2654 732 2683 pater
746 2652 840 2674 sancte
855 2646 988 2679 colum-at,

196 2698 282 2726 videri
310 2697 426 2728 studuit,
448 2696 498 2724 hac
515 2695 706 2728 superstitiosa
730 2693 880 2721 emissione
896 2693 989 2720 affini-

197 2745 261 2771 tatis
287 2742 439 2770 utilissimae
466 2741 581 2775 imperio
605 2745 718 2776 propter
743 2744 844 2766 tnetnm
867 2739 987 2771 inanem,

196 2789 272 2822 quasi
290 2789 349 2822 ejus
370 2787 595 2822 impedimentum
621 2785 755 2813 removeri
783 2785 914 2813 Ecclesia:
940 2793 989 2812 an-

196 2836 324 2863 ctoritate
339 2834 474 2869 nequiret,
489 2833 548 2868 plus
559 2840 655 2867 sapere
672 2840 752 2866 qnatn
769 2831 918 2867 ille..quem
931 2840 989 2860 meL

199 2884 315 2910 minent
330 2883 387 2918 pari
401 2882 548 2912 Occasione
569 2881 717 2917 prmsu‘lnm
735 2880 986 2910 ccclesiasticorum

1044 2279 1203 2307 monialium
1234 2279 1491 2311 impedimentorum
1519 2280 1731 2312 relaxationem,
1756 2282 1834 2314 quasi

1043 2334 1101 2360 eam
1121 2325 1225 2353 Veccus
1239 2331 1334 2352 contra
1349 2325 1389 2352 fas
1407 2330 1571 2353 attentasset
1588 2332 1735 2362 propterea
1762 2328 1836 2362 quod

1042 2372 1157 2400 Romani
1172 2371 1308 2406 pontificis
1322 2371 1512 2399 auctoritatem
1538 2377 1710 2406 sequeretur.

1077 2418 1108 2446 P.
1125 2418 1188 2445 206.
1207 2417 1320 2451 Ejuratn
1337 2418 1390 2444 rita
1404 2417 1503 2451 patrio.
1526 2417 1589 2453 Agit
1604 2419 1637 2446 de
1667 2418 1749 2445 Maria
1778 2419 1833 2446 tilia

1042 2467 1113 2500 regis
1130 2466 1267 2493 Armeniae
1288 2464 1425 2491 destinata
1444 2472 1546 2498 sponsa
1566 2465 1690 2492 Mirhaeli
1709 2466 1835 2501 Augusto

1039 2511 1158 2545 Juniori,
1172 2520 1254 2547 quam
1267 2511 1304 2538 ait
1320 2519 1401 2546 opera
1413 2515 1441 2539 et
1455 2512 1627 2539 suasionibus
1640 2512 1834 2540 deducentium

1041 2559 1187 2587 adductam
1204 2559 1235 2585 ad
1256 2558 1419 2593 ejurandum
1437 2558 1519 2585 rittttn
1537 2559 1666 2593 patrium.
1680 2559 1743 2586 Acri
1760 2560 1832 2586 circa

1040 2607 1198 2642 religionem
1213 2606 1330 2634 discidio
1346 2606 1462 2633 invicem
1487 2606 1661 2634 abhorruisse
1679 2607 1790 2634 Gnecos
1806 2612 1834 2634 et

1040 2654 1172 2680 Armenes
1190 2660 1244 2680 non
1261 2652 1345 2680 semel
1364 2653 1390 2679 in
1404 2652 1480 2680 hisce
1492 2653 1668 2680 historiarum
1686 2653 1765 2680 libris
1782 2652 1834 2680 Pa-

1040 2697 1182 2731 chymeres
1208 2697 1307 2724 innuit.
1326 2696 1391 2724 Vide
1422 2698 1475 2724 vol.
1493 2696 1514 2729 l,
1542 2706 1570 2732 p.
1587 2698 1661 2731 £29;
1689 2699 1744 2726 vol.
1759 2699 1792 2732 Il,
1808 2707 1834 2733 p.

1040 2742 1102 2772 242.
1120 2748 1147 2769 et
1163 2751 1189 2776 p.
1207 2742 1271 2770 5‘20.
1289 2741 1392 2770 Solitos
1408 2750 1487 2778 porro
1502 2743 1611 2771 Grtccos
1633 2751 1680 2771 eos
1693 2745 1738 2778 qui
1752 2745 1834 2772 ritum

1041 2789 1157 2823 patrium
1173 2796 1234 2816 cum
1252 2796 1303 2816 suo
1323 2793 1461 2816 mutarent
1476 2790 1605 2817 unctione
1632 2790 1706 2817 velut
1723 2791 1833 2818 initiare

1039 2836 1166 2870 quadam,
1185 2840 1212 2862 et
1236 2835 1281 2862 hic
1299 2835 1376 2863 vides
1394 2844 1407 2861 a
1434 2840 1529 2863 nostro
1554 2836 1685 2863 historico
1711 2842 1738 2863 et
1764 2836 1833 2863 infra

1040 2890 1067 2917 ιι.
1081 2881 1143 2915 59.0,
1157 2881 1256 2910 diserte
1271 2881 1433 2910 affirmatum
1447 2883 1482 2910 de
1497 2882 1641 2916 Armcuis;
1655 2887 1683 2911 et
1698 2883 1769 2910 idem
1786 2891 1834 2911 eos
