1954 3063
97 149 153 182 813

860 147 980 179 ΝΟΤίΕ.

1681 149 1735 180 914

96 216 232 244 usurpare
249 208 274 236 in
288 207 394 235 Latinis
412 209 445 235 ad
471 208 551 236 ritum
576 208 700 236 Cnet-um
721 209 889 236 transcuuti-
907 212 926 239 Α
944 208 994 235 hos
1021 207 1154 236 terminos
1172 209 1251 244 spatii
1271 210 1340 237 intra
1369 208 1441 244 qttod
1472 209 1615 244 digladiari
1636 209 1732 237 Veneti

96 255 160 287 bus,
190 255 340 290 accipimus
370 263 386 283 e
403 255 501 283 litteris
533 260 689 282 nostrorum
707 255 841 291 hodieque
858 255 886 282 in

95 301 201 329 Graecia
219 303 385 338 degentium.

133 347 165 377 P.
179 348 243 379 209.
260 349 374 376 Latinis.
392 348 446 377 Hos
463 348 574 377 Latinos
602 349 672 384 apud
689 349 796 377 Cretam
813 349 888 377 insn-

95 397 150 424 lam
170 393 257 423 armis
272 395 450 430 prtevalentes
475 395 558 423 fuisse
573 396 691 424 Venetos
717 396 820 423 iudicat
841 404 888 424 no-

95 446 156 469 ster
180 440 262 474 infra,
284 441 304 468 l.
329 448 378 474 vn,
394 447 418 469 α.
435 440 462 475 8,
480 442 542 468 dum
567 441 679 469 solvisse
695 442 889 469 (inustautino-

96 487 151 522 poli
163 487 272 515 Cretam
285 494 381 515 versus
391 487 566 514 Athanasium
579 488 761 522 patriarcham
771 487 890 516 Alexana

96 534 205 561 drinum
221 540 290 561 nave
306 533 408 561 Veneta
426 538 551 561 testatur.
580 533 634 561 Sed
663 539 690 562 et
707 535 790 567 idem,
808 535 828 563 l.
848 542 888 568 ιιι,

96 588 122 609 c.
143 580 188 613 19,
205 580 277 607 clare
294 580 401 607 diserat
415 581 523 608 Cretam
538 581 662 615 paruisse
675 581 798 609 Venetis.

132 627 243 655 P.2H.
263 627 355 654 Mirari
387 627 450 655 licet
478 628 615 662 quomodo
641 626 890 664 PhilanthrOpenus

96 673 199 702 oﬂ‘erre
214 674 395 701 conditionem
413 673 542 701 connubii
569 681 662 702 secum
691 675 754 702 huic
783 676 890 703 mulieri

97 721 229 755 potuerit,
247 728 326 755 quem
342 728 373 747 ex
390 729 416 756 p.
429 719 482 748 296
506 721 666 755 intelligitur
682 721 811 750 habuisse
827 727 892 750 tunc

98 767 179 794 aliam
196 767 344 802 legitimam
360 774 471 794 uxorem
495 771 523 794 et
539 775 572 794 ex
587 775 619 795 ea
640 767 735 795 ﬁlium.
753 769 794 795 An
810 776 891 803 repu-

99 814 234 840 diaturum
249 821 280 840 se
292 813 412 840 Ostendit
431 813 473 849 [P.
493 813 561 850 538]
579 814 889 850 antiquam‘conjugem,

97 864 128 887 ut
145 860 233 887 locum
251 867 327 887 novre
341 859 438 887 daret?
453 860 493 887 An
517 861 617 894 potius,
636 868 696 888 cum
712 860 796 888 sciret
811 861 890 888 istam

97 907 206 934 viduam
229 906 401 941 Salampaxis
417 906 508 934 Persa:
522 915 574 934 non
586 914 667 934 unam
683 906 748 942 ipsi.
771 907 817 935 sed
833 907 890 941 pri-

97 954 211 980 marium
227 953 299 980 inter
314 953 404 987 plures
425 953 510 980 fuisse
529 961 653 986 uxorem.
679 954 798 988 speravit
816 954 889 980 illam

94 999 264 1026 credituram
279 1002 360 1033 posse
383 999 549 1026 connubium
581 999 633 1026 rite
663 999 726 1026 iniri
757 1007 818 1026 cum
832 999 890 1026 viro

97 1050 287 1080 praeoccupato
304 1045 365 1072 aliis
379 1045 499 1080 nuptiis?
515 1053 575 1076 seu.
589 1046 660 1081 quod
676 1045 764 1073 innuit
777 1045 890 1073 histori-

95 1099 157 1122 cus,
178 1099 231 1118 non
249 1100 283 1119 ex
302 1099 367 1118 vero
381 1091 451 1125 haec,
462 1091 508 1119 sed
520 1097 610 1119 astute
625 1091 842 1119 obtendebantur
856 1091 889 1118 ad

96 1138 280 1165 inducendam
308 1138 334 1165 in
349 1137 472 1166 fraudem
494 1138 625 1166 feminam
657 1143 788 1172 exteram,
808 1143 833 1167 et
849 1139 890 1167 sic

94 1183 266 1216 eripiendam
278 1185 302 1212 ei
318 1192 399 1219 quam
420 1184 529 1212 tenebat
543 1193 646 1213 arcem.

132 1229 162 1258 Ρ.
185 1231 249 1259 ΞΞΒ.
273 1231 477 1258 Ἀντιδόσθσιν
495 1230 582 1264 ἱερῶν
596 1231 776 1266 ἑγκολπὶων.
787 1232 826 1260 De
837 1232 890 1260 hoc

99 1285 174 1305 more
207 1277 332 1305 firmandi
351 1282 429 1312 pacta
447 1285 494 1312 per
512 1282 631 1304 mutuam
650 1279 824 1306 traditionem
842 1287 887 1307 sa-

95 1331 205 1350 crorum
234 1323 415 1351 amuletorum
433 1331 449 1351 e
468 1324 538 1351 collo
561 1331 754 1359 suspensorutn
774 1325 888 1352 videnda

96 1377 155 1403 qua
187 1370 341 1397 notavimus
366 1370 506 1397 Glossario
540 1371 644 1405 priori,
679 1372 763 1399 verbo
792 1372 888 1407 ἐγκόλ-

97 1425 157 1448 ma,
175 1416 222 1444 ubi
239 1416 375 1451 geminum
403 1416 468 1444 huic
492 1416 677 1445 CantacuLeni
694 1418 794 1452 locum,
811 1418 828 1446 l.
844 1427 887 1451 ut,

99 1470 122 1488 (ι.
142 1462 184 1495 Π,
203 1470 218 1489 a
237 1462 432 1498 παρερμηνείᾳ
446 1463 594 1490 doetissimi
612 1464 711 1499 alioqui
735 1468 762 1491 et
776 1471 888 1491 accura-

98 1508 198 1535 tissimi
210 1509 365 1536 necessario
384 1508 554 1536 vindicamus
575 1509 743 1544 interpretis.

942 263 1003 283 cum
1026 255 1215 283 Genuensihus
1235 264 1268 283 ex
1296 263 1374 291 pacto
1398 264 1459 283 cum
1483 256 1648 291 imperatore
1664 250 1738 284 inito

943 302 1096 338 nequirent,
1114 303 1153 330 sic
1166 303 1294 337 exprimit
1309 311 1315 329 :
1335 302 1402 329 ’Λπδ
1414 303 1461 329 τοῦ
1483 302 1578 329 στενοῦ
1597 303 1732 329 Καλλιου-

942 348 1048 379 ﬁdlem:
1065 348 1149 384 μέχρι
1163 349 1210 375 καὶ
1227 349 1273 375 τοῦ
1292 349 1377 384 ἱεροῦ.
1401 347 1469 381 Quid
1484 354 1560 376 vocet
1578 349 1651 384 ἱερὸν
1676 350 1733 385 ipse

943 394 1050 423 viderit.
1081 395 1184 423 Fauces
1205 395 1313 430 quidem
1340 395 1372 422 ad
1390 395 1543 429 Callipolim
1560 397 1661 422 emtlem
1678 404 1731 422 non

942 445 1006 468 sunt
1021 449 1081 468 cun:
1095 440 1222 469 faucibus
1238 449 1298 476 qute
1325 442 1357 468 ad
1376 441 1473 469 Seston
1493 447 1518 468 et
1534 442 1668 477 Abydum,
1684 443 1731 468 sed

941 493 957 512 e
974 486 1107 512 diametro
1120 486 1170 513 il|:e
1184 491 1248 513 sunt
1266 486 1381 513 invicem
1394 487 1537 521 opposita,
1557 487 1645 513 media
1661 487 1732 514 intrt'

943 537 1074 566 utrasque
1095 531 1272 566 Propontide.

980 577 1012 614 [Ρ
1029 578 1091 614 559]
1114 579 1142 606 P.
1161 579 1224 606 ΞΗ..
1241 579 1317 612 Quod
1332 579 1439 606 codices
1452 579 1471 605 Β
1484 583 1510 606 et
1524 579 1545 605 Α
1560 579 1591 605 ἐκ
1606 588 1678 610 τινος
1692 579 1734 604 αἱ-

943 625 1004 656 τὶας
1021 625 1129 656 εἰκαίας
1145 625 1255 658 habent,
1274 624 1334 652 Vat.
1351 626 1480 660 exprimit
1494 626 1526 652 ἐκ
1551 634 1625 656 τινος
1649 626 1735 661 μηδι-

945 672 1026 706 μινῆς
1039 672 1140 704 αἰτίας,
1157 681 1239 698 causa
1254 673 1295 700 vel
1311 672 1506 700 oﬂensiuucnla
1523 672 1610 699 nihili.
1620 675 1631 681 ί

980 716 1047 744 ibid.
1066 716 1122 744 Rea:
1142 717 1309 745 Armenia...
1329 717 1405 744 Hunc
1420 724 1510 751 regem
1530 716 1667 743 Armenia:
1684 715 1734 742 Sa-

945 767 1036 793 nntus,
1052 762 1069 790 l.
1085 770 1128 796 ιιι,
1145 769 1172 796 p.
1190 763 1233 796 f5,
1260 771 1284 790 c.
1302 762 1330 796 ἓ,
1346 762 1517 797 Haythonem
1539 767 1627 794 vocat,
1644 767 1671 788 ct
1687 769 1733 788 vc-

945 809 1020 837 nisse
1034 809 1296 844 Constantinopolim
1313 809 1378 838 dicit
1402 817 1434 836 eo
1451 809 1521 844 quod
1542 808 1658 835 Michael
1675 808 1732 834 An-

944 856 1049 883 tlronici
1082 855 1153 883 ﬁlius
1178 863 1299 883 sororem
1328 864 1407 883 suam
1433 857 1636 890 desponsasscl.
1660 854 1733 881 Con-

943 907 1045 937 gruunt
1063 903 1120 930 hac
1145 910 1208 929 cum
1226 901 1405 938 Pachymere,
1429 902 1475 937 qui
1493 903 1620 936 superius
1639 901 1733 928 docuit

943 948 1016 984 regis
1046 949 1183 976 Armeniae
1210 949 1291 976 filiam
1322 948 1436 976 Mariam
1469 950 1577 976 nomine
1606 947 1732 975 Michaeli

943 996 1078 1031 nupsisse.
1094 996 1218 1030 Explicat
1250 1000 1341 1023 autem
1372 995 1493 1023 Sanutus
1513 996 1545 1022 de
1563 1003 1616 1030 quo
1632 1001 1732 1029 genere

942 1043 1082 1070 convictus
1099 1043 1281 1077 Pachymcres
1305 1048 1380 1077 agat,
1410 1043 1473 1070 dum
1490 1043 1528 1069 ait
1543 1042 1614 1070 hunc
1639 1049 1730 1077 regem

941 1096 1004 1116 cum
1024 1088 1126 1117 Freriis
1143 1089 1255 1117 vixisse.
1275 1089 1359 1117 Docet
1377 1089 1477 1124 quippe
1492 1088 1731 1124 Sumpsisseillutu

941 1135 1063 1162 habitum
1079 1136 1182 1163 ordinis
1198 1134 1331 1164 lituorum
1348 1135 1376 1164 S.
1392 1136 1545 1170 Francisci,
1562 1142 1589 1163 et
1604 1140 1632 1162 ιιι
1651 1135 1732 1162 soda-

941 1182 994 1210 lem
1009 1183 1107 1210 borum
1129 1182 1239 1210 Patrqu
1257 1187 1285 1210 et
1306 1183 1416 1211 fratrem
1433 1182 1667 1216 Constantinopoli
1686 1182 1731 1208 vt-

941 1229 1119 1262 xisse;unde
1147 1235 1254 1264 sumpta
1283 1230 1428 1257 occasione
1453 1229 1555 1256 Schath
1580 1227 1732 1263 ilaythonis

941 1276 1026 1303 frater
1043 1283 1155 1311 regnum
1171 1275 1308 1303 Armenia:
1324 1276 1477 1311 occupavit.
1493 1276 1544 1309 Qui
1564 1275 1645 1311 etiam
1660 1274 1733 1310 "ny-

944 1323 1055 1350 thonem
1078 1322 1175 1350 deinde
1199 1327 1308 1356 captum
1333 1323 1492 1349 escaccavit.
1524 1322 1576 1349 Sed
1602 1322 1624 1350 is
1638 1322 1732 1349 divino

941 1369 1072 1397 miraculo
1093 1376 1200 1396 rursum
1231 1369 1345 1403 adeptus
1376 1377 1455 1396 usum
1483 1369 1636 1402 oculorum,
1655 1371 1731 1405 regni

939 1415 1002 1449 quin
1025 1417 1107 1442 etiam
1133 1422 1244 1449 compos
1262 1420 1303 1443 est
1315 1415 1424 1448 factus;
1441 1420 1467 1443 et
1488 1415 1638 1443 Sebathum
1657 1415 1732 1442 Con-

939 1461 1141 1496 stantinopolim
1168 1462 1253 1493 misit,
1281 1469 1378 1496 rogans
1403 1462 1596 1496 imperatorem
1615 1467 1644 1488 ut
1668 1470 1730 1489 etim

939 1508 993 1535 illic
1009 1508 1154 1536 detineret.
1181 1508 1242 1535 llaec
1260 1508 1297 1534 ibi
1327 1508 1458 1536 Sauutus.
1476 1507 1507 1535 Et
1537 1515 1569 1535 ex
1586 1515 1618 1535 eo
1645 1508 1731 1535 fusius

131 1555 164 1582 P.
179 1555 243 1582 2'53.
261 1554 349 1582 Terre
378 1555 470 1587 motui,
497 1556 542 1590 qui
569 1564 615 1590 per
630 1557 810 1584 excellentiam
831 1565 886 1584 ma-

942 1553 1100 1588 Spondanus
1116 1562 1160 1579 an.
1175 1553 1243 1580 Chr.
1261 1552 1339 1584 i294,
1355 1561 1382 1580 n.
1405 1552 1437 1579 10
1455 1558 1479 1579 et
1499 1552 1541 1580 Η.

97 1609 163 1634 gnua
179 1601 339 1634 appellatur.
369 1600 437 1629 Puto
467 1601 508 1629 hic
524 1596 602 1630 iunui
629 1606 709 1630 terra!
725 1609 826 1631 motum
841 1605 887 1640 qui

96 1655 167 1674 anno
179 1647 244 1674 Chr.
255 1647 325 1675 1202
335 1647 454 1675 οιιιιιίιιιιι
469 1649 550 1676 tando
562 1649 718 1676 auditorum
731 1658 778 1685 per
790 1649 887 1678 Orien-

99 1698 151 1720 tem
165 1693 321 1721 dirissimus
338 1694 461 1728 contigit,
481 1702 560 1726 quem
579 1694 715 1723 Robertus
739 1698 887 1724 monachus

94 1740 328 1768 Antisiodoreusis
358 1740 386 1767 in
417 1748 466 1768 sua
481 1741 666 1776 Chronologia
694 1743 830 1777 incepisse
848 1744 887 1770 ait

95 1786 187 1813 triduo
204 1792 267 1813 ante
284 1787 490 1819 Ascensionem,
510 1791 537 1814 et
554 1795 586 1814 eo
611 1787 722 1823 Tyrum,
739 1789 886 1822 Acennem,

94 1831 240 1866 Tripolim,
266 1837 332 1866 etc.,
355 1840 451 1869 magna
471 1841 503 1861 ex
518 1839 594 1869 parte
619 1835 781 1862 concidisse.
800 1835 887 1870 Iinjus

96 1878 201 1914 antiqui
215 1884 295 1906 terra)
313 1885 402 1907 motus
418 1880 575 1906 meminisse
593 1885 728 1914 poterant,
755 1889 817 1909 cum
836 1882 886 1909 iste

95 1924 166 1952 alius
183 1925 217 1951 de
242 1932 296 1959 quo
317 1929 410 1952 noster
425 1926 479 1960 agit
496 1926 546 1952 hoc
565 1924 624 1952 loco
651 1925 884 1961 Constantinopoli

93 1971 177 2006 752
190 1971 306 2006 centigit
321 1972 431 1999 circiter
456 1980 558 1999 annmn
582 1972 648 2000 Chr.
674 1973 754 2006 1296,
773 1973 886 2007 quicun-

94 2025 147 2051 que
165 2017 294 2045 vivebant
309 2018 458 2045 centenarii
488 2024 534 2045 aut
550 2020 628 2052 paulo
648 2019 812 2046 centenariis
828 2027 885 2045 ma-

93 2064 178 2098 jores.
206 2063 330 2091 Meminit
345 2063 457 2091 alteritts
481 2065 774 2099 Constantiuopolitaui
807 2069 886 2092 terra:

96 2115 187 2137 motus
206 2109 297 2144 magni
319 2109 436 2143 scriptor
467 2108 536 2137 Vitae
565 2109 688 2146 Gregorii
707 2109 752 2143 IV,
770 2109 883 2137 Romani

94 2158 183 2189 pont.,
198 2155 320 2182 referens
336 2162 396 2182 eum
413 2155 561 2190 contigisse
575 2163 647 2183 anno
659 2155 725 2184 Chr.
742 2156 819 2189 1231,
831 2164 885 2191 quo

96 2202 134 2228 ait
156 2200 258 2228 multas
273 2201 369 2228 domos
384 2205 411 2228 et
433 2201 532 2236 templa
559 2201 795 2237 Constantinopoli
823 2209 884 2229 cor-

93 2248 193 2275 ruisse.
211 2247 246 2275 At
263 2247 343 2282 hujus
372 2248 510 2274 recordari
529 2247 570 2274 vel
587 2249 788 2283 septuagenarii
808 2254 883 2284 pote—
898 2236 924 2265 Ῑ)

93 2298 168 2320 rant.
187 2293 292 2321 Iudicat
308 2296 398 2320 autem
417 2297 509 2320 noster
523 2293 596 2321 solos
613 2301 660 2322 eos
677 2295 723 2329 qui
743 2294 813 2321 ultra
827 2295 885 2322 vulv

94 2346 186 2374 garem
204 2339 313 2366 modum
327 2339 492 2372 senuissent,
508 2340 580 2367 illius
594 2341 683 2375 magni
703 2347 781 2368 terrae
798 2346 885 2368 motus

94 2385 215 2420 potuisse
231 2385 390 2412 memoriam
407 2385 510 2412 testari.
527 2385 617 2418 Quare
629 2385 803 2413 verisimilius
815 2385 884 2413 forte

93 2432 178 2460 fuerit
205 2432 249 2459 hic
264 2432 410 2467 significari
431 2436 512 2459 terra:
528 2437 630 2459 motum
647 2433 710 2460 anui
733 2433 812 2466 i222,
831 2441 885 2467 quo

94 2480 239 2511 Caesarius,
254 2479 272 2506 Ι.
289 2487 317 2512 x,
335 2486 359 2506 c.
377 2479 422 2512 47,
441 2479 525 2506 refert
553 2479 578 2506 in
597 2479 687 2515 Cypro
713 2480 800 2507 insula
816 2481 886 2507 duas

94 2527 218 2553 civitates
233 2531 315 2552 terrae
332 2530 404 2552 motu
419 2525 503 2552 fuisse
519 2525 677 2558 subversas,
694 2530 720 2552 et
737 2526 762 2552 in
790 2533 883 2553 carum

95 2574 181 2600 altera
198 2572 355 2607 episcopum
371 2572 458 2599 sacris
473 2577 630 2606 operantem
647 2577 673 2599 et
694 2572 796 2599 circum
813 2580 883 2608 pra:-

95 2625 200 2646 scutem
218 2618 348 2653 populum
365 2619 454 2654 templi
472 2620 550 2646 ruina
567 2619 670 2654 pariter
680 2618 795 2647 obrutos
821 2627 884 2654 ρετ-

93 2665 171 2692 iisse.

127 2710 158 2738 Ρ.
173 2710 236 2738 259.
257 2710 354 2738 Petrus
368 2709 476 2743 Gillius,
496 2711 514 2738 l.
533 2719 553 2739 Il
570 2711 607 2738 De
623 2713 798 2746 topographia
812 2712 884 2739 urbis

90 2756 351 2790 Constantinopolis,
368 2765 393 2784 c.
411 2756 438 2789 6,
466 2758 604 2784 existimat
617 2758 734 2785 Pharum
750 2758 833 2786 fuisse
848 2759 882 2786 si-

91 2809 147 2830 tam
164 2803 191 2829 in
208 2803 395 2837 promontorio
410 2802 492 2830 Ceras
506 2803 588 2830 dicto.
605 2803 643 2830 De
662 2803 712 2830 hac
735 2803 823 2830 Pharo
840 2804 883 2832 hic

90 2851 133 2886 agi
161 2850 312 2878 verisimile
335 2851 454 2877 videtur.
473 2851 551 2878 Unde
573 2850 736 2878 crediderim
753 2851 883 2880 aberrare

89 2896 124 2924 ab
142 2896 264 2924 auctoris
277 2897 412 2924 sententia
428 2896 611 2924 breviatorem
629 2896 800 2932 Vaticanum,
818 2898 880 2925 dum

976 1599 1005 1626 P.
1020 1598 1083 1626 247.
1109 1599 1166 1634 Τὴν
1183 1599 1248 1633 γθῦν
1267 1599 1392 1634 ἀνάγκην
1417 1598 1542 1632 γίνεσθαι
1561 1599 1641 1634 χάριν
1665 1600 1730 1633 νικᾷ

938 1645 971 1680 τῇ
988 1645 1107 1673 συνέσει,
1126 1645 1170 1672 Sic
1190 1646 1275 1672 codex
1294 1645 1324 1672 Β.
1355 1644 1414 1672 Val.
1431 1651 1521 1672 autem
1542 1646 1605 1681 νικᾷ
1632 1645 1697 1680 γίιῦν
1711 1647 1728 1681 ἡ

940 1693 1050 1725 σύνεσις
1064 1692 1095 1719 τὸ
1109 1694 1199 1720 ποιεῖν
1226 1693 1308 1728 χάριν
1327 1693 1376 1729 τὴν
1406 1693 1540 1728 ἀνάγκην.
1567 1693 1729 1721 Perobscurt

939 1739 992 1766 loci
1010 1743 1039 1766 ut
1052 1739 1136 1774 possit
1156 1739 1283 1774 intelligi,
1312 1739 1429 1774 primum
1458 1739 1649 1767 constituenda
1661 1740 1731 1767 scri-

939 1789 1017 1820 ptura
1041 1791 1092 1813 est.
1115 1785 1184 1813 Puto
1207 1786 1233 1813 in
1249 1793 1315 1814 voce
1333 1788 1407 1822 νικᾷ,
1427 1791 1455 1813 ιιι
1473 1786 1499 1814 in
1514 1795 1539 1814 c.
1559 1786 1579 1813 Β
1595 1794 1655 1814 cum
1673 1786 1730 1814 cir-

939 1832 1073 1860 cumﬂexo
1102 1833 1128 1860 in
1159 1832 1255 1860 ultima
1290 1833 1400 1868 legitur,
1417 1834 1544 1861 mendum
1569 1842 1640 1861 esse.
1669 1833 1728 1861 Non

938 1879 1009 1906 enim
1030 1884 1073 1906 est
1092 1879 1149 1905 lucc
1163 1879 1243 1907 tertia
1265 1886 1382 1913 persona
1399 1879 1536 1907 indicativi
1555 1880 1696 1914 praesentis
1713 1888 1727 1906 ιι

938 1925 1035 1957 νικάω,
1050 1926 1124 1960 νικᾷ.
1142 1925 1189 1952 sed
1218 1925 1335 1952 secunda
1351 1925 1432 1960 753
1455 1933 1569 1960 persona
1585 1927 1729 1960 pra:seutis

940 1971 1100 2005 imperativi.
1112 1970 1205 2005 Itaque
1219 1972 1339 1998 acuenda
1350 1971 1500 2006 penultima
1514 1976 1565 2004 est,
1579 1976 1607 1999 ut
1618 1973 1654 1999 sit
1664 1972 1727 1998 νίκα

936 2022 1109 2045 contractum
1127 2025 1159 2044 ex
1177 2017 1266 2044 νίκαε.
1281 2017 1313 2044 Et
1329 2017 1408 2052 hujus
1422 2017 1567 2052 vestigium
1583 2019 1727 2054 scripturas

938 2064 1045 2099 aliquod
1060 2064 1144 2091 videri
1161 2068 1250 2099 potest
1263 2063 1390 2099 przeferre
1405 2063 1464 2091 Vat.
1479 2065 1576 2098 codex,
1589 2067 1651 2092 dum
1665 2066 1729 2093 ltili-

938 2118 1007 2136 mam
1026 2109 1101 2137 acuit
1118 2110 1144 2137 iu
1160 2116 1225 2137 voce
1249 2109 1325 2142 νικά,
1345 2110 1370 2137 in
1387 2110 1450 2137 sede
1466 2115 1606 2144 accentus,
1624 2119 1677 2138 non
1697 2111 1724 2138 in

938 2161 1048 2182 accentu
1077 2163 1203 2190 peccans.
1227 2155 1272 2183 Sic
1301 2157 1334 2183 ad
1368 2156 1480 2184 verbum
1511 2156 1570 2183 hrec
1598 2162 1725 2186 sonant:

940 2200 1019 2229 Vince
1029 2202 1177 2236 prudentia,
1194 2207 1222 2229 ut
1241 2203 1381 2230 necessitas
1405 2203 1492 2237 gratia
1510 2203 1568 2236 ﬁat.
1588 2203 1643 2231 Hoc
1658 2209 1700 2231 cat
1716 2213 1725 2230 τ

937 2255 997 2274 cum
1012 2248 1046 2275 sit
1068 2255 1180 2275 necesse
1204 2257 1252 2275 usu
1267 2249 1322 2284 jam
1341 2254 1450 2283 recepto
1468 2249 1533 2276 dare
1549 2249 1656 2276 titulum
1673 2249 1728 2276 fra-

937 2293 988 2321 tris
1002 2295 1027 2321 in
1045 2294 1142 2321 litteris
1160 2295 1279 2328 Sullani,
1296 2303 1329 2322 ne
1341 2296 1448 2323 dnhites
1466 2295 1517 2322 hoc
1543 2295 1661 2323 libenter
1683 2296 1725 2323 fa-

936 2348 1010 2374 cere,
1028 2341 1244 2368 consideratione
1266 2341 1424 2375 scrupulum
1444 2341 1563 2369 vincens.

972 2386 1002 2414 Ρ.
1018 2387 1081 2414 250.
1100 2387 1165 2420 Qua:
1179 2395 1238 2414 cum
1255 2389 1291 2414 ita
1312 2389 1375 2420 sint,
1392 2389 1451 2415 acri
1468 2397 1532 2421 opus
1550 2397 1604 2416 esse
1625 2389 1724 2416 delibe-

936 2434 1049 2463 ratione.
1076 2439 1129 2460 etc.
1154 2433 1210 2463 llis,
1230 2434 1323 2462 verbis
1340 2434 1490 2469 explicatur
1516 2436 1601 2462 aestus'
1628 2435 1726 2467 animi,

937 2489 992 2515 quo
1009 2480 1163 2514 patriarcha
1189 2486 1215 2507 ct
1231 2481 1379 2515 imperator
1396 2488 1428 2508 ex
1447 2482 1563 2515 repertis
1583 2481 1725 2509 Athanasii

937 2527 1046 2561 scriptis
1062 2526 1136 2553 diras
1157 2527 1357 2554 intentanlibus
1374 2527 1564 2561 turbabantur,
1584 2535 1652 2554 vano
1667 2527 1728 2562 qui-

937 2574 996 2599 dem
1016 2578 1100 2599 metu.
1115 2571 1183 2599 Nam
1203 2573 1266 2607 quid
1284 2581 1317 2601 ex
1335 2573 1476 2608 impotenti
1490 2574 1589 2610 privati
1602 2574 1659 2609 jam
1677 2574 1728 2601 lto-

937 2618 1016 2645 minis
1046 2618 1186 2645 iracundia
1207 2619 1311 2646 chartis
1329 2620 1504 2648 clanculariis
1529 2619 1623 2647 timide
1639 2619 1725 2647 indita

935 2664 1075 2692 formidari
1090 2665 1152 2700 jure
1167 2666 1291 2700 poterat?
1306 2665 1407 2693 Tamen
1421 2666 1465 2694 isti
1482 2666 1661 2697 schismatici,
1678 2666 1724 2700 qui

934 2711 1071 2738 dirissima
1100 2711 1221 2738 omnium
1250 2712 1424 2739 anathemata
1451 2712 1521 2738 ultro
1540 2719 1678 2738 arcessere
1697 2713 1722 2737 iu

933 2765 982 2784 sua
1000 2758 1120 2792 ipsorum
1137 2757 1225 2790 capita
1239 2765 1291 2785 non
1307 2758 1467 2785 dubitabant
1480 2757 1631 2784 nbedientia
1643 2757 1726 2784 Chri-

933 2805 966 2832 sti
995 2804 1098 2831 vicario
1125 2804 1247 2839 neganda
1274 2809 1301 2830 et
1317 2804 1489 2831 dilaceranda
1513 2798 1725 2834 EerlesiaJelii

934 2851 1001 2886 giosi
1021 2858 1106 2885 usque
1118 2852 1150 2877 ad
1163 2851 1386 2885 superstitionem
1402 2857 1531 2884 apparere
1547 2849 1723 2883 affectabunt,

934 2898 989 2926 illic
1017 2897 1185 2932 trepidantes
1216 2898 1312 2924 timore
1333 2897 1377 2924 ubi
1413 2905 1465 2924 non
1497 2901 1557 2924 erat
1586 2895 1678 2930 timor,
1695 2904 1724 2924 ut
