1954 3063
101 144 154 176 $17

832 148 866 178 'N
871 149 967 180 OTrE.

1687 147 1739 178 818

99 201 255 235 ostendam,
274 202 323 230 fuit
336 193 436 231 Christi
454 204 534 232 1299.
547 204 598 238 Qui
613 213 700 232 antttts
716 213 776 232 cutu
793 214 887 233 nume-

951 206 1070 237 Ξασιλεὺς
1083 206 1184 238 ἔξεισι·
1199 205 1271 232 Tum:
1286 205 1490 241 igiturparulus
1503 205 1647 238 imperator
1662 206 1738 233 exiit.

99 249 202 274 raverit
219 249 323 284 cyclum
339 250 406 277 solis
426 251 471 282 20,
485 252 528 279 cui
549 252 681 286 competit
697 251 789 279 littera
809 252 890 279 index

100 294 248 321 ttotttitticm
277 295 309 327 Ι),
334 295 493 331 intelligitur
526 297 571 324 hic
599 302 778 325 memoratam
797 297 893 325 feriam

97 346 204 368 sextam
221 341 332 369 ineunte
345 341 532 370 Februarioiu
542 349 650 371 sextum
665 344 806 372 Februarii
822 345 892 372 dietn

98 391 242 419 incidisse.
268 391 332 418 Fuit
361 399 427 426 ergo
456 392 518 420 talis
545 393 599 421 diei
626 401 741 429 vespera
765 393 893 421 inchoata

98 438 328 465 commemoratio
353 438 544 467 defunctorum
571 446 645 466 mere
670 440 893 471 hcbdomadaria,

99 490 152 509 non
172 488 263 510 autem
280 491 332 510 una
349 491 382 511 ex
397 485 570 513 solemnibus
585 490 757 513 mortuorum
774 493 895 522 panegy-

100 530 186 560 ribus,
203 537 265 564 quae
284 530 335 563 bis,
350 534 379 558 ut
392 539 423 558 ex
442 530 586 559 Gennadio
600 531 764 564 audivimus,
779 533 806 559 in
823 539 894 559 anno

99 578 264 604 caeremonia
296 577 468 612 exquisitiori
485 578 673 611 celebrantur,
689 578 810 605 Sabbato
822 586 894 614 prae-

100 624 214 650 cedente
234 623 400 651 Dominicam
432 625 576 660 Ἀπόκρεω
592 626 660 657 sive,
677 630 706 652 ut
731 633 792 652 cum
815 625 894 659 vulgo

99 671 208 705 loquar,
227 671 402 705 Carnisprirt’i
418 671 584 704 Graecorum,
600 679 660 705 quae
676 671 806 699 coincidit
831 679 893 698 cum

99 721 196 744 nostra
213 716 353 744 Dominica
368 718 564 753 Sexagesima}.
577 723 603 744 et
619 717 740 745 Sabbato
752 722 814 746 ante
825 717 894 745 Peo-

102 768 237 790 tecostcn.
262 763 330 790 Nam
359 764 392 791 de
420 764 540 791 Subitam
568 764 677 798 quidem
705 764 894 796 Pentecostes,

101 811 169 837 satis
183 815 258 844 patet
273 819 354 845 quam
372 819 386 837 a
414 819 505 838 mense
521 811 671 838 Februario
696 816 830 838 remotum
847 811 892 838 sit.

100 857 252 883 Sabbatutn
269 863 358 884 autem
375 857 523 884 Domiuiea!
537 857 716 892 Carnisprivii
736 858 893 886 Graecorum

946 250 1055 284 ltaillc,
1072 253 1203 279 translata
1231 252 1263 279 ad
1293 257 1454 287 apparatum
1485 252 1660 286 profectionis
1687 253 1740 280 dici

947 306 1112 333 parasceves
1132 299 1310 333 expressioue
1326 307 1333 331 ;
1349 306 1403 333 quo
1423 303 1450 325 ct
1466 298 1541 326 valde
1553 298 1742 334 superliciarie

946 344 1105 372 defunctum
1120 345 1191 372 lntnc
1202 345 1410 379 cpitomatoretn
1423 349 1545 379 apparet,
1557 351 1585 371 ct
1598 353 1650 372 non
1663 345 1742 371 valde

946 390 1031 418 fuisse
1047 391 1163 426 peritutn
1181 392 1281 418 rituum
1299 387 1456 418 Cra-corum
1474 392 1592 426 suspicio
1606 398 1740 419 movetur.

947 437 1004 464 Non
1027 437 1112 465 fuisse
1132 437 1197 465 tnilti
1229 441 1320 464 tatnen
1350 437 1426 465 ill‘unt
1457 439 1594 471 inutilem,
1614 438 1656 466 hic
1685 439 1743 473 ipse

946 488 1023 518 grate
1039 484 1182 519 proliteudi
1201 484 1277 512 locus
1293 489 1344 512 est.
1359 485 1425 511 Nam
1444 485 1567 520 quzedam
1586 486 1611 513 in
1629 486 1681 514 hoc
1696 495 1742 514 ea-

947 529 1011 564 pite,
1031 534 1112 564 prout
1127 530 1290 558 describitur
1307 531 1332 557 iu
1348 530 1489 558 codicibus
1505 531 1610 559 duobus
1621 532 1741 566 alioquin

946 576 1068 610 optimis,
1094 576 1226 604 ditniuute
1251 582 1297 604 aut
1320 577 1521 605 confusiuscule
1547 578 1633 612 posita
1650 586 1743 606 exs-et-

947 620 1000 647 lius
1011 619 1159 648 Vaticanus
1174 621 1370 656 paraphrastes
1388 626 1415 649 et
1437 622 1638 655 intelligibilius
1660 631 1744 657 expu-

947 665 995 691 nit.
1011 665 1100 698 Quare
1117 667 1243 693 nonnihil‘
1255 674 1286 694 ex
1297 667 1341 693 illo
1352 667 1534 701 interpretans
1547 668 1660 702 adscivi;
1673 672 1744 703 quod

946 711 1026 745 quale
1039 712 1085 744 sit,
1098 719 1141 744 ne,
1154 712 1198 739 cui
1214 712 1283 740 forte
1296 713 1321 740 id
1336 721 1409 740 curae
1421 714 1512 746 fuerit,
1532 715 1648 749 ignoret,
1664 716 1743 742 retlxa

945 757 1057 791 ejushic
1069 758 1215 785 ascribat".
1230 758 1302 786 Loco
1315 760 1396 794 igitur
1411 768 1506 787 corutn
1519 769 1578 795 quae
1594 767 1746 796 sequuntur

947 804 972 830 iu
986 809 1079 831 nostro
1095 810 1225 832 contextu
1238 805 1333 834 Graeco
1345 808 1456 842 postilla
1476 808 1556 835 verba
1574 808 1700 844 Ἰωάννης
1715 809 1744 835 δέ

947 859 1032 887 usque
1049 853 1082 879 ad
1097 852 1178 880 linem
1193 854 1303 889 capitis,
1315 854 1465 882 Vaticanus
1480 856 1510 892 [P
1522 856 1585 892 545]
1602 858 1657 883 lucc
1668 860 1745 883 extu—

100 904 158 930 sive
188 903 382 938 Sexagesimte,
404 904 450 931 illo
471 911 542 931 anno
560 903 664 932 Pascha
685 905 715 931 l9
729 905 830 940 Aprilis
846 905 893 932 ha-

951 904 1005 925 uet:
1019 899 1048 925 '0
1060 899 1088 925 δὲ
1097 900 1270 936 πατριάρχης
1280 901 1366 936 ἔμαθε
1378 903 1411 928 τὰ
1422 903 1605 938 βουλευόμενα
1618 904 1692 938 πα(μά
1702 896 1745 929 τι-

102 951 192 980 beute,
206 949 256 976 fuit
271 950 327 977 dies
345 950 376 976 21
396 949 548 983 Februarii,
559 957 618 985 quae
632 950 664 977 ad
678 950 825 985 Ληναιῶνα.
837 951 894 977 ἑνε-

102 997 222 1031 στηκὸτα
239 996 371 1023 ineuntem
389 996 568 1024 Februarium
584 997 656 1024 nullo
671 1002 751 1032 pacto
765 997 893 1031 pertinet.

102 1042 202 1069 Notum
217 1043 317 1078 quippe
331 1044 398 1071 satis
413 1043 507 1070 decem
525 1047 631 1070 tantutn
650 1044 754 1078 printos
766 1043 897 1077 cujusque

104 1090 207 1117 tuensis
221 1090 280 1118 dies
297 1091 349 1118 ista
365 1090 451 1126 μηνὸς
468 1090 646 1126 ἐνεστηκότος
662 1090 759 1117 mensis
779 1090 895 1118 ineuntis

103 1137 174 1171 apud
192 1135 302 1164 Graecos
320 1136 504 1172 appellatione
527 1136 683 1172 designari;
700 1144 760 1164 cum
789 1136 835 1171 qui
852 1143 895 1163 se-

103 1187 224 1218 quuntur
240 1183 273 1210 ad
288 1183 322 1210 20
337 1182 467 1218 μεσοῦντι
485 1182 550 1218 μηνί
565 1182 693 1210 medianti
723 1183 816 1212 mensi.
833 1183 896 1209 reli.

103 1229 149 1264 qui
180 1232 214 1255 ad
244 1229 324 1256 linem
355 1237 442 1264 usque
462 1229 587 1265 λήγοντι,
603 1230 654 1257 hoc
680 1234 722 1257 est
749 1229 896 1260 desinenti,

105 1276 191 1303 mensi
211 1276 376 1303 tribuantur.
394 1277 484 1311 Atque
503 1277 553 1304 hoc
575 1277 673 1310 ipsum,
700 1276 828 1303 videlicet
853 1284 898 1302 or-

104 1322 239 1350 dinari-am
257 1327 284 1350 et
302 1323 543 1350 helidoutadariam
562 1323 695 1350 duntaxat
718 1322 801 1350 fuisse
825 1323 897 1350 hattc

104 1370 392 1396 commemorationem
420 1375 600 1402 mortuorum,
618 1370 720 1397 iudicat
746 1375 838 1398 uoster
855 1369 898 1397 lti-

104 1417 235 1450 stot'icus,
263 1417 326 1444 dttm
353 1425 406 1444 non
436 1418 701 1452 πανηγυριζομένων
718 1418 765 1444 sed
792 1425 898 1452 μνημο-

104 1464 258 1499 νευομένων
286 1463 337 1491 hoc
364 1465 422 1491 loco
449 1464 503 1491 τῶν
531 1464 743 1499 κεκοιμημένων
762 1463 897 1490 meminit.

105 1509 271 1537 ltieutionem
290 1517 371 1544 porro
390 1510 434 1536 hic
459 1510 559 1537 factam
592 1517 768 1537 accensaruut
794 1508 896 1541 lacum,

104 1563 185 1590 quam
206 1563 256 1589 ego
287 1556 515 1590 interpretatione
532 1557 565 1583 ad
584 1556 803 1584 ecclesiasticum
819 1563 896 1582 usuin

947 953 1002 976 νος.
1017 946 1121 978 "Etiam:
1133 947 1198 981 γοῦν
1206 947 1245 982 τῷ
1255 947 1361 983 ﬂanks!
1373 950 1570 983 συνταξάμενος
1581 953 1626 976 καὶ
1635 950 1670 976 τὰ
1683 952 1745 986 περὶ

947 991 1050 1018 τούτων
1063 994 1183 1029 κινήσων
1196 994 1370 1030 βουλόμενος.
1385 996 1474 1022 [Ιολλά
1489 997 1548 1032 γὰρ
1558 995 1593 1032 ἦν
1607 996 1641 1023 τὰ
1657 1006 1745 1032 προσ-

949 1037 1086 1072 ιστάμενα
1096 1039 1135 1074 τῷ
1149 1040 1368 1077 συναλλάγματι,
1383 1042 1492 1077 πρῶτον
1504 1043 1534 1069 τὸ
1548 1043 1683 1070 ἀπολῦσαι
1696 1044 1746 1079 τὴν

950 1083 1019 1110 ἰδίαν
1044 1087 1163 1117 γυναῖκα
1181 1086 1227 1113 τὸν
1244 1087 1362 1123 κράλην,
1379 1088 1505 1124 δεύτερον
1535 1089 1666 1124 ἁνήλικον
1694 1091 1746 1125 τῆς

949 1129 1096 1165 Θυγατρὸς,
1116 1131 1209 1167 τριτον
1225 1132 1255 1158 τὺ
1272 1133 1442 1168 ἀκουσθῆναι
1467 1134 1503 1166 ὡς
1533 1135 1745 1170 ὲπιδημήσασαν

948 1176 998 1211 τὴν
1024 1177 1145 1212 μοναχὴν
1168 1179 1391 1215 γυναικαδέλφην
1403 1181 1451 1207 τοῦ
1469 1181 1604 1215 προτέρου
1625 1181 1744 1216 ἁδελφίὖ

950 1223 1088 1258 Στεφάνου
1104 1224 1151 1250 τοῦ
1166 1225 1257 1260 κρά).η
1278 1227 1316 1258 εἰς
1331 1227 1449 1262 Σερὸίαν
1467 1227 1533 1254 ἰδεῖν
1549 1228 1598 1264 τὴν
1612 1228 1743 1262 ἀδελφὴν,

948 1269 1010 1304 ἥτις
1023 1266 1056 1305 ἧν
1071 1269 1144 1306 γυνὴ
1158 1271 1206 1297 τοῦ
1223 1271 1375 1306 Στεφάνου,
1389 1273 1463 1304 ὅστις
1491 1271 1525 1309 ἦν
1540 1274 1586 1301 καὶ
1601 1273 1746 1308 κατεαγὼς

948 1314 978 1341 τὸ
993 1315 1090 1348 σκέλος
1104 1325 1110 1331 ·
1128 1317 1171 1343 διὰ
1186 1317 1266 1344 enim
1291 1318 1340 1344 καὶ
1365 1319 1552 1354 ἀπραγμόνως
1571 1320 1618 1354 ἔζη
1633 1329 1640 1335 -
1662 1316 1742 1352 αὐτὸς

949 1360 1004 1396 γὰρ
1019 1359 1052 1397 ἦν
1062 1361 1231 1397 δικαιότερος
1243 1364 1293 1398 τὴν
1303 1364 1390 1400 ἀρχὴν
1402 1364 1486 1401 ἔχειν,
1497 1365 1534 1398 ὡς
1547 1367 1654 1401 πρῶτος
1667 1367 1746 1393 ἀδελ-

951 1408 1001 1442 φός
1015 1416 1022 1424 ’
1043 1409 1112 1445 αὑτὴ
1128 1409 1194 1444 γηῦν
1212 1411 1228 1447 ἠ
1245 1413 1353 1448 μοναχὴ
1368 1414 1415 1439 καὶ.
1431 1413 1477 1440 τοῦ
1498 1413 1632 1449 βασιλέως
1647 1412 1681 1449 ἦν
1694 1423 1744 1448 γυ-

950 1455 1116 1492 ναικαδέλφη
1132 1457 1164 1482 ἐκ
1177 1457 1226 1491 τῆς
1241 1457 1288 1484 τοῦ
1308 1458 1391 1493 ρηγὸς
1407 1459 1563 1494 Οὺγγρίας..
1574 1461 1684 1496 Ταύτην
1697 1461 1744 1488 οἰν

950 1500 1033 1535 (forte
1045 1503 1141 1538 ταύτῃ)
1159 1504 1297 1537 πορνικῶς
1315 1504 1438 1541 ἡκούσοη
1461 1507 1636 1542 συμμιγῆναι
1651 1509 1664 1534 ὁ
1676 1509 1743 1543 κρα-

950 1546 999 1582 λης
1011 1547 1025 1573 ὁ
1041 1549 1090 1584 τὴν
1111 1549 1250 1585 θυγατέρα
1266 1551 1314 1578 τοῦ
1329 1551 1464 1586 βασιλέως
1476 1552 1633 1588 λαμϐάνων.

105 1608 215 1632 revoco,
246 1609 298 1628 non
325 1602 412 1629 deerit
428 1602 497 1630 forte
517 1603 563 1637 qui
582 1603 732 1629 contendat
756 1601 790 1628 ad
822 1609 896 1628 tnere

985 1594 1016 1622 P.
1034 1595 1097 1623 506.
1118 1595 1296 1625 Enarratores
1313 1598 1519 1634 Ascrwipoelw.
1537 1601 1610 1628 Sane
1627 1602 1652 1628 in
1669 1601 1743 1629 Crte-

105 1646 212 1674 civilem
232 1646 400 1675 referendam
416 1647 500 1675 fuisse
515 1649 659 1675 rationem.
675 1648 820 1676 Enimvero
849 1656 899 1675 nec

104 1701 155 1728 ego
171 1694 267 1727 ignoro
289 1693 335 1720 tali
350 1694 509 1729 plerumque
522 1694 659 1721 locutione
677 1694 812 1729 designari
831 1699 898 1721 tetu-

106 1747 156 1773 pus
172 1747 295 1774 vesperae
311 1740 411 1767 adultat
437 1748 522 1776 usque
547 1740 581 1768 ad
596 1740 651 1774 jaut
679 1741 899 1768 increbeseentes

106 1785 233 1813 tenebras
259 1790 321 1821 post
347 1794 475 1814 occasum
495 1787 574 1819 solis,
591 1787 700 1822 quando
726 1787 759 1814 ad
776 1795 901 1815 necessa-

108 1832 176 1858 rium
194 1832 302 1859 videndi
327 1840 417 1865 usum,
444 1833 516 1860 intra
536 1834 630 1860 domos
655 1833 804 1867 praesertim
827 1833 900 1860 faces

107 1878 303 1906 accendantur.
322 1879 375 1906 Sed
401 1879 422 1906 si
453 1881 514 1913 quis
530 1879 663 1910 attentius
681 1884 800 1913 reputet,
817 1878 900 1914 759

109 1925 212 1952 videbit
227 1925 299 1952 battd
317 1933 378 1953 esse
393 1925 552 1959 verisimile
570 1926 776 1960 imperatorem,
793 1932 899 1951 summa

108 1972 260 2006 praesertim
288 1976 315 1999 et
342 1972 425 2006 rigida
445 1972 546 2004 hieme,
564 1971 659 1999 harant
675 1971 789 2004 elegisse
808 1970 900 2005 profe-

107 2017 191 2044 ctioui
215 2025 249 2045 ex
270 2018 338 2045 urbe
358 2019 542 2053 capessendae,
567 2026 620 2053 qua
652 2024 731 2046 nocte
757 2018 902 2053 ingruente

106 2072 154 2090 aer
170 2065 256 2099 magis
273 2066 414 2100 magisque
429 2066 635 2092 obscuraretur.
650 2064 741 2092 Prima
758 2071 824 2099 ergo
836 2071 901 2098 pars

108 2111 257 2146 vespertini
271 2113 413 2147 temporis,
433 2113 491 2140 sole
504 2112 538 2139 ad
554 2120 683 2140 occasum
700 2116 831 2148 vergente
849 2112 900 2138 sub

108 2158 218 2185 tertiam
246 2160 341 2186 horam
367 2167 382 2186 a
403 2159 527 2193 meridie,
557 2159 736 2194 intelligenda
762 2163 816 2187 est.
841 2158 899 2186 Tali

108 2203 181 2229 cuitu
202 2208 324 2237 tempore
340 2208 414 2231 recte
430 2204 580 2239 imperator
596 2213 656 2232 cum
675 2205 900 2232 numerosissima

108 2257 159 2277 suo
174 2250 308 2277 comitatu
320 2251 385 2278 dare
397 2259 426 2279 se
441 2252 468 2278 itt
486 2251 556 2278 viam
582 2253 680 2286 potttit,
696 2252 818 2287 reliquiis
832 2252 900 2278 lucis

107 2296 214 2324 diurna:
238 2296 394 2324 suliecluris
422 2298 454 2324 ad
480 2299 692 2332 perveniendum
720 2298 745 2325 in
776 2298 900 2325 dissitant

108 2344 203 2378 paucis
232 2344 398 2372 tnilliaribus
424 2352 456 2372 ac
471 2345 656 2372 suburbanam
676 2346 821 2373 stationem
838 2345 901 2372 ‘Dri-

109 2398 186 2424 pcam
200 2399 207 2418 :
222 2391 259 2417 ibi
278 2391 351 2418 enim
380 2391 561 2418 diversorium
592 2391 710 2418 habebat
731 2395 855 2425 paratum
873 2393 900 2418 in

110 2441 218 2464 noctem
238 2437 437 2471 insequentem.
454 2436 512 2464 NOII
529 2443 594 2471 ergo
607 2437 715 2471 quando
732 2438 798 2464 urbe
815 2437 901 2471 impe-

111 2489 185 2510 rator
200 2483 287 2510 exivit
301 2483 359 2511 sole
384 2484 473 2510 adhuc
496 2483 604 2510 lucente
626 2483 716 2510 civilis
731 2484 904 2510 necessitatis

109 2529 195 2563 gratia
215 2529 288 2558 faces
301 2530 531 2561 accendebantur.
547 2536 606 2556 cum
619 2530 698 2564 longe
710 2530 902 2563 crepusculum

109 2577 229 2604 abesset.
245 2577 335 2610 Quare
352 2581 436 2603 restat
457 2582 484 2603 ut
499 2577 524 2604 id
542 2577 575 2604 ad
588 2577 778 2604 caeremoniam
795 2576 904 2611 religio-

109 2631 166 2650 sam
183 2623 220 2650 sit
241 2622 426 2654 referendum,
442 2624 571 2657 occupari
596 2623 724 2650 videlicet
751 2623 831 2651 solita
845 2622 902 2657 jam

110 2675 166 2696 tum
198 2670 372 2704 postridiatta
405 2671 667 2698 commemoratione
697 2670 902 2703 defunctorum,

108 2716 292 2744 accendendis
305 2723 354 2751 per
366 2716 457 2743 omnia
476 2717 573 2751 templa
591 2716 749 2744 luminibus.
763 2716 803 2743 Ad
816 2722 893 2744 extre

108 2771 184 2789 muto
201 2762 317 2790 observo
333 2763 497 2791 mentionem
525 2764 569 2791 ltic
597 2764 778 2799 παρασκευῆς
796 2771 848 2791 non
864 2763 906 2791 itt-

109 2809 245 2836 tcllectam
261 2816 277 2835 a
298 2809 429 2837 Vaticano
453 2811 633 2845 paraphraste
657 2810 735 2844 juxta
755 2817 845 2837 veram
876 2815 903 2837 et

108 2855 236 2883 usitatam
253 2856 360 2883 auctori
387 2857 526 2884 notionem
556 2856 630 2884 fet-im
655 2860 750 2884 sextae.
769 2856 814 2883 Sic
830 2856 901 2884 ettittt

109 2901 182 2929 hunc
198 2900 286 2929 locum
305 2902 435 2932 exhibet:
453 2903 520 2930 Τότε
536 2903 601 2932 vei-1
627 2903 868 2938 παρασκευασθεὶς
888 2905 901 2930 ὁ

950 1640 989 1668 cis
1003 1642 1119 1672 scholiis
1133 1643 1213 1670 hodie
1239 1644 1265 1670 itt
1283 1643 1429 1672 Hesiodum
1445 1648 1616 1675 exstantibus
1634 1648 1693 1683 (fol.
1709 1649 1744 1676 (18

950 1688 994 1715 ed.
1013 1687 1122 1716 Venetae
1147 1689 1301 1718 Trineareli
1326 1693 1390 1720 antti
1420 1693 1501 1728 1557)
1519 1694 1617 1728 legitur
1643 1695 1675 1721 ad
1699 1696 1743 1723 illa

951 1739 1037 1768 poene
1054 1735 1135 1762 verba
1151 1736 1224 1772 μῆνα
1234 1737 1262 1764 δὲ
1274 1738 1422 1774 Ληναιῶνα
1438 1741 1496 1767 Itazc
1511 1739 1679 1775 Moscltopuli
1696 1744 1745 1767 ad-

952 1781 1055 1808 notatio
1069 1791 1076 1809 :
1093 1783 1171 1810 Κατὰ
1186 1784 1232 1811 τὸν
1247 1785 1322 1820 μῆνα
1337 1786 1365 1812 δὲ
1391 1786 1549 1822 Ληναιῶνα,
1570 1789 1645 1819 ὅστις
1663 1789 1745 1824 760

951 1827 1009 1853 ἐστὶ
1021 1827 1198 1864 Ἰανουάριος.
1211 1831 1292 1862 Infra.
1303 1832 1349 1859 fol.
1360 1833 1394 1860 75
1404 1842 1432 1868 p.
1442 1835 1458 1860 εἰ
1468 1840 1528 1868 post
1536 1835 1745 1862 tnedtuthoau-

953 1880 1000 1900 nes
1018 1873 1132 1902 Tzetzes
1150 1876 1183 1903 ad
1205 1878 1329 1904 eumdem
1345 1878 1432 1906 locum
1447 1881 1487 1907 sic
1503 1881 1648 1908 observat:
1662 1883 1745 1916 Μῆνα.

951 1918 980 1945 δὲ
993 1919 1138 1955 Ληναιῶνα
1153 1923 1199 1949 τὸν
1212 1922 1298 1950 Χοιὰκ
1312 1924 1372 1959 ἤτοι
1387 1925 1432 1952 τὸν
1452 1926 1631 1962 Ἰανουάριον,
1646 1928 1674 1959 ὃς
1689 1929 1744 1964 Λη-

951 1966 1027 1998 vam;
1041 1967 1115 2002 ttatth
1132 1968 1209 1996 Ἱωπι
1224 1969 1360 1998 καλεῖται.
1374 1971 1450 2004 Quod
1467 1977 1556 2000 autem
1582 1982 1612 2001 se
1636 1973 1745 2010 Pachy-

953 2021 1043 2041 meres
1057 2014 1156 2049 alioqui
1176 2015 1383 2044 dissentientem
1413 2018 1438 2045 iu
1466 2019 1517 2046 hoc
1539 2020 1574 2048 ab
1591 2020 1634 2053 iis,
1652 2025 1743 2048 tamen

952 2059 1016 2086 dum
1035 2067 1144 2088 carmen
1163 2063 1233 2096 apud
1261 2063 1334 2098 ipsos
1353 2070 1483 2100 pangeret
1496 2065 1531 2101 (εὶ
1549 2067 1595 2093 καὶ
1607 2068 1690 2103 ἡμεῖς
1714 2069 1744 2094 ἐν

952 2107 1008 2137 τοῖς
1022 2107 1082 2133 κατ’
1098 2107 1199 2140 αὐτοὺς
1214 2109 1421 2145 ὲποποιοῦντες)
1439 2112 1516 2146 quasi
1530 2120 1656 2145 excusat,
1672 2115 1744 2148 quod

953 2160 1045 2179 eorum
1068 2153 1248 2189 improbatam
1277 2157 1344 2183 alias
1374 2159 1540 2185 sententiam
1565 2162 1744 2194 expresserit,

954 2205 999 2226 aut
1014 2199 1118 2228 indicat
1135 2209 1165 2229 se
1184 2203 1298 2238 alicujus
1321 2204 1419 2231 horum
1437 2205 1562 2239 magistri
1579 2205 1670 2233 ludum
1687 2208 1743 2234 fre-

919 2266 938 2292 D
954 2251 1129 2280 quentautcm
1154 2256 1201 2276 eos
1225 2257 1320 2277 versus
1345 2252 1560 2285 conscripsisse;
1578 2257 1627 2279 aut
1641 2253 1663 2280 si
1678 2260 1745 2281 tetas

955 2291 996 2317 vel
1015 2292 1088 2319 aliud
1110 2299 1243 2329 repugnet
1270 2296 1415 2330 quominus
1435 2296 1550 2324 Joannis
1574 2298 1681 2326 Taetza:
1698 2306 1746 2326 ao-t

953 2339 1123 2374 Moschopuli
1140 2340 1324 2376 Pacltytneres
1345 2343 1452 2370 auditor
1472 2344 1565 2377 fuerit,
1581 2345 1634 2372 dici
1653 2351 1748 2380 posset

954 2385 981 2412 id
999 2393 1110 2413 carmen
1127 2387 1161 2414 ab
1176 2395 1208 2414 eo
1226 2389 1359 2423 Scriptum
1376 2390 1439 2416 dum
1460 2390 1658 2426 ludimagistris
1682 2401 1747 2427 ope-

955 2438 1012 2457 ram
1032 2438 1098 2466 puer
1119 2432 1205 2466 daret,
1222 2433 1266 2466 qtti
1291 2433 1436 2462 Hesiodum
1454 2443 1487 2463 ex
1511 2437 1587 2471 pritts
1602 2438 1747 2471 publicatis

954 2476 1067 2505 Joannis
1091 2477 1197 2506 Tzetzte
1221 2485 1269 2506 aut
1288 2481 1409 2516 cujusvis
1426 2482 1541 2511 alterius
1565 2485 1746 2518 expositioni-

955 2523 1005 2551 bus
1025 2532 1195 2553 cuarrareut.
1214 2525 1272 2554 Dixi
1287 2532 1314 2554 et
1330 2528 1363 2555 de
1378 2529 1418 2556 his
1434 2529 1460 2555 in
1476 2529 1626 2558 Glossario.

992 2570 1020 2596 Ρ.
1031 2571 1093 2598 508.
1113 2571 1156 2603 Ὧς
1167 2572 1230 2608 μήτ’
1243 2572 1309 2599 αἰδὼ
1322 2575 1386 2609 παρ’
1396 2574 1520 2610 ἀλλήλων
1531 2577 1643 2603 ἀπεῖναι
1655 2577 1746 2611 σφίσι.

957 2616 1034 2645 Ultro
1045 2617 1132 2644 fateor
1142 2626 1187 2646 me
1201 2619 1228 2646 in
1242 2619 1286 2648 his
1310 2621 1401 2649 verbis
1424 2623 1593 2657 supplevisse
1613 2624 1745 2658 syllabam

955 2666 995 2692 ἀπ
1013 2666 1039 2693 1η
1055 2666 1137 2693 verbo
1155 2664 1236 2701 εἶναι,
1261 2669 1334 2703 quod
1359 2669 1448 2696 solum
1465 2670 1490 2697 in
1505 2670 1666 2698 c0udicibus
1682 2671 1703 2697 Β
1719 2676 1746 2700 ct

955 2711 978 2738 A
998 2712 1148 2748 legebatur,
1165 2714 1262 2742 tuendo
1287 2721 1302 2742 a
1318 2715 1369 2743 loci
1384 2716 1520 2744 sententia
1537 2716 1682 2745 manifeste
1699 2726 1744 2746 re-

956 2761 1080 2795 darguto.

991 2808 1099 2837 P.521.
1115 2807 1237 2844 Respicit
1251 2809 1293 2838 his
1308 2814 1404 2838 auctor
1427 2818 1484 2838 rem
1509 2815 1645 2838 narratam
1659 2811 1746 2841 Iliad.

955 2855 968 2882 ἢ
986 2863 1001 2882 a
1016 2863 1042 2882 ν.
1060 2856 1095 2883 95
1113 2856 1146 2883 ad
1162 2856 1223 2884 154.
1240 2856 1278 2883 lbi
1293 2856 1432 2884 Pandarus
1450 2857 1569 2884 refertur
1584 2857 1747 2885 inobserva-

957 2910 999 2931 tus
1020 2908 1046 2932 ct
1062 2910 1157 2933 contra
1178 2904 1258 2932 tidem
1276 2903 1345 2939 pacti
1375 2904 1484 2934 ftedcris
1502 2905 1628 2940 sagittam
1648 2904 1674 2932 in
1692 2905 1747 2933 illo-
