1954 3063
236 135 287 166 827

692 136 724 166 Ρ.
746 131 1237 166 POSSlNI!OBSElWATlONUM
1268 130 1340 160 LIB.
1366 129 1405 159 ll.

1799 127 1860 158 528

235 201 266 219 ex
283 200 337 227 quo
350 193 515 227 deprehensa
536 195 718 228 damnataque
737 193 811 220 labes
828 192 938 220 llonorii
956 192 1014 218 fue-

1067 188 1137 215 saria
1151 188 1290 215 divinante
1319 186 1505 220 supplcantur.
1531 183 1558 210 lu
1587 183 1645 211 i~tis
1669 183 1862 218 pcriutricatis

236 239 280 270 iit,
298 240 475 267 orthodoxam
490 248 550 267 esse
562 239 693 271 desiisse;
707 247 760 274 quo
773 239 850 272 nihil,
862 246 913 264 non
928 238 1015 265 dicam

235 284 352 317 iniquius
361 291 387 312 et
401 285 609 318 calumniosius,
623 285 669 311 sed
680 289 708 312 et
721 285 843 311 obtusius
854 283 1016 317 stultiusque

233 330 286 357 dici
305 331 402 364 potuit.
430 331 464 359 Ut
480 332 551 358 enim
575 332 698 358 omittam
726 331 894 358 collisionem
919 329 1014 356 horum

232 376 346 402 duortnn
374 380 553 407 asscrtorum,
583 383 698 410 quorum
717 377 832 402 alterum
859 374 902 402 hic
929 373 1015 408 ponit.

232 422 347 449 desiisse
365 422 391 449 in
404 421 522 449 Honorio
536 422 678 456 poutitices
693 420 829 447 Romanos
849 427 909 448 esse
923 419 1016 447 ortho—

233 469 328 499 tIOXOS,
341 468 466 499 alterum,
486 476 511 502 p.
538 468 600 500 550‘,
623 467 750 501 superius
771 471 935 497 astruxerat,
953 470 1015 500 post

231 519 355 540 octavam
368 514 477 541 domum
492 514 637 548 synodum,
657 515 708 541 hoc
734 517 776 541 est.
798 513 922 540 ducentis
937 512 1016 540 annis

231 560 265 585 ah
280 559 408 590 Hon0rio.
427 560 540 587 desiisse
553 560 578 586 in
595 559 741 587 Occidente
757 567 849 588 veram
861 559 1014 586 successio-

234 612 293 631 nem
311 605 491 639 lcgitimorum
508 606 662 640 prtesulum.
679 606 718 632 Ex
733 613 788 640 quo
814 605 940 639 sequitur
959 604 1013 632 Ro-

233 658 328 677 manos
344 652 485 685 pontifices
500 652 564 679 totis
578 652 658 679 annis
673 653 797 678 ducentis
814 656 842 678 et
856 651 938 678 fuisse
950 651 1015 684 legi-

232 698 313 724 titnos
341 698 482 732 pontillces
508 703 535 725 et
563 703 636 725 recte
659 703 688 725 ut
706 698 773 725 tales
798 705 813 724 a
831 696 932 737 Gratcis
949 696 1014 730 ipsis

232 744 349 777 aguitos,
364 751 424 771 cum
457 749 545 771 tanien
572 744 720 771 orthodoxi
746 751 798 770 non
814 747 907 771 essent
923 750 930 769 :
948 741 1013 769 illud

233 790 313 816 modo
326 791 379 822 aio,
400 791 466 818 satis
490 798 550 818 esse
580 790 757 818 manifestum'
771 789 893 822 Honorii,
915 788 939 816 si
953 788 1014 823 quis

233 835 293 868 fuit,
312 835 416 870 lapsum
433 837 458 863 in
473 844 548 864 mera
564 837 625 864 facti
640 837 749 864 haesisse
761 835 953 870 imprudentia.
979 834 1011 861 ad

233 881 311 907 tidem
327 889 357 908 ac
373 882 468 915 dogma
497 882 607 909 minime
624 882 798 915 pertinuisse.
831 881 952 915 Sergius,
968 887 1013 913 pa-

233 926 351 953 triarcha
367 926 697 961 Constantinopolitanus,
713 929 832 954 nondum
847 927 953 961 agnitus
964 933 1012 959 pro

233 972 367 1004 haeretici»,
389 972 499 1006 scripsit
516 973 549 999 ad
565 972 712 1000 llonorium
730 973 879 1000 [tutnanutn
904 972 1013 1006 pontili-

231 1024 289 1044 cem
309 1024 380 1044 anno
395 1017 495 1045 Christi
511 1019 573 1050 632.
587 1019 682 1054 agitari
698 1026 793 1053 magno
806 1018 919 1045 tumultu
944 1025 1012 1045 con-

231 1063 387 1093 taoversias.
403 1064 495 1091 duame
506 1073 540 1091 au
553 1073 607 1091 una
617 1065 673 1091 sola
687 1065 713 1090 in
724 1065 829 1092 Christo
839 1064 1012 1100 agnoscenda:

229 1113 314 1135 essent
330 1109 474 1136 uulnntates
487 1115 511 1136 et
534 1110 718 1144 operation“;
742 1111 842 1145 quibus
858 1110 925 1137 rixis
937 1117 1010 1137 cont-

231 1155 371 1187 pescendis
390 1162 570 1189 opportttnnm
587 1157 693 1183 interim
712 1157 762 1184 sibi
779 1157 863 1184 videri
880 1164 1009 1192 suggere-

231 1199 277 1226 bat
289 1200 388 1234 imponi
405 1209 419 1227 a
437 1202 563 1235 pontifice
579 1210 610 1229 ex
626 1210 703 1237 equo
727 1204 849 1237 utrisque
865 1211 945 1237 super
966 1204 1011 1231 tali

231 1246 407 1274 altercatione
418 1248 567 1276 silentium.
584 1249 658 1276 Fecit
672 1250 743 1284 qno-l
761 1251 906 1285 rogabatur
922 1250 1011 1278 Hono-

232 1293 303 1324 rius;
321 1297 346 1319 et
361 1293 423 1326 quia
440 1293 490 1320 talo
502 1295 644 1321 consilium
660 1299 758 1322 eventu
770 1296 880 1323 noxium
896 1297 1010 1324 catholi-

230 1338 280 1369 cis,
296 1340 464 1366 commodum
478 1339 612 1367 haereticis
624 1341 821 1375 deprelteusnm
843 1347 896 1374 est,
912 1342 1014 1370 multo-

231 1391 289 1410 rum
308 1391 398 1418 postea
415 1387 531 1419 querelis
544 1392 570 1414 et
593 1387 829 1415 criminationibus
846 1396 942 1416 nomen
960 1389 1010 1416 fuit

230 1429 302 1457 illius
320 1436 346 1457 et
363 1432 492 1458 memoria
517 1438 622 1465 notata,
647 1434 724 1468 quasi
751 1438 852 1461 temere
875 1434 1010 1462 credendo

1068 235 1144 261 locus
1156 234 1198 260 hic
1211 233 1270 264 fuit.
1287 233 1312 260 in
1328 232 1390 259 cod.
1408 232 1488 258 Allat.
1507 231 1546 257 sic
1562 230 1679 265 scriptus
1698 239 1704 258 :
1727 230 1860 266 Παριδὼν

1067 280 1155 307 ταῦτα
1183 279 1280 314 ’ἐλομαι
1304 287 1334 305 τε
1362 279 1444 313 ὑμᾶς.
1460 277 1527 305 Cod.
1544 276 1625 303 Barb.
1643 276 1723 302 habet
1746 276 1858 308 ἕλωμα.

1067 326 1166 352 Neutra
1185 326 1265 352 lectio
1291 332 1351 352 cum
1377 324 1553 358 sequentibus
1579 323 1707 349 cohaeret.
1732 322 1858 356 Reposui

1067 371 1135 397 ἑλών
1147 379 1175 397 τε
1190 371 1274 405 ὑμᾶς,
1292 369 1426 397 sententia
1440 369 1496 404 jam
1513 367 1657 395 tolerabili.

1102 416 1131 443 P.
1144 417 1206 443 ΓΠ.
1233 417 1311 443 Ἀλλ’
1326 416 1450 449 ἀκρίτου
1474 411 1525 442 αὖ.
1543 413 1588 440 Sic
1606 413 1759 439 necessario
1775 419 1859 446 repo‘

1065 463 1188 494 sui,cum
1204 463 1230 490 in
1241 462 1321 490 codd.
1334 465 1461 494 corrupte
1475 460 1608 494 legeretur
1617 458 1684 485 ἀλλὰ
1698 457 1792 491 κριτοῦ
1805 457 1856 484 αὖ.

1066 508 1249 543 Praeterquam
1262 508 1334 536 enirn
1348 507 1449 535 insulsa
1464 511 1535 534 esset
1552 505 1596 532 illa
1620 504 1738 532 nominis
1756 503 1855 540 κριτοῦ

1065 555 1142 590 quasi
1161 555 1317 582 continuata
1335 554 1469 588 repetitio,
1485 552 1627 579 manifeste
1646 551 1695 578 luci
1713 550 1853 578 sententia

1066 601 1161 635 exigit.
1174 605 1203 627 ut
1219 600 1362 635 sequentia
1379 599 1529 632 declarant,
1551 597 1704 633 signiﬁcare
1718 597 1852 624 Arsenia-

1065 654 1115 673 nos
1131 653 1200 680 opus
1213 654 1272 674 esse
1291 645 1322 672 ad
1342 645 1505 673 decisionem
1525 644 1719 672 controversia:
1735 651 1791 670 sua!
1807 644 1853 677 ju-

1065 692 1125 718 dice
1139 699 1278 727 supremo,
1291 691 1397 726 qualem
1415 694 1512 717 vocant
1532 689 1630 726 κριτὴν
1643 689 1763 724 ἄκριτον,
1775 688 1852 723 judi-

1065 746 1123 765 cetn
1138 738 1243 773 judicio
1256 737 1396 765 subeundo
1412 737 1457 774 [P.
1483 736 1547 772 551]
1571 744 1623 763 non
1642 735 1799 767 obnoxium,
1818 742 1853 762 ex

1064 784 1142 817 cujus
1170 783 1304 810 sententia
1332 784 1474 818 provocari
1497 788 1626 817 nequeat,
1651 786 1743 816 utpote
1768 788 1853 815 supra

1065 837 1146 864 quem
1162 829 1231 856 alius
1246 837 1299 856 non
1313 829 1348 857 sit
1365 829 1390 856 in
1415 829 1494 856 terris
1513 828 1614 864 iudex;
1633 835 1659 855 et
1689 828 1769 855 talem
1782 828 1854 855 istos

1064 875 1220 902 adulatores
1229 875 1419 902 schismaticos
1431 881 1579 908 agnoscere
1593 874 1691 900 laicum
1704 873 1855 908 imperato-

1062 930 1132 954 rem,
1150 922 1176 948 iu
1191 922 1280 948 causis
1299 921 1380 948 etiam
1393 920 1588 949 ecclesiasticis
1608 925 1634 946 et
1650 919 1852 954 spiritttalibus,

1062 975 1116 994 non
1131 967 1224 1002 pudet.
1243 965 1295 993 Sed
1311 966 1414 993 similes
1428 967 1528 993 habent
1542 966 1617 993 labra
1631 965 1762 993 lactucas.

1096 1013 1127 1040 Ρ.
1140 1011 1203 1040 482.
1223 1012 1349 1040 Πλάτων
1360 1012 1396 1038 ἐν
1405 1013 1525 1046 Νόμοις.
1537 1011 1624 1038 Locus
1638 1012 1681 1038 hic
1693 1011 1852 1046 indigitatns

1060 1067 1075 1086 a
1094 1058 1262 1094 Pachymcre
1278 1062 1365 1085 exstat
1379 1058 1449 1091 apttd
1462 1057 1611 1087 Platonem.
1631 1057 1648 1083 Ι.
1662 1066 1668 1084 l
1688 1056 1723 1083 De
1738 1057 1851 1092 legibus,

1062 1111 1088 1139 p.
1106 1104 1158 1131 650
1172 1104 1216 1132 ed.
1230 1103 1336 1138 Steph..
1352 1104 1396 1131 ubi
1413 1104 1452 1130 sic
1468 1103 1583 1138 legitur:
1597 1103 1744 1134 Διαὸάντες
1756 1103 1785 1129 δὲ
1801 1104 1851 1129 καὶ

1063 1150 1214 1186 μαχόμενοι
1242 1150 1380 1182 ἐθέλοντες
1402 1149 1588 1184 ἀποθνήσκειν
1611 1149 1640 1175 ἐν
1665 1148 1704 1184 τῷ
1738 1149 1851 1184 πολέμῳ

1061 1196 1178 1233 (φράζει
1190 1192 1340 1231 Τυρῦιῖος)
1357 1196 1411 1222 τῶν
1425 1195 1599 1231 μισοοφόρων
1613 1195 1667 1222 εἰσὶ
1684 1195 1852 1229 πάμπολλοιο

1060 1240 1098 1271 ὧν
1112 1245 1137 1270 oi
1151 1244 1274 1270 πλεῖστοι
1287 1243 1406 1278 γίνονται
1422 1243 1532 1278 θρασεῖς
1545 1244 1591 1269 καὶ
1607 1244 1693 1270 ἄδικοι
1708 1244 1755 1270 καὶ
1772 1243 1852 1278 ὕϐρι-

1059 1289 1122 1316 σταὶ
1146 1290 1192 1316 καὶ
1219 1290 1416 1325 ἀφρονέστατοι
1446 1290 1539 1324 σχεδὸν
1563 1290 1703 1321 ἁπάντων,
1724 1289 1803 1320 me;
1815 1290 1849 1325 δή

1059 1345 1139 1363 τινων
1159 1336 1232 1370 μάλα.
1245 1336 1356 1370 ὀλίγων.
1374 1335 1449 1368 Quod
1467 1336 1542 1363 addit
1559 1344 1620 1363 mox
1637 1342 1728 1364 uostcr
1743 1345 1774 1363 ex
1787 1336 1851 1363 Pla-

1059 1387 1122 1409 toue
1135 1383 1167 1408 de
1181 1382 1239 1409 cive
1251 1382 1322 1408 inter
1337 1383 1488 1410 seditiones
1499 1382 1561 1413 lido.
1578 1383 1630 1409 hoc
1645 1388 1697 1413 est,
1706 1390 1753 1415 pro
1771 1390 1852 1416 τερπι-

1059 1427 1127 1455 ωιω
1141 1427 1248 1455 fortiter
1259 1432 1347 1454 stante
1362 1432 1388 1454 et
1403 1435 1463 1454 eam
1476 1435 1522 1454 sua
1537 1427 1637 1454 virtute
1653 1435 1684 1454 ac
1715 1428 1850 1461 sapientia

230 1476 345 1503 subdolo
360 1477 554 1510 hmrcsiarehze.
568 1480 613 1513 qui
625 1480 743 1506 nondum
759 1479 859 1507 larvam
870 1480 1011 1516 deposuis—

1067 1478 1177 1505 uvante,
1195 1474 1284 1500 videre
1301 1478 1342 1500 est
1357 1473 1383 1500 in
1394 1472 1486 1500 verbis
1502 1481 1561 1507 qua:
1574 1474 1684 1508 ἀμέσως
1695 1474 1853 1507 prmi-edunt

229 1528 281 1554 set.
295 1523 391 1551 hmrcsi
406 1523 643 1552 Monothelitarum
670 1525 813 1560 [Contentum
830 1526 1010 1560 impendisset.

1066 1520 1142 1547 modo
1155 1520 1303 1554 descripta,
1319 1519 1400 1554 770
1419 1519 1463 1546 ubi
1481 1519 1654 1546 Atheniensis
1675 1520 1853 1546 ittterloctllor

229 1566 259 1594 In
274 1576 327 1602 quo
345 1573 401 1595 toto
416 1569 475 1602 quis
491 1577 542 1596 non
561 1570 633 1597 videt
646 1577 679 1597 ne
694 1570 808 1605 primam
821 1571 928 1605 quidem
945 1580 993 1604 spe
1004 1587 1012 1591 -

230 1614 299 1640 ciem
315 1615 471 1642 defectionis
486 1616 519 1642 ab
531 1616 682 1644 orthodoxa
695 1617 745 1643 fide
759 1618 919 1652 apparuisse
932 1618 1015 1654 769

231 1660 326 1692 ullam,
341 1666 388 1687 aut
414 1661 453 1688 vel
478 1662 540 1696 tingi
558 1662 700 1695 potuisse?
715 1671 748 1688 an
764 1663 836 1689 enim
850 1663 958 1690 silentio
981 1665 1013 1690 ad

232 1710 337 1739 tempus
364 1707 523 1740 quibusdam
551 1707 622 1734 inter
647 1714 678 1735 se
704 1709 930 1736 contendentibus
946 1709 1014 1736 indi-

231 1751 318 1777 cendo
334 1754 473 1778 damnavit
485 1749 589 1787 aliquid
606 1759 678 1781 recte
700 1761 846 1786 assertttm,
871 1761 917 1782 aut
934 1763 1015 1790 prave

231 1797 332 1823 dictum
343 1797 413 1824 aliud
429 1799 561 1825 sancivit?
575 1797 648 1826 Nihil
660 1800 760 1826 minus.
777 1799 856 1827 Sileri
873 1801 971 1836 quippe
982 1803 1015 1830 de

232 1851 262 1868 re
277 1843 358 1869 etiam
375 1849 437 1870 vera
457 1844 515 1871 sine
529 1845 583 1872 ullo
597 1845 719 1872 veritatis
734 1845 893 1881 prgindicio
907 1853 1012 1880 potest;

230 1894 258 1916 (ιι
273 1889 407 1918 interdum
420 1895 530 1926 propter
540 1899 684 1918 commune
694 1891 792 1919 bonum
806 1893 924 1928 expedit.
936 1894 1013 1920 Plura

231 1937 264 1961 de
291 1935 466 1964 celeberritna
494 1938 680 1964 controversia
711 1946 725 1964 a
756 1938 822 1965 viris
851 1938 1015 1966 doctissimis

231 1980 365 2015 hodieque
377 1982 561 2010 eruditissime
575 1986 690 2010 tractata
702 1983 755 2011 dici
768 1991 782 2011 a
798 1992 842 2012 tne
854 1993 906 2012 nott
923 1991 1015 2020 postu-

226 2027 268 2054 lat
287 2027 330 2053 hic
349 2027 434 2055 locus.

266 2072 296 2100 Ρ.
314 2073 375 2100 469.
396 2073 458 2100 Τῶν
472 2073 696 2107 ἀνεπιλήπτων.
722 2075 773 2103 Hic
798 2084 891 2104 erroi'e
912 2076 1014 2105 librarii

225 2119 405 2152 doscriptoris
421 2121 525 2153 negatio
537 2120 685 2151 exciderat.
710 2128 769 2155 qua:
785 2122 919 2148 sententia
942 2121 1015 2149 clare

225 2164 368 2197 ﬂagitante
395 2165 562 2192 restituenda
589 2166 651 2197 fuit,
681 2166 731 2192 οὐκ
745 2171 808 2193 ante
823 2167 1014 2202 ἀνεπιλήπτων

1064 1573 1125 1593 cum
1143 1573 1157 1592 a
1182 1565 1268 1594 Clinia
1297 1565 1420 1593 Cretensi
1447 1565 1627 1600 expressisset
1649 1565 1734 1592 videri
1751 1565 1851 1600 Tyrtazi

1064 1613 1189 1640 versibus
1216 1612 1401 1640 commendari
1428 1613 1597 1647 potissimum
1626 1612 1695 1644 illos,
1722 1614 1767 1648 qui
1783 1613 1852 1640 bello

1064 1662 1178 1686 externo
1205 1663 1299 1686 contra
1327 1658 1421 1686 hostes
1448 1659 1536 1693 gentis
1552 1658 1674 1691 alterius,
1694 1667 1745 1685 tton
1763 1663 1852 1686 autem

1064 1704 1136 1731 bello
1152 1704 1225 1732 civili
1239 1710 1333 1731 contra
1349 1705 1421 1732 cives
1435 1712 1509 1735 suos.
1525 1705 1649 1732 bellicam
1666 1706 1853 1734 fortitudinem

1065 1751 1223 1783 probarent,
1234 1751 1272 1778 sie
1289 1751 1399 1777 resumit
1416 1759 1423 1777 :
1444 1751 1540 1786 Ἡμεῖς
1553 1751 1581 1778 δέ
1596 1760 1627 1785 γε
1642 1751 1753 1786 ἀγαθῶν
1769 1753 1855 1780 ὄντων

1063 1795 1166 1822 τούτων
1189 1795 1229 1822 ἔτι
1247 1795 1335 1830 φαμὲν
1350 1795 1480 1830 ἀμείνους
1505 1794 1575 1823 εἶναι
1592 1798 1640 1824 καὶ
1663 1797 1729 1824 πολῦ
1748 1799 1811 1829 τοὺς
1825 1799 1854 1824 ὲν

1064 1841 1103 1876 τῷ
1118 1841 1239 1877 μεγίστῳ
1257 1842 1365 1876 πολέμῳ
1375 1842 1555 1876 γιγνομένους
1566 1843 1693 1876 ἀρίστους
1703 1844 1852 1878 διαφανῶς.

1065 1887 1183 1921 Ποιητὴν
1193 1887 1221 1912 δὲ
1235 1887 1282 1913 καὶ
1296 1887 1377 1922 ἡμεῖς
1396 1888 1523 1923 μάρτυρα
1537 1888 1649 1923 ἔχομεν,
1666 1889 1788 1924 Θέογνιν,
1803 1899 1853 1916 πο-

1065 1931 1142 1966 λίτην
1154 1931 1209 1957 τῶν
1221 1932 1250 1957 ὲν
1267 1932 1377 1968 Σικελίᾳ
1394 1932 1557 1968 Μεγαρέων,
1575 1935 1603 1965 ὃς
1616 1943 1684 1970 φησι
1696 1943 1703 1951 ·

1066 1988 1177 2022 Πιστὸς
1190 1988 1268 2023 ἀνὴρ
1280 1989 1398 2023 χρυσοῦ
1415 1997 1447 2016 τε
1464 1989 1514 2016 καὶ
1529 1990 1662 2025 ἀργύρου
1680 1992 1851 2025 ἀντερύσα-

1138 2059 1242 2092 ’Λξιος
1251 2059 1286 2086 ἐν
1302 2059 1433 2094 χαλεπῇ,
1449 2060 1557 2094 Κύρνε,
1570 2026 1815 2096 διχοστασὲῖῖθαι

1066 2116 1165 2142 Τοῦτον
1180 2116 1211 2151 δή
1228 2125 1317 2151 φαμεν
1333 2119 1362 2143 ὲν
1386 2117 1500 2153 πολέμῳ
1522 2119 1707 2154 χαλεπωτέρῳ
1722 2121 1852 2155 ἀμείνονα

1067 2162 1172 2188 ἐκείνου
1199 2163 1328 2197 πάμπολυ
1353 2163 1505 2198 γίγνεσθαι,
1531 2165 1624 2200 σχεδὸν
1655 2166 1716 2192 ὅσον
1733 2167 1852 2201 ἀμεινων

227 2210 360 2243 seposito.
376 2211 461 2237 Sonat
479 2211 550 2238 enim
568 2212 752 2245 ἀνεπίληπτος
763 2231 770 2244 ,
788 2218 818 2239 ιιι
831 2218 904 2246 patet
919 2219 946 2240 et.
960 2213 1012 2240 He-

1066 2208 1221 2244 δικαιοσὺνη
1236 2209 1283 2235 καὶ
1299 2210 1458 2245 σωφροσύνη
1476 2211 1525 2237 καὶ
1541 2212 1672 2246 φρόνησις
1688 2213 1730 2243 sl;
1754 2214 1852 2239 ταυτὸν

225 2255 343 2289 sychius
369 2255 498 2283 distincte
525 2258 664 2289 admonet,
682 2257 838 2292 ἄμεμπτος,
856 2258 1015 2291 ἀκατάγνω-

227 2310 303 2333 στος,
330 2302 564 2334 irrepreltensibilt‘s
581 2310 626 2329 nec
646 2303 781 2337 reprobari
800 2303 906 2338 dignus.
931 2304 1015 2338 Cujus

227 2348 399 2375 coiitrarium
415 2347 449 2375 de
464 2348 618 2375 sacerdotio
634 2347 761 2376 Ecclesia:
773 2349 917 2384 praesentis
934 2349 1014 2376 Arse-

227 2393 316 2425 lliitlli,
336 2397 366 2420 ut
381 2397 408 2420 et
422 2393 472 2421 ltoc
490 2393 548 2421 loco
564 2399 591 2420 et
620 2394 683 2421 alibi
715 2393 896 2430 Pachymeres
925 2395 1014 2427 doet-t,

228 2439 414 2472 allirmabant,
431 2445 584 2466 asserentes
601 2439 727 2468 videlicet
744 2441 853 2468 dubiam
867 2442 975 2474 saltem,
993 2442 1015 2468 si

228 2493 284 2512 non
309 2485 451 2512 manifeste
468 2485 625 2516 invalidam.
639 2485 837 2513 ordinationem
848 2494 942 2514 eorum
956 2494 1016 2515 esse

228 2530 276 2563 qui
294 2538 308 2556 a
325 2530 477 2564 patriarcha
495 2535 557 2557 tunc
579 2530 906 2565 Constantittopolitanam
924 2532 1017 2559 Eccle-

229 2575 300 2602 siatn
317 2580 426 2609 regente
444 2576 529 2603 sacris
543 2576 728 2604 initiarentur.
750 2577 866 2612 Scripsit
879 2585 944 2612 ergo
959 2580 1017 2605 sine

229 2621 315 2648 dubio
330 2620 520 2656 Pacltytneres,
534 2627 611 2656 prout
629 2622 796 2650 restituituus
814 2630 845 2649 ex
863 2622 934 2657 jnsta
950 2630 1018 2650 cou«

229 2668 347 2702 jertttt'a,
359 2669 387 2694 ὲν
407 2668 487 2703 μέρει
502 2668 588 2694 τίθετε
603 2669 656 2695 τῶν
670 2669 720 2696 οὐκ
743 2669 946 2704 ἀνεπιλήπτων.

269 2714 299 2740 Ρ.
317 2713 378 2740 472.
396 2713 532 2748 Παριόὼν
550 2715 642 2742 ταῦτα
659 2715 738 2742 ἑλών
754 2724 786 2742 τε
805 2715 894 2750 ὑμᾶς.
912 2716 1017 2743 Stttttin

233 2761 285 2787 hac
313 2760 436 2796 oratione
463 2761 625 2794 perobscura
650 2767 677 2790 et
704 2761 838 2788 ἀσύνδετα
874 2763 1018 2789 inmunem

235 2808 369 2839 quaedam.
385 2806 446 2839 nisi,
461 2808 531 2841 quod
545 2808 679 2835 interdum
697 2809 798 2836 factum
814 2814 855 2835 est
868 2816 882 2835 a
902 2817 954 2839 me.
971 2817 1019 2843 pa-

234 2853 359 2888 raphrasi
374 2861 404 2880 c.\'
417 2854 640 2882 antecedentibus
650 2860 675 2883 et
685 2854 914 2888 cottscqucutibus
928 2862 1020 2882 nece;-

1065 2254 1179 2282 ἐλθοῦσα
1206 2255 1267 2289 (ἴσ.
1287 2255 1431 2286 ἐλθοῦσαι)
1463 2257 1523 2291 μετ’
1546 2257 1675 2291 ἀνδριας’
1690 2259 1787 2291 πιστὸς
1804 2260 1852 2294 μὲν

1067 2302 1122 2336 γὰρ
1134 2302 1180 2328 καὶ
1192 2302 1269 2338 ὑγιὴς
1285 2302 1313 2328 ἐν
1330 2303 1456 2329 στάσεσιν
1467 2303 1517 2329 οὐκ
1532 2303 1564 2330 ἄν
1578 2312 1641 2330 ποτε
1662 2305 1767 2338 γένοιτο
1789 2306 1851 2332 ἄνευ

1065 2348 1210 2383 ξυμπάσης
1225 2347 1327 2383 ἀρετῆς
1337 2356 1344 2363 ·
1369 2348 1512 2380 διαϐάντες
1533 2349 1561 2375 δὲ
1576 2350 1623 2377 καὶ
1638 2348 1668 2377 εὖ
1691 2353 1850 2386 μαχόμενοι,

1066 2398 1133 2426 ctc.,
1144 2395 1267 2427 superius
1286 2394 1434 2428 descripta,
1446 2402 1506 2429 quze
1524 2395 1578 2422 illic
1592 2397 1719 2423 continue
1733 2406 1851 2432 sequun-

1069 2445 1122 2467 tttr.
1147 2439 1175 2466 ln
1201 2447 1315 2474 quorum
1346 2439 1440 2467 Latina
1471 2441 1694 2475 interpretatione
1709 2445 1852 2471 verborum

1067 2484 1113 2520 (ut
1128 2485 1178 2511 hoc
1195 2485 1283 2511 obiter
1295 2485 1475 2521 admoneam)
1492 2487 1585 2514 nescio
1610 2495 1694 2520 quare
1720 2489 1853 2517 Serranus

1068 2531 1232 2558 meutionetn
1249 2532 1343 2564 patriae
1360 2531 1526 2566 Tlteognidis
1538 2534 1564 2559 in
1577 2533 1671 2560 Graeco
1683 2534 1786 2562 diserte
1807 2543 1853 2570 po-

1068 2577 1146 2603 sitam
1162 2578 1294 2604 omiscrit.
1311 2577 1364 2604 Cur
1376 2578 1439 2604 item
1459 2586 1511 2606 non
1527 2581 1693 2614 expresserit
1718 2581 1855 2608 ἀντίθεσιν

1068 2631 1082 2649 a
1096 2623 1206 2650 Platone
1219 2623 1371 2651 aﬁ‘cctatam
1388 2629 1473 2658 poetae
1489 2626 1521 2652 ad
1537 2631 1655 2660 poetam,
1669 2627 1731 2653 dmn
1747 2627 1782 2662 Τ)
1790 2633 1854 2655 meo

1069 2669 1142 2704 prius
1154 2669 1262 2696 laudato
1278 2669 1420 2706 Theoguin
1437 2675 1542 2704 poetam
1557 2677 1584 2699 et
1613 2672 1700 2707 ipsum
1719 2673 1759 2700 sic
1770 2681 1855 2708 oppo-

1071 2714 1120 2746 nit,
1135 2715 1253 2750 Ποιητὴν
1268 2715 1296 2742 δὲ
1309 2717 1357 2742 καὶ
1371 2717 1452 2751 ἡμεῖς
1478 2717 1604 2752 μάρτυρα
1632 2718 1732 2753 ἔχομεν
1745 2720 1855 2754 Θέογνιν

1070 2761 1184 2796 πολίτην
1196 2762 1250 2788 τῶν
1263 2762 1292 2788 ὲν
1308 2762 1418 2798 Σικελίᾳ
1435 2763 1597 2798 Μεγαρέων,
1612 2769 1715 2798 poetam
1732 2771 1818 2792 autem
1831 2771 1856 2793 et

1071 2817 1118 2835 nos
1136 2813 1225 2835 testem
1237 2809 1360 2835 frobenius
1374 2808 1506 2843 Tlteaqnin
1522 2810 1602 2837 civem
1617 2811 1641 2836 in
1655 2811 1748 2838 Sicilia
1764 2812 1854 2847 Mcga~

1072 2855 1197 2882 rcnsinut.
1216 2853 1268 2882 Sed
1280 2859 1308 2882 ut
1324 2855 1356 2882 ad
1375 2854 1569 2891 Pachymcrcm
1595 2863 1726 2891 revertar,
1752 2858 1779 2886 in
1807 2859 1855 2887 hoc
