1954 3063
84 134 142 166 829

852 137 972 168 ΝΟΤΕ.

1671 146 1723 177 830

82 191 148 224 ejus
165 194 294 218 contextu
307 191 361 217 duo
383 191 540 218 necessario
557 192 770 218 emendat-imus.
803 191 881 218 Prius
895 193 918 221 A
936 192 1116 229 Pacltymercs
1131 195 1204 224 solos
1217 197 1317 224 Alanos
1331 198 1391 225 sine
1414 198 1504 233 jttssu,
1519 206 1654 227 consensu
1675 205 1723 227 aut

82 238 162 271 quod
178 238 309 271 scriptum
321 243 381 264 erat
397 238 510 264 Πλάτων
525 237 653 271 ἐννόμως,
672 245 719 272 pro
736 245 790 271 quo
804 245 881 270 repo-

82 283 172 310 situm
185 283 214 308 ὲν
228 284 342 318 Νόμοις,
354 284 380 310 in
396 291 478 317 opere
493 283 621 310 nimirum
637 283 767 318 inscripto
780 283 877 318 Νόμοι,

81 329 180 362 Leges,
198 328 225 355 itt
243 329 326 355 libros
344 337 463 363 expanso
481 329 514 355 12
531 334 576 355 aut
598 329 686 362 potius
704 330 746 361 l5,
763 336 879 362 compu-

83 380 143 401 tata
163 375 189 401 in
204 383 265 402 ettm
281 382 434 407 numerum,
448 375 525 409 quasi
541 375 696 409 appcttdice.
708 383 788 409 quam
802 380 879 402 rorat

82 421 113 448 ‘E
121 421 245 455 πινομιν.
272 421 396 447 Alterum
413 420 440 447 itt
457 420 512 447 illis
526 420 616 447 verbis
633 429 640 447 :
659 419 879 455 Θρασυνομένοις

86 467 149 502 μὲν,
163 466 201 498 ὡς
213 467 324 498 ἀδίκως,
338 466 408 492 κατὰ
419 466 594 501 δικαιοσύνης
605 474 611 481 ·
625 466 840 502 θρασυνομένοις
852 467 878 493 δὲ

85 514 124 545 ὡς
138 513 283 548 ὑϐρισταῖς
295 513 366 540 κατὰ
381 511 571 547 σωφροσύνης.
589 511 638 539 Ubi
656 512 717 546 quis
731 520 783 539 non
807 512 879 540 videt

86 561 154 588 illud
169 559 207 591 ὡς
223 559 324 591 ἀδίκως
340 559 410 585 ruale
428 558 592 591 respondere
617 558 655 593 τῷ
680 558 717 589 ὡς
737 558 879 593 ὑϐρισταῖς

85 607 130 634 cui
156 605 343 632 ἀντιτίθεταιιῖ
363 604 578 632 Rescribeudnm
599 611 663 640 ergo
689 604 742 632 fuit
762 604 800 636 ὡς
823 605 880 632 ἁδί-

86 661 158 682 κθις.
176 650 235 678 Non
247 651 390 678 abscedam
403 651 466 677 hinc
483 651 558 685 prius
574 658 656 685 quant
671 655 698 678 et
709 651 774 678 illud
784 652 879 679 obser-

86 698 186 729 variut,
201 697 349 728 διαϐάντας
364 705 378 722 a
393 696 504 723 Platone
517 697 560 724 hic
571 697 661 724 vocari
675 697 772 725 milites
787 703 877 724 exter-

87 752 137 771 nos
154 743 253 778 (cujus
271 748 362 770 tamen
378 743 452 770 vocis
466 743 568 770 nullum
587 743 730 774 vestigium
748 744 774 770 in
793 744 877 771 iotcr-

87 789 242 823 pretatione
273 788 386 816 Serrani
419 788 547 823 visitur),
573 789 645 823 quod
673 789 730 816 fere
755 789 822 817 tales
852 791 877 816 in

86 834 221 861 Graeciam
251 828 318 860 mari
347 838 608 868 transportarentur.
637 834 790 861 Ataﬁalvew
806 835 877 862 enim

86 884 129 907 est
143 880 273 914 trajicere
288 879 386 906 ﬂumen
403 884 450 907 aut
466 887 551 907 mare.
575 879 686 907 Gre-cite
700 885 790 908 autem
811 881 878 908 situs

85 931 146 953 erat
169 926 304 960 ejusmodi
330 931 358 952 ut
377 926 410 953 ad
427 933 485 953 eam
499 933 532 954 ex
544 927 645 954 exteris
659 927 784 960 gentibus
811 927 877 954 mari

88 972 145 999 fere
171 972 318 1000 veniretur.
343 973 429 1000 Porro
456 980 488 999 ex
510 973 563 1000 isto
582 973 755 1009 μισθοφόρων
769 973 880 1000 διαϐάν-

86 1026 142 1044 των
159 1025 259 1052 genere
276 1018 315 1045 vel
328 1017 353 1044 in
366 1018 461 1052 primis
475 1018 502 1046 hi
517 1025 596 1046 erant.
607 1019 684 1046 ducis
700 1020 788 1054 magni
805 1020 879 1047 mili-

88 1069 140 1095 tes.
155 1072 171 1092 e
186 1064 277 1091 Sicilia
307 1068 353 1091 aut
379 1063 454 1091 Italia
473 1066 507 1092 ab
530 1065 589 1100 ipso
616 1065 762 1099 deportati.
780 1066 879 1100 quibus

89 1114 142 1136 tam
160 1110 369 1143 implacabiliter
390 1110 576 1146 Pachymeres
603 1111 733 1138 irascitur
751 1111 777 1138 in
804 1112 877 1138 omni

87 1157 233 1183 occasione
248 1156 283 1183 de
298 1157 340 1184 his
356 1157 463 1192 agendi.
492 1157 541 1184 llic
557 1162 647 1184 autem
677 1158 759 1185 etiam
783 1163 877 1186 contra

87 1209 135 1229 eos
152 1202 274 1229 Platonis
293 1203 478 1230 testiutoniurn
493 1203 636 1230 subornat.

125 1249 169 1286 [P.
184 1249 248 1285 555]
270 1249 300 1276 P.
323 1250 383 1277 484.
411 1250 545 1277 Existimo
573 1250 727 1286 Berengarii
749 1258 846 1278 nomen
863 1259 877 1278 a

89 1296 256 1332 Pachymere
269 1296 294 1322 itt
307 1295 497 1330 Mpyrigert'um
511 1295 703 1323 deformatum.
717 1296 784 1323 Nam
799 1296 878 1324 Occi-

92 1342 240 1370 dentalium
256 1342 396 1369 vocabulis
410 1350 423 1368 a
441 1341 460 1368 Β
476 1342 626 1377 praesertim
640 1342 776 1369 inchoatis
789 1342 877 1370 Graeci

93 1394 244 1424 tentporum
259 1388 365 1416 illoruut
380 1388 423 1423 Mp
436 1388 638 1424 praeponebant.
655 1388 700 1416 Sic
716 1389 838 1416 videmus
851 1393 879 1417 et

91 1443 171 1470 supra
190 1442 205 1461 a
220 1440 313 1462 nostro
327 1442 354 1470 p.
370 1434 433 1466 242,
444 1440 470 1461 et
482 1435 551 1468 apud
561 1434 781 1462 Cautacuzenum
796 1435 875 1470 771

91 1481 240 1517 Mpaiulum
262 1482 378 1516 pesituut
396 1489 444 1516 pro
460 1480 568 1513 Baiulo,
598 1485 627 1508 ιιι
644 1481 742 1508 similia
763 1487 876 1515 prseter-

89 1535 149 1554 eam
165 1532 303 1554 sexcenta.
322 1525 431 1553 Certum
450 1531 492 1553 est
503 1525 639 1554 Catelanis
656 1526 733 1553 valde
749 1526 877 1553 usitatum

90 1574 174 1601 fuisse
183 1573 336 1607 Berengarii
346 1581 454 1600 nomen.
469 1572 495 1599 In
506 1572 668 1600 collectione
682 1572 878 1599 ltistoricorum

90 1620 136 1655 qui
152 1628 196 1647 res
217 1620 361 1654 Aragonia
392 1620 573 1654 scripserunt,
598 1619 695 1646 saltem
724 1619 878 1653 quindecim

90 1666 235 1694 Catelauos
246 1666 319 1693 viros
336 1666 457 1693 illustres
474 1665 519 1700 qui
537 1665 695 1700 Berengarii
714 1671 880 1697 vocarentur

90 1717 255 1739 memoratos
280 1712 404 1746 reperio;
425 1719 541 1746 quorum
568 1711 684 1745 aliquem
702 1712 774 1738 hunc
790 1712 878 1746 ipsum

90 1759 187 1792 fuisse,
203 1759 236 1786 de
252 1767 306 1793 qtto
320 1759 363 1785 hic
380 1759 480 1792 agitur,
496 1757 671 1790 crediderim,
691 1758 754 1785 licet
767 1758 828 1792 quis
844 1758 880 1785 sit

90 1813 122 1832 ex
137 1805 265 1832 omnibus
292 1805 434 1839 designare
447 1809 521 1831 certo
545 1812 597 1831 non
615 1805 729 1839 possim.
745 1804 804 1831 Vidi
822 1809 881 1839 post

90 1852 149 1879 hch
165 1850 220 1886 jam
241 1851 341 1884 scripta
360 1851 457 1877 librutn
474 1849 549 1877 Petri
565 1850 769 1877 d‘Outrcmnnni
793 1849 880 1877 nostri

90 1899 123 1924 de
139 1896 252 1923 Excidio
267 1896 432 1928 Grecorum.
465 1896 491 1923 iit
521 1903 576 1930 quo
591 1895 660 1928 lego,
676 1903 703 1924 ι’.
730 1895 758 1926 5,
775 1903 801 1929 p.
814 1895 877 1928 465,

89 1951 183 1971 verum
200 1947 227 1969 et
254 1942 368 1977 patrimtt
385 1950 483 1969 nomen
500 1941 583 1975 hujus
597 1941 755 1977 Mpyrigerii
771 1941 880 1969 Tentza:

91 1991 175 2017 fuisse
186 1988 362 2022 Berengarius
379 1988 496 2015 Entetua
508 1987 550 2014 vel
562 1987 595 2014 de
607 1987 749 2020 lntentiic;
763 1995 879 2022 eumque

91 2036 175 2062 fuisse
191 2041 289 2069 genere
303 2033 472 2061 Catelanum.
501 2033 578 2060 Hunc
593 2032 754 2065 Phraulzes,
773 2033 790 2060 Ι.
811 2040 831 2064 1.
852 2041 877 2061 c.

90 2080 118 2111 8.
132 2084 210 2106 vorat
227 2077 438 2111 Piceriotetaam,
455 2077 580 2105 conﬂatis
596 2077 623 2104 in
638 2085 720 2104 unum
746 2082 773 2104 et
803 2085 879 2105 mou-

91 2130 181 2151 strosu
209 2123 345 2156 c0rroptis
370 2122 511 2150 vocabulis
541 2121 668 2155 duobus,
700 2121 878 2157 Mpyrigeritu

92 2170 204 2197 Tentza.
218 2169 363 2202 Gregoras,
377 2169 394 2195 l.
412 2177 461 2199 vn.
479 2177 505 2202 p.
520 2168 581 2201 103,
599 2168 710 2203 propius
722 2170 755 2195 ad
772 2167 878 2203 Pachy-

892 1538 913 1567 (Ξ

935 240 1101 267 conscientia
1121 243 1261 270 Michaelis
1277 244 1388 278 Augusti
1404 250 1529 272 auctores
1547 245 1630 273 fuisse
1645 246 1721 272 necis

936 285 1087 313 Rontzorii.
1106 287 1257 315 Phrantzes
1273 294 1360 316 tamen
1375 290 1610 324 protovestiarius,
1626 291 1644 318 Ι.
1661 299 1680 322 ι,
1693 299 1719 318 c.

933 331 962 362 8,
978 331 1082 359 diserte
1106 332 1224 360 aﬂirmat
1248 334 1409 362 Micltaelem
1443 337 1605 364 satellitibus
1623 337 1679 364 suis
1694 342 1722 364 et

934 377 1112 411 stipatoribus
1128 380 1272 407 tnattdasse
1284 386 1310 406 ut
1327 380 1473 415 Rogerinm
1492 381 1543 415 (sic
1560 387 1632 409 recte
1648 382 1720 409 Ron—

935 422 1048 449 tzcrium
1067 424 1194 459 appellat)
1218 425 1425 453 obtruncarent.
1452 427 1597 462 Gregoras,
1625 429 1642 455 Ι.
1663 436 1697 455 ru
1712 449 1719 460 .

916 464 918 468 ’
932 475 959 502 p.
975 468 1037 500 109.,
1053 469 1088 495 ait
1104 471 1204 497 credent
1220 471 1294 498 illam
1315 472 1412 499 factam
1429 480 1442 499 a
1457 473 1587 500 militibus
1601 473 1721 501 Michae-

932 514 975 546 lis.
995 516 1066 549 quod
1078 515 1105 543 ei
1120 516 1219 544 iratum
1233 517 1308 544 illum
1329 524 1452 550 nossent,
1473 525 1576 553 gratam
1593 520 1641 553 ipsi
1664 521 1721 547 loro

932 561 1083 589 arbitratis.
1117 561 1189 590 ldem
1207 567 1296 591 tamen
1319 565 1399 598 paulo
1423 570 1483 599 post
1510 574 1561 592 non
1585 566 1719 598 junioreut

932 605 1019 633 solum
1047 607 1092 634 sed
1110 613 1138 635 et
1162 609 1298 637 seniorem
1317 611 1454 644 Augustos
1485 611 1563 638 istius
1592 611 1720 639 lar-inuris

932 650 1088 685 suspicione
1103 654 1236 687 aspergit,
1256 655 1318 681 dum
1335 655 1429 682 scribit
1443 656 1619 683 Rontzcrium
1635 656 1720 683 inter-

933 696 1032 723 fectum
1057 705 1071 724 a
1090 697 1231 730 Romanis,
1247 700 1319 734 quod
1344 701 1418 734 ipsos
1438 701 1497 735 ejus
1519 702 1643 729 accersiti
1659 711 1719 737 po:-

933 743 1042 771 uiteret.
1071 744 1144 771 Satis
1158 745 1229 772 enim
1252 751 1326 779 patet
1340 754 1394 773 nott
1417 755 1430 773 a
1445 748 1557 781 privatis
1575 748 1645 775 hunc
1662 748 1718 776 lio-

935 790 1034 820 ntanis,
1053 790 1100 816 sed
1123 790 1157 817 ab
1170 790 1368 824 imperantibus
1380 793 1555 820 accersitum.

968 835 998 861 P.
1013 835 1076 862 529.
1094 835 1251 863 Calelanum
1263 838 1416 871 quemdam.
1442 838 1546 866 Nomen
1570 839 1650 875 hujus
1668 840 1719 867 Ca-

932 881 1014 909 telani
1032 881 1121 915 prodit
1136 882 1352 914 Ontrcmannus.
1372 884 1420 912 lib.
1435 884 1473 911 De
1492 885 1557 912 Eme.
1575 885 1673 918 Graia,
1689 894 1716 914 c.

930 928 956 959 3,
973 935 998 962 p.
1013 928 1076 960 466,
1095 928 1253 955 Feruandez
1269 930 1370 958 Aones.
1390 930 1440 958 Ubi
1457 936 1483 958 et
1502 932 1562 966 ejus
1579 940 1716 966 socerum,

930 981 1009 1006 quem
1031 972 1127 1000 Ῥαοὶιλ
1141 974 1229 1009 παχύν
1241 975 1421 1010 Pachymeres
1436 978 1554 1011 appellat
1567 978 1627 1012 (nos
1645 978 1718 1004 Rau<

930 1018 982 1045 lcut
997 1018 1126 1045 Crassum
1139 1020 1293 1056 vertimus),
1304 1022 1361 1056 ipse
1373 1023 1497 1049 nominat
1508 1024 1651 1050 Iiadulfum
1665 1024 1718 1051 Pa-

930 1072 1040 1099 qut-um.

965 1111 994 1138 Ρ.
1011 1112 1072 1140 552.
1098 1113 1153 1140 llac
1175 1114 1307 1141 seditione
1325 1114 1524 1142 Ontremannus
1543 1117 1648 1143 occisos
1662 1124 1718 1143 nte-

930 1163 1018 1184 morat
1044 1158 1203 1186 liodericum
1233 1159 1315 1187 Percz
1343 1161 1375 1188 de
1404 1160 1433 1188 S.
1451 1160 1549 1192 Cruce.
1571 1162 1716 1188 Arnaltluut

930 1205 961 1231 dc
986 1204 1148 1239 llloncortes,
1166 1210 1192 1233 et
1217 1206 1370 1233 Ferrerimtt
1387 1208 1421 1234 de
1440 1206 1572 1240 Torellas,
1587 1215 1601 1234 a
1615 1208 1718 1235 Beren—

929 1251 1003 1285 gario
1029 1251 1131 1284 legatos
1156 1252 1188 1278 ad
1203 1252 1386 1279 Andronicum
1403 1253 1512 1280 missos.

965 1297 1045 1331 772
1076 1297 1104 1323 P.
1123 1297 1185 1324 554.
1208 1297 1322 1324 Circiler
1345 1298 1492 1332 sexaginta.
1520 1298 1651 1332 Superius
1675 1298 1718 1324 di-

929 1348 1005 1369 xerat
1033 1348 1140 1370 centum
1170 1343 1364 1378 quinquaginta
1393 1345 1538 1372 Catelauos
1572 1346 1718 1372 comitatos

930 1386 1014 1414 luisse
1033 1387 1209 1415 Rontzcrium
1225 1389 1256 1416 ad
1273 1390 1434 1417 Micltaelem
1451 1396 1569 1424 euntem,
1585 1396 1639 1417 tum
1655 1399 1718 1418 eos-

930 1432 989 1459 dem
1007 1432 1052 1460 illo
1078 1433 1222 1460 interfecto
1238 1438 1342 1468 captos.
1372 1434 1502 1461 Nimirum
1530 1434 1606 1460 multi
1631 1434 1718 1468 primo

931 1479 1047 1506 tumultu
1067 1479 1195 1514 fugerint,
1214 1480 1290 1507 ntulti
1316 1480 1386 1515 longi
1403 1481 1522 1507 carceris
1541 1480 1719 1507 incommodis

931 1526 1065 1560 absumpti
1094 1525 1238 1561 perierint,
1257 1532 1285 1553 ιιι
1299 1534 1369 1554 nmtc
1382 1532 1486 1553 tantum
1506 1527 1647 1561 sexaginta
1671 1534 1718 1553 stt-

933 1576 1082 1605 peresseut.
1109 1571 1244 1607 Gregoras
1266 1577 1293 1599 et
1318 1572 1468 1599 Phrantzes
1497 1572 1613 1599 comites
1635 1572 1718 1598 hosce

933 1617 1072 1645 llontzerii
1096 1618 1243 1646 liberaliter
1269 1619 1460 1654 multiplicant,
1475 1626 1587 1646 numero
1612 1618 1645 1645 ad
1666 1619 1717 1645 du~

932 1669 1027 1690 contos
1043 1665 1223 1692 rotuudando.

967 1708 997 1736 P.
1015 1709 1077 1737 558.
1093 1710 1158 1742 Quae
1185 1710 1228 1737 hic
1243 1710 1397 1738 referuntur
1425 1710 1458 1737 de
1485 1709 1649 1741 Smiltzatna,
1666 1709 1719 1735 hoc

932 1760 973 1781 est
1000 1763 1084 1782 uxore
1116 1756 1247 1785 Smiltzaz.
1276 1763 1336 1790 qua:
1360 1755 1448 1789 neptis
1464 1760 1522 1782 erat
1545 1754 1719 1788 imperatoris

933 1803 1079 1830 Andronici
1118 1810 1151 1829 ex
1180 1803 1264 1830 fratre
1289 1802 1467 1830 Constantino
1492 1802 1717 1835 sebastocratore,

932 1849 1082 1883 respiciunt
1108 1849 1182 1883 prius
1195 1853 1306 1876 narrata
1336 1857 1350 1875 a
1366 1853 1459 1876 nostro
1478 1849 1606 1875 historico
1630 1855 1654 1874 c.
1673 1846 1718 1878 18,

932 1894 951 1921 Ι.
977 1901 1003 1927 v,
1032 1902 1094 1921 cum
1116 1895 1224 1929 quibus,
1253 1899 1282 1922 ut
1311 1894 1506 1929 intelligantur,
1536 1893 1718 1927 comparanda

931 1945 1005 1967 Bunl.

966 1982 996 2010 P.
1013 1983 1077 2012 559.
1098 1983 1154 2011 Hoc
1170 1991 1204 2011 ex
1234 1984 1378 2012 occasione
1405 1983 1586 2019 Pachymeres
1609 1982 1718 2016 attingit

932 2030 1002 2057 ultra
1018 2035 1103 2057 metas
1117 2030 1175 2064 ejus
1201 2031 1320 2058 bistOria:
1339 2037 1497 2058 excurrente.
1524 2029 1591 2056 Nam
1617 2029 1668 2056 sub
1686 2030 1716 2055 ti-

932 2085 992 2104 nem
1007 2077 1069 2105 vita:
1088 2077 1259 2111 imperatoris
1276 2077 1413 2105 Michaelis
1434 2076 1566 2108 Juuioris,
1582 2084 1661 2111 quem
1681 2076 1716 2102 li-

932 2124 980 2150 bro
1000 2123 1097 2150 harum
1116 2123 1231 2150 Observ.
1261 2131 1304 2155 ιιι,
1332 2130 1356 2151 c.
1371 2123 1396 2155 Ι,
1412 2131 1440 2150 n.
1467 2123 1495 2154 4,
1516 2121 1717 2149 demonstrabi-

933 2178 993 2196 tttus
1009 2174 1144 2196 tnortuuut
1159 2169 1242 2196 fuisse
1253 2169 1363 2197 Octobri
1377 2169 1461 2196 mensi
1475 2168 1536 2194 anni
1551 2168 1621 2195 Chr.
1634 2166 1715 2198 15'20,

90 2223 194 2243 merent
209 2216 281 2243 hunc
295 2215 453 2242 Catelanutn
479 2215 657 2250 Piringeriunt
680 2215 806 2242 Teutzum
827 2223 878 2242 no-
896 2215 916 2242 Β
932 2215 1060 2242 tredecim
1074 2215 1159 2242 ferme
1174 2216 1253 2243 annis
1272 2221 1330 2250 post
1345 2215 1370 2242 id
1388 2220 1494 2248 tempus
1512 2214 1536 2240 in
1561 2221 1613 2247 quo
1626 2212 1717 2238 llisto-

93 2262 190 2291 mittat.

127 2308 158 2335 P.
177 2307 239 2334 517.
262 2307 328 2340 Τοῖς
352 2306 412 2334 τῶν
435 2307 546 2341 κιρῤῶν
571 2307 777 2342 παρασήμοις.
803 2307 843 2334 Ita
861 2307 880 2334 Β

90 2355 177 2381 codex
190 2361 198 2386 ;
215 2353 235 2379 ν
252 2358 342 2380 autem
357 2355 413 2384 τοῖς
426 2354 457 2379 ὲκ
468 2352 522 2379 τῶν
537 2353 674 2388 κιτρύνων
690 2353 879 2388 παρασήμοις.

91 2400 132 2426 Τὰ
159 2399 245 2435 maga
260 2399 324 2434 gilvi
342 2400 453 2432 coloris,
481 2405 510 2426 ut
530 2404 687 2431 notumest,
716 2399 879 2426 vestimenta

91 2450 164 2477 sunt,
193 2445 274 2472 utedii
294 2445 365 2472 inter
376 2445 466 2472 albttm
482 2450 510 2472 ct
526 2444 627 2477 rufum,
647 2445 740 2472 melini
766 2453 780 2471 a
803 2445 881 2472 melle

92 2491 254 2525 quibusdam
281 2491 356 2518 dicti.
373 2490 445 2518 Idem
461 2495 552 2518 autem
579 2490 706 2518 videntur
726 2491 881 2526 exprimere

92 2537 126 2562 τὰ
152 2537 267 2571 κίτρυνσ.
289 2536 308 2563 Y
326 2537 430 2564 codicis
450 2545 457 2565 :
479 2545 528 2564 vox
554 2537 654 2572 quippe
681 2545 712 2564 ea
738 2542 782 2564 est
800 2545 813 2564 a
838 2537 880 2564 κί-

92 2589 147 2616 τρῳ
170 2581 240 2607 malo
255 2581 332 2608 cilrio
352 2582 443 2613 ducta,
457 2583 535 2617 Cujus
551 2582 662 2609 corticis
687 2582 819 2610 naturalis
834 2590 881 2610 co-

93 2627 134 2654 lor
149 2636 163 2654 a
177 2627 250 2662 gilvo
266 2633 313 2655 aut
329 2628 428 2655 melino
445 2636 497 2656 nou
512 2629 657 2655 abhorret.
673 2628 878 2656 Dubito-tamen

93 2673 125 2701 de
149 2674 284 2708 scriptura
307 2682 341 2701 an
365 2682 418 2702 non
447 2675 644 2710 congruentius
668 2676 701 2702 ad
725 2675 879 2710 analogiam

94 2720 175 2747 scribi
196 2721 231 2746 τὰ
254 2721 370 2755 κίτρηνιι
394 2721 503 2749 debeat.

129 2766 158 2792 P.
189 2766 251 2794 519.
273 2766 310 2793 De
325 2767 393 2794 fabis
423 2775 508 2795 cornu
538 2767 617 2794 tactis
643 2768 802 2795 memoratis
830 2768 880 2795 ltoc

95 2811 152 2838 loco
176 2811 238 2838 vide
259 2812 426 2841 Glossarium
449 2821 475 2841 v.
501 2814 675 2849 Κερασΰόλοι
694 2814 807 2849 κύαμοι.

131 2857 157 2883 ιι.
177 2857 241 2884 526.
268 2856 434 2888 Persuadere
463 2860 512 2888 hac
532 2865 586 2887 tota
611 2860 767 2889 narratione
791 2863 880 2889 studet

934 2262 970 2288 ria
986 2261 1199 2297 Pachymeriana
1215 2262 1323 2294 desinit,
1344 2262 1386 2289 hic
1398 2260 1655 2296 Ospheutisthlabus
1669 2267 1722 2286 re;

932 2306 1063 2341 Bulgaria:
1096 2307 1266 2334 Theodoram
1297 2307 1409 2334 alteram
1446 2307 1562 2334 liliarum
1594 2305 1724 2340 ejusdem-

932 2353 1044 2386 Augusti
1061 2346 1198 2379 Micltaelis
1211 2352 1331 2380 Juuioris
1346 2353 1423 2380 duxit
1439 2361 1562 2384 uxorem,
1579 2357 1659 2386 prout
1674 2351 1716 2378 di-

932 2403 1003 2425 serte
1019 2402 1135 2425 testatur
1164 2397 1300 2432 Gregoras
1321 2399 1378 2433 ipso
1401 2397 1545 2432 principio,
1561 2398 1587 2430 .l.
1601 2405 1660 2429 vm,
1689 2403 1723 2429 p.-

932 2443 994 2477 1‘29,
1010 2451 1091 2478 quam
1109 2449 1134 2470 ct
1152 2443 1230 2479 longc
1255 2443 1329 2477 prius
1346 2443 1455 2478 petiisse
1470 2449 1563 2470 noster
1587 2446 1721 2468 mcntotat

933 2490 1016 2522 infra,
1028 2499 1053 2518 c.
1066 2490 1111 2521 27,
1124 2491 1141 2517 Ι.
1155 2499 1202 2518 ru.
1221 2490 1305 2518 Porro
1319 2491 1359 2525 (ut
1371 2495 1398 2517 et
1410 2490 1462 2517 hoc
1484 2490 1570 2517 obiter
1587 2491 1724 2522 auctam;

931 2539 1001 2572 quod
1018 2537 1079 2564 huic
1093 2537 1227 2564 ittterdum
1244 2537 1344 2564 ttontini
1365 2536 1544 2572 Pachytneres
1560 2534 1581 2562 0
1600 2535 1718 2561 lillemtttt

932 2583 1081 2616 praemittit,
1095 2583 1146 2609 hoc
1159 2582 1219 2609 loro
1246 2586 1273 2609 et
1297 2582 1456 2617 quibusdam
1472 2581 1533 2608 aliis
1557 2580 1718 2614 Osphentis-

933 2628 1054 2655 thlabuut
1073 2635 1182 2660 vocans,
1202 2636 1281 2662 quem
1311 2628 1372 2655 alibi
1399 2626 1648 2663 Sphentistblabum
1671 2632 1721 2650 no-

933 2675 1026 2706 minat,
1045 2674 1126 2706 favet,
1157 2675 1183 2701 ui
1198 2674 1275 2702 fallor
1290 2674 1452 2708 conjectum:
1469 2673 1569 2704 Wollii,
1598 2671 1671 2703 notis
1683 2670 1721 2697 ad

931 2719 1079 2755 Gregoram
1100 2728 1126 2755 p.
1148 2721 1199 2748 271
1234 2721 1398 2755 suspicatttis
1416 2728 1429 2747 a
1451 2719 1552 2747 Gta-cis
1578 2717 1721 2751 Splmm's-

932 2767 1049 2795 tltlabum
1066 2767 1147 2794 scribi
1164 2775 1262 2795 nomen
1278 2775 1291 2794 a
1316 2767 1490 2794 l’annonibus
1505 2765 1583 2793 hodie
1600 2772 1632 2792 ac
1651 2763 1719 2792 Sar-

932 2812 1012 2840 tttatis
1027 2812 1197 2840 Venccslaum
1212 2814 1302 2842 eﬂ‘erri
1317 2814 1436 2840 solitum.

967 2860 997 2886 P.
1016 2859 1077 2886 5:37.
1109 2861 1163 2888 Τοῦ
1178 2861 1288 2887 εἰδέναι
1306 2861 1394 2894 φύσει
1423 2859 1574 2893 ὀρέγωνται
1590 2855 1714 2888 πάντες.
