1954 3063
215 118 265 151 8'21

585 120 616 150 P.
638 120 790 151 POSSINI
811 120 1135 151 OBSERVATIONUM
1157 120 1228 150 ΗΒ.
1253 116 1464 148 ΙΙ.-ΝΟΤ.ίΕ.

1793 111 1848 142 832

219 179 345 214 Quinque
361 179 449 213 priora
466 180 547 215 hujus
570 182 714 207 centuriatis
730 181 811 207 verba
831 181 1000 207 notissimum
1015 185 1040 214 Α
1053 179 1129 211 Quol
1143 179 1214 205 idem
1231 177 1346 204 affirmat
1364 176 1485 210 lix-glieta
1503 175 1529 200 in
1559 173 1670 208 Elagiia.
1695 177 1722 198 et
1738 171 1765 198 in
1787 169 1849 197 Tri—

219 230 283 251 stlnt
316 230 343 252 ct
367 226 616 252 decantatissimnm
641 226 796 253 Aristotelis
820 226 942 260 effatum,
970 235 1003 253 ex

222 273 300 299 initio
330 272 410 307 primi
439 272 498 305 ejus
523 272 765 306 Metap/tysicarum
794 272 855 299 libr-i
886 264 1004 308 19557]

221 317 286 350 Quae
297 322 385 344 autem
402 318 530 345 continue
542 323 707 345 memoratur
725 326 738 344 a
751 318 917 353 Pachymere
935 313 1005 351 ἇγά-

223 372 306 399 πησις
338 365 393 391 τῶν
414 365 568 399 αἰσθήσεων
590 372 641 391 non
671 371 730 390 eam
759 364 844 390 solum
875 371 955 397 quam
977 364 1005 390 in

224 411 448 445 interpretatione
463 411 585 445 expressi
600 410 805 437 delectationem
837 410 862 436 in
881 418 929 437 usu
946 418 1006 444 pcr-

223 456 340 491 eipiendi
355 457 459 491 objecta
474 463 521 489 per
533 463 631 482 sensus
646 455 786 490 designat,
797 455 842 481 sed
865 460 1004 488 praetereaI

222 503 298 536 juxta
312 502 448 529 notionem
462 501 598 536 propriam
614 501 701 528 Graeci
725 501 799 527 vorbi
825 501 947 535 ἀγαπᾷν,
964 507 1007 526 sa-

225 548 404 574 tisl'actionem
432 551 459 573 et
484 548 560 581 quasi
585 547 689 580 plenam
715 546 868 573 satietatem
888 546 1006 573 hominis

224 593 356 624 cernenti,
374 593 526 619 desiderare
542 593 600 626 plus
619 599 672 619 nou
691 592 816 623 valentis,
834 593 895 618 dum
910 591 1008 618 fruitur

226 643 317 671 vegeta
333 637 460 664 facultate
490 645 600 665 suorum
628 639 748 665 omnium
776 645 914 664 sensnmn.
932 637 1007 665 Hanc

224 685 341 719 quietem
360 685 483 710 humana:
498 683 667 710 curiositatis
695 683 722 709 in
737 690 785 709 usu
807 683 932 716 expedito
945 690 1007 709 sen-

225 737 303 756 suum
320 729 456 764 eleganter
472 729 591 756 declarat
612 729 718 761 Cicero,
735 728 753 756 I.
771 736 788 756 ιι
824 728 1007 761 ρυιινιιίοηιηη

227 777 442 803 Academicorum
465 776 507 802 his
528 775 617 801 verbis
634 783 641 801 :
660 775 806 802 Ordiamur
819 794 826 802 .
838 795 845 801 .
859 794 867 801 .
890 783 905 800 α
921 775 1006 801 serui-

226 822 294 853 but;
309 829 419 855 quorum
446 821 484 846 ita
498 821 570 846 clara
585 820 691 854 judicia
708 826 731 847 et
747 824 819 846 certa
837 823 907 851 lunt,
926 824 965 852 ut,
984 820 1006 846 Ii

1059 230 1137 252 atauo
1151 224 1244 257 Caico,
1260 224 1277 251 Ι.
1296 231 1352 255 xtx,
1369 230 1394 249 c.
1411 222 1473 252 ηι,
1488 221 1534 255 qui
1549 224 1577 246 et
1594 220 1630 246 ait
1646 219 1681 246 ob
1696 217 1848 252 potentiam

1058 271 1145 305 Opicii
1162 277 1258 297 omnes
1275 269 1359 296 italia:
1383 269 1508 295 civitates
1530 266 1556 293 in
1573 273 1606 292 eo
1629 265 1722 291 oculos
1742 264 1849 291 ﬁxisse.

1095 315 1166 342 Ibid.
1183 315 1253 341 Data
1270 315 1298 340 in
1315 313 1509 340 matrimonium
1525 311 1592 345 ﬁlia.
1615 310 1676 336 Haec
1690 309 1744 336 ﬁlia
1759 309 1848 344 Opicii

1059 362 1177 395 Spinolaa
1202 360 1347 388 Theodoro
1376 358 1528 390 Palmologo
1545 356 1743 386 Montisicrrati
1777 363 1850 382 mar-

1059 408 1150 435 chiOni
1165 411 1247 441 nupta
1267 405 1415 440 Argentina
1428 404 1586 430 vocabatur.

1097 452 1170 480 Ibid.
1187 451 1248 484 Agit
1266 451 1298 477 de
1314 449 1469 476 Theodoro.
1493 447 1594 474 Vocem
1619 447 1744 474 Graecam
1761 445 1850 476 (tum

1060 505 1112 524 non
1131 497 1210 524 debui
1235 500 1342 523 vertere
1365 495 1421 520 sine
1444 493 1533 519 liberis
1551 493 1599 519 sed
1618 493 1672 518 sine
1691 491 1765 526 prole
1779 499 1851 517 mus-

1059 545 1119 571 (nla
1134 551 1143 570 :
1160 544 1289 578 quoniam
1316 541 1439 569 historici
1459 540 1518 567 Itali
1546 539 1681 566 aﬂirmant
1700 543 1792 565 natam
1816 545 1851 565 ex

1060 590 1215 623 Argeutinm
1238 587 1356 618 Sninolre
1380 594 1442 613 cum
1459 585 1603 612 Theodoro
1621 584 1770 616 I’almtdugo
1785 591 1852 609 con-

1057 633 1132 669 jugio
1144 634 1225 660 tiliam
1243 632 1370 660 Jolanten
1397 632 1511 661 dictam,
1528 629 1570 666 [Ρ.
1585 629 1650 665 5ῧ8]
1669 637 1728 662 quae
1754 633 1850 663 postea

1060 680 1153 714 nupsit
1168 678 1281 714 Aytnoni
1297 678 1391 705 comiti
1407 677 1563 704 Sabattdiaa.
1582 676 1694 703 Videtur
1708 675 1751 702 hic
1766 675 1853 701 fuisse

1062 726 1135 752 ﬁlius
1150 724 1263 752 Amadei
1281 723 1327 756 ιν,
1348 724 1392 751 cui
1409 728 1500 757 postea
1519 721 1644 749 morienti
1678 721 1702 747 in
1718 721 1855 747 comitatu

1061 772 1204 804 successit,
1234 771 1351 805 quando.
1379 770 1457 804 quasi
1472 774 1502 795 ut
1520 769 1675 796 ostenderet
1692 775 1773 802 quam
1797 775 1859 792 non-

1060 825 1122 845 eum
1153 818 1300 851 pmniteret
1328 815 1468 843 aliinitatis
1494 822 1555 842 cum
1586 815 1666 841 domo
1698 812 1852 846 Palamloga

224 868 296 901 optio
321 871 425 893 natum
454 871 551 893 nostra;
568 867 656 899 detur,
683 871 706 892 et
721 866 753 892 ab
778 874 809 893 ea
833 866 897 892 deus
911 865 1008 900 aliquis
1022 861 1046 891 Β
1060 869 1215 895 contractae,
1233 861 1413 890 libentissime
1425 861 1564 889 consensit
1576 861 1602 888 in
1619 859 1788 895 propositam
1799 859 1852 891 ipsi

227 913 342 946 requirat
357 917 511 939 contentane
526 913 560 938 sit
582 913 638 939 suis
660 912 772 946 integris
800 911 1009 946 incorruptisque

225 958 355 990 “risibus,
386 967 420 985 au
436 959 550 991 postulet
572 958 665 984 melius
695 958 808 992 aliquid,
826 966 878 985 non
907 958 1010 985 videam

225 1005 289 1040 quid
303 1010 405 1038 quierat
418 1005 540 1038 amplius.
556 1004 692 1032 Hactenus
709 1005 821 1032 Tullius.

264 1052 396 1078 Caeterum
418 1053 461 1086 (de
479 1059 533 1085 quo
560 1051 643 1078 semel
658 1052 841 1078 admonendus
857 1051 900 1078 hic
926 1050 1010 1078 lector

229 1097 281 1132 est)
299 1097 382 1124 codex
409 1097 528 1131 optimtts
555 1097 717 1122 Barlnzrinus
743 1096 787 1122 hic
813 1097 936 1123 deserere
961 1103 1010 1123 nos

230 1142 333 1176 incipit,
350 1142 454 1168 crebris
473 1141 498 1167 in
515 1141 617 1176 reliquo
630 1141 710 1175 773
724 1141 784 1167 libri
809 1141 889 1175 hujus
907 1141 1011 1168 lacunis

229 1187 318 1218 hians,
334 1192 358 1214 et
379 1186 424 1213 ubi
441 1186 581 1213 continuat.
601 1191 738 1220 utcunque
763 1185 951 1219 scriptioncm.
968 1185 1010 1212 in.

230 1233 333 1259 terdum
352 1232 567 1264 irreparabiliter
579 1237 735 1266 corruptus.
754 1231 830 1259 Unde
853 1232 954 1258 assntis
971 1232 1011 1258 illi

229 1278 262 1304 ad
273 1278 373 1305 calcem
392 1278 584 1312 supplementis
599 1286 631 1304 ex
647 1278 708 1305 aliis
734 1277 945 1311 ctemplaribus,
961 1277 1011 1304 de-

229 1324 343 1358 ligente:
367 1324 515 1351 attentione
551 1332 644 1358 magna
675 1332 734 1359 qua:
757 1324 941 1358 probabiliora
974 1324 1014 1350 vi-

230 1370 372 1402 dcbantur,
389 1370 429 1396 usi
456 1376 527 1403 saepe
551 1377 661 1402 sumus;
679 1378 710 1396 ex
728 1370 822 1396 codice
849 1371 913 1403 quin
929 1369 1011 1396 etiam

231 1415 276 1442 illo
298 1416 437 1446 Vaticano,
450 1415 500 1442 etsi
511 1415 619 1450 evagari
632 1416 665 1442 ab
688 1415 807 1442 auctoris
823 1415 912 1441 verbis
930 1415 1014 1441 libere

231 1462 320 1491 solito.
337 1462 380 1489 ubi
393 1462 487 1489 melius
501 1469 552 1489 non
574 1462 704 1495 occurrit,
729 1467 917 1496 cxccrpentcs,
942 1462 1014 1488 unde

230 1510 390 1536 sententiam
410 1509 577 1536 tolerabilem
602 1508 782 1536 elliccremus.

265 1554 294 1580 P.
312 1555 374 1582 585.
389 1554 478 1581 Saltus
491 1559 514 1581 et
525 1555 592 1589 juga
604 1558 737 1589 prmrupta
760 1555 853 1581 montis
867 1553 934 1580 Cani
949 1554 1015 1580 vali-

231 1602 271 1628 dis
286 1610 392 1629 auorum
405 1603 506 1628 insessa
530 1602 659 1636 pra'sidiis
675 1602 771 1627 nostris
795 1602 867 1628 invia
887 1601 1015 1635 fecerunt.

231 1647 376 1681 Postquam
393 1648 448 1674 haec
462 1653 541 1674 erant
563 1648 645 1679 edita,
661 1647 782 1674 dubitavi
798 1656 830 1673 an
846 1656 898 1674 non
923 1648 1015 1674 Grzcca

232 1693 274 1718 his
287 1693 486 1726 respondentia,
504 1693 550 1719 καὶ
566 1693 614 1724 τὰς
637 1693 685 1727 μὲν
698 1693 853 1727 δυσχωρίας
867 1693 913 1719 τοῦ
929 1693 1016 1719 Γάνου

233 1739 281 1763 καὶ
303 1737 364 1764 λίαν
389 1737 610 1771 διεφυλάττοντο,
627 1740 716 1771 potius
743 1738 930 1771 signiﬁcarent
955 1738 1015 1773 iuga

233 1789 367 1818 praerupta
384 1783 451 1810 Gani
466 1784 554 1811 adhuc
569 1793 583 1810 a
608 1784 738 1811 Romanis
762 1785 846 1811 fuisse
871 1784 1015 1812 custodita.

233 1830 323 1862 Quare
341 1830 447 1858 barbari
462 1836 524 1858 tunc
535 1836 639 1858 tantum
657 1832 793 1865 potuerint
808 1831 1018 1866 incursarequa:

239 1877 307 1904 :irca
323 1877 428 1904 Gauutn
454 1882 529 1905 sunt.
550 1877 597 1904 Cui
614 1877 734 1912 opinioni
752 1876 823 1904 favet
847 1877 917 1911 quod
935 1877 1016 1909 inira,

233 1931 260 1950 c.
282 1923 326 1956 21,
350 1927 479 1956 tanquam
502 1929 628 1950 eventum
662 1923 704 1950 his
729 1923 864 1957 posterius
889 1923 1015 1955 refertur,

232 1975 306 1996 artas
333 1969 424 1997 fauces
452 1963 520 1997 Garri
547 1970 646 1997 montis
668 1970 703 1996 ab
730 1970 905 2004 Amogabaris
934 1969 1018 1996 fuisse

233 2020 388 2048 penetratas
402 2020 428 2042 et
443 2023 531 2042 arcem
550 2016 575 2042 in
592 2015 657 2050 jugo
672 2016 789 2050 positam
805 2021 923 2049 captam.
937 2014 1016 2041 Juxta

233 2061 312 2088 istaut
330 2062 492 2088 sententiam
508 2061 600 2096 rciingi
619 2062 698 2089 debet
713 2069 770 2088 mea
787 2061 974 2095 interpretatio
990 2061 1016 2087 in

234 2107 307 2132 hunc
323 2106 430 2133 modum
450 2115 456 2132 :
478 2106 560 2133 Ducu
577 2107 649 2133 illius
680 2106 775 2141 gentis,
797 2114 856 2132 cum
881 2105 964 2132 saltus
992 2111 1016 2132 et

229 2153 296 2187 jnga
314 2157 446 2187 prterupta
465 2152 533 2179 Cani
555 2153 651 2179 monti:
668 2153 754 2179 valide
774 2152 860 2179 adhuc
885 2152 1017 2178 custodita

1060 909 1244 937 conditionem
1256 908 1339 945 774
1349 909 1452 936 sororis
1467 916 1522 935 sua:
1534 907 1645 934 Joannat
1656 907 1747 941 (quam
1762 905 1853 933 cra-ci

1060 957 1166 984 Annam
1185 957 1366 990 vocaverunt)
1384 954 1540 982 Andronico
1563 951 1681 985 JuniOri,
1711 951 1853 978 Michaelis

1060 1004 1159 1038 saepius
1188 1003 1239 1030 hoc
1255 1009 1338 1036 opere
1355 1000 1495 1028 memorati
1516 999 1582 1031 tilio,
1601 999 1627 1025 in
1655 997 1762 1033 imperii
1788 1004 1854 1024 cou-

1061 1050 1175 1078 sortium
1188 1050 1284 1082 ascito,
1305 1047 1479 1080 collocandaz,
1496 1051 1576 1082 prout
1593 1045 1654 1072 fuso
1672 1049 1767 1072 narrat.
1779 1045 1854 1072 Can-

1062 1101 1228 1128 tacnzenus,
1244 1095 1264 1123 Ι.
1285 1103 1306 1126 ι.
1325 1102 1349 1121 c.
1364 1094 1409 1121 40.

1096 1140 1128 1168 Ρ.
1143 1141 1205 1168 6H.
1221 1140 1304 1167 Filius
1317 1140 1420 1167 Chalau
1433 1140 1550 1174 Apagas,
1568 1147 1621 1166 non
1633 1138 1718 1166 frater
1738 1140 1809 1167 erat.
1826 1141 1856 1164 ut

1062 1188 1184 1222 agnoscit
1201 1188 1257 1221 ipse
1272 1186 1462 1221 Pachymert-s.
1476 1186 1529 1213 vol.
1545 1186 1566 1216 l,
1583 1194 1608 1219 p.
1625 1185 1688 1216 175.
1706 1189 1733 1212 et
1757 1185 1783 1211 in
1802 1185 1854 1211 hac

1062 1234 1180 1261 secunda
1198 1238 1284 1266 parte,
1304 1240 1330 1266 p.
1347 1232 1412 1263 262,
1426 1233 1552 1265 idemque
1568 1236 1731 1259 attestantnr
1742 1238 1852 1257 summi

1063 1287 1197 1306 consensu
1224 1279 1347 1305 historici
1366 1279 1477 1305 Arabes.
1496 1277 1563 1305 Vide
1582 1278 1678 1305 libruut
1703 1285 1731 1303 ιιι
1757 1278 1855 1303 barum

1063 1325 1303 1356 Observationum,
1321 1332 1347 1351 c.
1375 1324 1400 1355 7,
1420 1332 1447 1351 ιι.
1478 1324 1521 1350 Ιίὶ.
1551 1324 1746 1357 lgnoscendum
1772 1323 1857 1357 igitur

1065 1372 1114 1398 hoc
1128 1371 1188 1398 loro
1203 1376 1244 1397 est
1260 1371 1429 1405 μνημονικὸν
1445 1371 1556 1404 σφάλμα
1576 1370 1748 1404 Paehymeri.

1099 1415 1130 1442 P.
1149 1415 1211 1443 620.
1231 1416 1350 1449 Μαρίαν-
1367 1415 1426 1449 τὴν
1441 1415 1610 1442 δέσποιναν
1637 1413 1697 1441 τῶν
1718 1416 1858 1448 Μουγου-

1064 1461 1141 1489 λίων
1166 1461 1411 1496 θρυλλουμένην.
1445 1460 1579 1488 Similiter
1600 1460 1713 1487 inferius
1729 1469 1755 1494 p.
1775 1460 1828 1487 637
1847 1469 1854 1486 τ

1066 1508 1226 1542 Αὑταδὲλφη
1249 1508 1295 1533 τοῦ
1315 1507 1449 1542 βασιλέως
1468 1507 1572 1542 Μαρία,
1591 1507 1638 1533 καὶ
1658 1507 1712 1532 τῶν
1725 1507 1854 1540 Μουγω-

1067 1554 1131 1581 λεων
1143 1554 1213 1581 obsto
1229 1562 1289 1586 πως
1301 1555 1430 1580 δέσποινα
1449 1553 1649 1587 ὀνομαζομένη.
1662 1553 1857 1587 Carmpantani

1068 1602 1218 1630 successori
1238 1602 1353 1629 Cazauis
1367 1607 1394 1628 et
1410 1609 1478 1628 novo
1495 1602 1561 1628 linni
1579 1601 1762 1628 Tocharorum
1776 1601 1858 1628 obtu-

1069 1649 1134 1675 lerat
1154 1649 1180 1675 iu
1207 1656 1334 1682 sponsam
1364 1648 1535 1675 Andronicus
1563 1649 1701 1682 Augustus
1733 1655 1856 1674 sororem

1068 1695 1203 1729 propriam
1221 1694 1345 1725 Mariam,
1361 1693 1403 1729 [Ρ.
1421 1693 1484 1728 559]
1499 1699 1524 1720 et
1543 1693 1589 1720 illo
1606 1699 1766 1727 acceptante
1782 1702 1858 1719 eam-

1067 1740 1128 1766 dem
1160 1747 1221 1767 cum
1245 1740 1319 1773 regio
1341 1740 1471 1767 comitatu
1498 1740 1613 1766 Nicaeam
1642 1740 1764 1767 miserat.
1783 1739 1858 1765 llauc

1067 1787 1104 1812 ait
1119 1786 1262 1813 historicus
1277 1787 1356 1820 vulgo
1368 1787 1450 1813 fuisse
1466 1787 1631 1813 nominatam
1645 1785 1784 1812 dominam
1800 1784 1858 1811 Μιμ

1067 1832 1212 1865 guliorum.
1225 1832 1270 1859 Sic
1283 1833 1355 1859 enim
1367 1832 1536 1867 Mognlenses
1549 1832 1684 1866 principes
1697 1832 1857 1864 primariun

1067 1886 1091 1906 et
1113 1887 1168 1913 pne
1183 1879 1288 1906 caeteris
1304 1879 1421 1906 nobilem
1441 1887 1551 1905 uxorem
1569 1878 1691 1905 solebant
1713 1886 1727 1903 a
1746 1878 1856 1904 caeteris

1068 1925 1234 1959 distinguere
1263 1926 1358 1952 addito
1383 1925 1407 1952 ei
1436 1926 1551 1951 dominre
1578 1925 1667 1951 tilnio.
1699 1924 1725 1950 ll
1753 1925 1856 1951 diserte

1069 1976 1185 1998 testatur
1199 1971 1431 2005 Abulpharagius,
1455 1979 1482 2005 ιι.
1503 1971 1556 1998 429
1576 1971 1618 1997 sui
1635 1970 1763 1998 Clironici
1786 1971 1856 1997 Am-

1068 2017 1128 2048 biri,
1145 2025 1228 2052 agens
1244 2017 1277 2044 de
1291 2017 1483 2052 Gingizchano
1509 2017 1596 2052 primo
1619 2018 1784 2051 imperatore
1799 2017 1856 2043 Mo-

1068 2063 1230 2096 gnlensium,
1248 2063 1328 2098 cujus
1354 2071 1466 2090 uxorem
1485 2062 1642 2096 primariam
1665 2068 1692 2089 et
1719 2063 1857 2090 nobilissi-

1069 2117 1159 2141 maur,
1182 2110 1290 2137 arabice
1306 2109 1339 2136 Αι
1361 2109 1478 2142 Chatun,
1509 2110 1559 2136 hoc
1579 2114 1619 2136 est
1642 2108 1778 2135 dominam
1808 2115 1856 2134 vo-

1068 2159 1168 2186 catam.
1186 2155 1296 2189 proprio
1312 2155 1421 2182 nomine
1438 2159 1619 2188 nuncupatam
1636 2153 1719 2180 fuisse
1735 2155 1770 2180 ait
1793 2153 1856 2180 Oui-

233 2204 334 2226 tznmre
351 2207 401 2225 nou
424 2199 561 2230 auderent,
591 2199 677 2226 varia:
704 2207 736 2225 eo:
760 2199 910 2225 abundante
939 2199 1017 2225 turba
1035 2200 1054 2227 ι)
1071 2201 1158 2227 suniin
1175 2201 1248 2235 Begi.
1266 2201 1400 2228 Similiter
1420 2201 1445 2227 in
1474 2200 1535 2228 aliis
1551 2207 1666 2234 quorum
1685 2200 1782 2226 ordine
1799 2207 1857 2225 mo-

233 2246 364 2279 couﬂalns
378 2253 471 2271 manus
490 2253 695 2280 quoquoversum
713 2246 868 2278 emi/lentes,
890 2251 943 2271 etc.
961 2245 1016 2272 Hoc

235 2294 356 2321 iudicare
373 2294 454 2325 volui,
470 2294 519 2320 etsi
533 2294 620 2320 adhuc
634 2293 747 2320 sentiam
762 2301 814 2319 non
828 2301 923 2320 carere
940 2293 1016 2326 pcni-

235 2346 279 2367 tns
295 2341 527 2367 rerisimilitmline
539 2348 619 2375 quam
633 2340 751 2374 expressi
767 2340 792 2366 in
810 2341 889 2366 editis
907 2345 1018 2367 senten-

235 2386 549 2414 ti:un.l'otucruutenim
564 2387 736 2420 Amogahari,
753 2394 786 2413 ne
798 2394 812 2412 a
825 2391 900 2419 tergo
917 2387 1017 2413 irrum-

233 2434 360 2468 prntibns
376 2434 540 2468 pra-sidariis
552 2434 621 2459 arcis
637 2432 703 2459 Guni
726 2434 905 2464 mederentur,
924 2437 1018 2458 custo-

234 2481 282 2507 rlcs
300 2481 364 2513 ipsis
379 2484 555 2514 augustarnm
574 2478 691 2505 fzmcinm
708 2487 723 2505 e
737 2479 793 2505 suis
809 2485 954 2513 opponere.

270 2525 301 2552 Ρ.
318 2525 379 2553 598.
403 2526 441 2552 Ex
458 2526 640 2552 monumentis
658 2524 839 2552 Gonnensium
858 2526 942 2552 habeo
971 2532 1018 2551 vo-

232 2578 324 2599 (‘atutn
338 2573 409 2599 hunc
423 2571 547 2606 Opirsinm
567 2571 717 2605 Spinolatn,
733 2573 894 2606 potentissiu
907 2581 949 2599 um
967 2574 1018 2600 du-

233 2628 292 2646 cem
320 2619 529 2650 Gibellinorum,
557 2626 685 2652 generum
710 2618 839 2653 principis
865 2619 1017 2647 Antiochirc

233 2664 261 2692 ﬁl
275 2665 281 2691 i
295 2664 456 2692 Fridericiil
468 2664 648 2698 imperatoris,
661 2669 686 2690 ιιι
701 2664 816 2691 allirmat
829 2664 1015 2696 Constantius.

232 2719 260 2739 ε.
279 2711 344 2744 ιὲέἲὸ,
357 2710 386 2738 in
404 2710 524 2738 hisloriis
542 2709 652 2738 Sit-ilia}.
683 2711 765 2738 Porro
789 2711 881 2738 anita
899 2716 964 2738 tom.
982 2712 1015 2743 11,

234 2764 260 2782 (ι.
278 2756 320 2788 i2.
339 2760 365 2782 et
379 2755 488 2787 Corius,
502 2763 527 2782 c.
545 2756 606 2789 165,
624 2757 697 2783 aiunt
719 2757 882 2792 i’alzcologos
898 2757 1018 2787 exrmisi-

234 2803 307 2829 tisse
325 2801 481 2829 allinitatcm
497 2810 558 2830 cutn
577 2803 655 2830 Inotlo
679 2809 828 2830 nmmoralo
840 2803 934 2836 Upicio
957 2804 1018 2837 Spi-

237 2849 311 2880 nola,
333 2855 362 2875 ut
389 2857 437 2883 per
470 2849 542 2876 illum
569 2849 716 2877 Gibclliuos
746 2850 796 2878 sibi
831 2849 1015 2884 adjnugcrcnt.

1073 2247 1150 2274 tninit
1164 2247 1374 2280 imperatoribus
1390 2247 1449 2281 ejus
1468 2246 1557 2281 gentis
1579 2246 1738 2280 plerumque
1755 2253 1857 2272 memn-

1072 2299 1112 2319 rat
1129 2294 1292 2327 pracipuam
1313 2293 1444 2326 cujusque
1461 2292 1618 2326 conjugem,
1632 2299 1740 2326 semper
1755 2291 1792 2318 illi
1811 2292 1856 2318 uni

1072 2341 1193 2367 tribuens
1207 2331 1311 2366 titulum
1330 2339 1436 2366 Chatun
1451 2339 1508 2365 sive
1525 2338 1669 2372 przeposito
1689 2338 1806 2364 articulo
1822 2339 1856 2364 ΑΙ

1072 2385 1196 2416 Cliatun;
1213 2392 1293 2419 quem
1312 2385 1420 2411 titulum
1446 2384 1591 2412 Eduardus
1605 2383 1768 2414 Pococltius.
1785 2383 1858 2410 Lati-

1073 2440 1123 2459 ltus
1140 2433 1199 2466 ejus
1213 2431 1339 2458 Chronici
1363 2431 1508 2466 interpres.
1524 2430 1591 2457 solet
1608 2430 1763 2463 exprimere
1780 2438 1858 2457 voca-

1072 2479 1136 2506 bulo
1149 2478 1270 2505 dominre.
1288 2478 1369 2505 Maria
1387 2478 1467 2511 igitur
1480 2477 1638 2511 Palmologa.
1657 2476 1695 2502 ιιιί
1709 2476 1766 2510 jam
1785 2484 1857 2503 nunc

1073 2525 1201 2558 primaria
1215 2532 1283 2551 uxor
1306 2524 1514 2557 Carmpantanis
1529 2522 1612 2550 Kanis
1631 2522 1824 2557 Mugttliorum,
1843 2531 1856 2549 τι

1072 2571 1129 2598 suis
1147 2571 1249 2598 Graecis
1277 2570 1383 2597 titulum
1398 2570 1502 2598 Chnton
1516 2570 1540 2596 ei
1556 2577 1570 2596 a
1593 2569 1793 2603 Mngulcnsibns
1811 2569 1858 2595 tri-

1072 2617 1165 2644 butum
1192 2625 1239 2645 Sua
1263 2617 1352 2652 lingua
1384 2618 1561 2644 reddentibus
1588 2616 1717 2642 δέσποινα
1750 2616 1857 2642 domina

1073 2663 1253 2699 Mugnliorum
1283 2663 1464 2695 vocitabalur,
1490 2667 1569 2697 prout
1595 2662 1636 2689 his
1660 2662 1767 2689 duobus
1793 2663 1857 2689 locis

1074 2710 1254 2746 Pachymeres
1269 2710 1395 2736 allirmat.

1110 2756 1140 2784 Ρ.
1156 2756 1219 2783 629.
1235 2756 1344 2792 Bizyam
1363 2754 1447 2782 nam
1466 2755 1492 2782 in
1515 2755 1721 2782 mediterraneis
1737 2753 1858 2780 Thracii:

1077 2805 1179 2830 dudum
1196 2803 1346 2829 docuerunt
1366 2802 1528 2829 Ptolomaeus
1543 2806 1570 2827 et
1586 2801 1752 2834 Stephanus.
1778 2799 1858 2825 ῐῐόὶιν

1079 2855 1167 2878 autem
1178 2848 1311 2882 catndcm,
1321 2856 1373 2875 non
1383 2847 1480 2883 κώμη-ι
1492 2846 1639 2879 exstitisse,
1650 2846 1793 2878 civitatem,
1807 2853 1856 2872 nou
