1954 3063
206 133 260 165 819

669 136 701 166 P.
721 134 871 165 POSSINI
891 134 1215 166 OBSERVATIONUM
1237 121 1373 166 LlB.IIL

1781 134 1837 168 820

208 190 313 217 telatnn
328 190 485 224 immisisse,
499 197 559 225 qua;
587 195 677 217 tamen
694 197 827 217 summam
846 188 883 216 iiii
899 190 996 217 dunta-
1013 191 1034 218 A
1049 189 1143 221 cendo,
1161 188 1194 224 [P
1210 189 1273 225 54η
1296 190 1402 217 abunde
1420 189 1562 217 universos
1578 197 1627 225 pro
1653 194 1727 218 recte
1748 197 1779 218 ac
1794 191 1834 218 vi-

209 240 253 262 χιιι
263 241 352 263 cutem
367 236 556 270 perstrinxerit
566 235 674 262 leviter.
686 235 713 262 ln
726 243 781 270 quo
794 234 933 262 dissimilis
945 234 996 262 fuit

208 280 299 308 exitus
321 281 463 316 utriusque
480 281 664 316 jaculationis.
688 281 754 308 Nam
774 282 832 308 haec
850 282 883 308 ab
909 281 996 308 Alano

209 327 266 361 rari
288 326 384 354 fraude
407 329 574 363 perﬁdiaque
589 332 723 355 attentata
749 336 830 364 grave
847 336 875 356 re
891 335 954 356 vera
969 332 996 355 et

209 373 376 407 profundum
389 375 486 401 vulnus
502 375 529 401 in
547 375 641 402 Raulis
658 375 746 410 magni
764 375 906 402 domestici
924 374 994 401 vita-

208 420 244 446 lia
267 422 388 454 pertulit,
410 429 464 456 quo
481 427 605 456 spectant
635 422 679 448 illa
707 423 791 449 nostri
814 422 895 449 verba
912 421 996 456 ὀϊστῷ

210 466 313 501 βάλλει,
330 467 378 493 καὶ
395 468 516 503 καιρίαν,
529 468 559 494 οὺ
573 468 634 494 κατ’
652 469 755 495 ἐκεῖνον
770 468 877 503 (nempe
891 467 998 496 Panda—

213 513 284 547 rum)
301 513 408 548 πληγὴν
421 514 513 540 δίδωσι
527 522 534 542 ;
549 516 581 541 de
596 513 712 541 Pandari
728 514 800 542 enim
817 515 871 542 telo
886 514 926 542 sic
942 514 996 542 Ho-

214 566 304 585 merus
324 559 419 585 scribit

215 603 396 637 Ἀκρότατον
412 604 440 631 δ’
452 606 497 640 ἄρ’
512 606 614 639 dio-rdq-
628 606 781 644 ἐπέγραψε
795 607 871 642 χρόα
886 607 994 642 φωτός.

211 649 346 677 Summam
355 652 531 686 extimamque
542 653 639 688 sagitta
650 654 828 687 superscripsit
840 658 923 680 cutem
934 654 994 681 viri.

211 697 288 723 Itauli
305 703 396 724 autem
408 698 511 727 Alanus
525 699 653 735 καιρίαν,
670 700 719 727 hoc
733 705 775 727 est
791 700 872 728 altam
887 705 913 728 et
928 701 996 735 peri-

211 742 343 774 culosam,
357 743 379 770 si
393 751 447 770 non
468 744 548 771 etiam
565 744 682 778 letalem,
698 745 785 772 inﬁin
802 746 917 780 plagam.

248 788 290 825 |P.
304 789 367 826 5‘25]
384 791 413 818 P.
428 790 490 818 59.5.
507 791 569 818 Haec
582 792 695 826 digitum
710 793 852 820 intendunt
869 793 894 820 iu
910 792 996 827 Odyso

208 835 280 863 nam
309 846 339 872 μ,
355 837 399 864 ubi
414 837 498 865 refert
523 843 600 872 poeta
618 839 716 865 vidisse
731 838 855 874 Ulyssem
874 845 965 871 raptos
979 846 993 864 a
1009 858 1032 887 Β

209 885 298 919 Scylla
316 885 433 920 discerpi
449 893 481 912 ac
494 885 583 912 vorari
602 892 649 912 sex
668 891 684 912 e
702 885 759 912 suis
778 885 872 918 sociis,
887 891 994 911 summo

208 931 302 958 dolore
319 938 379 964 suo,
404 931 474 966 quod
495 930 530 958 iis
548 930 677 965 opitulari
695 930 768 958 nullo
785 936 866 965 pacto
890 936 992 966 posset.

208 976 284 1004 Unde
301 977 338 1003 ait
354 985 361 1004 :

210 1023 370 1058 Οἴκτιστον
382 1023 421 1056 δὴ
437 1023 520 1050 κεῖνο
545 1023 629 1058 ἐμοῖς
650 1024 717 1050 war
741 1023 922 1058 ὀφθαλμοῖσι

207 1057 334 1085 Πάντων
349 1058 418 1085 ὅσσ¹
431 1057 578 1093 epuli-nati,
590 1060 702 1093 πόρους
718 1057 789 1091 asa;
807 1058 992 1093 ἐξερεείνων.

206 1103 265 1131 Non
289 1105 374 1138 potuit
389 1110 478 1132 autem
495 1109 588 1132 noster
601 1104 696 1139 aptiori
713 1104 830 1139 imagine
848 1112 994 1140 repra-seu-

209 1156 267 1178 tare
285 1152 434 1179 cordolium
453 1151 639 1179 Romanorum
664 1159 729 1179 suos
755 1153 829 1179 cives
849 1152 875 1178 in
893 1153 959 1178 mari
978 1160 992 1179 a

207 1197 315 1231 piratis-
333 1197 450 1224 cruciari
468 1205 482 1224 e
497 1197 586 1224 littore
602 1198 785 1233 spectantium
804 1198 863 1226 sine
884 1198 936 1225 ulla
955 1199 993 1225 fa-

207 1243 309 1270 cultate
328 1245 517 1273 succurrendi.

244 1289 274 1316 Ρ.
290 1289 352 1317 59η.
376 1289 469 1317 Fuerit
490 1291 546 1318 haec
561 1290 708 1327 Thymama
734 1291 808 1323 urbs,
824 1298 906 1325 qttam
927 1291 990 1318 Pto-

207 1335 320 1363 lemzeus
336 1337 361 1363 in
378 1336 482 1364 Galatia
500 1337 617 1365 collocat
630 1345 637 1370 ;
651 1337 728 1372 cujus
743 1343 770 1365 et
785 1338 917 1366 Arrianus
935 1347 990 1365 tne-

208 1383 284 1409 tuinit
302 1382 327 1408 itt
351 1382 466 1417 Pcriplo.
481 1383 532 1410 Alii
550 1383 742 1411 Teuthrauiam
763 1384 911 1418 appellant.

242 1428 273 1456 Ρ.
291 1429 353 1457 558.
366 1430 507 1464 Stnuptutn
531 1438 564 1457 ex
580 1431 657 1458 lliad.
672 1439 697 1464 t-:,
713 1438 738 1457 ν.
757 1431 810 1458 M9
824 1441 831 1458 :

202 1475 300 1509 Δὺῖὰρ
307 1475 327 1512 ᾗ
340 1475 365 1512 γ’
375 1475 503 1503 εἴδωλον
513 1476 594 1509 τεῦξ’
603 1477 806 1512 ἀργυρότοξος
826 1479 988 1511 Ἀπόλλων,

238 1510 322 1543 Αὐτῷ
335 1511 360 1537 τ’
375 1512 477 1545 Atra-[ct
502 1510 625 1545 ἴκελον(
643 1510 692 1539 ita)
716 1510 842 1547 τεύχεσι
857 1514 952 1541 τοῖον.

242 1567 321 1602 Ἶθι
343 1567 421 1596 Unde
438 1569 564 1604 Virgilius
578 1570 687 1598 [EneltL
707 1571 761 1598 10:

245 1623 310 1650 Tum
321 1625 369 1652 dea
387 1626 452 1652 nube
464 1634 526 1652 cava
544 1633 646 1653 tenuem
663 1628 718 1654 sine
732 1628 829 1654 viribus
844 1627 963 1654 umbram

242 1659 274 1696 in
293 1659 389 1696 faciem
405 1660 510 1692 xEnew.
525 1662 581 1688 usu
598 1663 718 1689 mirabile
733 1669 891 1696 monstrum,

242 1695 389 1722 Dardaniis
400 1702 477 1722 ornat
488 1697 558 1723 telis.

242 1751 271 1778 Ρ.
287 1752 350 1779 550.
367 1752 432 1786 Quae
447 1753 492 1781 hic
512 1753 630 1781 citantur
659 1762 692 1782 ex
717 1754 818 1782 Ethicis
839 1755 868 1783 S.
883 1756 987 1790 Basilii,

206 1797 277 1824 ittter
304 1805 335 1825 ea
357 1806 419 1833 quae
439 1799 490 1827 hoc
507 1800 616 1827 nomine
638 1800 764 1835 leguntur
784 1801 809 1828 ltt
829 1802 988 1829 collectione

205 1843 276 1870 edita
286 1851 396 1878 operum
407 1844 465 1879 eius
480 1844 508 1873 S.
523 1845 553 1873 P.
570 1854 620 1873 non
634 1846 732 1881 reperi.
745 1846 772 1874 lu
782 1847 862 1882 epist.
877 1849 909 1875 ad
922 1848 988 1875 Atu-

206 1890 384 1923 philochinm,
399 1899 461 1919 can.
483 1893 525 1925 lo,
543 1900 569 1928 p.
588 1893 640 1920 764
657 1894 700 1921 ed.
717 1893 819 1926 Paris..
843 1902 888 1922 an.
908 1895 987 1927 1618,

205 1937 327 1970 qmcdam
340 1938 536 1973 dejuratnento
547 1938 691 1973 habentur,
702 1947 716 1967 a
731 1947 811 1968 causa
826 1945 852 1968 et
867 1948 932 1968 casu
945 1941 988 1968 hic

204 1991 219 2010 a
245 1983 412 2019 Pachymere
438 1989 555 2013 tractato
586 1994 638 2013 non
662 1987 773 2014 omnino
798 1987 986 2014 abhorrentia.

240 2030 343 2058 P.356.
362 2031 434 2059 Vitio
456 2033 572 2060 vertitur
594 2033 721 2067 episcopo
746 2033 985 2067 Marmaritziensi,

201 2078 270 2112 quod
289 2076 383 2104 multos
399 2077 479 2104 simul
494 2078 630 2105 ordinaret
657 2079 774 2112 ejusdem
797 2079 825 2106 in
840 2079 987 2106 sacerdotio

201 2123 301 2149 ordinis
320 2130 374 2149 una
396 2130 471 2149 sacra
489 2123 633 2157 (unctione.
652 2122 710 2150 lloc
723 2127 775 2155 est,
791 2123 898 2157 opinor,
914 2123 986 2160 quod

200 2176 282 2194 causa
308 2169 461 2202 compendii
487 2169 513 2195 itt
534 2169 763 2200 ordinationibus,
782 2177 861 2204 quas,
880 2174 907 2195 ιιι
924 2174 986 2196 ante

1049 234 1122 262 rititn
1136 235 1252 262 initiatis
1268 236 1406 263 habuisse.

1083 280 1152 308 lbid.
1169 280 1297 314 Quaenam
1311 282 1348 308 sit
1360 282 1401 309 his
1414 282 1504 309 verbis
1518 286 1666 309 memorata
1681 289 1777 316 magna
1788 289 1837 316 sy-

1047 327 1145 359 nodus,
1157 333 1216 362 post
1226 335 1306 362 quam
1317 328 1430 363 episcopi
1443 328 1568 363 defecisse
1581 327 1706 355 dicantur
1719 328 1745 354 in
1758 327 1837 355 Occi-

1047 372 1134 405 dente,
1156 374 1206 400 hoc
1222 379 1276 406 est,
1292 381 1351 400 esse
1378 373 1493 401 desiisse
1517 372 1631 408 legitimi
1654 373 1835 400 ecclesiarum

1048 418 1178 454 praesules
1210 426 1281 446 verm
1307 419 1488 447 ordinationis
1511 419 1675 446 charactere
1699 418 1836 453 insigniti,

1047 467 1131 501 qumri
1152 475 1204 493 non
1224 467 1360 494 immerito
1384 471 1482 502 potest.
1504 466 1566 494 Mihi
1585 474 1637 494 non
1655 466 1763 494 videtur
1784 467 1836 494 du-

1048 513 1119 540 bium
1134 514 1197 549 quin
1218 514 1261 541 hic
1276 519 1372 548 agatur
1388 515 1421 541 de
1435 513 1538 548 synodo
1562 513 1732 540 oecnmenica
1752 512 1769 540 8
1789 520 1837 540 es-

1047 559 1162 594 detnque
1174 559 1478 594 COIISlallllIIOpOlHﬂna
1493 559 1520 591 4,
1537 562 1564 586 et
1581 563 1701 594 tempore
1715 563 1739 585 et
1751 566 1835 585 causa

1046 605 1134 634 Photii
1147 606 1294 637 celebrata,
1316 606 1433 633 maxime
1450 613 1532 640 super
1547 605 1741 633 controversiis
1756 604 1838 639 lgna-

1048 654 1114 680 tiutn
1131 654 1203 680 inter
1215 659 1240 680 et
1254 652 1394 680 Photium.
1410 652 1475 680 Post
1493 653 1565 680 hanc
1579 660 1642 680 cunt
1654 652 1796 680 fraudibus
1809 657 1838 680 et

1047 699 1195 726 mendaciis
1206 699 1263 726 suis
1276 698 1389 726 Photius
1401 700 1436 726 ita
1449 699 1558 726 Graecos
1568 706 1581 724 a
1597 698 1701 725 Latinis
1716 698 1838 725 alienas-

1047 749 1097 775 set.
1114 749 1142 771 ut
1155 752 1291 779 nunquam
1308 744 1434 779 deinceps
1450 745 1518 772 bona
1530 743 1583 771 ﬁde
1595 745 1720 771 universa
1733 743 1836 771 Orien-

1049 790 1109 817 talis
1122 789 1241 818 Ecclesia
1252 798 1312 817 cum
1325 790 1491 818 Occitleulali
1505 790 1686 821 consenserit,
1695 791 1837 817 desierunt

1047 837 1216 864 (Ecumenica
1229 837 1345 864 concilia
1360 836 1386 863 in
1399 835 1510 863 Oriente
1525 836 1669 869 celebrari,
1684 837 1756 863 unde
1770 837 1836 863 ulti-

1050 892 1091 910 nta
1107 883 1156 910 fuit
1171 889 1264 910 octava
1281 883 1350 911 inter
1368 891 1415 912 eus
1432 893 1491 918 qua:
1506 885 1625 920 synodus
1641 885 1666 911 in
1684 883 1836 911 Orientalis

1047 930 1154 965 imperii
1177 930 1319 958 celebratae
1337 931 1439 958 tlitione
1463 931 1489 958 in
1503 939 1646 958 comtnutte
1661 931 1836 958 consulentes

1047 977 1174 1004 concordi
1190 984 1302 1004 assensu
1314 977 1424 1005 Graecos
1439 977 1541 1012 pariter
1561 982 1587 1004 et
1606 976 1719 1004 Latinos
1732 977 1838 1004 habue-

1047 1031 1086 1049 re.
1101 1022 1251 1050 Finxerunt
1266 1028 1356 1050 autent
1371 1023 1456 1051 Graeci
1469 1024 1648 1056 schismatici,
1666 1024 1737 1058 quod
1750 1023 1836 1051 refert

1047 1069 1097 1096 hoc
1108 1068 1168 1097 loco
1182 1069 1356 1097 Andronicus
1373 1070 1575 1097 addictisslmus
1589 1070 1729 1098 schismati
1747 1074 1774 1098 et
1791 1069 1834 1096 itt-

1046 1115 1216 1143 l'ensissitnus
1234 1115 1362 1143 Ecclesiae
1373 1116 1513 1149 Romana),
1528 1124 1559 1144 ex
1577 1116 1622 1144 illo
1641 1120 1766 1151 tempore
1779 1124 1834 1152 quo

1045 1162 1111 1190 vixit
1121 1161 1234 1189 letius
1246 1167 1326 1190 etest
1341 1164 1460 1198 synodus
1473 1163 1639 1190 aecumenica
1655 1167 1750 1189 octava
1763 1162 1835 1190 cele-

1043 1207 1131 1240 brata,
1153 1207 1265 1235 desiisse
1291 1208 1316 1235 in
1345 1207 1492 1236 Occidente
1518 1216 1608 1235 v--ram
1641 1208 1830 1243 episcoporum

1043 1253 1254 1280 successionem.
1273 1253 1310 1280 De
1333 1253 1448 1281 conﬁcta
1465 1254 1498 1280 ab
1517 1254 1665 1287 impostorc
1686 1252 1831 1279 notissimo

1042 1301 1150 1333 Photio,
1175 1307 1199 1328 et
1219 1309 1233 1328 a
1257 1301 1396 1329 Photianis
1420 1301 1521 1336 iactata
1548 1300 1662 1335 synodo,
1678 1307 1758 1334 quam
1784 1299 1828 1327 isti

1043 1347 1151 1375 nomine
1167 1352 1269 1374 octava:
1282 1347 1432 1379 venditant,
1443 1347 1504 1374 vide
1521 1353 1588 1379 opus
1599 1350 1663 1373 ante
1675 1346 1726 1373 hos
1741 1353 1830 1373 annos
1847 1352 1849 1354 ‘

1042 1402 1087 1421 sex
1106 1393 1150 1420 hic
1167 1392 1258 1420 Romae
1269 1393 1370 1420 editum
1391 1392 1424 1419 ab
1437 1392 1476 1420 lll.
1492 1392 1583 1420 Leone
1599 1391 1708 1425 Allatio,
1724 1391 1775 1419 hoc
1794 1392 1827 1419 ti-

1043 1439 1097 1467 tulo
1112 1446 1119 1465 ε
1139 1439 1175 1465 De
1190 1443 1282 1465 octava
1299 1439 1398 1473 synodo
1416 1438 1557 1465 Photiana.

1076 1484 1156 1519 762
1169 1483 1199 1511 P.
1216 1484 1280 1511 574.
1294 1484 1314 1510 Ε
1327 1486 1436 1518 regione
1452 1484 1547 1510 horum
1561 1484 1704 1511 verborum
1717 1491 1725 1510 :
1748 1483 1828 1517 Ἐμοὶ

1004 1542 1026 1572 c
1044 1530 1105 1566 μὲν,
1117 1531 1223 1564 ἔλεγεν,
1240 1530 1270 1556 ἓν
1284 1531 1444 1564 ἀναγκαῖον,
1455 1535 1520 1563 etc.,
1538 1530 1635 1565 quibus
1652 1529 1827 1557 Andronicus

1042 1577 1183 1612 magniﬁce
1194 1576 1279 1610 jactat
1293 1584 1372 1603 unum
1387 1577 1437 1603 sibi
1455 1577 1538 1603 videri
1551 1577 1737 1608 necessarium,
1755 1584 1829 1602 esse-

1040 1629 1088 1657 que
1103 1621 1171 1648 idem
1183 1622 1235 1648 vita
1249 1627 1272 1648 et
1287 1622 1381 1655 spiritu
1394 1622 1509 1654 charius,
1521 1621 1581 1655 ﬁeri
1592 1621 1661 1655 quod
1674 1621 1743 1648 Deus
1758 1621 1827 1652 vult,

1040 1668 1139 1704 legitur
1153 1670 1179 1695 in
1196 1668 1344 1695 Barberiuo
1359 1668 1453 1696 codice
1469 1669 1624 1696 adnotatum
1643 1669 1667 1695 in
1687 1668 1828 1701 margine:

1046 1714 1127 1748 Ἀλλ’,
1143 1711 1165 1741 ὧ
1183 1715 1319 1750 βέλτιστε,
1339 1714 1396 1742 αἵδε
1412 1715 1507 1749 συχναὶ
1523 1714 1621 1750 ζημίαι
1637 1715 1687 1741 οὐκ
1714 1713 1747 1741 ἂν
1771 1712 1829 1740 εἷεν

1039 1761 1106 1788 Θεοῦ
1125 1762 1245 1798 θέλημα.
1263 1762 1351 1796 Atqui,
1370 1770 1384 1789 ο
1400 1762 1506 1796 optime,
1522 1763 1621 1789 damna
1635 1767 1658 1788 et
1673 1761 1827 1795 infestatio-

1039 1816 1084 1834 nes
1105 1808 1145 1835 lue
1165 1810 1263 1836 crebra,-
1292 1818 1342 1836 non
1372 1811 1462 1846 utique
1493 1811 1591 1845 fuerint
1621 1810 1740 1837 uoluntas
1766 1810 1825 1837 Dei.

1040 1853 1134 1882 Manus
1146 1863 1226 1890 porro
1237 1863 1288 1890 qua
1307 1856 1364 1884 hate
1375 1857 1455 1884 verba
1471 1857 1570 1891 scripta
1584 1861 1722 1890 sunt,non
1735 1856 1827 1883 minus

1039 1900 1147 1927 videtur
1164 1901 1276 1935 antiqua
1296 1909 1376 1934 quam
1396 1902 1454 1937 ipse
1472 1907 1634 1931 contextus:
1651 1902 1730 1935 cujus
1749 1902 1824 1929 seri-

1039 1949 1128 1979 plura,
1142 1951 1170 1972 ut
1186 1946 1251 1974 alias
1265 1947 1419 1980 observavi,
1435 1956 1486 1974 non
1501 1948 1635 1976 itnmerito
1646 1948 1719 1975 credi
1736 1953 1827 1982 potest

1038 1990 1151 2023 :equalis
1165 1992 1235 2018 :etati
1251 1991 1438 2026 Pachymeris.
1455 1992 1549 2026 itaque
1569 1999 1621 2018 non
1639 1991 1826 2018 inverisimili-

1041 2042 1081 2064 ter
1094 2037 1154 2071 quis
1169 2038 1294 2072 opinetur
1315 2039 1383 2065 hanc
1406 2038 1557 2065 censoriam
1586 2038 1619 2065 ad
1642 2037 1715 2065 hunc
1734 2037 1823 2064 locum

1039 2088 1129 2109 notam
1158 2083 1241 2110 fuisse
1257 2085 1406 2118 appositam
1432 2083 1466 2110 ab
1489 2084 1580 2118 aliquo
1599 2091 1693 2111 eorum
1709 2084 1826 2111 clerico-

1038 2136 1110 2160 rum,
1126 2136 1194 2163 quos
1222 2137 1274 2156 non
1302 2137 1364 2156 raro
1384 2129 1511 2164 deinceps
1529 2130 1676 2157 historicus
1691 2134 1827 2157 memorat

1039 2174 1097 2201 dira
1126 2182 1270 2209 perpessos
1293 2175 1327 2202 ab
1355 2174 1505 2202 Athanasio
1534 2180 1595 2210 post
1621 2176 1823 2203 restitutionem

202 2213 350 2240 historicus
364 2213 503 2245 retulerat,
516 2214 628 2248 pecunia
646 2215 782 2246 venderet,
799 2215 875 2242 unica
896 2215 984 2249 impo-

1051 2229 1065 2247 Il
1093 2221 1231 2253 thronum,
1256 2229 1335 2257 quam
1361 2230 1431 2249 nunc
1455 2223 1636 2250 cummaxime
1663 2223 1826 2250 moliebatur

201 2259 302 2285 sitione
320 2266 447 2285 manuum
468 2259 566 2286 multos
577 2259 656 2286 simul
674 2260 802 2292 initiaret,
826 2269 919 2288 errore
944 2261 987 2288 in~

201 2304 335 2331 tolerabili
363 2305 524 2332 existimans
544 2305 612 2332 nihil
629 2313 690 2333 esse
711 2314 823 2334 necesse
840 2308 985 2340 unicuique

200 2350 340 2384 sigillatim
368 2350 448 2377 ritum
477 2350 552 2377 illum
579 2358 687 2378 sacrum
707 2352 847 2386 adhibere,
869 2353 942 2387 quod
960 2353 985 2380 ei

201 2396 340 2424 festinanti
357 2396 425 2424 lucri
444 2396 591 2424 Simoniaei
608 2397 706 2431 gratia,
723 2397 750 2424 in
766 2405 845 2432 quant
861 2399 985 2432 plurimis

201 2450 280 2477 quant
308 2443 470 2470 brevissimo
495 2448 616 2477 tempore
636 2444 805 2477 ordinandis,
825 2445 852 2472 id
867 2453 986 2472 commo-

201 2490 264 2514 dum
285 2488 433 2520 videretur,
452 2496 545 2523 parum
568 2491 642 2522 pensi
660 2490 762 2517 habens
783 2495 938 2525 quaestuosa
956 2499 986 2519 se

201 2535 306 2569 illigare
321 2535 475 2570 sacrilegio.
496 2535 565 2570 Ergo
583 2536 716 2570 ἱερωσύνη
740 2537 917 2564 sacerdotium
935 2537 986 2565 hoc

203 2581 263 2608 ioco
278 2581 427 2615 generatim
443 2581 553 2608 ordinas
572 2583 691 2617 majores
710 2583 822 2615 indicat,
840 2588 903 2618 puta
927 2584 985 2611 dia-

202 2633 330 2655 conatum
357 2633 383 2654 et
402 2628 630 2663 presbyleratutn,
651 2633 676 2655 et
703 2636 765 2655 eum
794 2630 891 2656 multos
920 2630 986 2657 dicit

200 2675 319 2709 ejusdem
349 2674 449 2701 ordinis
479 2674 558 2700 unica
585 2682 663 2701 sacra
686 2675 842 2702 ca-remonia
863 2677 912 2710 μιᾷ
940 2684 985 2702 τερ

202 2722 265 2756 λετῇ
284 2720 435 2753 ordinasse,
451 2719 586 2755 signiﬁcat
601 2721 691 2755 plures
704 2721 874 2754 diaconatus,
894 2723 985 2758 plures

201 2770 283 2796 etiam
305 2769 507 2803 presbyteratus
530 2768 669 2802 petitores,
691 2777 743 2795 non
771 2769 885 2803 singulis
907 2770 986 2796 adhi-

198 2816 287 2842 bendo
298 2823 406 2844 sacrum
423 2815 516 2847 ritum,
527 2815 573 2841 sed
585 2815 630 2842 uni
646 2823 694 2850 pro
713 2817 830 2849 cunctis,
846 2821 985 2850 autsuper

202 2872 294 2890 unum
321 2863 345 2890 iu
368 2870 511 2890 commune
527 2863 715 2889 caeremoniotu
736 2863 881 2897 legitimam
905 2870 985 2889 ear-r-

1039 2267 1197 2301 imperator.

1073 2312 1104 2339 P.
1117 2313 1181 2340 5S9.
1201 2313 1390 2348 ῈπΙρῤητον.
1403 2314 1555 2349 Aliquando
1567 2315 1724 2348 suspicabar
1734 2315 1825 2350 legen-

1038 2358 1100 2384 dum
1122 2358 1272 2393 ἐπάρατον.
1297 2358 1348 2386 Sed
1370 2364 1463 2386 contra
1488 2364 1542 2386 stat
1567 2367 1717 2386 consensus
1745 2361 1822 2387 codi-

1037 2410 1111 2430 cum.
1134 2403 1190 2430 Ncc
1209 2411 1272 2431 vero
1287 2409 1328 2430 est
1345 2411 1455 2431 necesse
1475 2413 1482 2431 :
1501 2412 1562 2430 nam
1585 2411 1610 2431 et
1623 2404 1773 2440 ὲπιῤῥητον
1789 2405 1821 2431 ad

1039 2449 1261 2481 vituperationem
1274 2455 1300 2476 et
1309 2449 1506 2477 exsecrationis
1518 2450 1744 2485 signiﬁcationem
1756 2458 1822 2478 con-

1039 2494 1134 2520 fertur.
1163 2493 1238 2524 Unde
1261 2494 1419 2522 Eustathius
1441 2496 1474 2522 ad
1499 2495 1580 2522 Iliad.
1605 2504 1623 2528 ι,
1649 2504 1675 2530 p.
1702 2496 1753 2522 756
1777 2497 1822 2523 ed.

1038 2539 1117 2567 Rom.
1144 2540 1174 2566 τὸ
1193 2541 1342 2576 enipeum;
1366 2542 1477 2576 exponit
1505 2542 1706 2577 καταρῤήσεως
1734 2541 1821 2575 ἄξιος,

1038 2586 1184 2613 maledictis
1194 2587 1299 2621 dignus.

1072 2632 1140 2660 lhid.
1166 2633 1241 2661 Nove
1263 2634 1307 2661 hic
1326 2634 1508 2668 Pachymeres
1540 2631 1821 2666 Panici‘adjunctum,

1037 2679 1109 2713 quod
1137 2679 1216 2713 vulgo
1239 2680 1337 2706 terrori
1363 2679 1528 2714 lymphatico
1551 2686 1582 2704 ac
1605 2677 1821 2704 consternuioni

1038 2725 1134 2752 subita:
1150 2725 1231 2752 tribui
1248 2725 1329 2758 solet,
1341 2726 1437 2752 audaci
1455 2732 1538 2759 supra
1558 2723 1667 2751 modum
1683 2727 1711 2750 et
1729 2722 1754 2750 vi
1767 2731 1830 2753 ina--

1035 2772 1095 2805 jore
1123 2771 1269 2805 nﬁlatuque
1298 2771 1370 2797 velttt
1395 2770 1514 2798 numinis
1545 2769 1682 2796 concitato
1708 2768 1820 2802 intpetui

1039 2816 1156 2850 adoptat.
1181 2816 1234 2843 Sed
1258 2816 1387 2850 proclivis
1409 2821 1449 2843 est
1479 2815 1610 2842 transitus
1637 2814 1671 2840 ab
1684 2814 1772 2840 activo
1786 2815 1819 2840 ad

1039 2863 1184 2896 passivum.
1204 2862 1336 2890 Furentcs
1352 2863 1476 2890 videlicet
1493 2867 1590 2894 motus,
1603 2869 1670 2896 quos
1683 2860 1737 2887 Pan
1754 2861 1817 2892 dux,
