1954 3063
128 111 188 142 8'21

899 113 1020 143 NOTJC.

1713 109 1768 141 822

134 175 172 196 ut
185 169 283 197 fabula:
307 171 393 202 aiunt,
411 170 436 197 in
456 170 575 199 exercitu
591 169 621 205 [Ρ
639 169 704 205 518]
720 168 817 196 Bacchi
831 169 857 196 in
871 170 929 196 suis
945 172 964 198 Α
981 169 1025 196 illa
1047 169 1195 196 Cathcrina
1221 169 1318 196 deinde
1335 169 1425 203 nupsit
1445 169 1543 196 Carolo
1558 168 1674 203 Philippi
1700 177 1746 203 reg
1758 176 1774 196 ς

136 215 277 242 militibus
304 215 405 246 ciebat.
424 215 496 242 unde
516 215 552 241 illi
578 215 603 242 in
625 215 788 250 improvisos
805 219 830 240 et
850 213 930 242 vehe-

136 262 330 290 mentissimos
347 261 462 289 insultus
475 261 664 295 erumpebant,
677 266 777 288 metum
794 261 930 294 trepidum

137 308 170 334 in
192 308 226 335 iis
239 315 306 341 quos
322 311 446 342 peterent
468 309 606 335 creabant.
626 307 683 334 Nisi
709 307 782 334 forte
803 307 833 334 τὺ
851 315 932 334 πανι-

138 353 192 380 κόν
207 354 356 388 generatim
378 361 486 380 causam
502 353 670 387 superiorem
688 353 867 380 humanarum
882 361 930 380 cu-

134 399 296 433 juscunque
308 399 414 433 generis
430 398 663 433 perturbationum
678 398 788 426 indicat.
808 402 836 426 ut
853 405 931 432 aeque

139 446 227 472 timor
238 446 392 477 claudat-ia,
402 445 423 472 si
437 452 490 472 non
501 449 662 479 spontauea,
674 444 721 472 sed
737 443 762 471 vi
775 443 865 470 divina
881 443 931 472 im-

138 499 237 526 pressa
255 491 366 522 fuerint,
379 491 484 517 πανικά
501 491 637 518 dicamur.

179 537 211 564 P.
226 537 288 564 395.
306 537 353 564 Ilic
367 545 447 572 quem
461 537 639 572 Pacbymeres
654 536 829 564 Rontzerittm
844 537 930 564 nomi-

140 589 200 616 nat,
219 591 274 610 non
289 584 397 611 videtur
408 591 468 611 esse
481 591 559 618 posse
572 584 641 610 alius
654 591 668 610 a
685 583 801 617 Itogerio
816 582 926 615 Lauria,

138 630 174 655 tle
189 636 243 663 quo
267 629 350 655 multa
366 629 433 657 satis
448 628 587 663 splendida
616 634 709 655 narrat
735 628 855 656 Thomas
875 627 927 655 Fa-

137 674 226 701 zcllus
252 674 279 701 in
301 682 382 710 opere
404 676 436 702 de
457 675 533 702 rebus
549 674 658 707 Siculis,
674 675 692 702 Ι.
706 683 744 706 tx,
767 674 927 709 posterioris

137 721 263 748 decadis.

177 767 243 794 Ibid.
262 767 359 797 Merito
375 774 434 801 qua:
446 766 576 801 deinceps
590 767 675 794 refert
698 767 731 794 de
747 766 864 803 Itogerio
879 768 928 795 Pa-

134 814 283 848 chymeres
307 813 400 840 habuit
423 814 480 846 ipse
495 818 631 847 suspecta,
644 817 827 849 praestareque
846 814 924 841 fidetn

135 860 248 886 illorum
263 860 360 888 noluit.
374 859 494 886 Fuerunt
516 860 598 891 enim,
623 863 756 893 quantum
783 867 798 886 e
821 860 924 888 Latinis

136 906 324 933 monumentis
337 905 443 932 illorum
453 908 605 940 temporum
619 910 708 940 potest
721 905 844 941 intelligi,
858 907 924 934 falsa

135 953 280 986 pleraque,
300 960 314 978 a
330 951 432 979 Crmcis
448 952 571 978 videlicet
592 952 655 979 odio
672 951 696 978 in
713 952 858 987 Rogcrium
876 961 925 981 suo

136 998 342 1033 itnlulgentibus
360 998 487 1028 conﬁcta.
505 1003 579 1031 puta,
597 998 670 1025 illum
685 998 767 1027 fuisse
782 999 894 1027 militem
908 1007 924 1028 e

135 1044 265 1078 religio-.0
280 1044 406 1071 sodalitio
417 1044 645 1078 Tctnpluriorunt.
662 1044 763 1073 Deinde
777 1046 849 1074 illius
864 1046 925 1074 reli-

132 1089 225 1125 gonis
241 1090 331 1116 habitu
348 1089 449 1124 rejecto
476 1097 506 1116 ae
529 1090 699 1124 professione
727 1091 808 1125 impie
832 1097 922 1125 spreta

132 1135 278 1168 piraticam
293 1134 401 1167 fecisse,
416 1135 478 1162 inde
493 1142 605 1162 exosum
623 1134 745 1164 Romano
759 1137 881 1171 pontifici
896 1142 923 1165 et

131 1182 171 1208 ah
183 1189 218 1208 eo
242 1181 274 1208 ad
289 1188 384 1215 poenas
409 1182 530 1216 petitum,
548 1186 576 1208 et
601 1181 720 1215 similia;
742 1190 855 1217 quormn
874 1192 923 1211 nec

131 1229 194 1254 vola
214 1235 264 1255 nec
278 1228 418 1262 vestigium
439 1228 464 1254 in
481 1227 540 1262 ejus
556 1228 634 1255 rebus
646 1229 753 1263 prolixe
771 1237 784 1256 a
801 1230 922 1263 pluribus

133 1274 260 1300 tractatis
285 1279 407 1308 apparet.
432 1273 489 1300 Imo
514 1274 666 1302 invenimus
687 1274 792 1303 litteras
817 1275 881 1303 huic
905 1284 920 1303 a

131 1318 258 1346 Romano
283 1319 409 1352 pontifice
433 1319 645 1352 perhonorificas
667 1320 794 1354 scriptas.
821 1320 920 1350 Petrus

129 1365 353 1392 tt‘Oultremanus
370 1370 470 1398 noster,
483 1366 508 1393 iu
531 1365 600 1394 libro
618 1365 749 1400 singulari
766 1367 798 1394 de
813 1368 919 1396 excidio

127 1411 301 1444 Grzrcorum,
318 1412 356 1439 ait
366 1413 437 1440 httnc
451 1412 595 1445 Rogerium
611 1413 644 1441 ab
656 1413 782 1447 Hispanis
795 1413 919 1441 Brundu-

129 1459 220 1484 sinum
236 1458 299 1490 dici,
315 1457 478 1486 Germanum
498 1458 578 1494 763
592 1467 656 1486 vero
671 1459 756 1493 stirpe
773 1459 869 1491 fuisse,
887 1460 918 1487 fi-

128 1503 196 1530 lium
210 1503 316 1530 Ricardi
334 1503 415 1531 Flori.
435 1503 511 1531 Unde
525 1509 551 1531 et
564 1504 650 1538 ipsum
665 1504 793 1532 Iloncada
807 1505 916 1532 Florum

126 1550 313 1584 cognominat.

166 1595 233 1623 Ibid.
263 1595 418 1623 Pharendus
438 1595 549 1624 Tzinm.
575 1596 624 1623 IIie
645 1604 709 1624 vero
740 1597 849 1625 nomine
877 1597 918 1625 di-

127 1647 192 1669 ctus
218 1647 259 1670 est
282 1643 435 1670 Ferraudus
449 1643 590 1676 Ximenes,
607 1643 644 1670 uti
664 1651 712 1671 nos
725 1644 806 1671 docet
821 1643 916 1672 Petrus

127 1688 349 1716 tl'Oultremanus
377 1688 446 1715 libro
471 1689 551 1717 modo
573 1690 694 1722 laudato,
715 1694 855 1717 auctorem
875 1691 915 1718 ci-

127 1741 193 1762 tans
214 1735 382 1766 Moncadam,
399 1736 442 1769 qtti
465 1739 492 1763 et
517 1736 596 1770 paulo
610 1736 733 1768 inferius,
749 1744 775 1763 c.
790 1735 834 1768 14,
856 1743 915 1763 me-

125 1781 227 1808 morati
256 1789 270 1808 a
293 1781 460 1817 I'achymere
480 1781 610 1810 Ferrandi
636 1789 651 1809 e
666 1782 764 1818 Cyzico
792 1790 915 1812 recessus

129 1827 265 1854 meminit.

163 1873 195 1900 P.
206 1873 268 1900 594.
284 1873 456 1901 Theoderico.
474 1874 568 1908 Agitur
581 1874 625 1901 hic
637 1875 697 1902 sine
712 1876 793 1903 dubio
811 1877 844 1904 de.
856 1876 915 1905 Fri-

123 1919 221 1946 derico
250 1920 398 1955 Aragonio,
414 1920 491 1955 cujus
513 1924 541 1946 ut
568 1925 661 1948 noster
677 1921 791 1948 balbutit
813 1923 840 1950 in
863 1931 913 1951 no-

126 1965 213 1997 mine,
230 1965 266 1992 ita
284 1965 310 1991 in
328 1973 428 2000 genere
441 1966 642 2001 peregrinatur.
663 1966 728 1994 Erat
746 1968 817 1995 enim
833 1974 913 2004 gente

124 2009 274 2045 Ilispanus,
294 2018 346 2037 non
362 2010 532 2043 Germanus;
556 2017 582 2038 et
599 2019 652 2040 non
667 2012 799 2042 Manfredi
817 2023 911 2050 nepos,

122 2059 174 2084 sed
193 2057 264 2084 Petri
284 2057 355 2091 regis
372 2059 515 2092 Arauonia:
530 2058 610 2086 filius.

161 2103 230 2130 Ibid.
257 2103 425 2130 Ecaterinum
449 2105 579 2132 connubio
605 2106 657 2132 sibi
668 2105 770 2140 junxit.
798 2107 912 2140 Quando

123 2148 280 2175 Fridericrts
304 2156 366 2175 cum
389 2148 486 2175 Carolo
513 2156 575 2184 rege
591 2149 718 2184 Neapolis
738 2159 831 2185 pacem
849 2152 911 2179 fecit

122 2201 238 2228 eamque
253 2193 382 2221 affinitate
401 2194 528 2227 firmavit,
547 2203 620 2224 anno
642 2195 742 2223 Christi
761 2198 840 2230 1302,
857 2207 908 2233 qua

123 2240 158 2267 de
184 2247 214 2267 re
243 2241 295 2267 hoc
316 2240 375 2267 loco
398 2241 497 2275 agitur,
520 2241 674 2269 Fridericus
693 2243 760 2277 ipse.
778 2252 830 2271 non
852 2245 911 2278 ejus

120 2286 218 2319 frater,
234 2288 308 2314 duxit
328 2295 438 2315 uxorem
463 2296 515 2315 non
532 2288 713 2322 Ecaterinam,
725 2291 772 2317 sed
796 2291 911 2319 Eleono—

121 2341 179 2360 ram
191 2333 282 2361 Caroli
296 2334 390 2366 tiliam,
406 2339 486 2368 prout
501 2342 533 2361 ex
547 2334 668 2369 ejusdem
680 2334 811 2364 Friderici
823 2337 911 2371 publi-

119 2380 160 2407 cis
176 2379 274 2407 littcris
299 2380 369 2407 datis
391 2380 460 2415 apud
479 2381 604 2407 Castrum
624 2381 727 2409 Novum
748 2391 820 2410 anno
843 2383 908 2411 Chr.

122 2426 201 2459 I302.
224 2427 327 2454 mensis
340 2427 453 2461 Augusti
472 2427 514 2454 die
531 2428 573 2459 I9,
592 2428 625 2454 ab
639 2428 753 2456 Oderico
769 2429 908 2464 ltaynaldo

119 2473 145 2499 in
161 2480 194 2500 eo
212 2473 307 2499 Annali
323 2472 470 2506 descriptis
484 2478 600 2500 constat.
618 2474 671 2500 Sed
687 2474 792 2501 videtur
804 2475 909 2512 Pachy-

119 2526 208 2545 meres
233 2519 258 2544 in
277 2519 327 2545 hoc
342 2519 449 2545 errandi
468 2519 640 2546 occasionem
665 2521 815 2554 sumpsisse
830 2529 862 2548 ex
876 2529 908 2550 eo

119 2564 190 2595 quod
214 2571 285 2590 anno
307 2564 372 2591 Chr.
388 2564 458 2592 I295
475 2569 618 2592 tractatum
635 2565 723 2593 fuerat
741 2567 906 2596 connubiqu

118 2608 250 2636 Friderici
268 2609 349 2645 lmjus
360 2617 420 2636 cum
436 2609 594 2642 Catherina,
611 2619 643 2638 ex
658 2611 711 2639 filia
730 2613 801 2647 regis
816 2613 906 2642 Caroli

117 2654 285 2690 Neapolitani
302 2663 327 2683 et
349 2656 490 2690 Balduino,
514 2659 558 2692 qui
575 2653 905 2693 Constantinopolitanum

117 2701 260 2734 imperium
283 2708 423 2733 attnserat,
449 2708 520 2730 nata.
548 2705 576 2730 Id
599 2705 802 2732 matrimonium
826 2706 906 2734 vehe-

118 2751 223 2773 menter
238 2749 350 2782 urgebat
368 2748 522 2776 Bonifacius
538 2749 607 2782 VIII,
624 2749 702 2777 Rom.
724 2756 810 2784 pont.,
827 2753 904 2787 cujt-s

116 2791 206 2824 plures
231 2795 264 2820 de
287 2793 335 2820 illo
349 2799 508 2827 argumento
535 2795 641 2823 litteras
659 2797 754 2824 recitat
771 2796 904 2824 Odoricus

116 2839 148 2864 ad
162 2838 241 2866 illum
259 2848 374 2867 annum.
390 2839 448 2868 Non
463 2842 593 2870 successit
611 2847 699 2871 tamen
714 2843 863 2878 negotium,
874 2850 902 2872 et

985 215 1150 243 Francorqu
1180 215 1270 248 fratri,
1290 223 1361 242 anno
1387 215 1452 242 Chr.
1478 215 1557 243 1501.
1577 215 1656 248 Quod
1681 215 1768 249 ipsum

982 261 1072 288 alieno
1092 260 1162 292 loco.
1180 265 1260 295 prout
1274 261 1361 288 obiter
1376 261 1510 293 audierat,
1535 260 1609 290 visus
1625 265 1666 288 est
1691 268 1769 287 cout~

983 315 1136 335 memorare
1145 307 1336 343 Pachymeres,
1350 315 1444 342 parum
1463 308 1606 335 attendens
1620 307 1769 342 pertineret

981 353 1009 380 id
1021 360 1107 381 necne
1122 353 1155 380 ad
1168 361 1224 381 rem
1237 353 1271 380 de
1285 361 1337 388 qua
1354 361 1424 380 nunc
1441 353 1505 388 agit,
1522 354 1554 380 ad
1567 360 1660 388 pacem
1675 353 1768 380 νεὼ-Ιί-

981 403 1024 427 cet
1041 400 1111 428 inter
1122 399 1249 427 Carolum
1264 407 1354 434 regem
1374 399 1579 435 Neapolitanum
1601 405 1629 427 et
1648 400 1768 427 Frideri—

980 453 1041 474 cum
1068 446 1199 474 sancitam
1229 454 1300 473 anno
1325 446 1426 473 Christi
1443 445 1521 478 I502,
1538 453 1600 472 cum
1618 446 1674 480 jam
1695 454 1767 472 anno

980 492 1114 527 superiori
1139 492 1255 520 Carolus
1270 492 1356 520 frater
1373 492 1447 528 regis
1460 492 1582 519 Francia:
1595 497 1726 519 evocatus
1739 492 1766 518 in

980 538 1085 566 Italiam
1110 546 1125 565 a
1149 538 1287 573 pontifice,
1306 542 1335 565 ut
1350 538 1449 567 Carolo
1463 538 1483 566 II
1500 538 1556 573 rcgi
1568 537 1696 573 Neapolis
1717 538 1766 564 ad-

979 590 1073 610 versus
1094 583 1262 611 Fritlericum
1279 583 1401 611 Siciliam
1422 588 1598 618 occupantem
1622 584 1768 611 auxiliare-

980 633 1033 660 tur,
1048 627 1212 655 conciliante
1228 627 1285 662 ipso
1304 628 1442 656 Bonifacio
1459 628 1663 658 matrimonium
1690 629 1767 656 iniis-

978 677 1019 699 set
1046 680 1108 700 cum
1141 673 1220 700 modo
1246 678 1393 703 memorata
1413 674 1573 707 Catlterina,
1589 667 1723 709 imputan
1739 677 1765 701 in

978 719 1066 745 dotem
1088 718 1195 753 imperii
1224 718 1255 754 [P
1268 718 1332 755 5I9]
1354 719 1647 754 Constantinopolitaui
1677 720 1765 751 titulo,

977 764 1010 791 ad
1025 764 1095 799 quod
1108 760 1256 792 Cathérina
1267 764 1311 798 jns
1324 773 1338 792 e
1352 770 1428 800 patre
1443 766 1577 793 trahebat.
1595 765 1694 793 Narrat
1709 765 1767 793 hare

976 809 1094 836 Joannes
1108 809 1253 842 Villanius,
1267 810 1284 837 Ι.
1301 818 1339 842 lx,
1355 819 1381 838 c.
1400 811 1462 838 105.
1477 810 1590 838 .Iorda:.i
1612 817 1764 845 temporum

941 849 961 877 Β
977 853 1084 881 illorum
1098 854 1232 888 historici,
1248 855 1324 889 cujus
1336 864 1403 891 opus
1418 864 1469 885 ms.
1482 863 1608 886 servatur
1625 858 1649 884 in
1667 858 1762 885 biblio-

978 900 1053 927 theca
1068 900 1209 935 Vaticana,
1225 910 1252 928 n.
1271 902 1351 933 1960.
1373 903 1406 930 de
1419 903 1468 930 hac
1485 911 1513 930 re
1525 905 1606 930 verba
1620 904 1677 930 hzrc
1697 904 1765 930 reci-

977 951 1016 974 tat
1033 947 1260 983 tliligentissimus
1277 949 1410 977 Odoricus
1426 948 1581 984 Itayttaldns
1606 958 1677 977 anno
1694 951 1761 978 Chr.

976 993 1055 1027 I30l,
1073 1003 1099 1021 ιι.
1126 995 1158 1022 15
1175 1004 1182 1022 :
1203 994 1312 1023 Mortua
1327 996 1438 1031 conjuge
1453 996 1545 1024 Caroli
1565 996 1670 1030 (fratris
1692 997 1763 1032 regis

974 1039 1108 1075 Franciae)
1122 1040 1197 1067 duxit
1210 1041 1448 1074 Cat/tarinam,cut'
1459 1042 1620 1078 jusimperii
1631 1042 1762 1070 Comum-

975 1086 1147 1119 tinopolitani
1162 1087 1314 1114 debebatur.
1330 1087 1394 1115 Ideo
1410 1097 1470 1115 cum
1490 1088 1596 1116 Venetis
1615 1090 1761 1123 composuit

972 1140 1019 1167 pro
1035 1131 1330 1168 Constantinopolitano
1348 1134 1457 1168 imperio
1472 1135 1660 1168 recuperando,
1677 1140 1702 1161 et
1718 1143 1761 1161 ve-

973 1179 1010 1206 nit
1036 1179 1147 1206 Romam
1174 1180 1291 1213 MCCC],
1307 1185 1332 1208 et
1347 1190 1363 1208 α
1383 1190 1452 1216 papa
1466 1181 1605 1216 Bonifacio
1618 1182 1760 1215 honoriﬁce

973 1231 1108 1260 susceptus
1134 1227 1248 1254 vicarius
1270 1231 1294 1254 et
1318 1227 1441 1262 defensor
1461 1228 1589 1256 Ecclesiae
1617 1229 1760 1256 constitui-

972 1277 1025 1302 tur,
1043 1276 1095 1300 etc.
1111 1271 1183 1299 Satis
1200 1280 1281 1308 porro
1296 1273 1444 1301 verisimile
1459 1278 1501 1302 est.
1515 1273 1640 1301 Carolum
1664 1274 1756 1306 istum.

971 1317 1050 1345 simul
1065 1318 1239 1346 Catherinam
1262 1319 1350 1352 duxit,
1372 1321 1523 1355 sumpsisse
1542 1321 1649 1348 titulum
1669 1321 1756 1355 impe-

971 1365 1071 1392 ratoris
1091 1365 1401 1400 Constantinopolitani,
1419 1367 1547 1394 collatum
1566 1367 1615 1401 ipsi
1630 1374 1644 1394 a
1665 1367 1755 1402 ponti-

970 1409 1020 1438 fice
1037 1418 1164 1438 coronam
1177 1411 1345 1444 imperialem
1359 1412 1384 1439 ei
1396 1412 1544 1440 tribuente.
1564 1412 1590 1438 Id
1603 1413 1698 1440 saltem
1713 1413 1756 1439 in—

970 1463 1052 1483 nuere
1069 1457 1194 1483 videntur
1206 1457 1248 1484 illa
1261 1457 1388 1485 contiutte
1401 1458 1543 1494 subjuncta
1556 1458 1640 1486 nostri
1656 1459 1735 1485 verba
1748 1467 1755 1484 :

971 1501 1053 1534 Quem
1069 1510 1137 1535 papa
1154 1503 1237 1539 764
1256 1511 1386 1531 coronans
1399 1504 1583 1538 imperatorem
1602 1505 1657 1531 sine
1672 1509 1755 1536 terra,

968 1549 1108 1575 commouit
1130 1549 1170 1575 illi
1186 1557 1258 1584 spent
1275 1549 1538 1584 Constantinopoleos
1555 1553 1751 1584 recuperandae,

968 1601 1001 1619 ea:
1010 1592 1072 1627 jure
1086 1595 1155 1628 quod
1171 1594 1268 1621 scilicet
1287 1596 1401 1622 (ra/teret
1414 1604 1430 1621 a
1442 1604 1539 1630 sponsa
1553 1601 1626 1629 nepte
1641 1596 1707 1631 (imo
1723 1597 1754 1623 li-

968 1638 1013 1674 lia)
1029 1639 1165 1668 Balduini.
1183 1641 1258 1674 Quod
1273 1641 1317 1668 hic
1330 1641 1437 1669 dicatur
1448 1642 1593 1674 imperator
1603 1643 1659 1669 sine
1671 1647 1753 1674 terra,

968 1685 1028 1712 vide
1045 1686 1208 1720 explicatum
1234 1688 1261 1714 in
1281 1686 1424 1716 Glossario
1442 1688 1525 1716 verbo
1549 1689 1628 1724 τέρα.
1655 1688 1753 1716 Verum

968 1732 1025 1759 haec
1042 1737 1153 1764 cuncta,
1174 1737 1203 1760 ut
1219 1733 1286 1767 dixi,
1305 1734 1443 1767 pertinent
1456 1735 1489 1761 ad
1506 1740 1612 1770 tempus
1626 1735 1754 1770 superius

969 1785 1034 1812 pace
1052 1778 1155 1810 Sicula,
1178 1779 1256 1812 cujus
1283 1780 1427 1807 occasione
1443 1779 1576 1816 Rogerius
1596 1780 1753 1814 Catelanos,

966 1823 1013 1857 qui
1029 1823 1055 1850 in
1069 1824 1162 1851 Sicilia
1178 1824 1372 1857 militaverant,
1387 1826 1493 1853 volente
1504 1835 1553 1857 sua
1564 1834 1645 1855 causa
1657 1827 1753 1855 Fride-

967 1869 1023 1895 rico
1035 1869 1061 1896 in
1076 1869 1213 1896 Orientem
1228 1870 1351 1898 abduxit.
1369 1871 1405 1898 De
1420 1879 1474 1906 quo
1489 1873 1641 1900 audiendus
1657 1873 1752 1901 Fazel-

966 1915 1019 1948 lus,
1035 1915 1053 1943 l.
1074 1923 1113 1946 Ix.
1131 1915 1190 1942 (lec.
1204 1920 1273 1950 post.
1289 1923 1316 1950 p.
1333 1916 1385 1943 477
1401 1925 1408 1944 :
1426 1916 1513 1945 Porro
1532 1919 1627 1945 Sicilia
1641 1924 1681 1946 tot
1699 1920 1753 1946 bel-

964 1961 1050 1988 lorum
1069 1961 1181 1988 motibus
1200 1961 1283 1989 libera
1299 1963 1326 1989 in
1343 1963 1457 1990 militum
1473 1964 1670 1997 Catelauorum,
1685 1967 1753 1993 Ara-

963 2007 1120 2041 gonensium
1147 2012 1171 2034 et
1197 2008 1349 2035 Siculorum
1372 2011 1480 2044 rapinas
1499 2018 1521 2038 et
1537 2012 1751 2046 depra’dationes

963 2054 1070 2082 incidit.
1100 2054 1172 2086 Quos
1200 2054 1366 2088 Fridericur,
1394 2061 1421 2082 ut
1441 2057 1557 2084 insulam
1581 2066 1750 2093 expurgem.

964 2105 1056 2128 contra
1079 2101 1196 2134 Turcas,
1227 2102 1273 2136 qui
1298 2100 1555 2139 Constantinopolim
1579 2106 1750 2140 infestabant.

963 2147 1113 2174 auxiliares
1128 2149 1210 2176 misit.

1002 2197 1031 2224 I‘.
1045 2197 1106 2225 101.
1124 2197 1201 2230 Quod
1219 2199 1271 2227 hoc
1286 2199 1366 2227 facile
1382 2205 1531 2234 praeeuntes
1545 2201 1708 2230 crediderint
1723 2209 1751 2230 et

963 2244 1110 2272 historicus
1127 2246 1162 2272 ita
1179 2253 1240 2274 esse
1256 2254 1350 2274 revera
1363 2246 1537 2281 judicaverit.
1553 2256 1605 2276 non
1619 2250 1750 2277 centinuo

964 2298 1021 2317 rem
1037 2291 1190 2319 evidentem
1202 2297 1230 2319 et
1242 2292 1447 2321 indubitabilem
1462 2295 1560 2328 opinor
1571 2295 1666 2323 reddet
1677 2297 1749 2331 apud

959 2335 1055 2371 judicii
1087 2337 1233 2365 severioris
1258 2339 1342 2366 viros.
1359 2339 1450 2367 Mutus
1470 2340 1514 2368 ille
1536 2348 1569 2369 ac
1592 2343 1691 2370 surdus
1712 2351 1746 2370 ex

962 2387 1050 2416 utero,
1073 2383 1142 2411 miro
1161 2384 1285 2418 prodigio
1307 2391 1421 2420 repente
1445 2387 1558 2414 audiens
1579 2393 1607 2415 et
1621 2388 1745 2422 loquens,

960 2430 1025 2464 quid
1053 2430 1163 2457 tandem
1194 2430 1358 2458 afﬁrmavit?
1383 2431 1487 2467 Nempe
1515 2433 1541 2461 id
1565 2434 1652 2462 solum
1673 2437 1746 2470 quod

961 2475 1041 2510 paulo
1053 2475 1178 2510 superius
1188 2477 1307 2511 positum
1316 2481 1368 2510 est,
1379 2485 1408 2504 se
1421 2478 1522 2506 vidisse
1535 2480 1620 2507 virum
1632 2481 1747 2515 impera-

961 2522 1035 2549 toriis
1050 2527 1174 2549 ornatum
1191 2523 1349 2557 insignibus.
1366 2525 1410 2557 qui
1426 2533 1481 2552 reae
1495 2526 1583 2553 aiebat
1599 2528 1684 2559 ipsum
1698 2537 1746 2555 ur-

959 2568 998 2595 bis
1011 2569 1061 2595 sibi
1077 2569 1181 2595 tuenda:
1195 2576 1285 2595 curam
1301 2578 1445 2598 assumere.
1463 2571 1656 2600 Nominavitne
1671 2574 1745 2601 hunc

957 2613 1087 2641 Joannem
1107 2614 1247 2642 Batatzam
1261 2616 1272 2641 ?
1288 2621 1336 2642 aut
1356 2616 1421 2643 visae
1442 2617 1493 2644 sibi
1521 2619 1648 2654 imaginis
1671 2620 1744 2647 Illius

958 2660 1074 2688 formam
1089 2661 1141 2688 sibi
1163 2667 1336 2697 conspectam
1362 2664 1479 2690 asseruit
1504 2663 1587 2692 fuisse
1608 2665 1742 2693 similem?

958 2705 1031 2733 Nihil
1051 2707 1164 2740 borum;
1184 2715 1245 2734 nam
1263 2708 1443 2743 Pachymeres
1458 2709 1480 2735 si
1504 2710 1567 2743 quid
1590 2711 1642 2737 talo
1657 2710 1743 2739 dixis-

958 2758 1010 2785 set,
1023 2760 1076 2780 non
1097 2758 1207 2781 taceret.
1235 2753 1425 2782 Fundamenta
1448 2756 1530 2790 igitur
1554 2761 1630 2783 caret
1645 2758 1742 2785 idoneo

957 2800 1014 2827 haec
1030 2807 1090 2834 quae
1109 2800 1272 2834 exprimitur
1288 2801 1337 2827 hoc
1349 2801 1418 2833 loco,
1434 2805 1490 2828 tum
1506 2802 1618 2829 istorum
1635 2803 1743 2838 Magne-

955 2845 1003 2874 siae
1014 2846 1243 2881 praesidiariorunt
1257 2851 1312 2874 tum
1326 2846 1501 2882 Pachymcr's
1511 2848 1634 2884 opinatio
1645 2849 1742 2885 ipsius.
