1954 3063
87 129 146 159 εὲξ

845 134 965 165 NOTAE.

1673 135 1727 166 826

87 190 202 216 scimus
229 190 330 218 Christi
357 191 476 218 natalem
496 191 541 219 illo
562 199 633 220 anno
651 193 781 221 incidisse
807 194 835 221 in
854 194 892 221 l'e—
909 199 930 225 Α
945 194 972 221 in
988 193 1046 227 eius
1061 194 1183 228 epistolis
1209 194 1331 228 legantur
1349 195 1374 221 in
1401 202 1460 222 eam
1486 194 1645 221 sententiam
1673 203 1726 229 qua

88 236 169 262 riam
194 241 312 263 sextam.
329 236 420 269 Quare
443 237 480 264 2'5
509 238 665 265 Decembris
692 238 760 266 feria
777 244 886 274 quarta,

89 281 141 309 die
161 287 226 310 ante
238 282 340 310 Christi
358 282 481 311 Natalem
500 285 591 316 tertia,
615 285 706 313 clades
721 285 766 312 illa
786 286 886 312 sultani

88 326 257 361 contigerit.
273 327 330 354 Nisi
344 328 405 362 quis
424 333 497 354 retro
522 336 581 355 eam
602 336 711 356 movere
731 330 763 356 ad
787 338 887 356 annutn

89 373 273 407 superiorem
300 373 401 400 Christi
421 374 490 402 1298
509 375 594 406 malit,
610 383 664 409 quo
679 375 768 410 vigilia
784 376 888 403 Natalis

89 418 202 446 Christi
217 419 276 447 dies
295 419 419 447 Mercurii
437 419 499 447 fuit.
519 421 557 448 De
574 421 616 449 his
631 421 797 450 disseremus
811 427 887 458 push-

89 471 126 491 ca
143 465 163 492 Ι.
181 473 210 492 lll
227 465 321 492 harum
339 465 417 500 0bs.,
432 474 457 494 c.
471 467 498 499 7.
516 475 542 494 η.
562 468 604 495 l9.

134 510 211 538 Ibid.
239 512 310 539 Ante
337 513 427 540 omnia
457 513 550 541 lectori
571 513 702 541 rationem
721 514 804 541 reddo
822 522 886 547 snp-

92 556 179 590 plela:
193 564 209 583 a
227 565 268 584 tne
286 558 471 593 lacun:e,qu:e
494 559 538 586 hic
555 559 581 586 in
599 567 649 587 ms.
663 560 817 594 archetypis
831 557 892 586 hia~'

92 604 157 630 bal.
180 602 226 630 Sic
246 604 317 631 enim
342 605 378 631 ibi
397 611 507 633 exstat:
531 606 562 632 Εἰ
578 606 615 641 μή
641 607 667 641 γ’
694 606 791 641 ἐκείνῳ
813 607 843 633 τὸ
858 607 887 633 ἐν

90 647 187 684 τῷ....
201 650 294 675 τόπων
310 650 455 686 ἀμμῶδες.
474 650 530 687 Ego
545 651 616 679 inter
629 652 668 687 τῷ
688 657 714 680 et
728 652 820 679 τόπων
835 653 888 680 duo

100 695 167 722 hac
196 696 280 722 verba
306 697 401 731 πρόσω
416 698 516 732 χωρεῖν
545 697 688 725 inserenda
712 699 815 732 censui,
832 707 885 726 non

91 740 158 768 sine
175 742 416 770 verisimilitudine
443 744 583 773 conﬁdens
612 745 682 772 haud
709 745 788 779 longe
809 746 848 773 sic
872 753 886 772 a

92 795 162 815 vera
183 789 347 823 primigenia
376 790 525 825 scriptione
554 792 649 820 abesse
673 792 744 820 hunc
770 792 808 819 ita
824 799 888 826 sup-

89 834 202 869 pletum
219 835 320 863 locum.

130 879 165 908 P.
182 880 247 908 458.
271 882 335 909 Hmc
360 890 419 917 qua:
439 882 620 919 Pachymeres
635 884 686 911 hoc
703 884 762 911 loco
779 885 813 911 de
838 884 890 912 Ca-

90 931 167 951 zane
184 925 288 958 scribit,
304 926 426 954 caruisse
443 927 517 954 illum
532 927 637 961 liberis,
653 937 705 955 non
723 929 791 956 bene
802 929 890 956 cohzr-

89 974 158 998 rent
184 979 247 998 cum
275 972 308 999 iis
332 980 392 1007 qua:
410 972 549 1006 Villanius,
564 974 610 1002 lib.
627 983 686 1008 vlll,
701 983 725 1003 c.
750 976 795 1008 55,
812 982 839 1004 et
856 984 888 1003 ex

90 1021 128 1042 eo
157 1021 268 1043 sanctus
285 1017 450 1050 Antoninus,
469 1019 511 1046 tit.
531 1020 578 1053 20,
608 1028 632 1047 c.
651 1021 677 1053 8,
692 1020 705 1055 ᾗ
723 1021 749 1053 9,
767 1029 798 1048 ex
817 1022 888 1048 rela-

92 1061 173 1089 tione
202 1063 346 1097 cujusdam
376 1065 444 1093 civis
473 1065 623 1093 Flerentini
648 1067 693 1094 diu
720 1067 746 1094 in
775 1067 889 1096 Perside

90 1108 200 1136 versati
218 1115 381 1138 memorant.
396 1111 530 1139 Nimirum
548 1112 667 1141 Cassano
679 1122 791 1141 uxorem
806 1115 889 1142 fuisse

92 1153 180 1181 tiliam
200 1155 271 1190 regis
292 1157 428 1184 Armeniae
447 1159 688 1193 speciosissimam,
712 1161 889 1195 eamdemque

91 1200 285 1229 Christianam
303 1211 310 1235 ;
331 1210 363 1229 ex
383 1211 434 1238 qua
448 1212 508 1231 cmn
528 1205 551 1231 ei
568 1210 649 1233 natus
670 1211 741 1233 eSset
763 1206 834 1233 illius
852 1208 888 1234 ita

92 1247 228 1275 deformis
247 1254 275 1276 ut
293 1249 336 1276 vix
355 1250 467 1277 humani
492 1251 593 1286 aliquid
613 1252 713 1280 habere
737 1253 886 1286 videretur,

92 1292 250 1321 Cassanum
278 1303 388 1323 uxorem
405 1297 483 1331 quasi
500 1302 668 1332 compertam
694 1298 818 1325 adulterii
835 1307 888 1326 una

93 1347 158 1366 cum
174 1345 341 1374 iuonstroso,
358 1350 437 1376 quem
455 1351 486 1370 ex
513 1351 542 1370 se
560 1349 671 1379 negaret
693 1345 806 1377 editum,
823 1346 887 1373 l'oetu

93 1385 226 1413 incendio
244 1388 339 1421 perimi
360 1390 512 1418 mandasse.
536 1390 588 1416 Sed
607 1399 666 1416 cum
692 1391 861 1425 impetrasset
874 1401 887 1418 a

94 1431 222 1459 Cassano
239 1433 336 1460 mulier
351 1439 379 1461 ut
392 1435 443 1461 sibi
461 1443 509 1469 per
533 1444 595 1462 eum
618 1436 724 1469 liceret,
743 1441 886 1472 antequam

93 1476 215 1504 ﬂammis
244 1486 303 1506 cum
323 1487 407 1512 puero
434 1482 598 1515 traderetur,
628 1483 797 1510 confessione
818 1484 887 1517 apud

92 1525 269 1552 sacerdotem
288 1534 404 1560 purgare
428 1528 548 1554 animum
576 1534 602 1556 et
625 1537 731 1556 sacram
754 1531 886 1558 Euchari-

93 1571 176 1598 stiam
195 1572 335 1606 percipere
356 1573 493 1608 liliumque
524 1575 672 1610 baptizare,
697 1576 778 1612 767
801 1576 886 1603 centi—

93 1617 170 1652 gisse
187 1623 217 1644 ut
230 1625 308 1644 sacro
326 1619 433 1646 lavacro
462 1620 561 1647 tinctus
578 1629 645 1655 [nter
661 1629 771 1656 repente
785 1622 886 1648 formu-

92 1665 223 1692 sissimns
240 1666 379 1693 evaderet.
398 1666 457 1699 Quo
478 1673 569 1695 motus
585 1668 720 1695 Cassanus
736 1677 789 1695 nnn
807 1669 886 1696 modo

93 1712 237 1739 revocavit
255 1720 376 1747 praeceps
405 1713 548 1747 judicium,
569 1716 615 1742 sed
628 1721 655 1742 et
670 1715 770 1742 Christi
798 1717 885 1751 tatam

92 1759 255 1795 religionem
271 1765 313 1787 est
329 1761 479 1794 amplexus.
507 1761 545 1788 Ita
567 1761 625 1794 illi;
653 1770 712 1796 quae
730 1771 781 1789 non
810 1763 886 1790 inno-

93 1806 182 1832 tuisse
205 1805 449 1844 Constantinnpdi,
466 1807 547 1834 etiam
567 1808 619 1834 alio
644 1816 676 1835 ex
698 1809 747 1836 hac
771 1809 885 1836 historia

92 1849 177 1877 ducto
193 1857 355 1884 argumento
374 1852 514 1879 suadetur.
533 1852 664 1886 Superius
681 1854 764 1887 enim,
781 1862 806 1887 p.
823 1854 887 1885 402,

93 1897 206 1931 scripsit
222 1901 315 1924 noster
338 1897 526 1924 Andronicum
556 1899 701 1926 certiorem
730 1899 830 1926 factum
855 1899 887 1926 de

93 1944 219 1978 potentia
235 1943 364 1976 Cazanis.
380 1949 409 1971 Ill.
424 1952 486 1972 cum
503 1946 553 1972 sibi
580 1947 751 1981 adjungerel.
771 1947 888 1975 offeren-

93 1991 158 2017 dam
175 1991 200 2018 ei
216 1998 329 2018 curasse
355 1990 437 2017 tiliam
466 1999 542 2018 suam
570 1991 612 2027 [P.
639 1992 703 2028 552]
733 1994 842 2020 notham
861 1994 886 2020 in

93 2037 264 2072 eonjugcm,
292 2044 372 2071 quam
399 2042 427 2064 et
457 2036 501 2064 ille
531 2037 746 2072 propositionem
773 2038 888 2073 benigne

93 2084 246 2118 acceperit.

129 2129 160 2158 Ρ.
177 2130 240 2157 450.
259 2129 345 2157 Etiam
362 2131 514 2165 Aythonus,
533 2139 558 2159 c.
575 2131 611 2158 45
625 2131 694 2159 Iliat.
720 2131 780 2165 0r.,
799 2137 825 2160 et
840 2131 888 2160 Sa-

94 2181 190 2210 nutus,
204 2176 222 2204 l.
241 2184 283 2208 tu,
303 2185 329 2212 p.
347 2177 391 2210 l5,
410 2185 436 2204 c.
450 2177 478 2208 8,
497 2178 600 2206 diserte
617 2178 752 2206 allirmant
775 2187 887 2206 succes~

94 2231 185 2251 sorem
204 2222 317 2251 Cassani
332 2224 444 2250 fratrem
462 2224 560 2258 ipsius,
577 2225 640 2252 licet
653 2224 765 2252 Bizarus
784 2226 824 2252 his
840 2233 889 2258 pe-

94 2269 196 2296 sterior
209 2274 237 2296 et
253 2269 353 2302 minus,
377 2269 422 2296 ubi
449 2270 586 2302 dissentit,
607 2270 659 2297 {ide
681 2271 789 2305 dignus,
806 2271 888 2297 lilium

95 2314 218 2342 Cassano
234 2315 357 2341 morienti
373 2315 539 2342 successisse
564 2316 677 2347 scribat.
694 2316 712 2343 l.
729 2325 777 2343 vnt
794 2316 890 2343 Rerum

96 2359 284 2386 Persicorum.
313 2360 471 2394 [)iscrepaut
491 2365 581 2387 tamen
600 2361 625 2388 lti
655 2369 751 2389 omnes
767 2362 792 2389 in
811 2363 891 2396 hujus

97 2406 207 2433 nomine
222 2413 237 2433 a
254 2405 431 2442 Pachymere,
446 2407 510 2433 dum
539 2407 707 2434 Carbandam
722 2415 768 2435 seu
785 2409 891 2436 Carba-

97 2454 213 2488 gandam
234 2459 341 2485 vocant,
355 2461 436 2488 quem
452 2458 544 2481 noster
557 2455 602 2481 hic
610 2454 814 2489 Carmpantam,
827 2455 888 2482 alibi

96 2499 326 2534 Carmpantanem
345 2499 472 2533 appellat.
488 2498 612 2526 Tradunt
627 2505 715 2527 autem
735 2501 813 2528 tnodo
831 2501 889 2527 lau-

97 2546 151 2573 dati
176 2550 301 2573 auctores
327 2546 408 2572 istum
426 2546 540 2574 Cassani
563 2547 675 2574 fratrem
703 2554 791 2574 matre
808 2548 889 2575 Chri-

97 2592 184 2618 stiana
200 2591 312 2623 editum,
325 2596 352 2618 et
367 2591 454 2626 ipsum
464 2592 662 2626 Christianum,
675 2592 779 2620 Nicolai
792 2601 888 2620 nomen

98 2636 124 2663 in
138 2637 272 2671 baptismo
288 2638 438 2672 accepisse,
454 2646 700 2674 perseveras-seque
720 2640 746 2666 in
762 2647 825 2667 vera
845 2648 887 2667 re-

96 2683 208 2717 ligione,
229 2684 317 2717 quoad
342 2684 409 2711 vixit
437 2690 533 2716 mater,
561 2686 607 2712 sed
637 2693 669 2713 ea
686 2691 804 2720 mortua,
818 2687 889 2722 quod

98 2736 158 2765 post
176 2738 262 2758 annos
276 2739 322 2758 sex
348 2731 471 2766 Contigit,
497 2731 532 2758 ad
560 2732 794 2760 lllahometismum
815 2733 888 2761 defc-

97 2779 177 2806 cisse.

131 2826 163 2852 P.
179 2824 242 2851 461i.
258 2823 372 2858 Χρῆσις
385 2824 414 2851 ε.
426 2825 552 2859 martyris
566 2824 662 2860 Ignatii
680 2825 731 2852 hoc
747 2825 806 2852 loco
821 2825 887 2853 lecta

98 2881 131 2907 qu
139 2879 222 2899 cnam
237 2871 329 2902 fuerit,
345 2878 397 2898 non
413 2870 492 2898 facile
508 2871 629 2899 divinatu
647 2874 698 2903 est,
712 2871 782 2906 quod
797 2871 888 2899 maluo

940 239 1073 274 subjectio
1091 240 1179 275 populi
1197 241 1230 266 ad
1250 241 1405 275 episcopum
1425 246 1452 268 ut
1472 241 1623 267 necessaria
1648 249 1726 268 com-

941 287 1095 313 mendatur.
1127 285 1255 313 Indicabo
1283 286 1327 313 hic
1352 287 1469 321 aliquas.
1496 287 1522 313 In
1552 287 1565 313 l
1594 287 1675 321 epist.
1694 288 1726 313 ad

941 331 1114 366 Smyrumos:
1143 332 1247 363 Πάντες
1272 333 1310 366 τῷ
1331 333 1472 366 ἑπισκόπῳ
1492 333 1664 358 ἀκολουθεῖτε
1689 332 1727 364 ὡς

945 377 1049 412 Ἰησοῦς
1070 378 1185 412 Χριστὸς
1197 377 1235 412 τῷ
1253 378 1353 412 “arpi,
1371 379 1418 404 aut
1430 378 1468 412 τῷ
1484 378 1673 413 πρεσϐυτερῐῳ
1689 379 1728 409 ὡς

939 422 1100 453 ἀποστόλοις
1116 443 1122 449 .
1139 442 1146 449 .
1167 442 1174 449 .
1189 443 1195 449 .
1214 423 1318 457 Μηδεὶς
1333 424 1419 457 χωρὶς
1439 424 1589 450 ἐπισκόπου
1602 432 1629 449 τι
1640 432 1728 458 πρασ-

940 469 1010 494 σέτω
1024 469 1077 494 τῶν
1103 470 1259 503 ἀνηκόντων
1275 470 1315 500 εἰς
1338 470 1387 504 τὴν
1417 469 1592 504 Ἐκκλησίαν.
1618 469 1726 504 Ἐκείνη

941 513 1037 548 βεϐαία
1066 514 1227 548 εὐχαριστία
1256 514 1378 549 ἡγείσθω
1399 515 1413 548 ἡ
1436 515 1487 540 ὑπὸ
1509 515 1554 540 τὸν
1578 515 1728 540 ἐπίσκοπον

938 557 1015 592 οὖσα,
1031 560 1047 594 ἢ
1108 561 1139 586 ἂν
1155 560 1235 590 ait-rb;
1247 560 1394 596 ἐπιτρέψῃ.
1415 561 1501 586 Ὅπου
1517 560 1549 587 ἂν
1562 562 1632 595 φανῇ
1643 562 1656 586 ὁ
1670 560 1729 586 ἐπί-

940 615 1049 637 σκοπος,
1066 607 1124 632 ἐκεῖ
1134 606 1163 632 τὸ
1179 606 1280 640 πλῆθος
1294 606 1373 637 ἔστω,
1389 606 1485 640 ὥσπερ
1499 606 1566 632 ὅπου
1579 606 1612 632 ἂν
1657 605 1727 639 Χρμ

941 652 1000 682 arb;
1013 652 1129 687 Ἰησοῦς,
1146 653 1202 678 ἐκεῖ
1219 653 1234 686 ἡ
1251 652 1382 686 καθολικὴ
1410 652 1570 686 Ἐκκλησία.
1595 652 1653 678 Οὐκ
1668 651 1728 683 ἐξόν

939 699 995 724 ἐστι
1008 699 1092 734 χωρ”ς
1112 698 1158 724 τοῦ
1178 699 1329 724 ἐπισκόπου
1344 698 1405 724 οὔτε
1426 698 1568 733 βαπτίζειν
1583 698 1644 724 οὔτε
1661 699 1730 731 ἀγά-

940 754 994 780 πην
1010 746 1105 776 ποιεῖν,
1124 745 1182 771 ἀλλ’
1196 745 1210 770 ὃ
1223 746 1256 771 ἂν
1269 745 1372 776 ἐκεῖνος
1386 745 1532 780 δοκιμάσῃ,
1550 749 1603 771 etc.
1621 744 1678 771 lluc
1688 750 1729 772 est

940 799 972 818 ex
988 791 1099 824 antiqua
1118 791 1346 825 interpretatione
1361 791 1454 817 Latina
1471 799 1478 818 ε
1493 791 1590 818 Nullus
1606 793 1661 818 sine
1674 793 1730 825 cpi-

939 845 1017 872 scopo
1031 837 1132 871 aliquid
1147 841 1269 869 operetur
1283 845 1372 863 eorum
1387 845 1446 871 quae
1464 839 1619 864 conueniunt
1637 838 1662 864 in
1679 837 1730 864 Ec-

906 870 925 897 Β
942 883 1058 910 ctesinm.
1075 882 1126 909 Illa
1150 882 1226 916 ﬁrma
1253 883 1399 916 gratiarum
1423 886 1494 908 actio
1510 888 1655 915 reputatur,
1670 891 1729 916 qui?

941 931 987 956 sub
1009 929 1064 962 ipso
1088 933 1125 954 est
1142 927 1179 954 vel
1193 935 1271 962 quam
1294 928 1386 961 utique
1411 927 1466 961 ipse
1490 929 1657 954 cortresrerit.
1680 927 1728 954 Ubi

941 976 1029 1010 utique
1042 977 1150 1008 apparet
1167 974 1310 1008 cpiscopus.
1324 973 1378 998 illic
1395 972 1536 998 multitudo
1548 974 1592 1001 sit.
1605 973 1730 1007 quemad-

941 1021 1045 1048 modum
1061 1021 1147 1055 utique
1165 1019 1208 1046 ubi
1221 1024 1257 1046 est
1274 1019 1394 1046 Christus
1411 1018 1501 1051 Jews,
1527 1018 1581 1045 illic
1598 1019 1729 1045 cut/(olim

941 1068 1070 1096 Ecclesia.
1087 1067 1148 1094 Non
1169 1067 1269 1093 licitum
1284 1072 1322 1093 est
1337 1066 1392 1093 sine
1407 1067 1528 1100 episcopo
1544 1075 1625 1101 neque
1642 1067 1728 1099 bapti-

941 1124 1001 1142 zare
1013 1123 1093 1150 neque
1107 1123 1205 1149 agapen
1218 1113 1314 1147 facere,
1332 1114 1376 1140 sed
1392 1113 1461 1148 quod
1474 1114 1561 1145 utique
1574 1113 1616 1140 ille
1631 1113 1727 1147 proba-

940 1162 1015 1193 verit,
1034 1166 1087 1188 etc.
1106 1161 1175 1187 Idem
1191 1161 1271 1193 epist.
1284 1159 1312 1192 2,
1331 1160 1364 1186 ad
1381 1159 1559 1195 Polycarpum
1577 1168 1583 1186 :
1606 1159 1650 1194 Τῷ
1667 1160 1729 1186 ἐπι-

941 1208 1034 1243 σκόπῳ
1049 1208 1210 1243 προσέχετε,
1226 1207 1268 1233 ἵνα
1294 1207 1341 1233 καὶ
1358 1208 1371 1233 ὁ
1388 1207 1452 1238 Θεὸς
1469 1207 1544 1241 ὑμῖν.
1566 1206 1727 1240 Ἀντῐψυχος

940 1255 996 1288 ἐγὼ
1012 1254 1065 1280 τῶν
1087 1253 1316 1288 ὑποτασσομένων
1339 1252 1378 1286 τῷ
1403 1253 1563 1284 ἐπισκὸπῳ·
1600 1252 1728 1286 Episcopo

939 1298 1076 1330 attendite,
1094 1303 1122 1324 ut
1139 1303 1162 1324 et
1183 1297 1251 1324 Deus
1268 1298 1349 1324 vobis.
1368 1297 1510 1324 Unanimis
1525 1306 1571 1331 ego
1587 1306 1644 1324 cum
1666 1298 1729 1323 sub-

935 1344 1013 1378 jertt's
1040 1344 1172 1378 episcopo.
1195 1344 1223 1370 In
1256 1343 1289 1369 Ill
1307 1344 1339 1369 ad
1367 1343 1497 1376 Ephesios
1516 1353 1522 1370 :
1540 1344 1646 1378 Πρέπει
1663 1343 1729 1378 ὑμῖν

941 1390 1097 1424 συντρέχειν
1124 1391 1158 1425 τῇ
1185 1390 1232 1416 τοῦ
1263 1390 1416 1416 ἐπισκόπου
1437 1389 1550 1425 γνώμῃ·
1579 1390 1656 1416 Decet
1685 1398 1729 1416 vos

940 1444 1095 1463 concurrere
1107 1436 1220 1470 episcopi
1233 1437 1377 1463 sentcntitr.
1396 1435 1504 1468 Quarlre
1517 1437 1549 1462 ad
1576 1435 1729 1470 Magnesim

940 1482 996 1508 lucc
1008 1486 1072 1508 sunt
1086 1482 1112 1508 in
1127 1481 1179 1508 hnc
1196 1482 1362 1516 propositum
1383 1482 1454 1508 inter
1469 1482 1521 1508 alia
1538 1491 1544 1508 :
1564 1483 1671 1516 Πρέπον
1682 1483 1729 1508 οὗν

901 1546 922 1574 c
940 1529 998 1554 ἐστι
1015 1528 1052 1563 μὴ
1065 1528 1145 1563 μόνον
1158 1529 1302 1555 καλεῖσθαι
1313 1529 1505 1563 Χριστιανοὺς,
1516 1528 1582 1554 ἀλλὰ
1591 1529 1636 1554 καὶ
1646 1527 1728 1560 εἶναι,

942 1573 1034 1609 ὥσπερ
1045 1575 1090 1601 καί
1103 1583 1175 1606 τινες
1193 1574 1346 1601 ἐπίσκοπον
1359 1575 1408 1609 μὲν
1433 1574 1574 1605 καλοῦσιν,
1597 1575 1681 1610 χωρὶς
1701 1575 1728 1600 δὲ

941 1621 1023 1647 αὐτοῦ
1038 1621 1125 1647 πάντα
1141 1622 1320 1655 πράσσουσιν.
1333 1621 1364 1647 Οἱ
1377 1620 1493 1647 τοιοῦτοι
1507 1621 1534 1647 δὲ
1548 1622 1597 1647 οὐκ
1609 1621 1729 1647 εὐσυνεὶ-

940 1668 1015 1702 ῑητοὶ
1031 1668 1114 1702 768
1133 1677 1177 1702 μοι
1196 1665 1264 1693 εἶναι
1289 1667 1448 1701 φαίνονται·
1470 1667 1569 1694 Dccens
1587 1668 1669 1702 ig'tur
1691 1671 1728 1693 est

943 1722 993 1740 non
1009 1713 1095 1740 solum
1122 1714 1210 1740 vocari
1226 1713 1401 1745 Christianos,
1419 1714 1463 1740 sed
1482 1720 1504 1740 et
1521 1722 1584 1742 este.
1604 1716 1729 1747 quantum

941 1760 1046 1786 modum
1063 1760 1169 1794 quidam
1185 1760 1333 1794 episcopum
1353 1759 1457 1793 quidem
1483 1764 1586 1790 vacant,
1603 1759 1660 1785 sine
1674 1759 1729 1790 ἕρδ’)

941 1811 1028 1832 mttem
1040 1806 1129 1832 omnia
1143 1812 1295 1840 operantur.
1312 1805 1390 1832 Tales
1407 1811 1494 1832 autent
1515 1814 1566 1832 non
1578 1806 1650 1831 bom‘u
1665 1813 1728 1831 con-

941 1854 1059 1880 scientiae
1084 1852 1148 1878 mihi
1164 1860 1218 1879 esse
1231 1852 1361 1879 videntur.
1390 1852 1415 1878 In
1437 1857 1512 1879 sexta
1529 1853 1561 1878 ad
1582 1851 1730 1878 Trallcsiui

942 1899 999 1925 limo
1014 1898 1094 1925 habet
1111 1907 1118 1925 :
1147 1897 1234 1924 ’Ὅταν
1261 1897 1300 1932 τῷ
1316 1897 1461 1932 ἐπισκόπῳ
1487 1896 1673 1923 ὑποτάσσεσθε
1692 1897 1729 1926 ὡς

947 1944 1035 1978 Ἰησοῦ
1065 1943 1186 1978 Χριστῷ,
1205 1943 1334 1976 φαίνεσοέ
1359 1952 1404 1977 μοι
1427 1943 1456 1969 οὐ
1474 1943 1544 1969 κατὰ
1559 1942 1728 1977 ἀνθρώπινον

942 1988 1053 2020 ζῶντες,
1067 1987 1135 2014 ἀλλὰ
1147 1987 1208 2013 κατ’
1236 1987 1341 2021 Ἰησοῦν
1356 1987 1490 2022 Χριστόν·
1516 1986 1583 2013 Cum
1609 1987 1728 2017 episcopo

942 2034 1055 2067 subjecti
1073 2034 1135 2061 estis
1151 2039 1178 2060 ut
1190 2033 1255 2060 Jeau
1268 2033 1386 2063 Christo.
1401 2033 1526 2060 videmini
1543 2033 1605 2059 milii
1619 2041 1669 2058 non
1690 2041 1730 2058 se-

942 2081 1056 2107 cundum
1070 2081 1186 2108 homines
1202 2080 1324 2113 viventes,
1343 2080 1387 2106 sed
1398 2079 1541 2106 secundum
1553 2078 1643 2105 Iesum
1657 2079 1730 2106 C/tfl‘

942 2132 1021 2153 stum.
1040 2125 1142 2152 llnrum
1158 2125 1259 2159 aliqua,
1276 2124 1315 2151 vel
1332 2124 1403 2151 forte
1416 2124 1518 2156 omnia,
1534 2128 1580 2150 aut
1593 2125 1675 2149 etiam
1689 2123 1731 2149 his

943 2174 1030 2206 plura,
1046 2179 1106 2207 qua:
1122 2172 1147 2197 in
1160 2171 1308 2205 lgnatiauis
1318 2165 1442 2204 episiolis
1456 2170 1592 2203 leguntur.
1611 2170 1731 2196 credide-

903 2225 929 2254 D
944 2219 993 2244 rim
1007 2218 1123 2252 jnssisse
1136 2217 1180 2244 hic
1197 2216 1308 2243 recitari
1325 2215 1523 2242 Andronicum.
1548 2214 1635 2242 Unice
1659 2215 1731 2240 enim

946 2263 1080 2291 faciebant
1098 2263 1131 2290 ad
1149 2270 1261 2297 scopum
1292 2262 1331 2289 illi
1363 2262 1532 2296 propositum
1553 2261 1731 2294 persuadendi

943 2310 1102 2338 Arsenianis
1116 2315 1145 2337 ut
1163 2309 1310 2336 Athanasio
1327 2309 1493 2343 patriarchte
1511 2316 1540 2335 se
1565 2309 1730 2339 subderent;

943 2363 967 2385 et
981 2366 1043 2385 enim
1062 2365 1095 2384 ex
1116 2357 1237 2391 pluribus
1258 2355 1355 2391 lgnatii
1379 2356 1503 2389 epistolis
1530 2357 1652 2389 quaedam
1669 2355 1721 2381 alie

943 2412 1032 2440 gesse,
1056 2408 1215 2438 argumento
1231 2410 1292 2430 esse
1307 2407 1396 2437 potest
1407 2404 1478 2435 quod
1494 2402 1593 2429 nullam
1608 2402 1733 2428 nomina-

943 2454 989 2478 tim
1022 2451 1182 2486 tlesignavit,
1201 2459 1233 2477 cx
1262 2458 1314 2484 qua
1344 2450 1425 2476 verba
1448 2457 1508 2484 quze
1532 2449 1619 2476 audiri
1648 2448 1732 2475 voluit

942 2503 1061 2526 erueret.

978 2544 1007 2571 l’.
1024 2543 1086 2570 465.
1100 2542 1136 2570 Ut
1151 2542 1277 2578 superius
1297 2541 1491 2569 schismaticus
1509 2541 1659 2576 imperator
1671 2548 1734 2574 per-

942 2591 1056 2618 suadere
1073 2589 1157 2616 voluit
1186 2588 1228 2624 [_P.
1243 2587 1307 2624 553]
1324 2597 1336 2614 a
1357 2593 1478 2622 tempore
1504 2595 1607 2622 mang
1623 2587 1732 2622 synodi,

942 2639 993 2665 hoc
1008 2641 1048 2664 est
1058 2636 1236 2664 meurnenica:
1246 2641 1348 2662 octavae
1360 2638 1417 2671 (aut
1432 2633 1731 2669 pntiuspsetnlosynodi

941 2683 1087 2718 supposita;
1116 2690 1131 2710 a
1163 2682 1307 2709 notissimo
1337 2681 1484 2715 itnpostore
1513 2680 1622 2710 Photio,
1648 2686 1730 2713 quam

942 2729 1066 2756 l'ltuliani
1084 2737 1132 2763 pro
1147 2728 1317 2756 tecumenica
1337 2732 1432 2754 octava
1450 2730 1591 2753 ostentant
1607 2728 1634 2750 et
1649 2732 1732 2751 vene-

943 2775 1049 2810 rantur)
1061 2775 1196 2803 defecisse
1213 2775 1238 2801 in
1255 2773 1401 2801 Occidente
1418 2780 1508 2799 veram
1526 2770 1729 2797 successionem

942 2823 1125 2858 legitimorum
1140 2822 1299 2857 prazsulum,
1316 2821 1388 2854 quod
1405 2820 1478 2846 notis
1507 2818 1573 2852 adp.
1591 2816 1643 2843 356
1659 2815 1730 2843 refu-

942 2871 1070 2903 tavimus,
1082 2870 1118 2897 ita
1132 2876 1201 2897 nunc
1212 2868 1269 2904 pati
1287 2867 1402 2894 vanitate
1417 2866 1453 2893 ait
1466 2868 1553 2892 δριιοιυ
1567 2863 1715 2891 Ilutnanam
1726 2884 1734 2898 ,
