1954 3063
112 2923 153 2932 ἀλ

237 141 288 172 8'27

693 143 725 174 P.
748 140 1238 174 POSSlNIIOBSEllVATlONUM
1269 139 1341 169 LIB.
1367 139 1406 168 ll.

1799 139 1853 169 528

235 207 267 224 ex
283 206 337 233 quo
351 199 516 234 deprehensa
536 201 719 235 damnataque
738 201 812 228 hbes
829 200 939 228 Ποιιοι-ίί
957 200 1015 227 [ue—
1029 201 1051 227 Α
1067 197 1138 223 saria
1151 197 1291 224 divinante
1320 196 1505 230 snpplcantur.
1532 194 1558 221 lu
1587 194 1645 222 ixtis
1670 194 1854 229 perintricatis

236 244 281 276 tit,
299 246 476 273 orthodoxam
490 254 551 274 esse
563 247 693 279 desiisse;
708 255 761 281 quo
774 246 850 279 nihil,
863 254 914 272 non
929 246 1015 273 dicam

235 290 353 323 iniquius
361 297 388 318 et
401 292 609 326 caluniniosins,
623 292 669 319 sed
680 297 708 320 et
722 292 843 319 obtusius
855 292 1016 326 stultiusque

233 336 287 363 dici
305 337 402 370 potuit.
431 337 464 365 Ut
480 339 551 365 enim
575 339 698 365 omittam
726 338 894 366 collisiouem
919 337 1014 364 hormn

232 381 347 408 duorum
375 387 553 413 aSSerlorum.
583 391 698 417 quorum
717 384 832 410 alterum
859 382 902 409 hie
928 381 1014 416 ponit,

232 427 347 455 desiisse
364 428 391 455 in
404 428 522 456 Honorio
535 429 678 463 pontifices
693 428 828 455 Romanos
848 435 908 456 esse
922 427 1016 455 ortho-

233 474 328 505 doxos,
341 474 466 505 alterum,
486 483 511 509 p.
537 475 600 507 556,
623 475 749 508 superius
770 479 934 506 astrinxerat,
952 478 1014 508 post

231 525 354 546 octavam
368 520 476 547 demum
491 521 637 555 synodum,
656 522 707 548 hoc
733 525 775 548 est
797 520 921 548 ducentis
936 520 1015 547 :mnis

231 565 264 591 ab
279 565 407 597 Hon0rio.
425 567 538 594 desiisse
552 567 577 593 in
594 566 740 594 Occidente
756 575 847 595 veram
860 567 1013 594 successio-

233 618 292 637 nem
310 611 490 645 legitimorum
507 613 661 646 praesulum.
679 613 717 639 Ex
732 620 787 647 quo
813 613 938 647 sequitur
959 612 1011 639 Ro-

233 663 327 683 manos
343 659 483 691 pontiﬁces
498 659 562 686 totis
576 659 656 686 annis
672 660 795 686 ducentis
812 664 840 686 et
854 659 937 686 fuisse
948 659 1013 693 legi-

231 703 311 730 timos
339 704 481 738 pontilices
507 710 533 731 et
561 710 634 732 recte
658 711 686 732 ut
704 705 771 733 tales
796 713 811 732 a
829 704 930 744 Graecis
948 705 1013 738 ipsis

230 749 346 782 agnitos,
362 757 422 777 cum
455 755 543 777 tamen
570 751 718 778 orthodoxi
744 758 796 777 non
812 755 905 778 essent
921 758 928 777 :
946 750 1012 777 illud

231 795 311 822 modo
323 797 377 828 aio,
398 797 464 824 satis
488 805 548 825 esse
577 797 755 825 manifestum
768 797 891 830 Honorii,
913 797 937 824 si
951 796 1012 831 quis

231 840 290 874 fuit,
310 841 414 876 lapsum
431 843 456 869 in
471 850 545 870 mera
561 844 623 870 facti
637 844 746 871 haesisse
759 843 951 878 imprudentia,
976 843 1009 869 ad

231 887 309 913 Iidem
324 895 354 914 ac
371 888 466 921 dogma
495 888 604 915 minime
621 889 795 922 pertinuisse.
828 888 950 923 Sergius,
965 895 1010 921 pa—

230 932 348 959 triarcha
365 932 694 967 Constantinopolitanus,
710 936 829 962 nondum
844 935 951 969 agniltn
961 941 1010 967 pro

230 977 364 1010 lizeretico,
386 978 496 1012 scripsit
512 979 546 1006 ad
561 979 708 1006 Honorium
727 980 876 1007 Romanum
900 981 1010 1015 pontiﬁo

228 1029 285 1049 cem
305 1030 377 1050 anno
391 1024 491 1051 Christi
508 1025 570 1057 65‘2,
583 1026 679 1060 agitari
695 1034 790 1061 magno
803 1026 916 1053 tumultu
942 1034 1009 1053 con-

228 1069 383 1099 llot'ersias.
400 1070 492 1097 dttwne
503 1079 537 1097 an
550 1080 603 1098 una
614 1072 670 1098 sola
683 1072 710 1098 in
720 1072 825 1099 Christo
835 1073 1008 1108 agnoscenda:

226 1119 311 1140 essent
326 1114 471 1142 voluntates
484 1121 508 1142 et
530 1117 692 1150 apuratt‘anes
705 1126 715 1150 ;
738 1119 839 1153 quibus
855 1118 921 1145 rixis
933 1126 1007 1145 com-

227 1161 368 1193 pescendis
386 1168 566 1196 opportunum
583 1164 689 1190 interim
708 1165 758 1191 sibi
775 1165 859 1192 videri
876 1173 1005 1200 suggere-

227 1205 273 1231 bat
285 1206 384 1240 imponi
401 1215 415 1233 a
433 1209 558 1241 pontiﬁce
575 1217 606 1236 ex
621 1217 699 1244 mqno
723 1211 845 1245 utrisque
861 1219 942 1245 super
962 1213 1007 1240 tali

226 1251 403 1280 altercatione
414 1254 562 1282 silentium.
580 1255 654 1283 Fecit
668 1258 739 1291 quod
757 1259 902 1292 rogabatur
918 1258 1007 1286 llono-

227 1299 299 1329 rius;
316 1303 342 1324 et
357 1299 418 1332 quia
436 1299 486 1326 tale
497 1302 639 1328 consilium
656 1307 754 1330 eventu
766 1304 875 1331 noxium
892 1305 1006 1332 catholi-

226 1343 275 1375 cis,
292 1346 460 1372 connnodnm
474 1345 607 1374 haereticis
619 1348 816 1382 deprehensum
839 1355 890 1382 est,
908 1351 1010 1378 multo-

226 1397 285 1415 rum
303 1396 393 1424 postea
410 1393 526 1425 querelis
539 1399 565 1420 et
588 1394 825 1423 criminationibus
841 1404 937 1424 nomen
955 1397 1006 1424 fuit

225 1434 297 1462 illius
315 1442 341 1463 et
358 1438 487 1465 tnemoria
512 1445 617 1472 notata,
642 1441 719 1475 quasi
746 1446 847 1470 temere
871 1443 1005 1471 credendo

1068 243 1143 270 locus
1156 243 1198 270 hic.
1211 242 1270 274 fuit,
1287 243 1312 269 in
1328 242 1390 269 eod.
1408 242 1488 268 Allat.
1507 241 1546 267 sic
1562 241 1679 275 scriptus
1698 251 1704 269 :
1727 242 1854 277 Πειριδὼν

1067 289 1154 316 ταῦτα
1183 288 1280 323 ἓλομαί
1304 297 1334 314 τε
1362 288 1444 323 ὑμᾶς.
1460 287 1528 315 Cod.
1544 287 1625 313 Barb.
1643 287 1723 314 habet
1745 287 1852 320 ἓλωμα.

1067 335 1166 361 Neutra
1185 335 1264 361 lectio
1291 342 1351 362 cum
1377 334 1553 368 sequentibus
1579 334 1706 360 cohaeret.
1732 333 1852 368 Reposui

1066 380 1135 406 ἑλών
1146 389 1175 406 τε
1190 379 1273 414 ὑμᾶς,
1292 379 1426 406 sententia
1440 379 1496 414 jam
1513 378 1657 406 tolerabili.

1101 425 1130 452 P.
1144 425 1206 452 ιπ.
1232 426 1310 452 Ἀλλ’
1325 425 1450 459 ἀκρίτου
1474 421 1524 452 αὖ.
1543 424 1588 451 Sic
1606 424 1759 450 necessario
1775 431 1853 457 repo.

1065 472 1117 503 sui,
1127 479 1187 498 ctttn
1203 472 1229 499 in
1240 471 1320 499 codd.
1333 475 1460 504 corrupte
1475 471 1607 504 legeretur
1616 469 1683 501 ἀλλὰ
1697 469 1791 501 κριτοῦ
1804 468 1850 496 αὖ.

1065 516 1248 552 Prmterqnam
1261 518 1333 545 enitn
1348 517 1448 544 insulsa
1463 521 1534 545 esset
1551 516 1595 543 illa
1619 515 1737 543 nominis
1755 515 1849 551 κριτοῦ

1064 564 1141 598 quasi
1159 564 1316 591 continuata
1334 564 1468 598 repetitio,
1484 563 1626 590 manifeste
1645 563 1694 590 loci
1711 561 1847 589 sententia

1065 610 1159 643 exigit.
1173 614 1201 636 ut
1218 610 1361 644 sequentia
1378 609 1528 643 declarant,
1550 609 1702 643 signiﬁcare
1717 609 1847 636 Arscuia-

1064 663 1113 682 nos
1130 662 1199 688 opus
1212 663 1271 683 esse
1289 655 1321 682 ad
1341 655 1504 683 decisiouem
1524 655 1717 683 controversiae
1734 663 1790 682 sua:
1805 656 1848 688 ju-

1063 700 1123 727 dice
1137 708 1276 735 supremo,
1290 701 1395 735 qualem
1413 705 1510 727 vocant
1531 700 1628 736 κριτὴν
1641 699 1761 735 ἄκριτον,
1774 699 1847 734 judi-

1063 754 1121 774 cem
1136 747 1241 782 judicio
1254 747 1395 775 subeundo
1411 747 1454 784 [P.
1481 746 1545 783 551]
1569 755 1621 774 non
1640 747 1797 779 obnoxium,
1814 754 1848 773 ex

1062 792 1140 826 eujus
1168 793 1302 820 sententia
1330 794 1472 828 provocari
1495 799 1623 828 nequeat,
1649 797 1741 828 utpote
1766 800 1847 827 supra

1063 846 1144 873 quem
1160 838 1229 866 alitis
1244 846 1297 866 non
1311 839 1346 866 sit
1363 839 1388 866 in
1413 840 1492 867 terris
1511 839 1612 874 jndex;
1631 845 1658 866 et
1687 839 1766 867 talem
1780 839 1849 866 istos

1061 884 1217 911 adulatores
1227 884 1416 912 schismaticos
1428 892 1577 919 agnoscere
1591 885 1688 911 laicum
1701 885 1849 919 imperato-

1059 939 1130 962 rem,
1147 931 1173 957 in
1188 931 1278 958 causis
1296 931 1377 958 etiam
1391 931 1586 959 ecclesiasticis
1605 936 1632 958 et
1647 930 1847 965 spiritualibus.

1059 983 1113 1003 non
1128 976 1221 1010 pudet.
1240 975 1292 1003 Sed
1309 976 1412 1003 similes
1425 977 1525 1004 habent
1539 976 1614 1004 labra
1628 976 1759 1004 lactucas.

1093 1022 1124 1048 Ρ.
1137 1021 1200 1049 482.
1219 1022 1346 1050 Πλάτων
1357 1022 1393 1049 ἐν
1402 1023 1522 1057 Νόμοις.
1534 1022 1620 1050 Locus
1635 1023 1678 1050 hic
1690 1023 1847 1058 indigitatus

1057 1076 1072 1095 a
1090 1067 1259 1103 Pachymere
1274 1072 1362 1095 exstat
1375 1069 1446 1101 apud
1458 1067 1608 1098 Platonem.
1627 1068 1645 1095 Ι.
1659 1077 1665 1095 ι
1684 1067 1720 1095 De
1734 1068 1846 1103 legibus,

1058 1121 1084 1148 p.
1102 1113 1154 1140 630
1169 1114 1212 1141 ed.
1226 1113 1333 1147 Steph..
1349 1114 1392 1141 ubi
1410 1114 1449 1141 sic
1464 1114 1579 1148 legitur:
1594 1114 1741 1145 Διαὸἀντες
1753 1114 1781 1140 δὲ
1798 1115 1846 1141 καὶ

1059 1160 1210 1195 μαχᾶμενοι
1238 1159 1376 1191 ἐθέλοντες
1399 1159 1584 1195 ἀποθνήσκειν
1607 1160 1636 1186 ἐν
1661 1159 1700 1195 τῷ
1734 1160 1846 1195 πολέμῳ

1057 1205 1174 1241 (φράζει
1186 1202 1336 1241 Τυρῦιῑος)
1353 1206 1407 1232 τῶν
1421 1206 1595 1241 μισθοφόρων
1609 1206 1663 1233 elei.
1680 1206 1847 1241 πάμπολλοι·

1055 1249 1094 1279 ὧν
1108 1253 1132 1279 οἱ
1147 1253 1270 1279 πλεῖστοι
1283 1253 1402 1288 γίνονται
1418 1253 1528 1288 θρασεῖς
1541 1255 1587 1280 καὶ
1603 1254 1689 1281 ἄδικοι
1704 1255 1751 1281 καὶ
1768 1255 1848 1290 ὐΰρι-

1055 1298 1117 1325 σταὶ
1142 1299 1188 1325 καὶ
1215 1299 1412 1334 ἀφρονέστατοι
1441 1300 1535 1334 σχεδον
1558 1301 1698 1333 ἁπάντων,
1720 1301 1798 1332 ἐκτὸς
1811 1302 1844 1337 δή

1054 1354 1135 1372 τινων
1155 1345 1227 1380 μὰλι
1241 1345 1351 1380 ὀλίγων.
1369 1346 1445 1378 Quod
1462 1347 1537 1374 addit
1554 1355 1615 1374 mox
1632 1353 1723 1375 noster
1739 1356 1769 1375 ex
1782 1347 1846 1375 Pla-

1054 1395 1117 1418 tone
1130 1391 1162 1417 de
1176 1392 1235 1419 cive
1247 1392 1317 1419 inter
1333 1393 1483 1420 seditiones
1494 1393 1557 1424 ﬁdo,
1573 1393 1625 1420 hoc
1640 1399 1691 1424 est.
1701 1401 1749 1426 pro
1766 1401 1846 1428 rtpu-

1053 1436 1122 1464 hlica
1135 1436 1243 1464 fortiter
1254 1441 1342 1464 stante
1357 1442 1383 1464 et
1399 1445 1458 1464 eam
1471 1445 1517 1465 sua
1532 1439 1632 1465 virtute
1648 1446 1679 1465 ac
1709 1439 1846 1472 sapientia

225 1482 340 1509 subdolo
354 1482 549 1517 litcrcsiarchre.
562 1487 607 1520 qui
620 1487 738 1514 nondum
754 1487 853 1515 larvam
865 1488 1006 1524 deposuis-

1062 1487 1172 1515 uvante.
1190 1483 1279 1509 videre
1295 1488 1337 1510 est
1352 1483 1378 1510 in
1389 1483 1481 1510 verbis
1497 1491 1556 1517 qua:
1568 1485 1679 1518 ἀμέσως
1689 1485 1848 1518 pneceduut

224 1533 275 1560 set,
289 1529 385 1557 haeresi
400 1530 638 1559 Monothehtarum
665 1532 808 1568 fomentum
825 1534 1005 1568 impendisset.
1020 1545 1040 1572 η
1058 1529 1137 1556 modo
1150 1529 1298 1563 descriplav
1314 1529 1396 1564 770
1413 1529 1457 1556 "bi
1475 1529 1648 1557 Alhel'ie"5is
1670 1531 1848 1558 Ῑ¹¹¹⁰Γ¹⁰ί¹¹¹ί⁰τ

223 1571 253 1599 ln
269 1581 321 1607 quo
340 1579 396 1601 toto
410 1575 470 1609 quis
485 1584 537 1602 non
555 1577 627 1604 videt
641 1585 673 1605 ne
689 1578 802 1612 primam
815 1579 922 1613 quidem
939 1588 987 1612 spe
999 1596 1007 1600 -

224 1619 293 1645 ciem
310 1620 466 1648 defectionis
480 1622 514 1649 ab
525 1623 675 1651 orthodoxa
690 1625 739 1651 ﬁde
753 1626 914 1659 apparuisse
927 1627 1009 1662 769

225 1665 319 1698 ullam,
335 1672 382 1693 aut
408 1668 447 1694 vel
473 1668 534 1702 ﬁngi
552 1669 693 1702 potuisse?
709 1678 742 1696 an
758 1670 830 1697 enim
844 1671 952 1699 silentio
975 1673 1007 1698 ad

226 1715 331 1744 tempus
358 1713 517 1746 quibusdam
545 1714 615 1741 inter
641 1721 672 1742 se
698 1717 924 1745 contendentibus
940 1718 1008 1745 indi-

224 1756 311 1783 cendo
328 1759 466 1784 damnavit
479 1755 583 1794 aliquid
600 1766 671 1788 recte
693 1768 840 1794 assertum.
865 1769 910 1791 aut
927 1772 1009 1798 prave

225 1803 325 1828 dictum
336 1802 407 1830 aliud
422 1805 554 1832 sancivit?
568 1804 641 1833 Nihil
653 1807 753 1834 minus.
770 1807 849 1835 Sileri
866 1810 964 1845 quippe
975 1811 1008 1839 de

225 1857 254 1874 re
270 1849 352 1875 etiam
368 1856 430 1876 vera
450 1851 509 1878 sine
522 1851 576 1878 ullo
590 1852 712 1880 veritatis
727 1854 886 1889 praeiudicio
901 1861 1005 1889 potest;

223 1899 251 1921 ct
266 1895 400 1924 interdum
413 1902 523 1931 propter
533 1905 677 1925 commune
687 1898 785 1927 bonum
799 1902 917 1936 expedit.
929 1902 1006 1929 Plora

223 1942 257 1966 tle
284 1941 459 1970 celeberrima
487 1945 673 1972 controversia
704 1954 718 1971 a
749 1946 815 1973 viris
843 1946 1008 1975 doctissimis

223 1985 357 2021 hodieque
370 1988 554 2017 eruditissime
568 1994 682 2018 tractata
694 1991 747 2018 dici
761 1999 775 2019 a
791 2000 834 2020 tne
847 2001 899 2021 u0n
916 1999 1007 2028 postu-

219 2032 260 2059 lat
279 2033 323 2059 hic
341 2033 427 2061 locus.

259 2077 288 2105 P.
305 2079 367 2106 469.
389 2079 450 2106 Τῶν
464 2080 688 2114 ἀνεπιλήπτων.
714 2083 765 2110 Hic
790 2091 884 2112 errore
904 2084 1006 2113 librarii

217 2125 397 2158 alescriptoris
413 2127 517 2160 negatio
529 2126 677 2157 exciderat.
702 2135 761 2162 quae
777 2130 912 2156 sententia
934 2130 1007 2158 clare

217 2169 360 2203 ﬂagitante
388 2172 554 2199 restituenda
581 2172 643 2204 fuit,
673 2173 723 2199 οὐκ
737 2178 800 2201 ante
815 2174 1006 2210 ἀνεπιλήπτων

1059 1582 1119 1602 cum
1137 1582 1151 1601 a
1176 1574 1262 1603 Clinia
1291 1575 1414 1603 Cretensi
1441 1575 1621 1610 expressisset
1643 1576 1728 1603 videri
1746 1576 1846 1612 Tyrtazi

1059 1622 1184 1650 versibus
1209 1623 1395 1650 commendari
1423 1623 1592 1657 potissimum
1620 1623 1689 1656 illos,
1715 1625 1761 1659 qui
1777 1625 1847 1652 bello

1058 1671 1173 1695 externo
1199 1673 1294 1695 contra
1320 1668 1415 1696 hostes
1442 1669 1530 1703 gentis
1546 1669 1668 1702 alterius,
1687 1678 1738 1696 non
1757 1675 1847 1698 autem

1058 1713 1131 1740 bello
1146 1713 1218 1741 civili
1234 1719 1327 1740 contra
1343 1715 1415 1742 cives
1430 1722 1503 1745 suos,
1519 1715 1643 1743 bellicam
1659 1717 1847 1746 fortitudinem

1059 1760 1216 1792 probarent.
1228 1761 1266 1788 sic
1283 1761 1393 1788 resumit
1410 1769 1417 1787 :
1438 1761 1534 1796 Ἡμεῖς
1546 1762 1574 1788 δέ
1590 1771 1621 1796 γε
1635 1762 1746 1796 ἀγαθῶν
1763 1764 1849 1791 ὄντων

1057 1804 1160 1831 τούτων
1183 1805 1223 1831 ἔτι
1240 1806 1328 1840 φαμὲν
1343 1805 1473 1840 ἀμείνους
1499 1805 1568 1834 εἶναι
1586 1809 1633 1835 καὶ
1656 1809 1722 1834 πολὺ
1741 1810 1804 1841 τοὺς
1819 1811 1848 1836 ἐν

1057 1850 1097 1885 τῷ
1111 1851 1233 1886 μεγίστῳ
1250 1852 1359 1886 πολέμῳ
1369 1852 1549 1887 γιγνομένους
1559 1854 1686 1887 ἀρίστους
1696 1855 1846 1890 διαφανῶς.

1058 1895 1177 1930 Ποιητὴν
1186 1896 1214 1922 δὲ
1229 1896 1276 1923 καὶ
1290 1897 1371 1931 ἡμεῖς
1389 1898 1516 1933 μάρτυρα
1531 1899 1641 1934 ἔχομεν,
1659 1900 1781 1934 Θέογνιν,
1796 1911 1847 1928 πο-

1057 1940 1135 1975 λίτην
1147 1940 1202 1967 τῶν
1214 1942 1243 1967 ὲν
1260 1942 1370 1978 Σικελίᾳ
1387 1943 1550 1979 Μεγαρέων,
1567 1945 1596 1975 ὃς
1609 1954 1696 1981 φησι·

1058 1997 1170 2032 Πιστὸς
1183 1998 1261 2033 ἀνὴρ
1273 1999 1391 2033 χρυσοῦ
1409 2008 1439 2026 τε
1457 2000 1506 2027 καὶ
1522 2001 1654 2036 ἀργύρου
1673 2003 1845 2037 ἀντερὺσιιο

1131 2067 1234 2102 Ἀξιος
1244 2069 1278 2095 ἐν
1295 2069 1425 2103 χαλεπῇ,
1441 2070 1549 2104 Κύρνε,
1562 2037 1807 2108 διχοστασίῐῃῖθαι

1058 2125 1158 2151 Τοῦτον
1172 2126 1203 2160 δή
1220 2134 1310 2160 φαμεν
1325 2128 1355 2152 ὲν
1378 2127 1492 2164 πολέμῳ
1514 2129 1699 2166 χαλεπωτέρῳ
1714 2133 1845 2166 ἀμείνονα

1059 2171 1164 2198 ἐκείνου
1191 2173 1320 2207 πάμπολυ
1345 2173 1496 2207 γίγνεσθαι,
1523 2176 1616 2210 σχεδὸν
1647 2177 1707 2203 ὅσον
1725 2179 1846 2212 ἀμεινων

218 2217 352 2249 a'chsito.
368 2218 453 2243 bouat
470 2218 542 2245 enim
559 2219 744 2253 ἀνεπίληπτος
755 2239 762 2251 ,
781 2225 810 2248 ut
823 2225 895 2255 patet
911 2228 937 2248 et
952 2221 1004 2248 He-

1061 2217 1213 2253 δικαιοσύνη
1228 2219 1275 2245 καὶ
1291 2220 1450 2255 σωφροσύνη
1469 2222 1517 2248 καὶ
1533 2223 1664 2257 φρόνησις
1681 2224 1722 2255 εις
1746 2225 1845 2251 ταυτὸν

218 2261 334 2296 sychius
361 2262 490 2290 distincte
516 2264 655 2297 admonet,
674 2264 830 2300 ἄμεμπτος,
848 2267 1007 2300 ἀκατάγνω-

217 2316 294 2339 στος,
321 2308 555 2341 irrepraltensibilis
572 2318 617 2336 nec
637 2311 773 2346 reprobari
791 2312 898 2346 dignus.
922 2312 1006 2347 Cujus

218 2354 390 2381 Contrarium
406 2354 440 2381 de
455 2355 609 2382 sacerdotio
625 2355 752 2384 Ecclesiae
764 2357 908 2391 praesentis
925 2357 1006 2385 Arse-

219 2399 307 2431 niani,
327 2403 357 2426 ut
372 2403 399 2425 et
413 2399 463 2427 hoc
481 2400 539 2428 loco
555 2406 582 2427 et
611 2401 674 2429 alibi
706 2402 888 2438 Pachymeres
915 2404 1005 2436 doct-t.

218 2445 404 2478 atlirmahaut,
421 2453 575 2473 asserentes
592 2447 718 2475 videlicet
734 2448 843 2475 dubiam
858 2450 966 2482 saltem,
983 2450 1006 2476 si

218 2499 274 2517 non
299 2491 441 2519 manifeste
459 2492 616 2523 invalidam.
629 2493 828 2521 ordinationem
839 2502 932 2521 eorum
946 2503 1007 2523 esse

219 2536 267 2568 qui
284 2543 298 2562 a
315 2537 467 2570 patriarcha
485 2542 548 2564 tttnc
569 2537 896 2572 Constantinopolitanam
914 2540 1008 2568 Eccle-

219 2581 290 2608 sium
308 2587 416 2615 regente
434 2583 519 2610 sacris
533 2583 718 2611 initiarentur.
740 2584 856 2619 Scripsit
869 2593 934 2621 ergo
949 2588 1007 2613 slne

219 2627 305 2654 dubio
320 2626 510 2663 Pachymeres,
524 2634 601 2662 prout
619 2629 786 2657 restituimus
804 2638 835 2656 ex
853 2630 924 2665 iusta
941 2638 1008 2658 con-

217 2674 337 2708 jertura,
349 2675 377 2700 ὲν
397 2675 477 2709 μέρει
492 2675 578 2700 τίθετε
593 2675 646 2701 τῶν
660 2676 710 2703 οὐκ
733 2677 936 2712 ἀνεπιλήπτων.

258 2720 288 2746 P.
306 2719 367 2746 472.
386 2719 522 2754 Παριδὼν
540 2721 632 2748 ταῦτα
649 2723 727 2749 ἑλών
745 2732 776 2750 τε
795 2723 883 2758 ὑμᾶς.
902 2725 1006 2751 Suntin

222 2766 274 2792 hac
302 2766 426 2801 oratione
453 2768 615 2800 perobscura
639 2774 666 2796 et
693 2769 826 2796 ἀσύνδετα
863 2771 1008 2797 inconnexa

225 2814 358 2845 quaedam.
375 2812 436 2846 nisi,
451 2814 521 2847 quod
534 2814 668 2842 interdum
686 2816 786 2843 factum
803 2822 843 2844 est
857 2825 871 2844 a
891 2825 943 2847 tne.
961 2825 1008 2850 pa-

223 2859 348 2893 raphrasi
363 2867 393 2886 cx
407 2860 629 2888 antecedentibus
639 2863 903 2896 elcouscqncutilnis
917 2870 1009 2890 nece;-

1057 2263 1171 2290 ἐλοοῦσα
1198 2264 1259 2297 (ἵσ.
1279 2265 1422 2296 ἐλθοῦσαι)
1455 2268 1514 2301 μετ’
1538 2268 1666 2302 ἀνδρίας·
1681 2270 1779 2302 πιστὸς
1796 2272 1846 2306 μὲν

1058 2311 1113 2346 γὰρ
1125 2311 1171 2337 καὶ
1183 2311 1261 2348 ὑγιὴς
1277 2312 1305 2337 ἐν
1322 2312 1448 2339 στάσεσιν
1458 2313 1508 2340 οὐκ
1523 2313 1556 2340 ἄν
1569 2323 1632 2341 ποτε
1654 2316 1759 2349 γένοιτο
1780 2318 1845 2344 ἄνευ

1056 2357 1202 2392 ξυμπάσης
1216 2357 1318 2393 ἀρετῆς
1329 2365 1335 2373 ·
1361 2358 1504 2391 διαϐάντες
1523 2359 1551 2386 δὲ
1568 2361 1614 2388 καὶ
1629 2359 1659 2388 εὖ
1682 2364 1844 2398 μαχόμενοι,

1057 2407 1124 2435 etc.,
1135 2404 1259 2437 superius
1278 2404 1425 2438 descripta,
1437 2412 1497 2440 qua:
1515 2406 1569 2433 illic
1583 2408 1710 2435 continue
1724 2417 1844 2443 sequun-

1059 2453 1113 2476 tur.
1137 2448 1166 2475 In
1192 2456 1306 2483 quorum
1337 2448 1431 2477 Latina
1461 2451 1685 2486 interpretatione
1699 2457 1844 2483 verborum

1058 2494 1104 2528 (nt
1118 2494 1169 2520 hoc
1185 2494 1274 2521 obiter
1286 2495 1465 2531 admoneam)
1483 2498 1576 2525 nescio
1601 2506 1684 2531 quare
1711 2500 1846 2530 Serranus

1059 2539 1223 2567 mentionem
1239 2542 1334 2574 patriae
1351 2541 1516 2577 'l‘heognldis
1529 2544 1554 2570 in
1568 2544 1661 2572 Graeco
1673 2545 1777 2573 diserte
1799 2555 1845 2582 po-

1058 2585 1136 2612 sitam
1152 2587 1284 2614 omiserit.
1301 2587 1354 2614 Car
1366 2587 1430 2615 item
1449 2596 1501 2616 non
1517 2592 1683 2624 expresserit
1708 2593 1847 2620 ἀντίθεσιν

1059 2640 1073 2658 a
1086 2632 1197 2659 Platone
1210 2632 1361 2660 affectatam
1378 2640 1463 2669 poetic
1479 2637 1511 2662 ad
1527 2641 1645 2670 poetam.
1659 2638 1721 2664 tlum
1737 2639 1772 2674 Τ)
1781 2645 1846 2667 meo

1059 2678 1132 2712 prius
1145 2678 1252 2706 laudato
1268 2679 1410 2715 Thcognin
1427 2686 1532 2714 poetam
1547 2688 1574 2709 et
1603 2683 1690 2718 ipsum
1709 2685 1749 2711 sic
1760 2693 1846 2720 oppo-

1061 2723 1110 2755 nit,
1125 2725 1243 2759 ῐιοιητὴν
1258 2725 1286 2751 δὲ
1299 2726 1347 2752 καὶ
1361 2727 1441 2761 ἡμεῖς
1468 2727 1594 2763 μάρτυρα
1622 2729 1721 2764 ἔχομεν
1735 2732 1847 2765 Θέογνιν

1060 2770 1174 2805 πολίτην
1186 2771 1240 2797 τῶν
1254 2771 1282 2797 ἐν
1297 2772 1408 2808 Σικελίᾳ
1424 2773 1586 2809 Μεγαρέων,
1601 2781 1704 2809 poetam
1722 2782 1808 2804 autem
1823 2782 1848 2805 et

1061 2825 1107 2844 nos
1126 2823 1215 2844 testem
1226 2818 1350 2845 [rubenius
1364 2818 1495 2853 T/tcaqnin
1511 2821 1592 2847 civem
1606 2822 1631 2847 in
1644 2822 1737 2850 Sicilia
1754 2824 1845 2859 Mega-

1061 2864 1186 2891 mtsium.
1204 2863 1257 2891 Sed
1269 2869 1297 2891 ut
1313 2865 1345 2892 ad
1365 2864 1558 2901 l’achymcrcm
1584 2874 1716 2902 revertar,
1742 2869 1768 2898 in
1796 2870 1846 2898 hoc
