1954 3063
88 130 143 162 829

850 134 970 165 NOTAE.

1669 143 1721 174 830

85 187 148 221 ejus
163 191 292 214 contextu
306 187 359 214 duo
381 187 538 214 necessario
555 188 768 215 t-tueudavimus.
801 188 879 215 Prius
893 190 916 218 Α
934 189 1114 226 Ριιριιγιιιενρε
1129 192 1202 221 solos
1216 193 1315 221 Alanos
1330 195 1389 222 sine
1412 195 1502 230 jussu,
1518 203 1653 224 consensu
1674 202 1721 224 aut

85 234 161 268 quod
176 234 307 268 scriptum
319 239 379 261 erat
395 234 507 261 Πλάτων
523 234 652 268 ιννόμως,
670 242 718 268 pro
734 242 788 268 qtto
802 242 879 267 repo-

84 279 170 307 situm
183 280 212 305 ὲν
226 280 341 314 Νόμοις,
352 281 378 306 in
394 287 476 314 opere
491 279 619 307 nimirum
635 280 766 314 inscripto
778 280 876 314 Νόμοι,

83 325 178 359 Leges,
197 325 223 352 itt
241 325 325 352 libros
342 333 461 360 expanso
479 325 512 351 l9.
529 330 574 352 aut
596 326 684 358 potius
702 326 744 358 15,
762 333 877 359 compu-

85 377 142 398 tata
161 371 188 398 in
202 379 263 398 eum
279 379 432 403 numerum,
446 371 524 406 quasi
538 372 694 406 appondice,
707 379 786 406 quam
801 376 878 398 vorat

83 417 244 452 'Enlvoptv.
270 417 393 444 Alterum
412 417 438 444 itt
455 417 510 444 illis
524 416 614 444 verbis
631 426 638 444 :
657 416 877 452 Θρασυνομένοις

87 463 148 498 μὲν,
161 463 200 494 ὡς
212 463 323 494 ἀδίκως,
336 463 406 489 κατὰ
417 462 592 497 δικαιοσύνης
603 471 609 477 ·
623 463 838 498 θρασυνομένοις
850 464 876 489 δὲ

85 510 123 542 ὼς
138 510 281 545 ὺΰριατατς
293 509 364 536 κατὰ
379 508 569 544 σωφροσύνης.
587 507 637 535 Ubi
653 509 714 543 quis
730 516 780 535 non
805 509 877 537 videt

85 557 153 584 illud
167 556 205 587 ὠς
221 556 322 587 ἀδίκως
338 555 407 582 male
426 554 590 588 respondere
615 554 653 589 τῷ
678 555 716 586 ὡς
735 555 876 590 ὑϐρισταῖς

85 603 128 631 cui
154 601 341 629 ἀντιτίθεταιῖ
361 601 576 628 Rescribeudum
596 608 661 636 ergo
687 600 740 628 fuit
760 601 798 633 ὡς
821 601 878 628 ἁδί-

85 657 156 678 κοις.
174 647 234 674 Non
245 647 388 674 abscedam
401 647 465 674 hinc
481 647 556 681 prius
572 655 653 682 quam
669 651 696 675 el
707 647 773 675 illttd
782 648 878 675 obser-

85 695 184 726 varim,
199 693 347 724 διαϐάντας
362 701 376 719 a
391 692 502 720 Platone
515 693 558 720 hic
569 693 659 720 vocari
673 693 771 721 milites
785 699 875 721 exter-

85 748 136 768 nos
152 740 251 774 (cujus
270 744 359 766 Ianteu
376 740 450 766 vocis
464 739 566 766 nulltttn
585 740 728 770 vestigium
746 740 772 766 iu
790 741 875 767 inter-

85 785 240 819 pretatione
271 785 384 812 Serrani
417 784 546 819 visitur),
571 785 644 819 quod
671 785 728 812 fere
753 786 820 813 tales
850 787 875 813 in

84 830 220 857 Graeciam
249 830 316 857 mari
345 834 606 864 transportarentur.
635 831 788 858 Διιὸαινειν
804 832 875 858 enim

83 881 126 904 est
142 876 271 910 trajicere
287 875 384 902 ﬂumen
400 880 448 903 aut
464 883 550 903 mare.
573 875 684 904 Graeciae
698 882 788 904 autem
809 878 876 905 situs

82 927 144 950 erat
167 922 302 956 ejusmodi
328 926 356 949 ut
375 922 408 949 ad
425 930 483 949 eam
497 930 530 950 ex
541 923 643 950 exteris
657 923 782 957 gentibus
809 924 875 951 mari

85 969 144 996 fere
169 968 316 996 veniretur.
341 969 427 996 Porro
453 977 486 995 ex
508 969 561 996 isto
580 970 752 1005 μισθοφόρων
767 970 878 997 διιὸάν-

83 1023 140 1040 των
157 1021 257 1048 genere
274 1014 313 1041 vel
326 1014 351 1041 itt
364 1015 459 1048 primis
473 1015 500 1042 hi
515 1021 594 1042 erant
605 1015 682 1042 ducis
698 1016 786 1051 magni
803 1016 876 1043 mili—

85 1065 139 1092 tes,
154 1068 169 1088 e
184 1060 275 1087 Sicilia
305 1065 351 1087 aut
377 1059 452 1088 Italia
471 1062 505 1088 ab
528 1061 586 1096 ipso
614 1061 760 1096 deportati.
778 1063 877 1096 quibus

85 1111 140 1133 tam
157 1106 367 1140 itnplacabiliter
389 1106 573 1142 Pachymeres
601 1107 731 1135 irascitur
749 1108 775 1134 in
802 1109 875 1135 omtti

83 1153 232 1180 occasione
247 1152 281 1180 de
297 1153 338 1180 his
355 1154 461 1188 agendi.
490 1153 539 1181 llic
555 1158 645 1181 autem
675 1154 757 1182 etiatn
781 1160 875 1182 contra

83 1205 133 1226 eos
151 1198 272 1226 Platonis
291 1199 476 1226 testimonium
491 1199 634 1226 subornat.

123 1246 168 1282 [P.
182 1245 246 1281 555]
268 1246 298 1273 P.
322 1246 382 1273 484.
409 1246 543 1273 Existimo
571 1247 725 1282 Berengarii
746 1255 844 1274 nomen
860 1255 875 1274 a

85 1292 254 1328 Pachytnere
268 1292 293 1319 itt
306 1292 495 1327 Mpyrigert'um
509 1292 701 1320 deformatum.
715 1292 781 1319 Nam
797 1292 876 1320 Occi-

88 1339 238 1366 dentalium
256 1338 395 1365 vocabulis
408 1346 422 1364 a
439 1338 459 1364 B
475 1338 624 1373 praesertim
638 1339 773 1366 inchoatis
788 1339 874 1366 Οτι-τεεί

89 1390 242 1420 temporum
257 1385 364 1412 illorum
379 1385 422 1419 Mp
434 1385 636 1420 praeponebant.
653 1385 698 1412 Sic
715 1386 836 1413 videmus
849 1389 877 1413 et

87 1439 169 1466 supra
189 1439 203 1458 a
218 1436 311 1459 nostro
326 1439 353 1466 p.
369 1431 432 1462 242,
442 1437 468 1457 et
480 1431 779 1465 apudCautacuzcnum
794 1431 873 1466 771

87 1478 239 1513 Mpaiulum
261 1478 376 1512 pOsilttttl
395 1485 442 1512 pro
458 1477 566 1510 Bniulo,
596 1482 625 1504 ut
642 1477 739 1504 similia
761 1483 874 1512 pnetcr—

86 1531 147 1550 eam
163 1528 302 1551 sexcenta.
320 1522 430 1549 Certum
448 1528 490 1550 est
501 1522 637 1550 Catelanis
654 1522 730 1549 valde
747 1523 874 1550 usitatum
890 1535 911 1563 ο

86 1570 172 1597 fuisse
181 1569 335 1603 Bereugarii
345 1577 452 1596 nomen.
467 1568 494 1595 In
504 1568 665 1596 collectione
679 1569 888 1596 historicorum:

86 1616 133 1651 qui
151 1624 195 1643 res
215 1616 359 1650 Aragonie
390 1617 571 1650 scripserunt.
596 1615 693 1643 saltent
722 1615 876 1649 quindecim

86 1663 233 1690 Catelanos
245 1662 317 1689 viros
335 1662 455 1689 illustres
472 1663 517 1696 qui
535 1662 692 1697 Berengarii
712 1667 878 1694 vocarentur

87 1713 253 1736 memoratos
278 1709 403 1742 reperio;
423 1716 538 1742 qttorttm
566 1708 682 1742 aliquem
700 1709 772 1735 hunc
788 1709 876 1743 ipsum

86 1755 185 1788 fuisse,
201 1755 234 1782 dc
250 1763 304 1790 qtto
318 1754 361 1781 hic
378 1756 478 1789 agitur,
494 1755 669 1787 crediderim,
689 1755 751 1781 licet
764 1754 826 1788 quis
842 1755 878 1781 sit

87 1809 119 1828 cx
135 1801 264 1828 outnibus
289 1801 432 1835 designare
445 1805 520 1828 certo
543 1809 595 1828 non
612 1801 727 1836 possim.
742 1800 801 1828 Vidi
819 1806 879 1836 post

87 1848 146 1874 ltzee
163 1847 218 1882 jattt
239 1847 339 1880 scripta
358 1847 455 1873 librum
473 1846 546 1874 Petri
563 1846 766 1874 d‘Outrcmanni
791 1846 877 1874 nostri

88 1895 121 1920 de
135 1892 250 1919 Excidio
266 1892 430 1924 Cnet-orum,
464 1892 490 1919 itt
520 1899 573 1926 quo
589 1891 658 1925 lego,
674 1900 700 1920 υ.
728 1892 755 1923 5,
773 1900 799 1926 p.
812 1892 875 1924 463,

88 1947 181 1967 verum
197 1942 225 1965 et
251 1938 366 1973 patrium
384 1946 481 1966 nomen
499 1938 580 1972 ltujus
594 1937 752 1973 Mpyrigerii
768 1938 877 1965 Teutzaa

89 1986 172 2012 fuisse
184 1984 360 2018 Berengat'itts
378 1984 494 2011 Entensa
507 1984 548 2011 vel
559 1984 592 2011 de
604 1983 747 2017 lntentt’t’r;
761 1991 876 2018 eumque

89 2032 174 2058 fuisse
189 2037 287 2065 genere
301 2029 470 2057 Catelanum.
499 2029 576 2056 Hunc
591 2028 751 2062 Pltratttzes,
770 2029 787 2056 Ι.
808 2037 828 2061 ι,
849 2037 874 2057 c.

88 2075 116 2107 8.
128 2079 208 2102 vorat
225 2073 436 2106 Piceriotetaam,
454 2072 577 2101 conﬂatis
594 2073 620 2100 in
636 2081 718 2100 unum
744 2078 770 2100 et
800 2082 876 2102 mon-

89 2125 178 2147 strosc
207 2119 343 2152 corruptis
368 2118 509 2146 vocabulis
538 2118 666 2151 duobus,
697 2118 875 2154 Mpyrigerius

91 2165 201 2192 Terina.
216 2165 361 2198 Gregoras,
375 2165 392 2191 I.
410 2173 458 2195 vlt.
477 2173 503 2198 [ι.
518 2164 578 2197 105,
597 2164 707 2199 propius
719 2166 752 2191 ad
769 2164 875 2200 Pachy-

933 237 1099 265 cousrienlia
1119 239 1258 267 Michaelis
1275 241 1386 275 Augusti
1403 247 1527 269 auctores
1546 242 1629 269 fuisse
1643 243 1719 270 necis

933 282 1086 310 Rontzerii.
1105 284 1255 312 Pltrantzes
1272 291 1359 314 tamen
1373 287 1607 320 protovestiarius,
1625 287 1642 315 I.
1659 295 1678 319 ι.
1691 296 1717 316 c.

932 327 959 358 8,
976 328 1080 356 diserte
1104 329 1222 358 allirmat
1246 331 1407 359 Michaelem
1441 333 1603 361 satellitibus
1621 334 1677 361 suis
1692 339 1720 361 et

932 373 1111 407 stipatoribus
1126 377 1270 404 mandasse
1282 383 1309 403 ut
1326 377 1472 412 Bogerium
1490 379 1541 412 (sic
1558 385 1630 406 recte
1646 380 1719 406 Run-

933 419 1046 446 tzcrium
1064 421 1192 456 appellat)
1216 422 1423 450 obtruncarent.
1450 424 1595 459 Gregoras,
1623 426 1640 452 Ι.
1661 434 1695 452 vn
1710 447 1717 457 ,

914 461 916 465 ’
930 471 958 498 p.
974 465 1035 497 10‘2,
1050 466 1086 492 ait
1102 467 1202 494 ctedem
1219 467 1292 494 illam
1313 468 1410 496 factam
1427 477 1440 496 a
1455 470 1584 497 militibus
1599 470 1719 498 Michae-

930 511 973 543 lis,
993 513 1064 546 quod
1077 513 1104 539 ei
1119 513 1217 540 iratum
1232 514 1306 541 illum
1327 521 1450 548 nossent,
1472 522 1574 550 gratam
1591 517 1639 550 ipsi
1661 517 1718 544 tore

930 557 1081 586 arbitratis.
1115 558 1186 587 Idem
1205 564 1294 588 tamen
1316 562 1398 595 paulo
1421 567 1481 597 post
1507 570 1559 589 non
1582 563 1717 596 jttniorettt

930 602 1017 630 solum
1045 604 1090 631 sed
1108 610 1136 632 et
1161 606 1296 633 seniOrem
1315 608 1452 641 Augustos
1482 608 1562 634 istius
1590 608 1718 636 l‘arinoris

930 647 1086 681 suspicione
1101 651 1235 684 aspergit,
1253 651 1316 677 dum
1333 652 1427 678 scribit
1441 652 1616 679 Rontzerium
1633 653 1718 680 iuter‘

931 692 1029 719 fectum
1055 702 1070 720 a
1089 693 1228 727 Romanis,
1245 697 1316 730 quod
1342 697 1416 731 ipsos
1436 699 1494 732 ejus
1517 699 1642 726 accersiti
1657 707 1717 733 po:-

932 739 1040 767 niterct.
1069 741 1141 768 Satis
1156 742 1227 769 enim
1250 747 1324 776 patet
1338 751 1392 770 nntt
1415 751 1429 770 a
1443 744 1554 778 privatis
1573 745 1643 772 ltuttc
1660 745 1716 773 llo-

933 786 1032 817 ntanis,
1051 787 1098 813 sed
1121 786 1156 813 ab
1167 787 1366 821 imperantibus
1378 790 1553 817 accersitunt.

966 831 996 858 Ρ.
1011 832 1074 859 529.
1092 831 1249 860 Catelanum
1262 835 1413 868 quemdam.
1440 835 1543 863 Nomen
1568 835 1648 871 ltujus
1665 837 1717 864 Ca-

930 878 1012 905 telani
1030 878 1118 911 prodit
1134 879 1350 911 Outremanntts,
1370 881 1417 909 lib.
1433 881 1471 908 De
1490 882 1555 909 Exn.
1573 882 1671 914 ϐναεο..
1687 891 1713 910 c.

928 924 954 955 5,
971 932 996 958 p.
1011 924 1074 957 466,
1093 924 1250 952 Fernandez
1267 926 1367 955 Aones.
1388 927 1438 955 Ubi
1455 933 1481 954 ct
1499 929 1559 962 ejus
1577 937 1713 962 socerum,

928 977 1007 1003 quem
1029 969 1125 996 Ῥαοὺλ
1139 971 1227 1005 παχύν
1239 971 1419 1006 Pacltytneres
1434 975 1552 1008 appellat
1565 974 1625 1009 (nos
1643 975 1716 1001 Rau-

928 1015 980 1041 lcm
995 1015 1124 1042 Crassum
1137 1017 1290 1053 vertimus),
1302 1019 1359 1053 ipse
1372 1019 1495 1046 nominat
1506 1020 1649 1047 Itadulfum
1663 1021 1716 1048 Pa-

928 1069 1038 1095 qucum.

963 1108 991 1135 l’.
1009 1108 1070 1136 552.
1096 1109 1151 1137 llac
1173 1111 1305 1138 seditione
1323 1111 1522 1140 Outremauntts
1540 1113 1645 1140 occisos
1659 1121 1715 1140 tne-

928 1160 1016 1181 morat
1042 1155 1201 1183 ltodericum
1230 1156 1313 1184 Perez
1341 1158 1373 1184 de
1402 1157 1430 1184 S.
1449 1157 1547 1189 Cruce.
1569 1159 1714 1185 Arualdmu

927 1202 959 1227 dc
983 1201 1146 1236 Aloncortes,
1164 1207 1190 1229 et
1215 1203 1368 1230 Ferreritmt
1385 1205 1418 1231 de
1438 1203 1570 1236 Torellas,
1584 1212 1598 1231 a
1613 1205 1715 1232 Beren—

927 1248 1001 1281 gario
1027 1247 1128 1281 legatos
1154 1249 1186 1275 ad
1201 1250 1383 1276 Andronicum
1400 1250 1510 1277 missos.

963 1293 1043 1327 772
1073 1293 1102 1320 Ρ.
1121 1293 1183 1320 554.
1206 1293 1319 1321 Circiter
1342 1295 1490 1329 sexaginta.
1517 1295 1648 1329 Superius
1673 1295 1716 1322 di-

928 1345 1003 1365 xerat
1031 1344 1138 1366 centuttt
1168 1340 1361 1375 quinquaginta
1391 1342 1536 1369 Catelauos
1570 1343 1715 1370 comitatus

928 1383 1012 1410 luisse
1030 1384 1206 1412 Rontzerinm
1222 1386 1253 1413 ad
1271 1387 1431 1414 lllicbaelem
1448 1393 1567 1420 euntem,
1583 1393 1636 1414 tmn
1652 1396 1716 1415 eos-

928 1429 987 1455 dettt
1004 1429 1049 1456 illo
1076 1429 1220 1456 interfecto
1235 1434 1339 1465 captos.
1369 1431 1500 1457 Nimirum
1528 1431 1604 1457 multi
1628 1431 1715 1465 primo

929 1476 1044 1502 tntnultu
1065 1476 1193 1510 fugerint,
1212 1477 1287 1504 multi
1313 1477 1383 1512 longi
1401 1478 1519 1504 carceris
1539 1477 1716 1504 incommodis

928 1523 1062 1557 absumpti
1092 1522 1235 1557 perierint,
1254 1529 1282 1550 ttt
1297 1531 1367 1550 nunc
1380 1528 1483 1550 tantum
1504 1524 1644 1558 sexaginta
1669 1531 1716 1550 stt-

931 1572 1079 1602 pcressent.
1106 1568 1241 1603 Gregoras
1264 1574 1291 1596 et
1315 1569 1465 1596 Phrantzes
1495 1569 1611 1596 comites
1633 1569 1716 1595 hosce

931 1614 1070 1642 ltontzerii
1093 1615 1241 1642 liberaliter
1267 1616 1457 1650 multiplicant,
1472 1623 1585 1643 nuutero
1610 1615 1642 1642 ad
1663 1617 1714 1642 du~

930 1666 1024 1687 centos
1041 1661 1221 1688 rottmdaudo.

964 1705 994 1733 P.
1013 1706 1075 1733 558.
1090 1707 1155 1739 Qua:
1182 1707 1225 1733 ltie
1241 1707 1395 1734 referuntur
1422 1707 1456 1734 de
1482 1706 1647 1738 Smiltzaaua,
1663 1706 1716 1732 hoc

929 1757 970 1778 est
998 1760 1082 1779 uxore
1113 1753 1245 1782 Smiltzat.
1274 1760 1333 1787 quae
1358 1752 1446 1786 neptis
1462 1757 1520 1779 erat
1543 1750 1716 1785 imperatoris

930 1800 1077 1826 Andronici
1116 1807 1148 1826 ex
1177 1800 1261 1827 fratre
1287 1800 1464 1826 Constantino
1490 1799 1714 1831 sebastocratore,

930 1846 1079 1879 respiciunt
1105 1845 1179 1880 prius
1193 1851 1303 1873 narrata
1333 1854 1348 1872 ει
1363 1850 1456 1872 nostro
1475 1845 1603 1872 historico
1627 1852 1652 1871 c.
1670 1843 1714 1875 18,

930 1891 949 1918 Ι.
974 1898 1000 1923 v,
1030 1898 1092 1918 cum
1113 1891 1221 1926 quibus,
1250 1896 1279 1919 ut
1308 1891 1504 1926 intelligantur,
1534 1889 1715 1924 comparanda

929 1942 1002 1964 Sttnl.

963 1979 994 2006 Ρ.
1011 1980 1075 2008 559.
1095 1980 1152 2008 lloc
1167 1987 1201 2008 ex
1231 1980 1376 2008 occasione
1402 1980 1583 2016 Pacltyoteres
1606 1979 1715 2013 attingit

929 2027 999 2053 ultra
1015 2032 1101 2054 metas
1114 2026 1172 2061 ejus
1198 2027 1317 2054 historia:
1336 2034 1494 2054 excurrens.
1521 2026 1588 2053 Nam
1614 2027 1665 2053 sub
1684 2027 1714 2052 li-

930 2082 989 2101 nctn
1005 2073 1067 2101 vitae
1085 2074 1256 2108 imperatoris
1273 2073 1411 2102 Michaelis
1432 2073 1563 2105 Junioris,
1580 2081 1659 2108 quem
1678 2073 1713 2099 li-

929 2120 977 2147 bro
997 2120 1095 2147 harum
1113 2119 1228 2147 Observ.
1258 2128 1300 2152 tu,
1329 2127 1354 2147 c.
1368 2120 1393 2151 Ι,
1410 2128 1437 2146 n.
1464 2119 1492 2151 4,
1514 2118 1714 2146 demonstrabi-

930 2174 991 2193 Inus
1006 2171 1141 2193 tnortnuttt
1156 2166 1238 2193 fuisse
1250 2166 1360 2194 Octobri
1374 2165 1459 2192 mensi
1472 2165 1533 2191 atttti
1549 2164 1618 2192 Chr.
1631 2163 1713 2195 1520,

89 2220 192 2238 merent
207 2212 279 2239 ltttnc
292 2211 450 2238 Cutelanum
474 2211 655 2247 Piringeriunt
677 2211 804 2238 Teulzunt
824 2219 874 2239 no-
893 2212 914 2239 D
930 2212 1058 2239 tredecim
1071 2211 1156 2239 ferttte
1171 2212 1251 2239 annis
1269 2217 1327 2247 post
1343 2212 1367 2239 id
1386 2217 1491 2245 temptts
1509 2211 1534 2237 in
1558 2217 1611 2244 quo
1624 2209 1714 2235 llislo-

91 2258 187 2287 mittat.

124 2304 155 2331 P.
174 2303 236 2330 517.
259 2303 326 2336 Τοῖς
349 2303 410 2330 τῶν
432 2303 543 2337 κιῤῥῶν
568 2303 774 2338 παρασήμοις.
800 2303 840 2331 Ita
858 2303 877 2330 Β

89 2351 174 2377 codex
188 2358 195 2382 ;
213 2349 232 2376 V
249 2354 339 2376 autem
355 2351 410 2381 τοῖς
423 2350 454 2375 ἐκ
465 2349 519 2375 τῶν
534 2349 672 2385 κιτρύνων
687 2349 876 2384 παρασήμοις.

89 2396 129 2422 Τὰ
156 2395 242 2431 κιρῤά
257 2395 320 2430 gilvi
338 2396 450 2428 coloris,
478 2401 507 2422 ut
527 2401 620 2423 ttotttttt
633 2401 685 2428 est,
713 2395 877 2423 vestimenta

88 2446 161 2473 sunt.
190 2442 271 2468 ntedii
291 2441 362 2468 inter
373 2441 463 2468 album
479 2446 506 2468 et
523 2441 624 2473 rufum,
645 2441 737 2468 tnelini
764 2449 777 2468 a
799 2441 878 2469 melle

89 2487 251 2522 quihusdam
277 2487 353 2514 dicti.
370 2486 442 2514 [dem
458 2491 548 2514 autent
575 2487 703 2514 videntur
724 2488 878 2522 exprimere

89 2533 122 2559 τὰ
149 2534 264 2567 κιτρυνα
285 2532 305 2559 ν
323 2533 426 2560 codicis
446 2541 454 2561 :
475 2541 524 2560 vox
550 2533 651 2568 quippe
679 2541 709 2560 ea
736 2539 779 2561 est
796 2542 810 2561 a
835 2534 876 2561 κί-

88 2585 145 2612 τρῳ
167 2577 237 2604 malo
252 2577 328 2604 cilrt'o
349 2579 439 2609 ducta,
453 2579 531 2613 cujus
547 2578 659 2606 corticis
684 2579 816 2607 naturalis
831 2587 878 2607 co-

89 2623 132 2650 lor
147 2632 161 2650 a
175 2623 247 2658 gilvo
263 2629 309 2651 attt
325 2624 425 2652 melino
441 2632 493 2652 non
508 2625 654 2652 abhorret.
671 2624 875 2652 Dubito-tamen

89 2670 122 2697 de
146 2670 281 2704 scriptura
304 2678 338 2697 an
362 2679 415 2698 non
443 2672 640 2706 congruentius
664 2673 698 2698 ad
722 2672 876 2706 analogiam

89 2716 173 2743 scribi
193 2717 228 2743 τὰ
250 2717 367 2751 κιτρηνα
391 2718 499 2745 debeat.

126 2762 155 2789 P.
185 2762 247 2790 5l9.
269 2762 307 2790 De
321 2763 390 2790 fabis
420 2771 504 2791 cornu
535 2764 613 2791 lactis
639 2765 799 2791 memoratis
827 2765 877 2792 ltoc

90 2809 148 2836 loco
173 2808 234 2834 vide
256 2808 423 2837 Glossarium
446 2817 472 2837 ν.
498 2810 672 2845 Κερααὸόλοι
691 2810 804 2845 κύαμοι.

127 2854 154 2880 ι».
174 2853 237 2881 526.
264 2853 430 2884 Persuadere
459 2856 508 2884 hac
528 2861 583 2883 tota
607 2856 764 2885 narratione
788 2860 877 2886 studet

931 2259 968 2285 ria
983 2258 1196 2293 Pacltymeriaua
1212 2259 1321 2290 desiuit.
1341 2259 1383 2286 hic
1395 2257 1652 2293 Ospltentisthiabus
1666 2263 1719 2283 rex.

929 2303 1061 2338 Bulgaria:
1093 2303 1262 2331 Theodoram
1294 2304 1406 2330 alteram
1443 2304 1560 2330 liliarutn
1591 2302 1720 2337 ejusdem-

930 2349 1041 2383 Augusti
1058 2343 1195 2376 Michaelis
1208 2349 1328 2377 Junioris
1343 2350 1420 2377 duxit
1436 2358 1559 2381 uxorem,
1576 2354 1654 2383 prout
1671 2348 1713 2375 di-

929 2400 1000 2421 serte
1016 2399 1133 2422 testatur
1161 2394 1297 2429 Grcgoras
1318 2395 1375 2430 ipso
1398 2394 1542 2429 principio,
1559 2394 1584 2427 .l.
1598 2401 1658 2425 vrtt,
1686 2401 1721 2426 pr

929 2440 991 2473 12‘),
1008 2448 1088 2475 quant
1105 2445 1132 2467 et
1149 2440 1227 2475 longe
1252 2441 1326 2474 prius
1343 2439 1452 2474 petiisse
1468 2445 1560 2467 noster
1584 2443 1717 2465 memorat

929 2487 1012 2519 ittl't-a.
1025 2495 1050 2515 c.
1063 2487 1108 2518 27,
1121 2487 1138 2514 Ι.
1152 2495 1199 2514 \'Il.
1217 2487 1302 2514 Porro
1316 2487 1356 2522 (ut
1367 2492 1395 2514 et
1407 2487 1459 2514 hoc
1481 2486 1567 2514 obiter
1585 2489 1721 2519 auctam)-

928 2536 998 2569 quod
1015 2534 1076 2561 ltttic
1089 2533 1224 2561 interdum
1241 2534 1341 2561 nomini
1362 2533 1542 2568 Pacltymeres
1558 2532 1579 2559 Ο
1597 2532 1715 2558 litteram

929 2579 1078 2612 prwmittit,
1092 2579 1142 2606 hoc
1156 2578 1215 2606 loco
1243 2583 1270 2606 et
1294 2579 1453 2613 quibusdam
1469 2578 1530 2605 aliis
1555 2577 1715 2611 Ospheutis-

930 2624 1051 2652 tltlahunt
1069 2632 1178 2657 vocans,
1199 2633 1278 2659 quem
1308 2625 1369 2652 alibi
1396 2623 1645 2659 Splteutisthlahum
1668 2630 1719 2647 tto-

930 2671 1023 2703 minat,
1042 2671 1122 2703 lavet,
1153 2671 1180 2698 tti
1195 2671 1272 2698 fallor
1286 2671 1449 2705 conjectura:
1465 2669 1566 2701 \Vollii,
1595 2668 1664 2695 notis
1680 2667 1717 2694 ad

928 2715 1076 2752 Gregoram
1096 2725 1123 2752 p.
1144 2717 1196 2745 271
1231 2718 1395 2752 sttspicantis
1413 2725 1426 2744 a
1448 2716 1549 2744 Gttccis
1575 2714 1718 2749 Spltetttiac

928 2763 1046 2792 tltlubum
1063 2764 1144 2791 scribi
1161 2772 1258 2791 nomen
1274 2772 1288 2790 a
1313 2764 1487 2791 [’annonibus
1502 2763 1580 2790 hodie
1597 2769 1628 2789 ac
1648 2760 1716 2789 Sar-

929 2809 1009 2836 matis
1024 2809 1194 2838 Venceslaum
1209 2811 1298 2839 eﬂ‘erri
1314 2811 1432 2837 solitum.

964 2857 994 2883 P.
1013 2856 1074 2884 557.
1105 2857 1160 2884 Τοῦ
1174 2858 1285 2885 εἰδέναι
1303 2858 1391 2891 φύσει
1420 2855 1571 2890 όρέγυνται
1587 2853 1711 2886 πάνῑεςο
