1954 3063
219 127 269 160 8Ἶὶ

589 129 620 159 Ρ.
641 129 794 160 POSSlNl
814 128 1138 160 OBSERVATIONUM
1160 128 1232 158 LIB.
1257 125 1467 157 llr-NOTAE.

1795 119 1850 151 832

223 188 348 223 Quinque
365 188 453 222 priora
470 189 551 224 hujus
574 190 718 216 commotis
733 190 815 216 verba
835 189 1003 216 notissimum
1019 193 1044 223 Α
1057 188 1132 220 Quod
1147 188 1217 214 idem
1235 186 1350 213 aitirmat
1367 185 1488 219 Fu-glieta
1507 183 1532 209 in
1563 182 1673 216 Elogiis,
1698 185 1725 207 ct
1741 179 1768 207 in
1790 178 1851 206 Tri-

224 239 287 260 sunt
320 239 348 261 ct
371 235 620 261 decantatissimum
644 235 800 262 Aristotelis
824 235 945 277 clintum,
974 244 1007 262 ex

225 281 303 308 initio
335 281 413 316 primi
443 281 502 314 ejus
526 281 769 315 Metnpltysicorum
797 281 859 308 libr.i
890 280 922 316 [P
944 281 1007 317 557]

225 326 290 359 Quae
301 331 389 353 autem
406 327 533 354 cotttitnte
546 332 711 354 memoratur
728 335 742 353 a
754 327 920 362 Pacbymere
939 322 1009 360 ἆγά-

227 381 309 408 πησις
342 374 397 400 τῶν
418 374 571 407 αἰσθήσεων
593 380 645 400 non
675 379 734 399 eam
763 373 848 399 solum
878 380 958 406 quam
981 372 1009 399 in

228 420 452 454 interpretatione
467 419 588 453 expressi
604 419 808 446 delectationem
840 419 866 445 in
884 427 932 445 usu
950 426 1009 452 pcr-

227 465 344 500 cipiendi
358 465 463 499 objecta
478 472 524 498 per
537 472 635 491 sensus
650 464 790 498 dosiguat,‘
800 464 846 490 sed
867 469 1008 497 pris-terea,

226 511 302 545 juxta
316 511 450 537 notionem
466 510 601 544 propriam
617 510 704 537 Graeci
728 509 802 536 vrrbi
828 510 950 544 ἀγαπᾷν,
967 515 1010 534 sa-

229 557 408 583 tisfactionem
435 559 462 582 et
487 557 563 589 quasi
588 555 693 589 plenam
719 555 871 582 satietatem
891 555 1009 582 hominis

228 602 359 632 contenti,
378 601 529 628 desiderare
546 601 604 635 plus
622 608 676 627 non
694 601 820 632 valentis,
837 601 898 626 dum
913 600 1011 626 fruitur

229 652 321 680 vegeta
336 646 463 673 facultate
494 654 603 673 suorutn
632 648 751 673 omnium
780 654 917 673 sensmnu.
935 645 1010 673 lianc

227 694 344 727 quietem
364 693 486 719 humana!
502 692 670 719 curiositatis
698 692 726 718 in
740 699 788 718 usu
810 691 935 725 expedito
948 698 1010 717 sen-

228 746 306 765 suum
323 738 459 772 eleganter
475 738 594 764 declarat
615 738 721 769 Cicero,
739 737 757 764 Ι.
774 745 792 764 ιι
827 736 1010 769 Qua’stionum

230 785 445 811 Academicorum
468 784 510 810 his
532 783 620 810 verbis
637 791 644 810 :
663 783 809 810 Ordiamur
822 803 829 810 .
841 803 848 809 .
863 802 870 809 .
893 791 908 809 a
924 783 1009 810 semi-

229 831 297 861 bus;
312 837 423 864 quorum
449 830 487 855 ita
500 830 574 855 clara
588 829 694 862 judicia
711 834 734 856 et
750 833 822 855 certa
839 832 911 860 sunt,
929 833 968 860 ut,
987 828 1010 854 si

1063 239 1140 261 stano
1155 233 1247 265 Golco,
1263 233 1280 260 Ι,
1299 240 1355 264 xtx,
1372 238 1398 258 c.
1414 231 1477 261 421»,
1491 230 1537 264 qui
1553 233 1580 255 ct
1597 229 1633 254 ait
1650 228 1684 254 ob
1699 226 1851 261 potentiam

1062 280 1148 314 Opicii
1165 285 1261 306 omnes
1279 277 1363 304 Italiae
1386 277 1511 304 civitates
1533 275 1559 302 in
1577 282 1609 301 eo
1633 273 1725 300 oculos
1745 272 1851 300 ﬁxisse.

1099 323 1169 350 lbitl.
1186 323 1256 350 Data
1273 323 1301 349 in
1318 321 1513 349 matrimonium
1528 320 1596 354 ﬁlia.
1618 319 1679 345 Ha'c
1693 318 1747 345 ﬁlia
1762 318 1855 352 Opicii‘

1063 370 1180 404 Spinolae
1205 369 1350 396 Theodoro
1379 367 1531 399 Palaeologo
1548 365 1746 394 Montisicrrati
1780 372 1852 390 mar-

1063 417 1153 444 cltioni
1168 419 1250 450 nupta
1270 414 1418 448 Argeulina
1431 413 1589 439 vocabatur.

1100 460 1173 488 Ibid.
1190 460 1251 493 Agit
1269 460 1301 486 de
1318 458 1472 485 Theodoro.
1496 456 1597 484 Vocem
1622 455 1746 483 Graecam
1764 454 1853 484 ἀππις

1064 513 1116 533 non
1134 505 1213 533 debui
1238 509 1346 531 vertere
1368 503 1424 529 sine
1447 501 1536 528 liberi:
1554 501 1602 528 sed
1621 502 1676 528 sine
1694 500 1767 535 prole
1782 507 1854 526 mns-

1063 553 1122 580 rnla
1137 560 1147 579 :
1163 552 1293 586 quoniam
1319 549 1441 578 historici
1462 549 1521 576 Itali
1549 548 1685 575 allirmant
1703 551 1794 574 natam
1818 554 1854 574 ex

1064 598 1218 632 Argentius:
1241 596 1359 627 Snioolte
1383 603 1445 622 cum
1463 595 1606 621 Theodoro
1624 593 1772 625 I'alteologo
1789 600 1855 618 con-

1060 642 1228 677 jugioliliatn
1246 641 1373 668 Jolantett
1401 641 1514 670 dictam,
1531 638 1573 675 [Ρ.
1588 638 1653 674 ὅπει
1672 646 1731 671 quae
1756 641 1853 672 postea

1063 688 1155 722 nupsit
1171 687 1284 723 Aymoni
1301 687 1394 714 comiti
1411 686 1566 713 Sal-audite.
1585 684 1697 712 Videtur
1712 684 1754 711 hic
1769 683 1857 711 fuisse

1065 734 1138 761 [ilius
1154 733 1266 760 Amadei
1285 732 1330 764 IV,
1352 733 1395 759 cui
1412 737 1503 766 postea
1522 730 1647 757 morienti
1681 730 1706 756 in
1721 729 1857 756 comitatu

1064 780 1207 812 successit,
1237 780 1354 813 quando.
1383 779 1459 813 quasi
1475 783 1504 804 ιιι
1523 777 1678 805 ostenderet
1695 784 1776 810 qualn
1799 783 1862 801 non-

1064 834 1125 854 eutn
1156 826 1303 860 pmniteret
1331 825 1471 852 all‘initatis
1497 831 1558 851 cum
1589 823 1669 850 domo
1700 821 1855 855 Palaeologa

227 876 299 910 optio
324 879 428 902 natura:
457 880 554 902 neum
571 875 659 906 detur,
686 880 710 901 et
725 874 756 900 ab
781 882 812 901 ea
836 874 899 901 deus
915 873 1010 908 aliquis
1026 869 1049 899 Β
1063 877 1218 904 contractio,
1236 870 1416 899 libentissime
1428 870 1567 898 cousensit
1579 869 1604 896 itt
1622 868 1790 904 propositam
1802 868 1854 900 ipsi

230 922 344 955 requirat
360 925 514 947 contentane
529 921 564 947 sit
586 921 641 947 suis
663 921 775 955 integris
803 920 1012 955 incorruptisque

229 966 357 998 sensibus,
389 975 423 993 an
439 967 552 1000 postulet
575 967 668 993 melius
698 966 811 1001 aliquid,
829 975 882 993 non
910 967 1013 993 videam

229 1013 292 1048 quid
307 1017 409 1047 qureret
421 1013 543 1047 amplius.
559 1013 696 1040 Hactenus
712 1014 824 1040 Tullius.

267 1060 398 1087 Cmterum
421 1061 464 1094 (de
482 1068 536 1094 quo
563 1060 647 1087 semel
661 1060 844 1087 admouendus
860 1060 903 1087 hic
929 1059 1013 1086 lector

232 1106 284 1141 est)
302 1105 385 1132 codex
412 1105 530 1139 optimus
558 1105 720 1131 Barbcrious
746 1104 790 1131 hic
816 1105 939 1132 deserere
964 1111 1013 1131 nos

233 1150 336 1185 incipit,
353 1150 457 1177 crebris
476 1149 501 1176 iu
519 1150 620 1184 reliquo
633 1149 712 1184 773
727 1149 787 1176 libri
812 1149 892 1183 hujus
910 1149 1013 1177 lacunis

231 1195 321 1226 hians,
337 1200 360 1222 et
383 1194 427 1221 ubi
443 1194 584 1221 continuat
605 1200 741 1228 utcunque
767 1193 954 1228 scriptionem,
970 1194 1013 1220 in-

233 1242 336 1267 terdtnu
355 1241 570 1272 irreparabiliter
582 1246 738 1275 corruptus.
758 1240 833 1268 Unde
855 1241 957 1267 assntis
974 1240 1014 1267 illi

232 1287 265 1313 ad
276 1287 376 1313 calcem
395 1287 587 1320 supplementis
602 1295 634 1313 ex
650 1287 711 1314 aliis
737 1286 948 1320 exernplaribus,
965 1286 1014 1312 de—

232 1333 346 1367 iigcutes
370 1333 518 1360 attentione
553 1341 647 1367 magna
678 1341 736 1367 quae
759 1333 943 1367 probabiliora
977 1333 1016 1359 vi-

233 1379 375 1410 debantur,
392 1378 432 1405 usi
459 1385 530 1412 samo
553 1385 664 1411 sunms;
681 1386 712 1405 ex
731 1379 824 1405 codice
853 1379 916 1412 quin
933 1378 1013 1404 etiam

233 1423 279 1451 illo
301 1425 439 1454 Vaticano,
453 1424 503 1450 etsi
513 1424 621 1458 evagari
635 1425 668 1450 ab
691 1424 810 1450 auctoris
826 1424 915 1450 verbis
933 1424 1016 1450 libere

233 1470 323 1500 solito,
339 1470 382 1497 ubi
396 1471 490 1498 melius
504 1477 555 1498 non
577 1470 707 1504 occurrit,
731 1475 920 1504 cxcerpentcs,
945 1470 1016 1497 unde

233 1518 393 1544 sententiam
413 1517 580 1544 tolerabilem
605 1517 784 1544 elliccremus.

268 1562 297 1589 Ρ.
315 1563 376 1590 585.
391 1563 480 1590 Saltus
493 1567 517 1589 et
528 1563 595 1597 juga
607 1567 740 1598 prterupta
763 1563 856 1590 montis
870 1561 936 1589 Cani
952 1562 1017 1589 vali-

233 1611 274 1637 dis
289 1619 395 1638 suorum
408 1611 508 1637 insessa
532 1611 662 1644 prasidiis
678 1611 774 1636 nostris
798 1611 871 1636 invia
890 1610 1018 1643 fecerunt.

233 1655 379 1690 Postquam
396 1657 451 1683 haec
465 1662 543 1682 erant
566 1657 648 1688 edita,
664 1656 785 1682 dubitavi
801 1664 833 1682 an
849 1665 900 1683 non
926 1657 1018 1683 Grteca

234 1702 276 1728 bis
289 1702 489 1735 respondentia,
507 1702 552 1728 καὶ
568 1702 617 1733 τὰς
640 1702 688 1736 μὲν
701 1701 855 1736 δυσχωρίας
869 1701 916 1727 τεῦ
931 1702 1019 1728 Γάνον

235 1747 284 1772 κει).
306 1746 366 1773 λίαν
392 1746 613 1780 διεφυλάττοντο,
629 1749 719 1780 potius
746 1746 933 1780 signiﬁcarent
957 1747 1018 1782 iuga

236 1798 369 1827 praerupta
387 1792 453 1819 Gani
469 1793 557 1820 adlutc
572 1801 585 1818 a
611 1793 741 1819 Romanis
765 1794 849 1820 fuisse
874 1793 1018 1821 custodita.

235 1839 326 1871 Quare
343 1839 449 1866 barbari
465 1844 527 1867 tunc
538 1844 642 1867 tantum
660 1840 796 1874 potuerint
810 1841 1020 1874 incursarequte

242 1886 310 1913 :irca
326 1885 430 1913 Ganutn
456 1891 532 1913 sunt.
553 1886 600 1912 Cui
617 1886 737 1920 opinioni
754 1886 826 1913 favet
849 1885 919 1920 quod
938 1886 1018 1918 intra.

236 1939 262 1958 c.
284 1931 329 1965 ‘21,
353 1936 481 1964 tanquam
504 1938 631 1959 eventutn
665 1932 706 1959 his
732 1932 866 1966 posterius
892 1932 1018 1964 refertur,

235 1983 309 2004 artas
334 1978 427 2005 lances
454 1972 522 2005 Gaul
550 1979 648 2006 montis
671 1979 705 2005 ab
732 1978 907 2012 Amogabaris
936 1978 1020 2004 fuisse

236 2029 390 2056 penetrans
405 2029 430 2050 et
445 2031 533 2051 arcem
552 2025 578 2050 in
594 2024 660 2059 jugo
674 2025 792 2059 positam
807 2030 925 2058 captam.
940 2023 1018 2050 Juxta

236 2069 315 2096 istaut
333 2070 495 2097 sententiam
510 2070 602 2104 reilngi
622 2071 701 2097 debet
715 2078 772 2097 utea
789 2070 976 2104 interpretatio
992 2069 1018 2096 in

237 2115 309 2141 hunc
325 2115 432 2141 modum
453 2123 459 2141 :
480 2115 562 2141 Dum
579 2115 651 2142 illius
682 2115 777 2150 gentis,
800 2123 858 2141 cum
884 2114 967 2140 saltus
994 2119 1018 2141 et

231 2161 299 2195 jnga
316 2166 449 2195 prmrupta
468 2161 535 2188 Cani
557 2162 653 2188 montis
670 2162 757 2188 valide
777 2161 863 2187 adhuc
889 2160 1020 2187 custodita

1063 918 1247 946 conditionem
1260 917 1342 953 ⁵174
1352 917 1454 944 sororis
1470 924 1525 944 sua:
1537 915 1648 943 Joannte
1659 916 1750 950 (quam
1764 913 1857 942 (ἓτταὶ

1063 965 1169 993 Annam
1188 965 1368 998 vocaverunt)
1386 963 1543 991 Andronico
1566 960 1684 993 iuniori,
1714 960 1856 987 Michaelis

1063 1012 1162 1046 saepius
1190 1012 1241 1038 hoc
1258 1017 1340 1045 opere
1358 1009 1498 1037 memorati
1519 1008 1585 1040 lilio,
1604 1007 1630 1034 in
1658 1006 1765 1041 itnperii
1791 1013 1858 1032 cou—

1064 1059 1177 1086 sortium
1192 1058 1287 1091 ascito,
1307 1056 1482 1089 collocandae,
1499 1059 1579 1091 prout
1596 1054 1657 1081 l'usc
1675 1058 1770 1081 narrat
1782 1054 1857 1081 Can-

1065 1109 1231 1136 tacnzenus,
1247 1103 1267 1131 l.
1288 1111 1309 1135 ι,
1328 1111 1352 1130 c.
1367 1102 1413 1130 40.

1099 1149 1130 1176 Ρ.
1146 1150 1209 1177 6H.
1223 1148 1307 1176 Filius
1319 1149 1423 1176 Chalau
1436 1149 1553 1183 Apagas,
1571 1156 1623 1175 non
1635 1147 1720 1175 frater
1740 1149 1812 1176 erat,
1829 1150 1860 1173 ut

1065 1197 1187 1230 agnoscit
1204 1196 1260 1230 ipse
1274 1195 1464 1230 Pacltymercs.
1480 1195 1531 1222 vol.
1547 1194 1569 1225 l,
1585 1203 1611 1228 p.
1628 1194 1691 1225 175,
1709 1198 1736 1220 et
1759 1194 1786 1220 in
1804 1194 1858 1220 hac

1065 1243 1183 1269 secunda
1201 1247 1286 1274 parte,
1306 1249 1333 1274 p.
1350 1241 1414 1272 262,
1429 1241 1555 1274 idemque
1571 1245 1734 1268 attestantur
1745 1247 1856 1266 sumnn

1066 1295 1200 1314 consensu
1227 1287 1350 1314 historici
1369 1288 1480 1313 Arabes.
1499 1286 1566 1313 Vide
1584 1286 1680 1313 librum
1705 1294 1733 1312 ιιι
1760 1287 1858 1312 barum

1066 1333 1306 1365 Observationum,
1324 1341 1349 1360 c.
1377 1333 1402 1364 7,
1423 1341 1450 1359 ιι.
1480 1333 1524 1358 1‘2.
1554 1332 1749 1366 lgnoscendunt
1775 1332 1860 1365 igitur

1067 1381 1117 1406 hoc
1131 1380 1190 1406 loco
1206 1384 1247 1406 est
1263 1379 1431 1413 μνημονικὸν
1447 1379 1559 1413 σφάλμα
1578 1379 1750 1412 Pachymcri.

1102 1424 1132 1451 P.
1151 1423 1214 1452 6‘20.
1233 1424 1352 1458 Μαρίαν
1370 1423 1428 1458 τὴν
1444 1423 1613 1451 δέσποιναν
1639 1422 1700 1450 τῶν
1720 1425 1861 1457 Μουγου-

1067 1470 1144 1497 λίων
1170 1469 1414 1505 θρυλλοιιμένην.
1447 1469 1581 1496 Similiter
1602 1469 1715 1495 inferius
1732 1478 1757 1503 p.
1778 1469 1830 1496 637
1849 1478 1857 1495 ε

1069 1516 1229 1551 Δὺταδέ).φη
1251 1516 1298 1542 τοῦ
1317 1516 1452 1550 βασιλέως
1470 1515 1574 1551 Μαρία,
1593 1516 1641 1542 καὶ
1661 1515 1714 1541 τῶν
1728 1516 1858 1548 Μουγω-

1069 1563 1133 1590 λίων
1145 1563 1215 1589 οὕτω
1232 1571 1292 1594 πως
1304 1563 1432 1589 δέσποινα
1452 1562 1651 1596 ὀνομαζομένη.
1664 1562 1859 1596 Cartupantani

1071 1611 1221 1638 successori
1241 1611 1355 1637 Cazanis
1369 1616 1396 1637 et
1412 1618 1480 1637 novo
1497 1610 1564 1637 Κτηιὶ
1581 1610 1765 1637 Tocharonnn
1778 1609 1861 1636 obtu-

1071 1657 1138 1683 lerat
1156 1657 1183 1683 iu
1210 1665 1336 1691 sponsam
1367 1657 1537 1683 Andronicus
1566 1657 1703 1691 Augustus
1735 1664 1859 1683 sororem

1071 1703 1206 1737 propriam
1224 1702 1348 1734 Mariam,
1363 1702 1405 1738 [Ρ.
1423 1701 1487 1738 559]
1501 1708 1526 1729 et
1546 1702 1592 1729 illo
1608 1707 1769 1736 acceptante
1784 1711 1860 1728 eain-

1070 1749 1130 1775 dent
1163 1756 1223 1776 cum
1247 1749 1321 1782 regio
1343 1749 1473 1776 comitatu
1501 1749 1615 1775 Nirteam
1645 1749 1766 1776 miserat.
1785 1747 1861 1774 llanc

1070 1796 1108 1821 ait
1121 1795 1265 1822 historicus
1279 1795 1358 1829 vulgo
1371 1795 1453 1822 fuisse
1469 1795 1634 1822 nominatam
1647 1794 1786 1821 dominam
1803 1793 1861 1820 llu-

1070 1841 1215 1874 guliorutn.
1228 1841 1273 1868 Sic
1285 1841 1357 1868 enim
1370 1841 1539 1876 Moguleuses
1551 1841 1686 1875 principes
1700 1840 1860 1873 primarimt

1070 1895 1094 1915 et
1116 1896 1170 1922 pra:
1185 1888 1290 1914 ceteris
1307 1888 1424 1915 nobilem
1443 1896 1554 1914 uxorem
1571 1887 1694 1913 solebant
1716 1895 1730 1912 a
1749 1888 1859 1913 ueteris

1070 1934 1236 1967 distinguere
1266 1935 1360 1961 addito
1386 1935 1410 1960 ci
1439 1934 1554 1960 domitu:
1580 1934 1670 1960 titulo.
1701 1933 1727 1959 l:l
1755 1934 1859 1960 diserte

1071 1985 1187 2006 testatur
1201 1979 1433 2014 Abnlpharagius,
1458 1988 1485 2014 p.
1505 1979 1558 2007 429
1579 1979 1620 2006 sui
1637 1979 1766 2007 Cltronici
1789 1981 1860 2006 Ara—

1071 2026 1130 2057 ωδε,
1147 2033 1230 2060 agens
1246 2026 1279 2053 de
1294 2025 1485 2060 Gingizehano
1511 2026 1598 2060 primo
1622 2026 1787 2060 imperatore
1802 2026 1860 2053 Mo-

1071 2072 1233 2105 gulensium,
1250 2072 1330 2106 cujus
1356 2080 1468 2099 uxorem
1487 2071 1644 2105 primariam
1667 2077 1695 2099 et
1722 2072 1861 2099 nobilissi-

1071 2126 1162 2150 manr,
1184 2118 1293 2146 arahice
1308 2118 1342 2144 Αι
1364 2118 1481 2151 Chatuu,
1512 2119 1562 2145 hoc
1582 2123 1621 2145 est
1645 2117 1781 2144 dominam
1811 2125 1860 2143 vo-

1070 2168 1170 2196 catam,
1188 2164 1298 2198 proprio
1315 2164 1423 2191 nomine
1441 2168 1621 2197 nuncupatam
1638 2162 1721 2189 fuisse
1737 2164 1773 2188 ait
1796 2162 1860 2188 Oui-

236 2213 336 2234 tenlare
353 2216 403 2234 non
427 2208 563 2238 auderent.
593 2208 680 2235 varias
707 2215 739 2234 ea:
763 2207 912 2234 abundante
941 2208 1019 2233 turba
1037 2208 1057 2235 D
1074 2210 1161 2236 suntin
1178 2209 1250 2244 Begi.
1268 2209 1402 2237 Similiter
1422 2210 1447 2236 in
1476 2209 1537 2236 aliis
1554 2216 1669 2243 quorum
1687 2209 1784 2235 ordine
1801 2216 1860 2234 mr-

236 2255 366 2287 ton/Iotas
381 2262 473 2280 manus
492 2262 697 2289 quoquoversum
715 2255 870 2286 eminentes,
893 2259 945 2280 etc.
963 2253 1019 2280 lloc

237 2302 358 2330 indicare
375 2303 456 2334 volui,
473 2303 522 2329 etsi
535 2302 622 2329 adhuc
636 2301 749 2329 sentiam
764 2309 816 2328 non
830 2309 926 2328 carere
943 2301 1018 2335 peni-

238 2355 281 2376 tus
297 2349 529 2376 rerisimilittniiue
542 2357 622 2384 quam
635 2349 753 2383 expressi
769 2349 794 2375 in
813 2349 891 2375 ezlilis
909 2353 1020 2375 senten-

237 2396 312 2422 tiam.
323 2395 551 2423 l'otuerontenim
566 2395 738 2429 Amogabari,
755 2403 788 2422 ne
800 2403 814 2421 a
827 2400 902 2428 tergo
920 2395 1019 2422 irrum-

235 2442 362 2476 ‘tt'nlibtls
379 2442 542 2476 pra-sidariis
555 2443 624 2467 areis
639 2440 705 2468 (Σηιιί
728 2442 907 2473 czcderenlur,
926 2445 1020 2467 custo-

236 2490 285 2515 des
303 2489 366 2522 ipsis
382 2493 557 2522 augustarum
576 2487 693 2514 faucium
711 2495 725 2514 e
739 2488 795 2514 suis
811 2494 957 2521 opponere.

273 2533 304 2561 Ρ.
319 2534 381 2561 598.
406 2534 442 2560 Ex
460 2534 642 2561 monumentis
660 2533 841 2560 Gmnensinin
860 2534 944 2560 habeo
973 2541 1020 2560 vo-

234 2587 325 2608 catum
341 2581 411 2608 bttnc
426 2580 549 2615 Opicium
569 2581 718 2614 Spinolam,
735 2581 951 2616 potettlissin'um
969 2582 1020 2608 titt-

235 2637 294 2655 cent
323 2627 531 2659 Gihcllinorum,
559 2635 687 2662 generum
712 2628 841 2662 prinr‘ipis
867 2628 1019 2656 Antiochia!

235 2673 263 2700 ﬁl
278 2674 283 2699 i
297 2673 458 2700 Fridericiil
470 2673 650 2707 imperatoris,
663 2678 688 2699 ul
702 2673 818 2700 allirmat
831 2673 1017 2705 Constantius.

234 2728 262 2747 c.
281 2719 346 2752 238,
359 2719 387 2746 in
406 2719 526 2747 historiis
543 2719 654 2747 Sit-ilize.
684 2721 767 2747 Porro
791 2719 883 2746 Zurita
901 2724 966 2747 tom.
984 2720 1017 2752 ll,

236 2773 262 2791 ι’.
280 2764 322 2797 i2,
341 2769 367 2791 et
381 2763 489 2796 Corius,
504 2772 528 2791 c.
546 2765 608 2798 165,
625 2766 700 2792 aiunt
721 2765 884 2800 Palzcologos
900 2766 1020 2796 exquisi-

236 2812 309 2837 vissc
327 2810 482 2837 nlllttll'u't‘llt
499 2820 559 2839 cum
579 2813 657 2838 modo
682 2816 830 2838 memorato
842 2812 937 2845 Upicio
959 2813 1020 2846 Spi-

239 2858 313 2889 tmla,
335 2863 363 2884 ut
390 2865 438 2892 per
471 2858 544 2885 illum
571 2857 719 2885 Gibellinos
748 2857 798 2884 sibi
833 2858 1017 2894 adiungerent.

1076 2255 1152 2282 tninit
1167 2255 1377 2289 imperatoribus
1393 2255 1451 2290 ejus
1471 2255 1559 2290 gentis
1582 2255 1740 2289 plerumque
1758 2262 1861 2281 memo-

1075 2307 1114 2328 rat
1132 2303 1294 2336 praeipuam
1315 2301 1447 2335 cujusque
1464 2301 1620 2334 coniugem,
1635 2308 1742 2335 semper
1757 2300 1794 2327 illi
1814 2301 1859 2327 uni

1075 2350 1195 2376 tribuens
1209 2340 1313 2375 titulum
1333 2347 1438 2374 Chatuu
1453 2347 1510 2374 sive
1527 2346 1672 2381 praeposito
1691 2347 1808 2374 articulo
1826 2348 1860 2373 At

1074 2394 1199 2425 Clmtuu;
1216 2401 1296 2427 quem
1314 2393 1422 2420 titulum
1449 2393 1593 2420 Eduardus
1608 2392 1770 2423 Pocockius.
1788 2392 1861 2419 Lati-

1075 2449 1126 2467 nus
1142 2441 1202 2474 ejus
1215 2440 1342 2467 Chronici
1365 2440 1511 2474 interpres,
1527 2439 1594 2466 solet
1611 2439 1766 2472 exprimere
1782 2447 1862 2466 voca-

1074 2487 1138 2514 bulo
1151 2487 1273 2514 dominre.
1291 2486 1371 2513 Maria
1389 2487 1470 2520 igitur
1483 2485 1641 2520 Palteologa.
1659 2485 1698 2511 uti
1712 2485 1769 2520 jam
1788 2493 1860 2512 nunc

1075 2533 1203 2566 primaria
1218 2541 1285 2560 uxor
1309 2533 1517 2566 Carmpantanis
1532 2531 1614 2558 Kanis
1633 2531 1826 2566 Muguliorum,
1846 2540 1860 2558 a

1074 2579 1131 2607 suis
1148 2579 1251 2607 Grmcis
1279 2579 1385 2606 titulum
1399 2578 1504 2606 Chatun
1519 2579 1543 2605 ei
1558 2586 1572 2605 a
1595 2578 1796 2612 Mogulensibns
1813 2579 1861 2604 Iri-

1074 2626 1168 2653 butum
1194 2633 1241 2653 sua
1265 2626 1355 2661 lingua
1386 2626 1563 2652 reddentibus
1591 2625 1719 2651 δέσποινα
1753 2625 1860 2651 domum

1075 2672 1256 2707 Mugnliorum
1286 2672 1466 2704 vocitabatur,
1492 2676 1571 2705 prout
1597 2671 1638 2698 his
1663 2671 1769 2698 duobus
1795 2672 1860 2698 locis

1077 2719 1256 2754 Pacbymeres
1271 2718 1397 2745 allirmat.

1112 2765 1143 2792 P.
1159 2765 1221 2792 629.
1237 2764 1346 2800 Dizyam
1365 2763 1449 2791 l'uisSe
1468 2764 1494 2791 in
1518 2763 1723 2791 mediterraneis
1739 2762 1861 2789 Thr-avie

1079 2813 1181 2838 dudum
1199 2812 1347 2838 docuerunt
1368 2811 1530 2837 Ptolonueus
1545 2815 1572 2836 et
1588 2809 1754 2843 Stephanus.
1781 2809 1861 2834 El-i‘uv

1080 2863 1170 2886 autem
1180 2857 1314 2891 eamdem,
1323 2865 1375 2884 non
1385 2856 1482 2892 κώμην
1495 2855 1640 2887 esstitissr,
1652 2855 1794 2887 civitatem,
1809 2862 1858 2880 non
