1954 3063
235 125 293 158 835

703 125 737 157 Ρ.
758 124 909 155 POSSINI
926 124 1256 156 OBSERVATIONUM
1270 125 1343 155 LIB.
1363 124 1421 156 IIl.

1820 127 1876 159 836

232 183 268 210 25
285 182 386 210 solidos
408 182 551 216 addamus,
573 176 619 210 ilet
647 190 735 210 annus
755 184 858 211 Christi
887 183 966 216 l30't,
998 184 1024 210 in
1041 189 1062 214 Α
1078 190 1101 209 ιι
1119 184 1203 210 seriei
1226 183 1407 216 ηιῑιιεείιιιυηι,
1432 183 1590 210 duodecima
1619 184 1712 210 mensis
1740 184 1873 218 Ortobris.

232 231 313 266 cujus
327 231 373 258 die
397 231 542 258 undecima
571 231 727 258 Decembris
749 239 861 259 necesse
874 231 909 258 sit
928 236 1027 258 metam

233 279 354 312 deligere
378 278 500 305 ultimam
522 278 653 312 temporis
675 278 726 305 hac
744 278 860 305 historia
884 277 1026 312 descripti.

233 325 302 358 Quia
317 332 381 351 vero
396 324 422 351 in
438 323 601 351 collectione
618 323 752 357 majorum
769 329 939 350 summarum
970 321 1028 350 fere

233 369 359 397 minutiae
373 375 599 402 contemnuntur,
619 370 690 396 haud
706 376 872 404 magnopere
891 376 1028 403 repugna-

233 416 364 448 verim,si
377 416 438 450 quis
462 416 539 442 malit
557 425 570 442 a
590 415 719 442 Kalendis
739 415 879 442 Januariis
908 414 940 450 [Ρ
962 413 1026 449 562]

233 462 297 489 anni
324 462 426 490 Christi
452 462 521 490 l'283
540 462 619 495 hujus
634 462 761 490 Historiae
786 462 893 490 initium
916 464 1026 493 ducere,

233 517 267 537 ac
299 510 379 537 tinem
405 510 528 543 ejusdem
558 510 585 537 in
611 510 744 538 Kalendis
762 510 859 537 iisdem
875 509 940 536 anni
958 509 1028 536 1308

233 562 367 589 statuere,
391 556 521 591 neglectis
552 557 696 591 utrobique
716 557 812 591 viginti
846 556 953 584 diebus.
981 555 1026 590 qui

233 610 314 637 Supra
331 604 450 637 priorem
476 604 609 638 epocham
639 604 791 634 abundant.
809 603 954 638 posteriori
978 603 1026 629 de-

231 656 296 679 sunt
310 651 343 678 ad
364 651 512 685 perlectam
532 651 741 685 plenitmlincm.

269 698 314 724 lll.
341 697 373 724 Et
394 697 567 724 commodum
592 698 625 724 ad
653 697 733 725 istam
761 696 873 731 putandi
892 697 1025 724 rationem

232 744 300 771 satis
318 748 380 778 apte
393 743 528 778 quadram
549 743 613 770 anni
631 743 693 770 vitae
713 743 871 775 Andronici,
893 751 962 777 quos
984 744 1026 770 in-

232 790 376 825 signiendo
405 789 539 824 principio
567 789 647 823 spatii
674 794 846 816 narratarum
873 797 888 815 a
917 797 946 818 se
974 789 1026 816 hoc

228 843 314 869 opere
327 843 416 862 rerum
434 840 524 862 noster
536 836 645 862 adhibet
663 835 820 862 historicus.
837 835 904 862 Nam
921 836 1024 862 editum

233 881 261 908 in
279 881 367 908 lucem
384 880 426 907 vel
441 888 534 908 mense
555 880 686 908 Januario
706 881 746 908 vel
763 880 908 908 Februarii
924 881 1026 916 princi-

232 928 278 963 pio
294 928 479 955 Andronicum
503 928 576 955 hunc
593 928 796 962 imperatorem.
818 927 920 955 dudum
940 928 1025 955 colle-

231 976 321 1009 gimus
351 975 416 1010 (vol.
449 973 470 1006 l,
488 982 516 1008 p.
545 974 608 1008 743)
634 982 667 1001 ex
694 974 747 1002 illis
767 973 913 1009 Nicephori
935 975 1026 1001 verbis

232 1022 251 1049 l.
269 1030 294 1053 x,
312 1029 339 1056 p.
356 1022 419 1052 2N.
436 1021 534 1056 quibus
551 1022 576 1048 in
594 1021 721 1048 monodia
736 1022 769 1048 de
783 1021 932 1047 Andronici
949 1020 1024 1055 cjns-

232 1069 294 1095 dum
308 1069 383 1095 obitu
409 1067 526 1094 aiIirtnat
545 1075 607 1094 eum
631 1067 676 1094 die
697 1067 859 1094 duodecimo
882 1066 1025 1094 Februarii

234 1115 395 1141 morientem
410 1114 561 1149 explevisse
583 1119 683 1140 annum
698 1114 787 1140 atatis
802 1118 927 1148 quartum
943 1121 1025 1147 supra

233 1162 463 1196 Septuagesimum
479 1170 485 1188 ί
501 1159 641 1196 Τέταρτον
659 1160 708 1194 μὲν
734 1151 786 1195 ἥδη
810 1160 859 1186 καὶ
875 1159 1027 1194 ἑϐδνιμηκο·

234 1208 299 1234 στδν
314 1207 374 1238 ἔτος
395 1207 450 1234 ἀπὸ
476 1207 612 1241 γενέσεως
631 1206 706 1241 αὐτῷ
726 1206 891 1232 τελευτῶντι
908 1207 1024 1241 ἡνύετοσ

232 1254 353 1287 Quartus
363 1259 387 1281 et
398 1254 608 1288 septuaguiums
623 1261 709 1280 attnus
724 1262 739 1280 α
754 1253 891 1280 nativitate
901 1253 952 1288 ipsi
965 1262 1023 1280 mo-

233 1300 313 1327 ricnti
330 1299 524 1326 absolrcbatur.
544 1298 612 1326 Cum
631 1304 722 1325 autctn
739 1306 799 1325 eunt
815 1305 907 1326 uatum
928 1299 1026 1326 delini-

233 1346 354 1373 vcrimus
378 1345 479 1372 ibidem
511 1353 584 1372 anno
609 1345 712 1373 Christi
735 1345 823 1377 1258,
846 1345 1024 1378 intelligimus

232 1392 320 1427 ipsum
341 1393 493 1427 ingressum
519 1399 621 1419 annum
655 1397 781 1426 quartum
807 1396 836 1418 et
865 1393 1023 1420 vicesimqu

232 1438 320 1464 aetatis
351 1439 438 1472 primo
464 1438 652 1472 sesquimense
678 1438 742 1464 antti
759 1437 859 1465 Christi
884 1437 1027 1470 l282,cu-

228 1484 276 1518 jus
300 1483 363 1510 antti
390 1492 482 1511 mense
505 1483 604 1511 ultimo
623 1483 693 1517 patri
722 1484 861 1511 decedenti
885 1485 960 1512 solus
998 1487 1024 1511 in

232 1531 347 1565 imperio
363 1530 510 1558 succedens
527 1535 663 1557 extremos
682 1531 809 1558 trahebat
835 1539 943 1558 mensus
961 1531 1023 1558 anni

230 1585 288 1604 suae
308 1578 370 1604 vita.-
387 1577 477 1610 quarti
501 1581 528 1604 et
552 1577 685 1608 vicesimi,
703 1582 763 1612 post
784 1585 835 1604 non
853 1577 949 1605 tnultos
965 1579 1024 1605 dies

232 1623 393 1650 vicesimum
408 1623 534 1657 quinlutn
548 1622 683 1655 initurus;
702 1630 734 1650 ex
753 1630 807 1657 quo
824 1627 947 1658 tempore
961 1631 1022 1651 cum

231 1676 318 1695 annos
341 1668 461 1703 quinque
488 1676 570 1703 supra
588 1669 681 1702 viginti
698 1668 853 1700 evolvisset,
869 1671 976 1703 quando
991 1677 1023 1696 ea

231 1716 398 1747 gerebantur
415 1715 441 1740 in
459 1714 557 1749 quibus
573 1714 719 1741 narrandis
736 1714 837 1741 desinit
852 1714 910 1742 haec
930 1715 1023 1742 liisto-
1057 1742 1066 1751 _

232 1762 271 1788 ria
286 1760 473 1797 Pacltyxueris,
486 1762 723 1797 quadragesimum
736 1770 837 1789 nonum
852 1762 1024 1790 Andronicus

231 1809 292 1836 vita:
314 1817 413 1836 ammm
441 1817 524 1844 prope
556 1809 733 1842 absolverat,
765 1810 1021 1844 quinquagesimum

230 1855 353 1889 ptoxitne
369 1855 557 1882 inchoaturus.

265 1900 311 1928 IV.
330 1902 418 1936 Atque
447 1903 492 1928 hic
514 1901 670 1928 declarandi
690 1901 767 1929 locus
780 1906 822 1929 est
841 1901 913 1936 quod
931 1902 1022 1928 ohitcr

230 1948 286 1975 dixi
313 1948 471 1983 pra‘l'atione
496 1949 529 1974 ad
556 1948 712 1975 universum
738 1948 789 1975 hoc
814 1955 892 1981 opus,
917 1955 978 1982 qua:
994 1947 1020 1974 itt

230 1994 319 2020 [ιιιιιιθ
337 1994 422 2028 partis
447 1993 547 2028 prioris
566 1995 705 2028 proposita
724 1998 750 2021 et
772 1993 805 2020 ad
831 1993 902 2020 hanc
920 1993 1021 2020 nihilo-

228 2042 319 2068 minus
344 2042 512 2068 extenditur.
543 2040 644 2074 Scripsi
672 2047 763 2067 :tutem
799 2040 854 2066 illic
883 2047 930 2073 per
951 2039 1021 2067 hanc

227 2096 302 2114 uuuc
339 2088 518 2122 prodeuntcnt
553 2087 730 2121 Pachytncris
753 2087 893 2114 historiam
916 2086 1019 2121 expleri

229 2133 301 2158 Vt-lut
319 2133 463 2167 quemdam
487 2132 588 2159 hiatum
607 2132 720 2165 publica:
740 2133 876 2158 memoria:
890 2140 904 2158 a
926 2131 1019 2158 Niceta

228 2186 253 2206 et
271 2179 426 2214 Acropolita
441 2180 473 2204 ad
492 2180 727 2205 Cantacnzenum.
747 2177 773 2204 id
791 2179 863 2212 quod
878 2186 930 2206 non
961 2179 1020 2204 ὁ).ο‹

1080 229 1147 262 [cuiu
1162 231 1250 264 prima
1262 230 1443 257 hebdomadis.
1462 230 1497 257 υι
1509 232 1574 258 anni
1588 238 1649 258 terte
1669 230 1826 258 Grzucor-un
1839 234 1873 259 ad

1080 283 1162 302 a‘ram
1180 282 1302 303 nostram
1319 277 1457 310 vulgarem
1475 279 1652 309 reducantur,
1672 284 1804 312 perpetua
1820 286 1875 304 me.

1081 322 1166 349 thodo
1186 330 1217 350 ex
1242 323 1294 350 illis
1312 323 1423 350 tollendi
1445 328 1509 351 sunt
1536 324 1599 350 anni
1617 324 1696 351 solidi
1711 324 1793 351 5308.
1814 323 1874 352 Tali

1080 371 1268 397 sulttractione
1286 370 1356 397 facta
1375 371 1527 404 reperietur
1545 378 1645 404 annus,
1662 378 1715 405 quo
1738 375 1781 398 est
1798 379 1874 397 tuor-

1080 420 1139 441 tnur
1158 414 1285 446 Michael,
1306 415 1411 443 Christi
1443 415 1523 443 l32l.
1543 415 1596 443 Sed
1615 416 1641 442 in
1672 416 1712 443 his
1727 416 1875 450 diligenter

1078 461 1229 489 observare
1262 467 1370 496 oportet
1398 462 1599 496 tliscrepaatias
1624 462 1694 490 initii
1725 471 1874 491 annorum.

1079 507 1146 533 Nam
1166 507 1252 534 Graeci
1275 515 1364 535 annos
1389 516 1456 536 suos
1480 517 1542 537 ara:
1562 509 1655 536 mutuli
1672 517 1686 536 a
1704 508 1873 543 Septrmhri.

1079 553 1153 581 sicut
1167 558 1195 581 et
1210 555 1399 586 indictionem.
1413 556 1554 588 inchoant,
1570 564 1619 583 nos
1633 564 1696 583 vero
1712 565 1725 582 η
1744 556 1876 584 Kalendis

1077 598 1212 627 Januarii.
1229 600 1323 636 itaque
1336 603 1444 637 quando
1465 610 1513 637 per
1530 603 1686 629 methodum
1705 603 1785 629 modo
1803 603 1876 630 iudi-

1082 651 1170 673 catam
1183 648 1365 682 comperimus
1381 656 1481 675 annum
1493 648 1650 675 Grazcorum
1669 649 1740 675 6829
1760 657 1875 683 respon-

1079 692 1144 719 dere
1165 700 1238 720 anno
1256 693 1357 721 Christi
1382 694 1462 725 1521,
1481 693 1685 729 intelligendum
1706 695 1732 721 id
1752 702 1784 721 cx
1816 702 1875 720 ma-

1075 737 1128 772 jori
1144 739 1276 766 duntaxat
1303 745 1390 774 parte,
1416 748 1472 767 non
1501 745 1592 767 autem
1618 745 1647 766 ut
1669 740 1738 767 alter
1754 739 1873 767 alterum

1078 785 1199 820 perfecte
1224 786 1358 822 ada‘qnet.
1381 786 1554 814 Concurrunt
1581 786 1653 813 cnim
1676 786 1702 813 in
1718 791 1780 813 crto
1801 786 1874 812 dun-

1079 835 1155 858 taxat
1172 833 1324 865 mensibus,
1346 841 1462 868 quorum
1482 833 1588 867 primus
1603 831 1752 859 Januarius
1768 833 1815 859 sit.
1833 832 1874 858 Ab

1045 867 1062 893 Β
1081 879 1131 906 hoc
1151 879 1224 906 enim
1246 879 1340 906 ineunt
1356 867 1467 906 Christi
1494 878 1568 910 anni,
1587 878 1696 911 quando
1710 878 1764 912 jam
1783 885 1796 903 a
1818 877 1874 903 Ka-

1080 923 1168 956 lendis
1195 923 1367 958 Septembris
1396 924 1545 958 superioris
1571 931 1659 950 annus
1677 930 1736 949 a-raa
1758 923 1873 949 Grmm-

1079 977 1150 1002 rum,
1179 970 1225 1005 qni
1253 971 1419 1004 respondere
1445 970 1492 997 tali
1514 970 1616 997 Christi
1642 977 1713 996 anno
1737 970 1871 1001 rrctlitttr,

1078 1015 1267 1043 inchoaverat.
1294 1015 1323 1043 ltl
1349 1016 1400 1043 nisi
1430 1016 1490 1050 quis
1517 1016 1750 1045 animadverterit.
1770 1016 1795 1041 in
1821 1017 1873 1042 hoc

1079 1062 1139 1096 ipso
1167 1063 1238 1097 quod
1268 1067 1417 1090 tractamus
1440 1062 1564 1097 exemplo
1580 1070 1609 1089 se
1628 1062 1735 1097 lapsum
1758 1062 1869 1089 sentiet.

1079 1107 1149 1136 Ecce
1168 1109 1254 1141 enim,
1281 1109 1320 1136 ait
1339 1109 1548 1136 Cantacnzeuus
1578 1109 1649 1136 diem
1676 1109 1869 1136 duodecimum

1078 1156 1214 1188 Octobris,
1238 1163 1293 1191 quo
1309 1160 1351 1182 est
1369 1161 1491 1183 mortuus
1511 1155 1639 1188 Michael,
1656 1156 1703 1182 illo
1721 1162 1794 1182 anno
1808 1163 1870 1182 rm

1079 1203 1170 1229 mundi
1185 1202 1257 1230 6829
1271 1202 1356 1229 fuisse
1375 1201 1558 1231 Domiuieum.
1574 1202 1603 1227 Id
1622 1208 1688 1228 vero
1701 1209 1772 1228 anno
1788 1200 1871 1227 Citri-

1077 1247 1114 1275 sti
1130 1248 1197 1275 1321
1217 1247 1329 1274 minime
1342 1249 1482 1275 convenit.
1497 1247 1544 1275 Est
1560 1249 1633 1275 enim
1650 1248 1693 1275 hic
1712 1249 1739 1275 in
1754 1248 1870 1283 periodo

1075 1296 1184 1324 Juliaua
1200 1295 1281 1327 603i,
1303 1295 1349 1330 qui
1370 1303 1498 1322 numerus
1515 1303 1563 1330 per
1577 1296 1612 1322 28
1630 1295 1734 1322 divisus
1751 1295 1799 1322 dat
1821 1302 1870 1330 ry-

1077 1343 1148 1371 clutn
1166 1343 1233 1370 solts
1249 1342 1283 1369 H
1303 1343 1327 1369 ei
1349 1341 1450 1369 Christi
1471 1349 1543 1369 anno
1561 1342 1627 1369 1521
1641 1342 1791 1377 proprium.
1814 1341 1852 1376 Cy

1078 1389 1121 1417 clo
1136 1396 1218 1424 porro
1245 1389 1312 1416 solis
1329 1389 1373 1419 14,
1392 1389 1435 1415 cui
1453 1389 1543 1415 littera
1560 1388 1735 1416 Dominicalis
1752 1388 1783 1425 [Ρ
1801 1388 1855 1415 563

1079 1436 1099 1462 D
1115 1435 1256 1470 competit,
1278 1434 1459 1462 dnodecimns
1482 1434 1608 1462 Octobris
1632 1435 1689 1462 dies
1713 1434 1781 1461 luna:
1807 1434 1868 1460 fuit.

1078 1482 1213 1509 Nimirum
1241 1481 1353 1509 Octobri
1379 1481 1558 1516 praecedentis
1580 1481 1680 1508 Christi
1705 1480 1769 1506 anui
1799 1479 1869 1506 1320

1078 1527 1191 1555 Michael
1206 1527 1323 1554 obicrat.
1340 1525 1407 1553 Nam
1427 1527 1449 1553 is
1463 1533 1550 1553 annus
1567 1525 1644 1561 cyclo
1657 1525 1721 1552 solis
1739 1525 1771 1551 l3
1786 1530 1813 1551 ct
1827 1525 1870 1550 lit-

1078 1579 1135 1602 tera
1152 1573 1314 1600 Dontiuirali
1336 1573 1445 1608 gemina
1469 1571 1488 1598 F
1505 1571 1535 1604 Ε,
1556 1573 1619 1607 quia
1640 1571 1789 1599 bissextilis
1805 1571 1868 1603 fuit,

1077 1621 1225 1655 insignitus
1246 1627 1261 1646 a
1277 1626 1371 1646 mense
1389 1619 1487 1646 Martio
1507 1619 1625 1646 litteram
1646 1618 1666 1645 Ε
1684 1617 1756 1645 ierim
1772 1618 1868 1652 prima:

1076 1667 1192 1694 indicem
1219 1665 1323 1694 habuit.
1351 1665 1413 1692 lizcc
1438 1670 1528 1692 autent
1555 1665 1643 1691 littera
1674 1664 1867 1691 dumleciutunt

1075 1713 1202 1741 Octobris
1225 1713 1296 1739 diem
1315 1712 1415 1747 signat.
1432 1712 1507 1740 Unde
1533 1712 1694 1739 rltaraeterc
1717 1711 1869 1738 chronolo:

1075 1761 1136 1794 gito
1156 1764 1231 1787 certa
1255 1759 1379 1786 redditur
1401 1759 1503 1793 rpoclta
1519 1759 1612 1786 obitus
1627 1758 1802 1793 imperatoris
1818 1757 1868 1783 Mi-

1074 1806 1177 1833 chaelis
1200 1805 1323 1833 .lunioris
1362 1807 1388 1833 in
1410 1805 1556 1833 Octobrem
1584 1806 1646 1832 anni
1668 1805 1769 1833 Christi
1798 1804 1866 1832 l320

1075 1857 1171 1880 exacte
1186 1852 1319 1879 incidens.
1339 1851 1378 1878 Ex
1406 1860 1461 1886 quo
1483 1851 1577 1878 limine
1595 1859 1656 1878 ctttn
1673 1851 1804 1886 procedat
1821 1850 1866 1876 hi-

1073 1899 1158 1926 storia
1187 1899 1382 1930 Cautact-zeni.
1407 1903 1488 1932 caput
1513 1899 1572 1932 eius
1599 1905 1613 1924 a
1641 1899 1694 1924 line
1715 1897 1867 1932 l’acbymc—

1075 1943 1167 1975 rianac,
1188 1944 1351 1976 desinentis,
1376 1948 1405 1970 ut
1421 1947 1463 1970 est
1476 1943 1592 1975 dictum,
1608 1943 1661 1970 sub
1677 1943 1781 1970 exitum
1799 1943 1864 1969 anni

1072 1989 1174 2017 Christi
1189 1987 1270 2021 1307.
1286 1990 1370 2017 distat
1388 1990 1477 2024 spatio
1492 1997 1626 2016 annorum
1638 1989 1780 2017 tredecim.
1791 1990 1864 2024 quod

1073 2044 1125 2064 non
1139 2037 1250 2072 impedit
1263 2044 1317 2072 quo
1329 2037 1418 2064 minus
1428 2036 1549 2071 populari
1559 2041 1586 2063 et
1597 2036 1688 2063 mintts
1700 2036 1865 2071 scrupuloso

1072 2079 1233 2110 numerandi
1261 2090 1336 2110 more
1369 2083 1422 2110 dici
1458 2083 1544 2117 possit
1561 2083 1648 2117 excipi
1666 2081 1862 2118 Pachymcrta-

1072 2137 1134 2156 nam
1146 2138 1161 2156 a
1177 2129 1427 2161 Cantacuzeniana,
1439 2136 1466 2157 et
1478 2130 1551 2157 hanc
1562 2129 1598 2156 illi
1612 2129 1767 2156 continuari
1782 2130 1866 2157 histo-

1074 2177 1152 2206 riam.
1168 2176 1239 2204 sicut
1254 2175 1460 2211 Thucydideam
1493 2175 1684 2203 Herodotianaa
1714 2177 1864 2203 succedere

229 2225 336 2260 σχερῶς
360 2225 446 2259 accipi
469 2230 516 2251 aut
541 2224 659 2252 resecari
680 2224 712 2250 ad
731 2225 822 2251 vivum
842 2224 924 2256 volui,
941 2225 1018 2258 quasi
1035 2229 1057 2257 υ
1076 2223 1152 2250 multi
1180 2222 1317 2256 dixerunt,
1343 2223 1408 2250 licet
1431 2223 1475 2250 illa
1505 2224 1613 2258 proprie
1641 2222 1725 2250 ducat
1754 2222 1862 2249 initium

228 2273 339 2308 ἀμέσως
354 2277 380 2300 et
394 2273 518 2307 protinus
533 2272 662 2306 contigue
678 2271 785 2299 initiqu
800 2271 1017 2299 Cautaeuzenia-

230 2329 270 2348 ita:
297 2320 422 2347 Historia:
452 2320 497 2346 lini
516 2319 737 2354 Pachymeriana:
751 2319 947 2346 committatur.
973 2319 1019 2346 ln-

228 2368 308 2393 choat
331 2366 540 2393 Cantacuzenus
575 2365 761 2392 narrationem
786 2373 862 2392 suam
889 2373 903 2392 a
931 2372 1020 2393 morte

228 2413 403 2444 imperatoris
417 2412 556 2439 Michaelis
577 2412 688 2439 secundi
707 2412 860 2445 Palaeologi,
878 2419 956 2446 quem
974 2420 1021 2440 ne—

228 2467 318 2496 potem
343 2461 441 2495 prioris
476 2460 617 2488 Michaelis
641 2461 815 2488 Andronicus
844 2461 936 2487 senior
966 2460 1018 2487 Mi-

227 2508 331 2536 chaelis
350 2508 428 2542 primi
450 2508 534 2540 titius,
563 2508 674 2535 secundi
700 2513 786 2542 pater.
806 2507 1016 2542 primogenitum

226 2563 304 2582 suum
317 2555 424 2589 iutpcrii
443 2555 576 2590 collegam
593 2554 698 2582 halntit.
716 2554 792 2582 llnuc
805 2553 1017 2583 Cantacuzcnus

226 2601 316 2637 primo
331 2601 423 2629 statim
444 2601 505 2628 libri
523 2601 602 2636 primi
620 2602 709 2636 capite
724 2601 795 2629 diem
813 2610 891 2629 suntn
914 2602 1017 2629 obiisse

223 2648 427 2676 'l'heswlonica:
450 2648 558 2680 scribit,
589 2649 689 2684 Τρίτον
714 2649 782 2683 πρὸς
805 2648 1017 2683 τεσσαράκσντα.

223 2695 321 2730 χρόνον
337 2695 441 2728 ἄγοντα
457 2694 507 2728 τῆς
523 2694 643 2729 ἡλικίας,
658 2693 734 2726 ἔτους
748 2694 861 2721 ὲννάτου
878 2694 946 2728 πρδς
959 2695 1016 2725 τοῖς

223 2743 310 2768 εἴκοσι
325 2742 373 2768 καὶ
388 2741 563 2772 ὀκτακοσίοις
580 2741 628 2768 καὶ
647 2741 852 2776 ἑξακισχιλίοις,
873 2741 1014 2776 δωδεκάτῃ

225 2788 309 2824 om;
333 2787 511 2822 Ὀκτωϐρίου,
639 2787 732 2823 ἡμέρᾳ
753 2788 850 2822 πρώτῃ
873 2786 922 2821 τῆς
940 2787 1015 2813 ἑϐδο-

224 2836 318 2870 μάδος.
340 2834 459 2862 Tertium
478 2839 503 2862 et
526 2835 757 2870 quadragesimum
775 2842 873 2860 annum
898 2839 1016 2867 agentem

223 2881 320 2914 a-tutis,
337 2882 400 2909 anni
420 2882 481 2910 noni
497 2888 521 2910 et
541 2882 657 2909 rircsimi
671 2890 753 2916 supra
768 2880 1014 2914 octingentesimum

1072 2269 1106 2296 ab
1133 2270 1253 2297 exordiis
1279 2270 1342 2297 belli
1360 2270 1595 2304 Peloponnesiaci,
1614 2278 1675 2304 qua:
1703 2273 1864 2304 competunt

1071 2324 1144 2343 anno
1166 2316 1269 2350 periodi
1284 2316 1399 2343 Julianaz
1415 2316 1496 2348 4283,
1514 2317 1571 2343 haec
1586 2317 1612 2343 iu
1627 2316 1771 2343 Plataeensi
1786 2316 1863 2343 clade

1072 2361 1216 2390 Persarum
1237 2363 1377 2390 Mardoqu
1401 2364 1469 2390 duce
1485 2369 1512 2389 et
1537 2363 1590 2391 line
1604 2363 1667 2390 belli
1683 2363 1780 2390 Medici
1797 2363 1865 2389 deii-

1071 2409 1136 2440 ciat,
1165 2417 1237 2435 anno
1250 2409 1354 2444 periodi
1373 2409 1489 2436 .luliana:
1505 2409 1586 2442 4235,
1613 2409 1757 2437 intervallo
1771 2407 1862 2436 medio

1071 2455 1143 2482 inter
1160 2458 1291 2490 cporham
1317 2460 1462 2489 utrautque
1483 2464 1618 2483 annorum
1638 2456 1681 2483 58.

1332 2520 1415 2556 779
1433 2519 1548 2548 CAPUT
1564 2520 1596 2548 ιι.

1070 2577 1182 2604 Joannis
1206 2577 1282 2604 Vacci
1298 2578 1390 2612 ejectia
1406 2586 1419 2604 ε
1431 2578 1629 2612 ραινίηττήπιιι,
1648 2578 1786 2610 exsilium.
1801 2585 1862 2604 car-

1106 2621 1158 2645 cer,
1183 2615 1268 2640 abitus
1286 2617 1341 2640 suis
1365 2622 1443 2640 unm:
1460 2621 1654 2648 assignantur;
1678 2619 1779 2647 tempus
1796 2614 1862 2646 tle/i-

1106 2649 1180 2675 nitur
1195 2650 1304 2676 secundi
1334 2650 1538 2683 patrmrchatus
1561 2649 1682 2683 Gregorii
1697 2648 1800 2683 Cyprii.
1817 2651 1863 2675 de-

1107 2686 1185 2719 nique
1207 2685 1305 2719 prioris
1324 2692 1427 2719 quoque
1442 2686 1644 2718 patriarchatus
1658 2684 1813 2711 Athanasii.

1105 2741 1125 2770 Ι.
1142 2742 1202 2770 1am
1228 2742 1414 2770 demonstravi
1436 2743 1502 2777 (vol.
1515 2742 1537 2777 l,
1555 2751 1582 2778 p.
1600 2743 1663 2778 733)
1676 2743 1789 2770 Joannis
1804 2743 1862 2770 elc-

1068 2787 1187 2814 rtionem
1220 2787 1246 2814 in
1278 2788 1491 2822 patriarchatum
1526 2789 1860 2823 Constantiuopolitaunm

1068 2833 1217 2868 contigisse
1239 2834 1283 2862 die
1302 2834 1338 2862 25
1360 2835 1465 2862 mensis
1489 2835 1550 2863 Maii
1569 2842 1639 2862 anno
1655 2835 1758 2863 Christi
1778 2835 1860 2867 lilii.

1069 2880 1304 2915 inaugurationcm
1341 2889 1405 2910 vero
1435 2881 1558 2917 ejusdem
1584 2882 1684 2910 factam
1719 2881 1861 2909 Dominica
