1954 3063
66 144 119 178 837

725 143 1065 176 CHRONOIDGICUS.

1651 144 1705 176 838

68 204 246 231 Pentecostcs
261 211 340 238 :qua:
359 202 455 231 incidit
471 203 517 230 illo
531 211 602 230 anno
619 203 645 230 in
671 203 741 230 dicat
767 210 865 231 sccun—
880 205 902 232 Δ
917 206 1008 230 statim
1041 212 1054 230 a
1086 203 1164 231 Veeci
1191 203 1364 231 revocatione
1393 201 1658 237 Constantinopolim
1687 211 1703 230 e

67 251 129 276 dam
152 249 237 276 Junii.
263 249 299 276 De
326 249 407 284 hujus
434 257 448 275 ο
476 250 575 276 ιΙιι-οηο
600 249 752 283 dejectione
769 253 864 276 narrat

68 302 163 323 uoster
184 297 235 323 hoc
262 302 337 323 tomo
352 296 484 328 secundo,
501 304 528 331 p.
546 296 590 329 19,
608 295 724 323 Veccum
741 295 863 323 animad-

67 351 147 371 versa
164 344 317 370 mutatione
342 351 432 370 rerum
453 348 480 370 et
502 343 684 378 propensione
701 345 762 371 novi
789 343 865 378 prin-

68 391 140 425 cipis
160 390 193 416 ad
212 390 411 416 restituendum
441 390 573 423 schisma,
593 391 637 417 cui
658 391 792 417 obsistere
816 398 864 418 ne-

67 438 171 471 quiret,
189 436 262 463 ultro
279 436 354 463 abire
367 436 533 469 patriareltio
547 442 671 472 paratum
687 443 862 472 exspectasse

69 489 161 510 tamen
176 483 240 509 dum
255 490 269 508 a
295 482 458 510 satellitibus
476 483 509 510 ab
527 483 692 517 imperatore
708 483 799 510 missis
815 483 863 511 ab-

68 530 236 562 duceretur;
265 536 335 564 quos
359 527 449 556 libens
472 535 582 556 secutus
606 535 649 557 est
675 538 746 556 anno
764 530 822 564 ipso
836 535 862 556 et

68 582 164 602 mense
185 583 239 610 quo
259 579 319 601 erat
338 580 464 602 tnortttus
483 573 610 607 Michael,
633 575 783 602 concordia!
801 583 862 601 cum

68 621 178 648 Latinis
205 625 301 648 auctor
320 625 347 648 et
371 628 458 655 usque
484 621 516 647 ad
543 621 646 648 obitttm
675 621 813 648 defensor.
834 622 863 648 ld

68 673 177 702 gestum
195 667 324 702 postridie
351 667 456 694 Natalis
480 667 586 694 Domini
605 669 686 695 tradit
701 668 801 694 ibidem
821 668 862 694 lti-

69 714 202 741 storicus.
233 713 389 741 Decembris
419 713 503 748 igitur
531 714 576 741 die
599 714 634 741 26
662 722 733 741 anno
760 714 862 742 Christi

71 759 144 786 1282
177 759 261 786 desiit
289 759 392 786 Veecus
426 767 456 786 se
489 767 538 793 pro
569 760 723 794 patriarcha
756 768 861 794 gerere.

69 806 163 839 Quare
196 811 300 840 septem
334 805 430 833 solidis
461 806 540 834 annis
572 811 598 833 et
620 807 729 834 totidem
749 807 861 842 integris

69 852 216 880 mensibus
250 852 275 879 in
303 851 362 886 eius
384 853 525 887 dignitatis
553 853 725 887 possessione
756 853 861 881 Yeccus

69 899 202 933 perstitit.
224 898 269 926 Sic
286 899 367 934 igitur
386 899 560 933 intelligenda
587 904 652 926 sunt
671 900 713 926 illa
737 899 861 934 Gregorii

68 945 163 981 Cyprii
192 946 273 972 Verba
294 946 327 972 de
357 945 444 973 Vccco
472 946 505 973 ab
533 946 573 973 lll.
593 945 683 974 Leone
699 947 797 974 Allatio
813 948 862 974 de.

68 993 173 1026 scripta
186 992 239 1018 col.
258 991 309 1018 766
326 991 416 1027 operis
428 992 459 1019 de
474 991 553 1026 Perp.
571 992 653 1019 Cons.
666 1002 672 1019 :
684 993 757 1028 Πλὴν
770 993 863 1026 ὄγδοον

70 1039 120 1073 μὲν
131 1038 172 1074 τῷ
184 1038 262 1072 κπκῴ
278 1038 339 1065 τάδε
365 1039 460 1073 σχεδὸν
480 1038 579 1074 ἠνύετο
597 1039 671 1070 ἔτος·
693 1041 721 1071 ἐς
734 1040 862 1067 τοσοῦτον

67 1086 99 1119 δὴ
116 1086 243 1116 κάκεῖνος
258 1086 303 1111 τὸν
317 1086 517 1120 πατριαρχικὸν
536 1085 631 1120 Ορόνθν
649 1086 699 1120 τῆς
719 1086 749 1112 οὔ
773 1086 862 1121 καλῆς

69 1131 246 1166 ἐπικαρπίας
269 1128 342 1166 εἶχεν
357 1131 511 1166 ὲνίδρυσιν·
532 1137 560 1158 ut
587 1140 640 1160 non
669 1133 749 1166 plane
770 1133 863 1160 absol-

67 1177 139 1203 verit
160 1176 264 1203 Veccus
282 1176 307 1202 in
328 1176 515 1210 patriarchatu
538 1182 665 1203 octavunt
682 1184 797 1211 annum,
813 1178 862 1205 sed

68 1223 90 1250 is
110 1223 138 1250 in
158 1231 242 1250 cursu
269 1224 349 1250 fuerit
373 1228 400 1250 et
425 1223 528 1257 majore
552 1232 585 1250 ex
604 1230 681 1259 parte
697 1229 861 1257 transactus,

68 1278 129 1296 cum
149 1275 189 1297 est
204 1271 302 1296 throno
317 1270 451 1303 dejectus.

103 1315 140 1342 ll.
160 1316 254 1346 Docet.
269 1323 297 1350 p.
313 1316 357 1349 19,
379 1315 559 1352 Pachymeres
580 1316 730 1351 Josephutn
748 1317 792 1346 die
810 1317 861 1345 De-

68 1362 189 1389 cembris
216 1363 354 1390 tricesima
368 1383 376 1394 .
397 1363 492 1391 eodem
521 1371 604 1395 atttto,
625 1363 723 1390 iterum
749 1364 775 1390 in
790 1364 862 1392 aedes

69 1408 265 1441 patriareltales
289 1414 470 1443 reportatum.
488 1408 601 1436 Ostendi
627 1409 680 1436 vol.
705 1409 726 1441 ι,
754 1418 780 1444 p.
798 1410 860 1442 752,

67 1454 220 1488 Josephttm
250 1462 265 1482 e
293 1454 460 1488 patriarchio
486 1455 638 1483 secessisse
655 1455 699 1482 die
720 1456 861 1482 undecima

67 1501 192 1528 Januarii
210 1509 283 1529 anno
304 1501 405 1529 Christi
425 1502 506 1529 1274.
521 1502 607 1529 Annis
623 1502 705 1536 igitur
721 1510 746 1529 οι
756 1506 795 1534 ιο,
812 1503 862 1529 tui-

916 249 1004 277 Prusa
1029 254 1072 277 est
1099 250 1202 281 habita,
1221 251 1293 278 uttde
1315 250 1528 284 intelliget-emus
1543 256 1597 283 quo
1613 256 1706 277 mense

916 297 978 324 talis
1006 297 1032 324 in
1063 297 1156 324 urbem
1181 296 1262 324 Vecei
1287 296 1389 323 reditus
1406 295 1560 331 contigerit.
1582 295 1646 327 Sed,
1673 301 1704 323 ut

914 343 1042 370 observat
1065 343 1241 378 Spondanus.
1269 343 1363 371 titulus
1391 343 1496 378 synodi,
1517 342 1543 368 in
1562 350 1615 376 quo
1636 347 1704 368 tem-

915 397 965 425 pus
975 389 1032 423 ejus
1047 394 1073 417 et
1087 389 1161 417 locus
1173 389 1358 416 verisimiliter
1373 394 1463 415 notata
1478 388 1595 421 fuerant,
1607 396 1702 423 magna

913 443 946 463 ex
969 441 1048 468 parte
1062 435 1206 463 obliterata
1223 436 1248 462 in
1261 443 1294 462 eo
1310 435 1402 462 codice
1422 435 1506 462 fuere.

949 481 994 510 IV.
1011 481 1181 516 Restatergo
1202 482 1243 508 via
1259 481 1337 508 unica
1366 481 1510 514 indagandi
1527 480 1588 507 linis
1600 480 1700 512 exsilii,

914 528 985 562 quod
1004 527 1108 555 Veccus
1123 528 1193 563 apttd
1207 527 1300 555 urbem
1317 527 1568 562 Prusatn‘pettulit.
1584 535 1615 554 ex
1632 528 1705 554 serie

915 582 1004 603 rerum
1017 583 1075 608 qu:c
1092 575 1164 602 inter
1179 575 1239 610 eius
1253 574 1443 601 abductionem
1458 574 1521 601 illuc
1533 579 1558 600 et
1569 573 1702 608 postlimi-

901 622 961 648 ‘nio
976 621 1168 648 retractionem
1194 621 1375 648 intervenisse
1394 621 1427 647 ab
1444 621 1577 647 historico
1608 625 1703 647 noutro

914 673 1113 695 memorantur.
1131 668 1199 695 Sunt
1219 676 1257 694 e:c
1269 675 1344 695 ntors
1360 667 1483 702 JuSt-phi,
1499 676 1523 694 ρ.
1543 668 1586 696 15.
1598 667 1704 695 evectio

915 715 940 742 in
959 715 1172 748 patriarehatum
1185 715 1292 749 Georgii
1305 715 1361 741 sive
1373 714 1495 748 Gregorii
1513 713 1614 749 Cyprii,
1632 722 1655 740 c.
1671 714 1703 740 14

914 764 941 788 et
959 760 1004 791 15,
1021 759 1152 795 profectio
1172 760 1346 793 imperatoris
1364 759 1390 786 itt
1407 759 1558 790 Orientem,
1575 767 1599 786 c.
1617 759 1662 791 21,
1676 764 1702 785 et

913 807 1106 834 eouventiones
1126 806 1275 841 Adramytii
1294 814 1341 840 per
1368 806 1455 841 ignem
1473 806 1570 833 habitat
1584 806 1706 833 Sabban

914 854 973 888 ipso
989 857 1084 881 sancto
1101 853 1185 887 pridie
1207 853 1328 879 Pasehm.
1346 858 1373 878 ut
1389 861 1414 886 p.
1432 852 1467 879 6‘2
1487 860 1616 885 expresse.
1633 853 1705 880 dici-

915 905 970 928 tur.
984 900 1047 927 Fuit
1061 900 1105 927 hic
1123 907 1210 926 annus
1225 899 1326 926 Christi
1341 898 1409 925 1283
1426 899 1452 925 in
1470 899 1578 933 periodo
1596 898 1674 925 Julia:
1688 906 1702 925 a

914 947 995 974 5996.
1017 946 1175 973 Numeravit
1199 945 1304 980 cyclnm
1323 945 1389 971 solis
1404 945 1431 977 J,
1459 944 1528 971 luna:
1550 950 1640 971 atttem
1658 945 1703 979 lt,

915 993 959 1025 qui
972 990 1074 1018 Pascha
1085 991 1227 1025 assignant
1241 990 1340 1024 Aprilis
1353 991 1395 1018 18.
1410 990 1472 1017 Fuit
1487 998 1551 1024 ergo
1567 990 1635 1020 dies,
1649 999 1702 1025 qua

913 1038 1129 1065 Arseuianorum
1151 1042 1177 1064 ct
1206 1037 1494 1075 Anti-Arscuianorum
1525 1043 1704 1071 utrorumque

913 1092 948 1112 ex
961 1091 1038 1118 καυο
1051 1084 1300 1114 schismaticorum,
1312 1084 1412 1117 scripta
1430 1084 1598 1118 probationis
1611 1085 1699 1118 gratia

915 1132 941 1158 ln
957 1131 1045 1166 ignem
1062 1131 1160 1165 injecta
1185 1131 1288 1165 pariter
1306 1136 1444 1162 arserunt,
1462 1131 1567 1158 decima
1586 1132 1702 1165 septima

913 1179 1016 1206 mensis
1037 1178 1148 1213 Aprilis,
1167 1185 1247 1212 quem
1261 1183 1289 1205 et
1303 1177 1452 1205 Sabbatum
1471 1178 1553 1206 fuisse
1570 1178 1702 1213 oportuit,

913 1225 1044 1260 quoniam
1069 1224 1086 1251 4
1103 1224 1171 1259 eyrli
1188 1224 1285 1252 solaris
1305 1232 1394 1251 annus
1413 1224 1533 1251 litteram
1559 1225 1704 1251 Dominiczc

914 1271 1031 1299 indicem
1057 1270 1139 1297 habet
1159 1270 1191 1301 C.
1208 1277 1268 1304 quae
1286 1270 1409 1297 cernitur
1424 1270 1449 1296 itt
1463 1269 1627 1297 Kalendario
1653 1277 1702 1296 no-

914 1323 972 1345 tata
987 1319 1019 1344 ad
1032 1318 1102 1344 diem
1119 1322 1280 1351 sequentem
1296 1321 1420 1344 octavam
1436 1316 1568 1344 decimam
1583 1316 1702 1350 ejusdem

914 1363 1025 1399 Aprilis.
1043 1362 1230 1390 Memorantur
1243 1362 1306 1389 inde
1320 1366 1457 1389 ostentum
1475 1361 1573 1395 pluvia:
1594 1363 1704 1396 sangui-

916 1417 973 1437 nea:
995 1417 1087 1436 mense
1104 1408 1175 1436 Maio
1192 1417 1218 1443 p.
1239 1408 1284 1441 54,
1301 1408 1438 1443 expeditio
1457 1408 1659 1442 protovestiarii
1676 1409 1701 1434 iu

915 1456 1050 1484 Occiduos
1081 1459 1185 1481 tractus
1205 1462 1232 1481 c.
1259 1454 1305 1486 ‘25.
1320 1455 1458 1482 exercitus
1484 1459 1589 1489 strages
1611 1462 1642 1482 ex
1661 1455 1704 1481 lue

915 1507 941 1528 et
968 1501 1042 1528 dttcis
1067 1501 1151 1535 ipsius
1175 1501 1374 1535 protovestiarii
1396 1507 1479 1532 mors,
1497 1508 1521 1527 c.
1541 1501 1586 1533 27,
1604 1508 1704 1527 consc-

69 1555 119 1573 nus
137 1547 283 1574 duodecim
302 1547 409 1580 diebus,
435 1553 512 1574 extra
529 1548 660 1582 palatium
677 1549 862 1583 patriarcbale
876 1549 898 1580 C
916 1548 984 1576 crati
999 1548 1078 1583 panis
1102 1547 1127 1574 itt
1157 1555 1235 1575 sacra
1252 1547 1351 1582 pyxide
1375 1546 1546 1580 deprehensa
1566 1548 1705 1580 eor-optio

67 1603 129 1620 eum
147 1594 281 1628 privatam
309 1594 412 1629 egisset
429 1594 524 1626 vitam,
542 1594 568 1620 itt
587 1594 611 1621 id
628 1599 668 1621 est
683 1595 770 1622 denuo
787 1595 862 1622 relam

69 1646 122 1667 tus.
161 1640 198 1666 Ibi
229 1648 281 1666 non
324 1641 388 1668 totis
424 1640 533 1667 duobus
565 1641 704 1668 mensibus
742 1642 860 1676 patriar-

67 1687 146 1713 rham
173 1687 237 1721 egit.
263 1685 331 1712 Nam
359 1686 475 1712 afﬁrmat.
502 1685 534 1722 [Ρ
552 1686 617 1722 564]
644 1693 747 1720 noster,
762 1695 787 1722 μ.
815 1689 860 1722 58,

67 1738 205 1759 tuortttunt
237 1731 320 1759 fuisse
348 1731 422 1759 illuttt
454 1733 567 1760 ineunte
587 1733 685 1760 Martio
711 1735 774 1761 anni
800 1735 860 1763 sine

67 1779 152 1805 dubio
172 1778 251 1805 1285.
269 1777 380 1805 Dixerat
397 1783 489 1805 autem
514 1779 602 1811 capite
621 1781 783 1814 praecedenti
798 1789 859 1808 eum

67 1825 165 1852 morbo
182 1830 208 1851 et
225 1825 303 1851 senio
316 1829 457 1858 gravatum
473 1824 553 1859 patilo
565 1830 627 1851 ante
645 1826 859 1859 patriarchatum

67 1871 224 1900 abdicasse.
244 1870 322 1905 cujus
337 1870 519 1898 abdicationis
543 1871 674 1903 scriptum
691 1872 741 1898 rite
760 1873 861 1899 furtim-

70 1923 125 1943 Ium
141 1916 283 1951 prodierit.
302 1915 430 1951 Oportuit
443 1915 469 1943 id
484 1916 585 1943 factum
601 1924 694 1944 mense
710 1916 859 1946 Februario

67 1964 188 1996 ejusdem
219 1963 294 1990 anni.
319 1963 409 1996 Quare
438 1963 549 1990 brevior
572 1963 696 1990 bimestri
722 1966 859 1992 secundus

66 2010 177 2044 Jusephi
194 2009 397 2044 patriarchatus
412 2009 472 2041 fuit,
500 2018 580 2044 quem
599 2010 661 2036 vita:
687 2009 747 2036 finis
762 2015 804 2037 est
817 2019 860 2038 se-

65 2063 146 2083 cuttts
165 2063 316 2090 paucorum
339 2056 444 2082 dierttm
461 2056 615 2083 intervallo.

102 2103 146 2130 Ill.
175 2103 215 2128 Ad
235 2100 349 2128 Veccum
381 2102 535 2129 redeamus.
566 2101 591 2129 ls
618 2110 712 2130 mense
728 2102 858 2131 Januario

67 2149 130 2176 anui
147 2148 216 2176 1283
232 2148 314 2176 viriis
327 2148 568 2176 schismaticorum
585 2150 740 2184 exagitatus
757 2151 859 2178 calum-

67 2197 132 2227 niis,
149 2195 262 2230 etquod
288 2203 313 2222 e.
334 2195 366 2222 10
390 2201 526 2227 narratur,
544 2196 643 2224 citatus
666 2197 698 2223 ad
713 2198 857 2232 synodum,

66 2245 143 2273 brevi
158 2249 218 2278 post
240 2244 273 2270 ab
300 2244 466 2279 imperatore
482 2244 597 2271 Prnsatu
614 2245 761 2279 relegatur.
777 2245 860 2281 780

67 2291 152 2318 Docet
165 2290 191 2316 id
210 2293 304 2317 noster
321 2297 347 2316 c.
370 2289 414 2320 1|,
432 2293 537 2323 tempus
554 2297 605 2316 non
623 2290 778 2324 exprimens
793 2291 859 2318 :sed

65 2337 205 2371 colligitur
223 2342 255 2362 ex
275 2335 347 2363 serie
375 2339 498 2362 actorum
517 2334 543 2361 id
561 2339 650 2361 aetum
672 2336 724 2362 sub
746 2335 855 2363 initium

66 2381 222 2409 Februarii.
246 2380 397 2408 Revoratio
414 2380 495 2408 Vecci
522 2387 537 2406 e
565 2381 650 2407 l’rttsa
677 2382 702 2407 in
719 2381 814 2408 urbem
832 2389 858 2409 c.

67 2426 132 2457 libri
147 2428 270 2463 ejusdem
287 2428 366 2463 primi
386 2428 421 2455 54
441 2428 569 2456 refertur.
589 2428 642 2455 Sed
669 2429 730 2463 ejus
752 2435 859 2464 tempus

67 2474 244 2501 divinandum
262 2478 312 2501 est.
342 2474 370 2501 Si
397 2474 483 2501 codex
511 2474 641 2508 antiquus
667 2482 699 2501 ex
723 2482 776 2508 quo
801 2474 860 2502 Sir-

67 2522 183 2548 momlus
202 2524 294 2548 noster
318 2521 385 2548 Acta
412 2521 632 2555 pseudosynodi,
661 2529 712 2555 qua
730 2527 770 2549 est
797 2527 860 2555 post

65 2567 235 2600 colloquium
253 2567 341 2602 capite
367 2566 446 2600 hujus
468 2566 554 2594 libri1
572 2567 623 2596 55.
644 2569 755 2598 relatum
782 2570 858 2597 dam-

66 2619 147 2641 natus
168 2613 281 2646 Veecus,
305 2621 420 2648 quorum
441 2614 571 2642 Actorum
602 2616 755 2649 apograpita
784 2617 859 2644 misit

65 2663 98 2689 ad
120 2662 268 2689 Hettricum
284 2660 460 2694 Spondauutu
479 2664 505 2686 et
523 2661 554 2686 ad
573 2660 718 2688 Odoricum
739 2662 858 2698 Raynal-

65 2710 130 2737 dum
156 2709 365 2736 continuatores
390 2706 535 2733 Annalium
559 2707 679 2740 Baronii,
699 2713 728 2735 ttt
749 2709 857 2738 illorum

66 2759 184 2789 uterque
206 2758 332 2786 testatur,
359 2753 435 2788 prior
458 2761 528 2780 antto
544 2754 648 2781 Christi
667 2754 749 2787 1285,
767 2764 793 2783 n.
812 2757 856 2790 10,

64 2801 204 2837 posterior
226 2807 271 2827 an.
298 2807 356 2834 seq.
371 2808 397 2826 tt.
415 2800 461 2829 48.
477 2815 509 2820 -
521 2801 543 2826 si
557 2801 654 2832 codex,
676 2801 797 2835 inquam,
813 2803 857 2831 ille

65 2849 170 2882 integer
195 2846 304 2878 fuisset,
323 2846 487 2874 haberemus
503 2853 535 2872 ex
552 2853 585 2873 eo
601 2851 719 2882 tempus,
738 2848 789 2875 hoc
815 2855 857 2877 est

64 2896 135 2922 diem
165 2899 194 2923 ct
228 2901 362 2926 mensem,
389 2893 535 2920 celebrata:
561 2892 639 2921 istius
666 2896 774 2929 synodi,
799 2904 857 2932 qua:

917 1594 1056 1622 Dominica
1079 1593 1175 1629 Tyriae
1194 1598 1301 1625 vocata,
1317 1601 1343 1620 c.
1363 1593 1409 1624 ‘28,
1425 1593 1480 1625 ubi,
1503 1601 1529 1627 p.
1545 1592 1589 1625 τε),
1602 1593 1705 1621 diserte

914 1642 1032 1670 traditur
1060 1649 1119 1669 eam
1150 1641 1309 1676 particulam
1340 1639 1520 1675 puirefactam
1546 1640 1632 1667 fuisse
1648 1641 1705 1667 illic

913 1689 1064 1724 depositam
1081 1695 1152 1715 anno
1165 1687 1298 1720 superiori
1323 1686 1392 1714 feria
1409 1691 1506 1721 quarta
1523 1686 1703 1714 hebdomadas

914 1735 1034 1770 tnajOris.
1053 1734 1148 1761 Annus
1161 1734 1205 1761 ille
1216 1734 1342 1768 superior
1362 1733 1421 1761 sine
1439 1732 1519 1759 dubio
1536 1732 1584 1760 fuit
1602 1732 1704 1760 Christi

913 1781 993 1815 1283,
1009 1789 1062 1816 quo
1087 1788 1159 1813 cum,
1190 1785 1219 1806 ut
1242 1779 1371 1812 diximus,
1397 1779 1500 1806 l’asrtha
1527 1778 1652 1805 inridet-it
1677 1779 1703 1805 in

912 1829 983 1855 dietn
1002 1828 1035 1854 18
1050 1827 1162 1862 Aprilis,
1183 1826 1247 1853 feria
1267 1830 1363 1861 quarta
1390 1825 1502 1858 majoris
1529 1823 1704 1851 hebdomadas

912 1876 994 1903 fuerit
1009 1875 1120 1902 omnino
1136 1875 1169 1901 14
1182 1873 1302 1908 ejusdem
1321 1872 1432 1900 mensis.
1445 1872 1538 1898 Annus
1555 1876 1613 1906 post
1631 1872 1704 1897 hunc

911 1931 1029 1957 sequens
1043 1922 1146 1951 Christi
1172 1920 1241 1947 1281
1259 1920 1365 1954 cyeltun
1389 1919 1455 1946 solis
1472 1918 1623 1946 numeravit
1641 1918 1657 1944 5
1677 1923 1704 1945 et.

913 1976 1025 1995 aut-eum
1051 1966 1255 1994 uttmerumr12.
1291 1965 1338 1992 Ha:
1355 1970 1425 1992 nota:
1442 1964 1544 1991 Pascha
1562 1964 1705 1990 conferunt

913 2015 940 2042 in
955 2015 1024 2042 diem
1042 2021 1141 2041 nontttn
1158 2012 1269 2047 Aprilis.
1288 2010 1366 2039 Unde
1381 2018 1443 2037 cum
1460 2009 1598 2036 Dominica
1625 2009 1704 2044 Tyri-

911 2070 953 2091 ne,
972 2061 1066 2088 eadem
1085 2067 1146 2087 cum
1162 2066 1194 2086 ea
1210 2065 1290 2092 quam
1307 2065 1357 2085 nos
1377 2056 1543 2083 Dotninicam
1564 2055 1704 2090 Quinqua-

911 2109 1021 2145 gesimae
1036 2113 1179 2136 vocamus,
1197 2105 1243 2131 illo
1265 2112 1336 2132 anno
1350 2103 1486 2131 bissextili
1502 2102 1528 2129 itt
1547 2103 1617 2129 diem
1635 2110 1703 2129 con-

910 2155 1015 2182 venerit
1039 2153 1073 2181 19
1102 2151 1256 2183 Februarii,
1281 2158 1335 2185 quo
1353 2157 1446 2177 mense
1462 2149 1614 2183 superioris
1638 2149 1702 2175 anni

913 2203 1060 2236 relegatum
1087 2199 1200 2225 Prusam
1223 2197 1342 2225 Vcccutn
1362 2196 1442 2231 781
1471 2195 1600 2228 vidimus,
1620 2195 1704 2229 liquet

914 2246 987 2275 istud
998 2247 1057 2280 ejus
1083 2244 1209 2273 exsilium
1227 2251 1318 2271 annuo
1330 2242 1485 2270 diuturnius
1502 2242 1596 2273 fuisse,
1618 2241 1704 2276 siqui-

913 2293 974 2321 dem
994 2297 1055 2327 post
1072 2292 1146 2320 illam
1175 2290 1327 2319 consecrati
1358 2290 1437 2324 panis
1462 2289 1584 2322 corrupti
1603 2296 1649 2322 rep
1669 2288 1702 2314 rti

913 2340 1078 2367 mentionem
1094 2358 1102 2372 ,
1125 2345 1186 2373 qua:
1211 2342 1274 2364 ante
1305 2335 1493 2362 narrationem
1520 2334 1704 2362 revocationis

912 2385 1005 2417 Vecci,
1023 2385 1159 2415 ordinem,
1183 2388 1211 2410 ttt
1232 2386 1356 2417 apparet,
1380 2386 1518 2416 gestarum
1549 2388 1637 2407 rerum
1659 2387 1703 2405 sv-

911 2439 1010 2467 queni,
1037 2430 1178 2458 interserit
1208 2429 1373 2460 historicus,
1394 2427 1499 2461 aliquot
1519 2425 1598 2452 facile
1626 2433 1704 2451 meu-

910 2479 981 2506 sium
999 2482 1105 2510 tempus
1118 2475 1296 2510 expleverint,
1313 2481 1412 2508 nempe
1427 2473 1572 2501 debellatio
1588 2472 1705 2507 Scytha-

911 2533 982 2557 rum,
1009 2532 1035 2552 c.
1052 2523 1099 2556 29,
1117 2527 1234 2550 conatus
1253 2520 1430 2556 imperatoris
1452 2520 1485 2546 ad
1504 2519 1638 2546 factiones
1653 2518 1703 2545 Ec-

910 2572 1001 2600 clesia:
1028 2570 1244 2605 componendas,
1269 2577 1295 2596 c.
1311 2568 1371 2601 '50,
1388 2566 1539 2602 reportatio
1562 2567 1588 2594 in
1606 2566 1701 2593 urbem

911 2619 1090 2653 reliquiarum
1119 2616 1282 2650 patriarcha:
1309 2615 1429 2647 Arsenii,
1445 2622 1472 2642 c.
1499 2613 1545 2645 31,
1579 2612 1612 2648 [P
1638 2611 1701 2647 565]

910 2665 1003 2692 clades
1019 2663 1241 2691 Christianorum
1270 2663 1298 2689 in
1318 2661 1397 2698 Syria
1414 2669 1461 2688 seu
1483 2660 1589 2687 initium
1607 2658 1670 2685 belli
1687 2666 1702 2684 a

909 2710 1015 2738 sultane
1031 2709 1178 2744 Babylonis
1196 2709 1301 2736 Latinis
1314 2708 1500 2740 Antiochiam,
1519 2705 1650 2740 Tripolim
1675 2709 1702 2731 et

910 2758 1106 2785 Ptolemaident
1126 2757 1282 2784 tenentibus
1296 2755 1375 2789 illati,
1398 2755 1476 2789 cujus
1501 2752 1586 2780 secuti
1613 2755 1703 2785 postc-

911 2806 968 2832 rius
987 2804 1074 2832 ultimi
1092 2809 1206 2831 eventus
1219 2811 1234 2830 a
1252 2808 1346 2830 nostro
1364 2809 1412 2837 per
1423 2800 1632 2835 occupationem
1645 2804 1702 2824 me-

910 2856 1064 2883 morantur,
1085 2858 1111 2878 c.
1134 2850 1180 2883 52,
1194 2850 1314 2884 denique
1329 2847 1477 2875 secundum
1497 2844 1701 2873 matrimonium

909 2898 1060 2926 Andronici
1088 2897 1274 2932 imperatoris,
1289 2896 1322 2923 de
1338 2903 1390 2930 quo
1415 2902 1441 2921 c.
1467 2893 1511 2920 5'5.
1529 2892 1575 2920 ll.s
1595 2891 1702 2919 cunctis
