1954 3063
255 118 311 150 83')

698 115 733 146 P.
752 114 903 145 POSSlNl
924 113 1248 143 OBSERVATIONUM
1265 113 1327 142 LIB
1357 112 1416 142 ΠΙ.

1800 111 1857 143 840

243 170 456 206 circumspectis.
486 170 557 197 haud
585 175 687 197 temere
714 170 865 196 videbimur
891 169 1025 194 allirmare.
1041 171 1062 197 Α
1077 168 1203 194 Octobris
1223 168 1249 194 in
1267 167 1364 201 templo
1391 167 1441 193 rite
1458 166 1540 193 fuisse
1554 166 1720 193 ordinatum.
1735 165 1863 194 Procedit

243 217 429 243 evocationem
449 214 527 241 Vn-cci
556 215 637 241 Prusa
657 215 815 249 Byzantium
835 221 907 240 anno
924 213 1027 240 Christi

247 263 316 290 1284
343 263 415 289 circa
442 269 561 288 mensem
584 261 683 287 M.inm
712 259 1028 292 Junimuvecontigisse,

246 308 332 342 ipsum
347 315 412 333 vero
428 307 531 341 synodo
548 311 611 332 tunc
637 305 728 331 habita
746 305 916 335 danmatum,
931 304 964 330 ab
980 303 1030 330 im-

246 359 370 388 peratore
383 355 482 380 frustra
503 352 546 378 diu
567 356 664 378 conato
677 358 737 377 eum
755 350 788 376 ad
805 355 895 384 partes
909 350 1029 380 trahere.

247 401 273 427 iu
294 400 444 426 custodiam
465 399 535 425 arcis
563 406 577 424 a
610 403 706 424 sancto
725 396 856 429 Gregorio
883 395 1029 422 nominatio

247 447 386 478 traditum,
405 446 475 479 quod
490 445 540 471 sub
557 445 635 470 linem
652 452 675 470 ιδ.
693 443 728 469 55
741 443 820 470 docet
836 441 1027 476 Pachymeres.

247 493 307 519 llmc
321 493 422 518 faciunt
436 499 468 518 ne
488 491 612 517 assentiri
627 490 727 525 possim
741 488 856 516 Henrico
872 488 1028 522 Spondano,

245 540 308 565 dum
338 538 415 564 Vccci
433 536 645 566 damnationem,
674 536 724 561 sub
751 542 830 567 quam
860 533 1029 568 mancipatus

246 592 285 612 εει
301 584 420 616 carceri,
440 592 509 610 anno
527 583 626 610 Christi
646 583 713 609 1285
731 582 834 608 tribuit.

284 631 315 658 V.
335 629 457 657 Pet-stitit
479 629 584 663 quidem
604 628 706 655 Vccrus
722 635 806 662 usque
821 627 853 653 ad
871 632 984 654 mortem
1001 626 1027 653 in

247 685 277 704 ea
305 677 377 704 arcis
394 675 644 708 Sau-Gregorianaz
659 674 794 704 custodia.
811 673 857 699 sed
873 673 1029 700 conditione

248 730 300 750 non
327 729 433 755 semper
449 722 553 748 eadem.
577 721 642 747 Nam
664 720 741 746 initio
757 719 902 746 durissime
920 718 1028 745 habitus

248 773 291 795 est
311 768 337 795 in
360 775 464 794 summa
486 767 588 801 inopia,
605 766 663 793 sine
691 766 742 792 ulla
762 765 916 798 provisione
934 772 1029 792 neces-

249 815 382 841 sariorum
397 814 428 840 ad
455 814 563 840 victum.
585 812 650 845 Ejus
665 810 826 838 incommodi
840 811 1026 838 laxamentum

249 861 353 894 aliquod
369 859 475 894 quando
493 864 518 885 et
531 858 665 893 quomodo
683 857 828 890 acceperit.
851 858 952 884 indicat
967 857 1028 883 ohi-

249 912 289 933 ter
306 907 364 933 loco
390 913 442 932 non
468 912 519 931 suo
549 903 738 938 Paclnymeres.
763 903 796 929 ad
821 902 923 929 calcem
949 903 1028 929 modo

248 949 388 977 memorati
413 958 437 977 c.
460 949 506 980 '55.
521 957 580 976 cum
597 949 634 975 ait
650 957 663 975 a
690 948 877 983 proﬁciscente
892 949 917 974 in
931 947 1029 975 Orien-

248 1003 301 1023 Icm
321 996 467 1023 Athanasio
481 995 535 1030 jam
553 1001 644 1023 creato
664 995 828 1029 patriarcha.
841 1001 867 1021 et
881 994 978 1022 fretum
995 995 1028 1021 ad

247 1042 437 1076 Helenopolim
463 1041 628 1074 trajicionte,
644 1040 755 1067 missum
772 1047 804 1066 ex
821 1039 919 1066 itinere
942 1040 967 1066 in
982 1047 1028 1066 ar-

248 1096 306 1114 cem
324 1089 352 1114 S.
369 1087 490 1121 Gregorii
512 1093 638 1120 maguum
671 1085 846 1120 logothetam,
878 1085 922 1119 qui
942 1085 1028 1112 Vecco

248 1139 356 1162 centum
377 1141 483 1164 aureos.
511 1132 681 1159 Meliteniotze
698 1132 892 1166 quinquaginta
909 1132 1028 1158 donave-

250 1179 296 1211 rit,
317 1178 463 1205 Metocbita
492 1178 626 1205 sociorum
646 1177 724 1204 Vecci
749 1177 834 1203 altero
862 1177 916 1210 jam
950 1183 1029 1203 antea

249 1229 358 1258 propter
378 1223 501 1250 morbum
523 1223 551 1250 in
567 1224 675 1249 domum
697 1223 830 1256 propriam
851 1223 946 1250 relato.
961 1223 1031 1249 Inve-

249 1270 388 1304 stigemus,
411 1270 433 1296 si
455 1277 506 1304 qua
532 1277 685 1303 possumus,
702 1269 781 1296 istius
806 1274 889 1303 gestae
906 1269 943 1295 rei
961 1273 1030 1295 tem-

248 1324 310 1351 pus.
328 1315 465 1342 Successit
481 1314 610 1348 Gregorio
625 1314 724 1349 Cyprio
750 1315 776 1341 in
801 1314 1031 1348 Constantinopo-

249 1361 333 1388 litano
348 1360 532 1394 patriarchatu
550 1359 725 1389 Athanasius.
739 1367 787 1386 nec
803 1360 894 1386 statim
911 1368 942 1387 ac
960 1360 1031 1386 nullo

254 1407 410 1440 interregno
435 1406 524 1432 medio
548 1405 690 1432 successit.
709 1405 826 1432 Primum
845 1406 924 1438 igitur
938 1406 1032 1433 viden-

251 1453 314 1479 dum
333 1451 453 1486 quandiu
480 1451 626 1484 Gregorius
649 1451 676 1478 in
702 1452 765 1478 sede
794 1452 952 1486 perstiterit.
975 1456 1030 1479 tum

1080 222 1143 247 ergo
1161 214 1235 247 prior
1251 214 1451 248 patriarcbatus
1468 212 1608 239 Athanasii
1623 220 1636 238 ει
1658 212 1746 245 pridie
1766 212 1861 239 Iduum

1079 261 1202 287 Octobris
1225 260 1288 285 anni
1310 267 1370 284 arra:
1390 258 1488 285 Chriin
1507 257 1622 291 \‘tllgllis
1640 256 1719 282 1289.

1116 306 1159 332 Vl.
1176 305 1260 332 Paulo
1274 309 1335 332 ante
1349 310 1525 330 memoratam
1543 303 1681 330 Athanasii
1699 303 1862 336 patriarchae

1081 351 1311 379 transmissionem
1331 351 1391 377 freti
1409 351 1441 377 ad
1462 350 1645 383 Helenopolim
1669 354 1693 376 ct
1715 349 1861 383 profemio-

1080 406 1141 425 nem
1167 398 1192 424 in
1218 397 1356 424 Orientem
1385 404 1555 424 communem
1573 395 1610 422 illi
1627 395 1710 422 fuisse
1727 402 1787 420 cum
1805 394 1863 420 Au-

1081 444 1192 471 drouico
1209 443 1372 476 imperatore
1386 443 1464 470 ἀοι-ει
1481 447 1573 468 noster
1587 442 1638 468 hoc
1651 441 1719 467 libro
1732 448 1760 470 ιι.
1776 447 1801 466 c.
1819 439 1862 467 18.

1081 492 1143 518 dum
1154 490 1344 524 imperatorem
1358 496 1388 516 se
1403 488 1551 515 contulisse
1570 487 1743 523 Nympha-um
1759 489 1862 516 narrat,

1080 542 1107 564 et
1122 545 1154 563 co
1171 537 1265 563 itinere
1281 541 1372 570 partes
1395 535 1526 570 Bithynia:
1541 539 1739 567 transgressum
1753 531 1789 558 ibi
1804 531 1865 558 obi<

1081 588 1122 609 ter
1137 582 1225 617 egisse
1248 581 1320 609 circa
1339 581 1498 608 Veccum'ct
1519 580 1578 614 ejus
1593 578 1693 610 socios,
1708 584 1767 612 quae
1783 577 1864 610 paqu

1079 634 1143 656 ante
1159 629 1298 664 (nimirum
1315 635 1339 655 c.
1357 627 1402 658 55,
1423 627 1440 653 l.
1456 626 1474 661 ι)
1492 633 1522 653 se
1551 630 1716 652 memorasse
1732 625 1778 649 ait.
1797 622 1864 655 Qni-

1081 676 1130 702 bus
1158 675 1247 701 verbis
1282 674 1370 701 innuit
1400 672 1538 700 Athanasii
1564 672 1672 706 quidem
1700 670 1864 705 patriarcha:

1081 722 1200 754 nomine,
1212 722 1402 755 imperatorem
1419 719 1602 746 Andronicutn
1617 717 1786 746 comitantis.
1799 717 1864 743 luis-

1080 776 1138 796 sum
1160 775 1285 802 magnum
1315 766 1357 802 [Ρ.
1382 765 1444 801 566]
1470 765 1634 799 logothetam
1659 764 1692 790 ad
1718 763 1835 790 Vecenm
1855 771 1861 789 :

1080 819 1206 841 ca‘lerum
1233 813 1259 840 id
1283 817 1368 839 totum
1386 819 1445 838 esse
1471 816 1561 838 actum
1580 810 1708 837 instinctu
1735 815 1761 836 et
1783 809 1863 843 jussu

1081 860 1263 894 imperatoris.
1279 859 1332 886 Nec
1345 859 1416 885 enim
1434 863 1490 885 erat
1506 857 1652 884 verisimile
1668 856 1864 890 patriarcham,

1079 911 1216 933 austerum
1231 905 1367 932 imminent
1392 912 1423 931 ac
1447 903 1543 936 ferum,
1557 907 1652 935 sponte
1669 903 1800 929 initurum
1817 909 1864 927 co-

1079 953 1237 987 gitationem
1254 951 1334 978 Vecci
1364 955 1390 978 et
1419 951 1555 978 sociorum
1576 949 1645 983 ejus,
1663 956 1730 983 quos
1747 948 1864 982 pessime

1081 999 1175 1025 oderat
1192 998 1271 1025 homo
1291 997 1429 1024 scltismati
1446 997 1659 1027 addictissimus,
1676 995 1862 1021 sublevando-

1081 1053 1150 1072 rnm.
1168 1044 1256 1072 Unum
1280 1045 1323 1070 hic
1348 1043 1494 1078 quamdam
1511 1041 1580 1069 male
1593 1040 1756 1068 cohaerentis
1772 1044 1799 1066 et
1821 1047 1866 1066 se-

1080 1099 1141 1115 cu'u
1167 1091 1223 1123 ipsa
1253 1089 1352 1115 collisa:
1382 1087 1545 1114 narrationis
1570 1086 1688 1121 speciem
1717 1085 1812 1115 habet.
1829 1084 1867 1110 si—

1081 1138 1188 1171 quidem
1206 1136 1252 1163 illo
1268 1135 1352 1169 priori
1374 1135 1442 1166 loco,
1459 1142 1484 1167 p.
1506 1133 1566 1165 105,
1580 1133 1695 1159 aiiirmat
1718 1131 1866 1158 historicus

1082 1191 1208 1217 magnum
1225 1183 1402 1217 legothetam,
1418 1181 1461 1215 qui
1478 1181 1509 1207 ad
1529 1179 1643 1207 V'eccum
1665 1179 1697 1205 ab
1715 1178 1866 1205 Athanasio

1082 1231 1182 1257 missus
1199 1235 1250 1260 est.
1272 1230 1389 1256 nondum
1409 1229 1489 1255 fuisse
1507 1227 1753 1262 prolm-estiarium,
1771 1233 1798 1259 p.
1815 1233 1865 1251 au-

1083 1281 1134 1303 lcm
1156 1277 1215 1308 15-3,
1228 1275 1329 1303 diserte
1346 1275 1438 1302 Scribit
1455 1274 1638 1302 Andronicum
1659 1273 1864 1307 imperatorem.

1081 1324 1114 1350 i's-
1137 1324 1223 1349 obiter
1249 1331 1309 1350 cum
1341 1322 1429 1349 Vecco
1449 1321 1597 1348 transactis
1614 1327 1672 1355 qum
1698 1319 1778 1354 paulo
1802 1323 1866 1345 ante

1082 1369 1211 1400 diximus,
1233 1369 1407 1403 Nymphaeum
1424 1369 1578 1402 pervenisse
1596 1368 1694 1394 Comite
1710 1375 1802 1393 secum
1818 1367 1866 1392 du-

1082 1422 1124 1444 cto
1142 1417 1291 1448 Muzalone,
1306 1424 1387 1450 super
1402 1416 1541 1448 antiquum
1561 1415 1689 1440 honorem
1714 1413 1802 1447 magni
1825 1412 1867 1439 lo-

1083 1464 1200 1497 gothctre
1215 1471 1283 1489 nova
1299 1462 1499 1497 brolorestiarii
1517 1461 1646 1495 dignitate
1659 1460 1795 1486 decorate.
1813 1459 1866 1486 Sed

249 1505 303 1532 quo
321 1497 384 1524 inde
411 1497 554 1523 intervallo
580 1496 710 1524 suffectus
731 1497 780 1531 ipsi
812 1497 893 1524 fuerit
910 1497 1029 1524 Athana-

1084 1510 1141 1536 hmc
1159 1509 1264 1535 facilem
1282 1508 1502 1535 conciliationem
1523 1507 1633 1539 habent,
1649 1505 1670 1532 si
1688 1506 1792 1531 dicatur
1812 1509 1867 1531 sta-

248 1544 304 1570 sius
323 1563 332 1576 ,
360 1547 497 1577 postremo
524 1542 702 1577 profectionis
731 1543 810 1577 lmjus
836 1544 863 1570 in
891 1543 1029 1570 Orienth

249 1595 366 1624 tempus.
383 1589 502 1616 Primum
530 1589 600 1623 quod
617 1590 724 1621 attinet,
748 1590 893 1624 Gregorius
911 1590 937 1617 in
956 1591 1032 1617 abdi-

248 1637 357 1663 catione
373 1635 463 1662 throni
490 1636 593 1669 scripto
620 1643 758 1668 expressa.
776 1645 834 1669 quae
850 1637 980 1663 recitatur
1003 1645 1029 1672 p.

251 1682 311 1710 150.
326 1681 363 1708 ait
379 1688 408 1708 sc
425 1688 510 1708 annos
532 1688 578 1708 sex
595 1685 622 1708 et
649 1683 720 1716 quod
746 1683 867 1709 excurrit
886 1683 910 1709 in
927 1690 1033 1717 posses-

249 1728 324 1753 sione
354 1727 556 1761 patriarchatus
578 1727 748 1761 perdurasse.
773 1727 881 1754 Creatio
899 1729 979 1763 hujus
1005 1735 1031 1757 et

250 1773 434 1806 inauguratio.
463 1773 598 1807 capitibus
621 1773 683 1800 libri
711 1774 810 1808 prioris
827 1775 859 1801 14
877 1779 903 1802 et
918 1775 952 1802 15
967 1783 1031 1802 nar-

249 1825 320 1849 rata,
341 1819 464 1853 contigit.
480 1824 508 1846 ut
525 1819 579 1846 illic
593 1819 728 1851 innititur.
743 1821 822 1855 paulo
838 1826 899 1856 post
916 1821 1028 1857 Josephi

251 1870 387 1896 mortem,
410 1872 491 1899 quam
519 1866 652 1900 superiori
675 1867 762 1901 capite
785 1867 1032 1895 demonstravimus

249 1909 300 1936 sub
323 1909 428 1936 initium
460 1909 549 1937 Martii
582 1918 653 1938 anno
680 1911 781 1938 Christi
808 1912 878 1940 1285
895 1915 1030 1941 evenisse.

251 1955 351 1982 Initum
377 1964 458 1990 porro
485 1964 498 1982 a
514 1956 645 1990 Gregorio
665 1957 877 1991 patriarcbatum
895 1963 958 1985 ante
974 1967 1031 1985 tne-

249 2002 322 2028 tlium
340 2002 460 2036 Aprilis.
485 2003 558 2036 cogit
572 2003 718 2035 aﬂirmare.
745 2003 817 2038 quod
843 2004 990 2032 historicus
1004 2014 1031 2039 ιι.

249 2049 283 2075 48
299 2054 442 2081 meruerat,
465 2049 532 2076 feria
547 2049 601 2083 jam
619 2054 675 2076 tum
704 2051 822 2077 secunda
839 2051 950 2085 majoris
967 2052 1032 2078 heb-

248 2095 371 2121 domada:
386 2095 470 2122 fuisse
494 2095 623 2130 Cyprium
648 2096 673 2122 in
695 2096 774 2131 plena
797 2097 968 2130 possessione
983 2105 1032 2131 pa-

250 2140 404 2167 triarchalis
418 2141 498 2175 782
510 2142 661 2174 potestatis.
677 2141 736 2168 Fuit
751 2143 822 2168 enim
845 2143 890 2169 illo
903 2150 986 2176 anno,
1002 2147 1031 2169 ut

1064 1556 1144 1586 ‘tim.
1173 1561 1316 1589 postquam
1343 1562 1356 1580 a
1377 1554 1534 1588 prmscripta
1558 1553 1608 1580 sibi
1632 1552 1801 1587 profectione
1832 1551 1865 1577 ad

1085 1601 1199 1628 Vercum
1228 1601 1331 1628 liluzalo
1349 1601 1456 1628 rediens
1481 1601 1654 1635 impr-ratario
1679 1600 1819 1627 comitatui
1837 1607 1866 1626 se

1081 1650 1177 1676 iterum
1194 1649 1330 1684 adiunxit,
1344 1650 1377 1676 ab
1398 1649 1519 1683 Augusto
1539 1649 1564 1675 in
1584 1649 1640 1681 ipso
1661 1648 1768 1679 itinere.
1790 1647 1866 1682 prius

1082 1703 1162 1729 quam
1182 1695 1359 1730 Nympha‘um
1388 1695 1552 1730 perveniret,
1579 1694 1661 1721 fuisse
1685 1694 1862 1726 protorestia-

1083 1740 1152 1766 rium
1179 1739 1343 1767 declaratus.
1373 1739 1444 1766 Nihil
1462 1748 1525 1774 ergo
1554 1747 1640 1766 causa:
1660 1743 1702 1766 cst
1728 1746 1777 1766 cur
1793 1739 1866 1765 istud

1082 1786 1266 1814 laxamentum
1287 1795 1468 1813 :crumnarum
1493 1785 1572 1812 Veeci
1595 1793 1646 1812 non
1672 1786 1705 1812 ad
1721 1785 1785 1811 illud
1804 1792 1866 1816 pcr-

1084 1832 1169 1859 liuere
1185 1832 1348 1859 aﬂirmemus
1365 1837 1472 1866 tempus
1488 1839 1540 1866 quo
1560 1831 1734 1858 Andronicus
1747 1839 1781 1857 ex
1800 1831 1866 1857 urbe

1083 1879 1155 1913 regia
1175 1878 1349 1913 Nymplucum
1379 1886 1407 1905 se
1423 1878 1558 1911 contulit,
1574 1882 1655 1911 prout
1681 1877 1699 1904 l.
1728 1885 1758 1908 II.
1787 1884 1814 1905 c.
1833 1877 1865 1903 18

1083 1929 1258 1951 memoratur.
1278 1924 1479 1959 Explorandum
1505 1931 1568 1958 ergo
1589 1923 1666 1950 noois
1689 1931 1730 1950 esr
1754 1922 1865 1956 quando

1083 1970 1226 2005 contigerit
1252 1971 1301 1996 ista
1330 1969 1471 2005 profectio.
1497 1969 1595 1996 Narrat
1617 1969 1705 2004 capite
1729 1968 1864 2003 superiori

1081 2023 1175 2044 noster
1200 2016 1344 2044 historicus
1368 2022 1481 2043 mortem
1509 2015 1703 2051 expatriarchzn
1727 2014 1818 2049 Cyprii
1840 2019 1867 2040 et

1082 2063 1155 2089 circa
1183 2063 1242 2097 ejus
1271 2063 1416 2097 sepultura)
1443 2063 1556 2088 formam
1583 2063 1805 2096 praescriptiones
1834 2061 1866 2087 ab

1083 2108 1140 2143 ipso
1162 2109 1281 2143 Augusto
1304 2109 1336 2134 ad
1364 2108 1467 2134 {litteris
1488 2108 1568 2143 783
1593 2113 1732 2135 curatores
1757 2110 1865 2139 missas,

1082 2162 1141 2188 qua:
1157 2156 1224 2182 satis
1237 2155 1357 2182 indicant
1375 2163 1427 2181 non
1444 2155 1563 2182 abfuisse
1574 2160 1637 2182 tunc
1653 2155 1726 2181 illmn
1741 2155 1775 2180 ab
1789 2155 1864 2186 urbe;

248 2188 336 2220 capite,
352 2188 484 2220 superiori
499 2189 677 2218 ostendimus.
690 2188 794 2216 Pascha
807 2189 851 2216 die
865 2190 964 2223 Aprilis
981 2189 1029 2221 18;
1047 2204 1071 2234 Β
1087 2207 1146 2226 nam
1171 2200 1191 2226 si
1205 2200 1260 2234 iam
1294 2205 1356 2226 mm.
1385 2200 1614 2234 pvrvgdnammr‘
1647 2208 1698 2226 non
1731 2204 1785 2226 mn
1813 2200 1866 2226 ei",

250 2233 320 2259 unde
334 2233 443 2266 majoris
458 2233 629 2260 hebdomada'
645 2233 710 2260 feria
724 2236 844 2261 secunda
865 2235 935 2261 diem
952 2235 1032 2268 Apri-

250 2280 282 2306 lis
303 2279 335 2306 12
360 2281 499 2307 insederit.
530 2281 588 2313 Quo
611 2281 775 2307 anteriorem
799 2281 1030 2315 iuaugurationeiu

249 2326 374 2361 Gregorii
403 2326 481 2354 fateri
510 2335 622 2354 necesse
642 2328 677 2354 sit
695 2335 703 2353 τ
723 2336 754 2353 ex
771 2335 823 2362 qua
852 2328 874 2354 si
901 2335 947 2355 sex
968 2329 1030 2354 anui

249 2373 320 2406 pleni
344 2378 372 2400 ct
389 2374 488 2408 aliquid
507 2379 635 2407 praeterea
652 2373 822 2400 excurrentia
839 2374 968 2406 temporis
984 2383 1032 2400 nn-

250 2425 399 2450 merentur.
418 2420 584 2453 reperiemus
599 2419 657 2452 ejus
674 2420 872 2446 abdicationem
891 2420 915 2447 in
931 2428 1031 2448 annum

249 2465 350 2493 Christi
373 2465 441 2492 128')
456 2469 517 2499 post
543 2465 661 2491 medium
683 2465 803 2499 Aprilem
821 2466 936 2493 conferri
953 2475 1033 2501 opor-

250 2516 316 2538 tere.
344 2509 482 2537 Ponamus
502 2518 569 2544 ergo
586 2510 649 2537 licet
665 2510 861 2538 abdicationem
887 2512 977 2547 Cyprii
1005 2519 1034 2539 et

249 2563 386 2584 secessum
403 2557 462 2591 ejus
477 2557 503 2583 in
521 2556 713 2583 monasterium
734 2557 858 2585 Aristium
874 2567 898 2586 c.
923 2559 966 2591 10,
981 2559 997 2586 Ι.
1014 2568 1033 2587 ιι

250 2608 400 2635 narratum,
429 2611 521 2629 mense
545 2602 614 2630 Maio
629 2607 675 2629 aut
703 2602 783 2631 Junio
809 2605 871 2632 anni
888 2607 967 2633 modo
981 2614 1034 2633 me-

251 2649 347 2675 morati
373 2656 387 2675 a
411 2648 523 2676 Christo
555 2654 618 2675 nato
647 2649 716 2677 1289
740 2651 883 2678 accidisse.
899 2651 967 2680 Hinc
980 2653 1033 2680 duo

250 2699 338 2721 tresve
369 2702 475 2722 nienses
501 2694 627 2722 fluxerint
652 2696 677 2722 in
693 2697 916 2725 altercationibus
935 2704 963 2726 et
975 2699 1034 2726 disc

249 2741 443 2775 quisitionibus
472 2749 486 2768 a
509 2747 604 2768 nostro
621 2742 751 2770 historico
786 2744 877 2771 relatis
900 2752 915 2772 a
943 2747 1034 2780 capite

252 2788 281 2814 11
301 2788 360 2814 libri
374 2796 391 2815 ιιι
407 2787 439 2815 ad
457 2788 499 2820 15,
516 2795 570 2822 quo
584 2790 691 2817 tandem
714 2792 843 2819 scribitur
857 2793 1031 2820 Athanasium

249 2833 306 2868 jam
330 2838 411 2861 antea
434 2834 550 2861 electttm
579 2836 758 2870 patriai-chain
773 2860 780 2871 ,
808 2839 849 2865 die
870 2839 902 2865 1i
934 2839 1034 2866 mensis

1083 2245 1194 2279 perferri
1211 2245 1243 2270 ad
1256 2253 1315 2271 cum
1329 2246 1414 2272 nuntii
1432 2246 1526 2272 mortis
1551 2246 1640 2281 Cyprii
1661 2247 1821 2280 potuisSeut.
1839 2251 1866 2272 ut

1082 2289 1180 2323 exiguo
1193 2290 1237 2316 illo
1255 2291 1352 2323 spatio,
1372 2291 1440 2324 quod
1458 2291 1491 2316 ab
1504 2291 1578 2317 obitu
1595 2290 1628 2317 ad
1647 2291 1728 2317 funus
1741 2292 1864 2322 interest,

1083 2342 1130 2369 per
1144 2335 1252 2361 crebros
1267 2336 1379 2362 subinde
1397 2337 1493 2362 missos
1523 2341 1576 2362 tam
1603 2336 1728 2364 distincte
1758 2342 1866 2364 caveret

1083 2388 1115 2407 ne
1134 2381 1230 2408 modus
1245 2381 1421 2408 execderetur
1434 2382 1624 2416 scpuleralium
1640 2383 1738 2416 privati
1751 2383 1866 2409 hominis

1084 2427 1227 2454 honorum.
1247 2427 1310 2454 Erat
1333 2436 1397 2462 ergo
1425 2429 1658 2462 Constantinopoli
1677 2430 1864 2461 Andronicus.

1057 2506 1066 2511 κ
1083 2472 1192 2505 quando
1205 2479 1326 2500 tuortuus
1341 2479 1366 2500 et
1380 2475 1502 2509 sepultus
1518 2480 1558 2501 est
1575 2475 1703 2510 Cyprius;
1722 2482 1748 2502 ct
1765 2478 1867 2510 primus

1084 2524 1141 2552 post
1154 2519 1233 2545 isttttn
1247 2520 1373 2546 notabilis
1387 2527 1501 2546 eventus
1517 2520 1597 2547 fuerit
1622 2522 1758 2549 diseessus
1782 2524 1868 2556 impe-

1085 2564 1184 2591 ratoris
1200 2564 1319 2598 ejusdem
1336 2572 1368 2591 cx
1386 2565 1463 2598 urbe,
1490 2572 1632 2600 propterea
1662 2568 1785 2602 sequenti
1806 2576 1866 2595 mox

1083 2610 1171 2644 capite
1183 2618 1197 2636 a
1210 2610 1375 2645 Pachymero
1392 2617 1528 2639 narratus.
1546 2612 1674 2638 Cesserat
1702 2613 1867 2646 patriarchin
1893 2637 1900 2642 ,

1083 2656 1199 2691 Cyprius
1212 2657 1288 2691 juxta
1301 2657 1487 2684 verisimiliter
1509 2666 1521 2683 a
1539 2659 1617 2685 nobis
1639 2659 1719 2693 paulo
1743 2662 1868 2693 Superius

1084 2707 1185 2730 statuta
1211 2704 1282 2730 circa
1301 2711 1419 2730 mensem
1447 2703 1556 2731 .lunium
1579 2706 1640 2732 anni
1665 2705 1765 2732 Chrisri
1788 2706 1867 2734 1259.

1085 2749 1146 2776 Post
1164 2754 1218 2776 tres
1231 2755 1277 2776 aut
1293 2751 1373 2784 paulo
1394 2751 1453 2785 plus
1468 2759 1587 2785 nienses,
1604 2752 1690 2786 pridie
1714 2753 1775 2779 ldus
1789 2753 1864 2780 ()cto-

1085 2796 1141 2822 bris
1154 2796 1316 2823 Athanasius
1333 2797 1356 2823 iu
1375 2798 1498 2823 thronum
1514 2803 1624 2825 evectus
1640 2803 1693 2825 est.
1711 2798 1868 2828 Novembri.

1088 2841 1248 2874 Decetubti,
1280 2841 1409 2869 Januatio
1449 2843 1652 2877 insequentibus
1688 2846 1870 2872 verisimiliter
