1954 3063
90 141 139 172 Sil

738 135 785 165 CII
793 134 966 164 BONOLOG
974 134 1068 165 ICUS.

1660 133 1713 164 8L2

91 195 238 228 acciderit,
265 194 336 230 quod
365 193 452 228 capite
476 192 535 219 libri
563 192 603 223 II,
633 198 657 218 c.
679 191 727 223 I7,
755 190 880 221 refertur,
897 190 918 217 A
935 189 1047 222 prmcise
1062 189 1140 223 spatii
1161 188 1371 216 intercesserita
1395 188 1474 216 modo
1491 192 1638 215 memorata
1669 196 1712 214 rc-

92 250 188 277 nempe
208 242 334 276 Cyprium
356 240 447 274 gloriae
467 238 574 265 avidum
592 237 740 267 hominem,
764 242 824 262 cum
847 241 876 261 se

93 294 146 315 tam
161 288 206 314 diu
224 287 374 321 neglectum
388 285 414 312 in
429 291 536 311 secessu
554 290 585 309 ac
606 282 749 308 solitudine
764 280 876 310 doleret,

93 334 161 368 ringi
180 340 213 360 ac
234 331 330 360 conlici
347 329 505 364 aegritudine
520 328 652 362 coepisse;
669 335 701 353 ex
726 334 780 360 quo
793 325 818 351 ei
834 330 878 351 tae-

92 380 138 407 dio
156 377 335 413 lauguor'ille
355 376 499 403 multorum
518 375 622 401 dierum
646 373 792 404 exstiterit,
824 378 878 405 quo

93 430 271 458 consumptus
284 424 391 451 demmn
421 426 462 449 est
483 421 593 447 circiter
619 426 750 449 mensem,
776 421 806 444 ut
829 424 879 451 ap-

95 476 182 506 paret,
197 470 333 496 Martium.
350 468 435 502 Aprili
456 474 517 494 mox
537 466 705 499 insequente,
722 467 783 497 apta
799 461 880 496 regiis

95 515 314 550 expeditionibus
343 517 514 548 tempestate,
545 511 716 537 Andronium
742 509 881 542 Augustus

95 571 126 590 ex
142 563 209 589 urbe
227 568 348 591 movens,
367 566 481 586 animum
496 565 528 585 ac
543 556 735 583 circumductae
759 553 881 589 pcregri-

97 608 215 635 nationis
231 610 317 633 metas
333 604 473 640 Nymphaei
491 603 609 637 denique
623 601 757 632 detixerit,
775 607 806 626 co
822 606 883 633 per-

97 654 209 681 veniens
221 654 270 679 suh
288 659 407 679 mensem
430 650 550 677 Junium.
578 649 654 676 Circa
670 647 770 674 Maium
801 645 884 679 igitur

97 698 280 726 anniCbristi
311 697 379 724 1290
410 696 499 722 laxata
528 694 650 722 custodia
679 693 764 719 Vecco
793 690 883 722 fuerit,

98 751 240 780 postquam
255 744 384 778 egestatis
404 750 464 769 cum
483 739 756 775 captivitatejuuctze
782 737 885 763 incom-

99 790 176 815 moda
194 789 334 815 tolerasset
355 787 432 813 altilis
460 794 508 813 sex
526 785 648 820 integris,
672 791 686 810 a
701 789 791 808 mense
813 781 886 806 vide-

99 835 162 861 licet
179 834 248 860 Maio
266 839 310 859 aut
324 832 404 859 Junio
419 832 480 858 anni
494 831 594 858 Chris1i
617 829 686 857 1284
710 829 787 864 juxta
811 826 885 860 prius

99 879 210 906 deﬁnita
233 886 260 905 n.
277 878 294 904 5
311 878 390 911 hujus
402 876 510 910 capitis.

138 924 194 951 VII.
214 925 271 950 Hac
287 923 381 950 eadem
396 924 422 949 in
438 922 595 949 Orientales
615 926 718 947 tractus
731 921 890 955 peregrina-

102 971 177 997 tione
189 969 336 996 Andronici
356 968 502 1006 contigisse
525 972 655 1002 praeterea
670 966 788 1000 oportuit
801 973 893 993 acces-

102 1023 164 1042 sum
185 1015 243 1048 ejus
263 1014 424 1047 Dacibyzum
438 1034 444 1044 ,
461 1012 504 1038 ubi
535 1013 585 1039 sub
607 1012 729 1039 custodia
751 1012 894 1038 tenebatur

103 1060 235 1092 Joannes,
246 1059 380 1086 Theodori
393 1058 517 1085 Lascaris
527 1057 609 1088 Iilius,
620 1065 700 1092 quem
718 1057 830 1084 Michael
839 1057 894 1083 An-

103 1107 208 1134 dronici
226 1111 302 1140 pater
316 1105 428 1132 immani
443 1104 539 1131 fraude
552 1103 791 1138 circumscriptum
812 1103 896 1135 impe-

108 1153 150 1180 rio
162 1153 262 1187 dejecit
276 1157 301 1178 ct
311 1151 468 1178 exczecuvit.
481 1149 537 1176 lIuc
547 1149 696 1184 profectum
709 1149 894 1176 Andronicum

104 1204 201 1227 narrat
229 1198 421 1233 I‘at-Iaynicres,
441 1197 459 1222 I.
477 1204 496 1228 ι,
513 1203 539 1222 c.
555 1196 600 1227 '56,
621 1195 734 1230 petiisse
759 1203 772 1221 a
788 1194 894 1222 Joanne

104 1254 179 1274 caeco
196 1245 301 1272 veniam
318 1244 423 1277 injuriae
443 1243 493 1277 ipsi
506 1251 519 1268 a
535 1241 671 1269 Michaele
687 1247 762 1275 patre
777 1248 826 1268 suo
839 1240 897 1267 illa—

106 1298 151 1323 tae,
167 1297 194 1318 et
214 1291 305 1317 multis
331 1289 526 1316 benevolentia:
541 1287 786 1322 signiticationilms
802 1294 832 1313 ac
847 1287 896 1313 do-

107 1338 151 1365 nis
171 1336 335 1364 eblanditmu
351 1337 384 1362 ab
396 1343 429 1362 eo
448 1335 530 1361 fuisse
547 1334 697 1360 cessionem
711 1333 780 1365 juris
797 1332 829 1358 ad
846 1332 897 1358 im-

108 1384 215 1418 perium
229 1383 280 1410 sui.
301 1382 392 1413 Ilatio,
406 1389 466 1414 quae
484 1380 556 1414 cogit
571 1379 662 1406 dicere
677 1383 740 1404 tunc
756 1377 781 1404 id
794 1382 896 1408 actum,

108 1430 166 1457 haec
177 1434 228 1456 est.
245 1428 343 1455 Noster
356 1428 401 1454 illo
416 1427 505 1461 capite
520 1427 622 1452 diserte
641 1425 740 1451 asserit
758 1428 819 1457 post
833 1430 898 1450 con—

110 1481 221 1502 veutmn
239 1475 272 1501 ab
287 1473 443 1500 Andronico
468 1471 600 1499 Joannem
621 1470 732 1497 missum
759 1470 843 1496 fuisse
864 1471 897 1495 ab

109 1522 260 1548 Athanasio
277 1521 332 1555 jam
354 1519 507 1554 patriarcha
530 1517 764 1552 protot'estiarium
789 1514 898 1542 athcc-

109 1575 170 1594 cum
181 1576 187 1599 ;
199 1567 269 1601 qttod
288 1566 357 1592 idem
372 1565 434 1591 alibi
448 1563 674 1591 factumatlirmat
689 1570 721 1589 eo
735 1562 831 1588 itinere
845 1568 898 1594 quo

111 1613 285 1648 Nymphaeum
311 1619 340 1638 se
364 1612 498 1644 denique,
518 1610 572 1637 illic
595 1610 639 1636 ditt
672 1612 897 1638 commoraturus,

111 1660 263 1693 imperator
278 1658 404 1685 contulit.
416 1657 499 1691 Igitur
515 1662 540 1683 et
554 1657 610 1682 haec
621 1657 714 1682 cadent
732 1655 774 1681 via
786 1662 833 1686 per
849 1654 898 1680 Da-

110 1706 232 1740 cibyzam
246 1704 401 1730 Andronico
413 1703 493 1730 ducta
506 1707 557 1729 est.
569 1701 626 1728 Non
642 1701 713 1728 enim
728 1700 769 1727 bis
785 1701 900 1734 patriar-

110 1752 161 1778 cha
173 1750 337 1778 Athanasius
352 1749 587 1785 protovestiarimn
598 1747 639 1783 [Ρ.
651 1746 719 1782 567]
736 1747 768 1774 ad
783 1746 897 1773 Veccum

111 1797 196 1823 misit.
214 1796 296 1822 Recte
313 1796 404 1829 itaque
417 1795 545 1821 admonet
563 1794 613 1820 sub
633 1793 713 1819 liuent
736 1791 833 1825 capitis
857 1791 898 1817 hi-

109 1843 229 1870 storicus
241 1841 298 1868 haec
308 1849 337 1868 se
349 1842 376 1867 in
390 1845 561 1867 antecessum
575 1839 625 1866 hoc
638 1839 696 1865 loco
711 1845 743 1864 ex
759 1837 841 1864 multo
852 1845 899 1872 pn-

110 1888 218 1916 steriori
238 1886 365 1914 memoria
386 1886 550 1920 pra-libasse.
573 1885 647 1911 Dicet
667 1884 766 1919 aliquis
783 1892 790 1909 :
809 1883 899 1915 Quare

109 1932 193 1966 igitur
206 1931 389 1964 Pachymercs
400 1929 459 1963 ipso
476 1928 554 1954 initio
569 1928 649 1954 istius
665 1927 773 1960 c'apitis.
792 1935 818 1960 p.
837 1926 897 1958 105,

109 1978 150 2004 sic
164 1977 302 2011 loquitur:
322 1974 373 2002 Sed
388 1983 427 2001 me
443 1974 608 2008 prwterierat
631 1973 699 2006 quod
723 1972 804 2007 paulo
824 1972 898 2005 prius

111 2024 235 2057 conligit,
253 2023 436 2055 imperalorem
450 2021 570 2046 videlicet
588 2027 618 2046 c1
638 2019 701 2045 urbe
719 2027 746 2045 ac
759 2018 900 2045 contulisse

111 2069 273 2103 Dacibyzam
286 2069 297 2094 ?
311 2072 362 2094 etc.
383 2067 465 2102 ’184
476 2066 634 2100 Iiespondeo
649 2074 654 2091 :
671 2064 728 2091 Non
752 2065 808 2090 haec
831 2063 901 2090 refc-

111 2115 194 2142 rentla
212 2117 275 2140 sunt
291 2113 324 2138 ad
354 2112 515 2145 colloquium
547 2110 625 2137 Vecci
651 2118 711 2137 cum
744 2109 898 2144 patriarcha

110 2159 243 2194 Gregorio
259 2158 464 2189 habitum,toto
488 2156 649 2190 praecedenti
679 2156 768 2190 capite
792 2154 826 2181 55
854 2155 900 2181 dc-

931 234 1066 261 Iaxatione
1080 235 1236 262 acerbitatis
1257 235 1282 261 iu
1297 233 1375 262 Vecci
1393 242 1503 261 carcere
1516 234 1549 261 ad
1566 233 1650 269 perfet
1660 239 1714 260 tam

931 280 1000 315 ejus,
1017 288 1076 314 qua:
1090 280 1160 308 {elici
1173 281 1279 308 demum
1294 281 1367 308 obitu
1387 281 1410 307 ci
1440 281 1544 315 obtigit,
1579 281 1712 307 liberatio-

932 334 993 352 nem
1015 327 1048 353 ab
1076 328 1204 354 arruutnis
1227 327 1364 354 omnibus.
1402 327 1519 354 Primum
1548 331 1651 353 certum
1675 331 1715 353 est

932 374 1115 402 Andronicum
1127 375 1314 410 imperatorem
1323 375 1461 411 Nymphmi
1471 377 1619 410 perstitisse
1629 376 1716 409 spatio

934 421 993 455 plus
1006 429 1106 448 annuo.
1121 421 1213 448 Refert
1228 422 1299 448 enim
1317 429 1419 454 uoster,
1437 431 1463 457 p.
1481 423 1542 453 151,
1559 423 1643 449 fuisse
1655 430 1715 448 runt

934 466 989 493 illic
1006 466 1206 494 undetricesimo
1224 469 1319 494 mensis
1334 466 1410 494 Junii
1435 468 1476 494 die
1497 476 1546 501 quo
1565 473 1718 494 sauciorum

936 513 1118 546 apostolorum
1141 514 1238 548 (Petri
1259 522 1355 549 nempe
1374 519 1401 541 et
1415 514 1489 541 Pauli
1505 514 1513 548 )
1534 515 1629 548 festina
1652 514 1719 541 cele—

937 559 1038 589 bratur,
1056 559 1138 585 altero
1159 565 1279 586 rurrenlc
1306 569 1375 586 anno
1392 568 1424 586 ex
1439 568 1488 594 quo
1517 561 1660 593 imperator
1675 568 1720 586 ca-

937 609 993 631 stra
1008 603 1063 630 illic
1084 604 1194 631 [iubebat
1216 605 1362 636 :Atetela;
1387 605 1537 639 τρεχούσης
1559 605 1723 639 ἐστρατοπε-

936 647 1058 683 δευμένῳ
1074 648 1112 683 τῷ
1131 649 1245 684 ﬂammai.
1271 650 1338 677 Curti
1367 657 1431 683 ergo
1456 657 1566 676 numero
1591 650 1723 684 superiori

938 693 1120 721 \‘erisintiliter
1155 695 1331 722 statuerimus
1363 695 1547 721 Andronicum
1576 695 1724 728 Augustum

939 741 1097 774 pervenisse
1123 741 1298 776 Nymphaeum
1332 742 1404 769 circa
1426 742 1532 768 initium
1559 741 1630 768 Junii
1655 749 1726 768 anno

939 784 1040 812 Christi
1075 786 1163 818 1290,
1190 787 1260 821 quod
1287 787 1332 813 illo
1362 794 1386 814 c.
1416 787 1432 813 9
1462 786 1640 821 Puchymercs
1671 795 1722 814 mc-

942 835 1029 858 moret
1040 832 1178 859 dissidium
1192 833 1343 867 principum
1359 839 1542 859 matronarum
1556 838 1725 859 contractum

943 878 1087 905 occasione
1102 879 1245 913 pauegyris
1262 878 1461 913 apostolorum,
1478 878 1622 912 contigerit
1637 878 1671 905 ‘29
1684 878 1728 905 die

943 924 1015 951 Junii
1036 925 1099 950 anni
1114 924 1214 951 Christi
1230 924 1308 955 1291,
1325 925 1433 958 quando
1455 924 1511 957 jam
1534 931 1634 950 atmttm
1662 924 1730 950 alte-

945 978 1003 996 rum
1021 978 1076 997 sua:
1095 970 1164 1004 apud
1180 968 1355 1004 Nympharum
1382 969 1604 996 commorationis
1625 969 1730 995 Andro-

944 1015 1021 1042 nicne
1051 1016 1235 1042 inchoaverat.
1271 1015 1383 1042 liettitus
1409 1015 1468 1049 ejus
1489 1015 1550 1041 inde
1579 1014 1604 1040 in
1635 1013 1728 1040 urbem

946 1066 1054 1088 notatur
1072 1069 1098 1096 p.
1115 1061 1176 1092 I65,
1198 1067 1225 1088 et
1239 1062 1391 1096 assignatur
1417 1061 1467 1087 diei
1497 1060 1730 1087 duodetricesimm

945 1106 1029 1137 Junii,
1049 1107 1111 1133 anni
1135 1107 1261 1133 videlicet
1277 1108 1367 1134 statim
1392 1105 1531 1140 sequentis
1553 1113 1612 1132 a‘rze.
1626 1105 1731 1133 Christi

947 1153 1066 1187 vulgaris
1081 1153 1159 1184 1205,
1181 1160 1240 1179 cum
1262 1150 1317 1186 jam
1345 1156 1468 1186 reparata
1495 1151 1608 1178 fuissent
1632 1152 1731 1178 damna

947 1199 1086 1231 incendii,
1113 1206 1166 1232 quo
1191 1197 1300 1225 biennio
1324 1201 1386 1224 ante
1414 1197 1608 1223 abdicationem
1648 1198 1733 1224 Atha-

948 1244 1026 1275 nasii,
1050 1249 1077 1270 ut
1095 1245 1194 1271 diserte
1211 1244 1326 1271 traditur
1354 1250 1381 1278 p.
1397 1243 1459 1274 I78,
1486 1243 1583 1270 Forum
1605 1251 1732 1279 maguum

947 1289 1171 1322 conﬂagravcrat.

985 1334 1032 1361 IX.
1061 1334 1246 1362 Abdicationis
1276 1342 1356 1369 porro
1373 1335 1451 1360 modo
1478 1340 1632 1362 memorata:
1648 1335 1733 1362 Atha-

949 1379 1017 1406 nasii
1034 1384 1138 1414 tempus
1161 1381 1227 1407 satis
1250 1380 1351 1407 diserte
1383 1379 1564 1415 Parhymeres
1594 1381 1731 1414 exprinit,

949 1425 1011 1452 dum
1028 1434 1053 1460 ν.
1072 1426 1124 1452 177
1148 1427 1241 1453 scribit
1256 1428 1341 1460 ipsum
1358 1432 1448 1453 exacte
1474 1427 1677 1460 quadriennium
1703 1428 1730 1454 in

948 1471 1126 1505 patriarchatu
1141 1472 1294 1506 explevisse,
1318 1473 1354 1499 ita
1384 1477 1411 1498 ut
1428 1473 1487 1498 initi
1508 1473 1642 1507 relictique
1664 1474 1734 1507 regi-

912 1532 933 1559 ε
951 1520 1028 1545 minis
1058 1518 1182 1546 Ecclesia:
1204 1520 1322 1547 eamdem
1349 1520 1430 1554 fernte
1459 1521 1633 1546 numerat-erit
1664 1520 1734 1547 diem

951 1569 1051 1591 sextam
1068 1565 1197 1591 decimam
1216 1565 1346 1592 Octobris.
1377 1565 1506 1591 Alludnut
1527 1565 1584 1592 hinc
1611 1565 1643 1592 ad
1661 1566 1727 1600 prius

951 1611 1051 1645 scripta
1073 1619 1099 1646 p.
1118 1610 1179 1642 146,
1198 1611 1242 1637 ubi
1258 1610 1355 1637 dicitur
1368 1617 1491 1645 quartam
1507 1611 1635 1637 decimam
1652 1611 1718 1638 Octo

951 1655 1007 1682 bris
1035 1656 1106 1683 diem
1141 1657 1254 1690 primam
1280 1656 1426 1682 Athanasio
1450 1656 1649 1690 patriarchatus
1672 1656 1728 1683 initi

950 1702 1043 1729 fuisse.
1064 1702 1185 1729 Pertinet
1210 1703 1271 1735 hoc,
1300 1707 1329 1729 ut
1353 1702 1408 1728 dixi
1434 1710 1508 1729 nunt.
1529 1701 1556 1732 5,
1577 1702 1610 1729 ad
1635 1709 1731 1729 annum

950 1749 1050 1776 Christi
1078 1749 1158 1781 1280,
1189 1757 1221 1776 ex
1244 1756 1298 1784 quo
1321 1749 1382 1774 anni
1408 1753 1543 1775 vertentes
1569 1752 1685 1782 quatuor
1709 1748 1737 1776 in

950 1795 1022 1822 diem
1049 1795 1082 1822 14
1109 1794 1208 1822 Octob.
1237 1795 1300 1821 anni
1323 1794 1391 1821 1295
1417 1794 1531 1821 desiere.
1572 1794 1656 1820 Biduo
1677 1798 1738 1828 post

952 1841 1048 1868 throno
1063 1841 1146 1868 cessit
1161 1840 1339 1871 Athanasius,
1363 1845 1439 1874 gesta
1457 1840 1632 1875 patriarchali
1647 1840 1737 1874 digni-

952 1891 1006 1914 tate
1026 1887 1104 1913 anuis
1128 1887 1239 1914 omnino
1268 1891 1384 1921 quatuor
1412 1891 1436 1913 et
1475 1886 1578 1912 ttuolms
1607 1891 1737 1919 praetcrea

950 1932 1055 1960 diebus.
1075 1931 1229 1958 Incemlium
1244 1939 1308 1965 ergo
1325 1931 1413 1966 magni
1429 1931 1488 1957 Furi
1507 1938 1578 1957 anno
1601 1931 1665 1958 1201
1683 1932 1737 1957 sub

952 1978 1068 2004 medium
1094 1977 1272 2005 Novembrem
1296 1978 1404 2010 evenit,
1435 1977 1512 2010 cujus
1539 1978 1623 2003 ruina:
1649 1977 1736 2011 spatio

952 2023 1084 2049 mensium
1097 2023 1152 2050 l'ere
1166 2022 1248 2057 785
1263 2028 1326 2049 octo
1340 2022 1408 2048 adeo
1421 2027 1529 2049 strenue
1547 2031 1559 2048 a
1574 2022 1678 2048 civibus
1698 2029 1738 2047 re-

952 2074 1055 2102 parata
1081 2073 1152 2100 sunt,
1179 2073 1208 2095 ut
1236 2068 1343 2094 rediens
1371 2068 1397 2094 in
1420 2067 1513 2094 urbem
1531 2068 1678 2102 imperator
1690 2075 1738 2093 ex-

951 2117 1038 2139 tremo
1051 2111 1130 2138 Junio
1142 2111 1205 2138 anni
1218 2111 1289 2138 1292
1301 2111 1497 2145 gratularetur,
1511 2112 1580 2144 Quod
1590 2111 1739 2137 historicus

952 2158 989 2183 ait
1007 2164 1033 2190 p.
1052 2156 1113 2188 180,
1127 2157 1182 2183 solo
1209 2157 1260 2183 sibi
1283 2157 1388 2182 aurium
1426 2157 1524 2183 indicio
1551 2162 1668 2182 rettstarc
1692 2165 1740 2182 no-

110 2207 254 2238 scriptum,
272 2204 320 2230 sed
336 2203 369 2229 ad
384 2202 471 2229 obiter
500 2205 630 2228 attextam
664 2201 696 2227 ad
711 2200 811 2226 calcem
829 2200 900 2226 illius
914 2198 941 2228 D
955 2203 1042 2229 titiam
1059 2202 1184 2233 incendii,
1202 2202 1275 2228 nullo
1288 2203 1346 2236 jam
1359 2202 1439 2228 oculis
1451 2202 1590 2235 superstite
1606 2203 1647 2228 sui
1661 2203 1741 2229 vesti-

111 2251 209 2285 capitis
228 2249 393 2276 mentionem
424 2249 521 2274 laxatae
548 2248 634 2274 multo
659 2246 795 2281 posterius
820 2245 898 2272 Vecci

113 2297 256 2327 custodiae,
273 2297 299 2322 in
315 2303 396 2329 quam
415 2298 475 2328 post
499 2293 525 2320 id
541 2294 705 2327 colloquimn
736 2297 779 2319 est
806 2292 899 2325 conje-

112 2347 184 2369 ctus.
201 2341 228 2367 Id
247 2348 310 2374 ergo
333 2343 438 2365 tantum
454 2329 498 2364 illa
523 2337 623 2372 capitis
648 2337 682 2363 56
707 2337 792 2371 prima
818 2335 899 2362 verba

112 2387 276 2423 signiﬁcant,
295 2386 375 2421 paulo
394 2389 549 2418 antequam
580 2385 606 2410 in
633 2383 733 2417 sa'pius
751 2386 900 2409 memorata

113 2433 285 2468 imperatoris
309 2430 457 2458 Andronici
496 2429 663 2464 proiectione
692 2429 719 2455 in
747 2427 900 2460 Orientem,

114 2487 159 2513 per
178 2481 290 2506 missum
306 2479 332 2504 In
350 2485 439 2504 arcem
457 2477 485 2504 S.
502 2475 626 2510 Gregorii
653 2475 899 2509 protorcstiarium,

115 2524 255 2552 VecCusin
278 2523 357 2558 paulo
385 2522 591 2549 tolerabiliorem
605 2521 785 2547 conditionem
810 2526 900 2547 trans—

114 2570 241 2599 ferretur.
272 2570 372 2596 aditum
392 2568 532 2601 Dacibyzm
547 2568 581 2593 ab
601 2566 755 2592 Andronico
768 2564 899 2593 Joannem

114 2615 246 2641 Theodori
264 2614 386 2641 Lascaris
404 2613 513 2646 Augusti
529 2613 623 2640 litium.

151 2660 220 2687 VIII.
241 2659 312 2685 Mors
327 2658 390 2685 inde
405 2658 484 2685 Veeci
501 2663 627 2684 narratur
648 2665 673 2691 p.
692 2657 757 2690 9.70,
779 2665 825 2684 seu
847 2664 901 2690 quo

113 2715 186 2734 anno
201 2706 347 2740 contigerit
364 2704 570 2738 disquireudum
587 2705 664 2731 nobis
684 2704 829 2730 historicus
860 2710 901 2728 re-

115 2753 222 2787 !inquit.
236 2752 418 2787 Experiamur
433 2759 499 2786 ergo
520 2751 629 2784 ecquid,
652 2752 797 2785 sequeuuis
819 2750 902 2776 resti-

114 2800 166 2834 giis
181 2806 270 2825 rerum
285 2798 377 2825 abillo
397 2798 467 2824 serie
490 2797 628 2829 continua,
646 2804 697 2831 qua
727 2801 808 2830 geshe
827 2800 899 2829 sunt,

112 2848 298 2874 narraturum,
315 2842 450 2876 possimus
464 2847 539 2868 certo
553 2841 755 2876 deprehendere
770 2846 900 2875 quantum

273 2891 411 2921 ΡΑτηοι.
433 2891 490 2922 (in.
507 2890 637 2921 CXLIV.

956 2248 997 2282 gio
1021 2248 1150 2274 sensibili.
1168 2247 1208 2274 Ab
1222 2249 1273 2274 hoc
1301 2247 1360 2274 loco
1378 2255 1437 2280 qua:
1454 2252 1599 2272 narrantur
1613 2254 1627 2272 a
1649 2251 1742 2273 nosuo

956 2294 1087 2320 historico
1102 2293 1172 2320 serie
1192 2293 1334 2324 continua,
1356 2299 1400 2318 res
1417 2297 1495 2326 prout
1511 2298 1625 2318 creuere
1651 2290 1742 2318 decla-

955 2345 1042 2371 rante,
1059 2347 1143 2373 usque
1160 2339 1193 2365 ad
1210 2347 1233 2366 c.
1253 2339 1300 2369 29,
1314 2339 1332 2365 l.
1346 2338 1389 2368 III.
1406 2337 1526 2371 quinque
1541 2337 1597 2363 fere
1611 2344 1742 2363 annorum

954 2386 1066 2419 explent
1105 2385 1233 2420 spatium.
1267 2383 1346 2411 Unde
1371 2383 1442 2417 quod
1473 2383 1600 2411 scribitur
1627 2391 1653 2417 p.
1677 2383 1742 2415 270,

955 2436 1089 2457 mortuttnt
1103 2437 1163 2457 esse
1179 2430 1295 2457 Veccutn
1312 2430 1363 2457 sub
1377 2430 1455 2456 tinem
1472 2429 1574 2461 Martii,
1593 2430 1626 2455 ad
1643 2437 1743 2456 annum

954 2476 1013 2503 sine
1024 2476 1106 2503 dubio
1118 2476 1236 2510 pertinet
1248 2475 1351 2503 ChriSti
1371 2475 1450 2502 1298.
1480 2475 1550 2502 Octo
1567 2475 1650 2509 igitur
1664 2475 1744 2502 annis

955 2526 1015 2555 post
1029 2522 1146 2548 laxatam
1163 2521 1359 2555 aliquantulum
1373 2521 1537 2553 custodiam,
1558 2526 1683 2554 perstans
1704 2521 1746 2548 ni-

955 2568 1102 2594 hilominus
1115 2567 1234 2594 Joannes
1252 2566 1355 2594 Veccus
1369 2568 1395 2594 in
1411 2575 1533 2599 carcere,
1549 2567 1679 2602 quoniam
1693 2568 1744 2594 im-

956 2613 1075 2646 peratori
1098 2613 1223 2639 assentiri
1240 2613 1272 2639 ad
1286 2612 1405 2640 srhisma
1425 2613 1562 2639 revocanti
1579 2613 1744 2639 constantis-

955 2660 1024 2685 sime
1036 2666 1144 2693 semper
1160 2659 1257 2689 renuit,
1283 2659 1316 2684 ad
1333 2666 1456 2691 suorum,
1482 2665 1511 2685 ut
1533 2665 1643 2693 sperare
1669 2658 1743 2691 licet,

956 2705 1066 2738 praemia
1085 2704 1208 2730 laborum
1227 2711 1241 2729 a
1262 2703 1317 2730 Deo
1340 2709 1450 2731 vocatus
1471 2704 1497 2730 iu
1524 2705 1622 2731 coelum
1640 2708 1692 2730 est.
1709 2704 1745 2729 At.

956 2749 1145 2781 Mehteniotes,
1161 2749 1230 2776 alter
1242 2749 1299 2783 ejus
1313 2749 1461 2780 sociorum,
1492 2756 1543 2775 non
1560 2748 1635 2782 prius
1662 2755 1742 2779 quam

956 2801 1017 2830 post
1032 2796 1124 2822 decem
1157 2795 1282 2822 evolutos
1307 2794 1368 2821 inde
1394 2802 1490 2826 annos,
1518 2793 1570 2829 [I'.
1585 2793 1654 2827 568]
1686 2793 1745 2827 pari

956 2842 1037 2870 laude
1050 2840 1376 2868 conmtendatusinvictae
1405 2840 1430 2866 in
1454 2840 1506 2866 title
1530 2840 1648 2866 ltmnana
1675 2846 1744 2866 cun-

1488 2889 1522 2919 27
