1954 3063
135 132 189 165 845

787 132 836 163 CH
841 130 1118 164 RONOLOGICUS.

1701 130 1753 161 840

134 191 315 226 dejectionem
329 198 344 218 e
361 192 459 220 throno
478 196 505 219 ct
521 191 724 220 restitutionem
742 191 768 218 in
792 191 920 218 thronutn
936 190 958 218 A
972 189 1102 217 Joannem
1116 189 1241 217 Cosmam
1258 195 1273 216 a
1289 189 1416 216 Kalendis
1437 187 1574 216 Ianuariis
1597 188 1658 215 anni
1675 189 1754 215 Chri-

134 237 247 265 Joannis
261 237 367 264 Cosmte
384 238 587 272 patriarchatus
605 237 756 270 inlinditur,
772 236 865 264 multis
879 236 920 262 vi-

136 283 344 310 cissitudinibus
358 283 461 315 varius,
492 291 542 318 per
566 290 634 317 quas
660 287 750 310 tatnett
771 286 812 309 sat
842 281 922 316 longo

135 330 224 363 spatio
241 329 361 356 duravit.
378 329 443 364 Ejus
465 337 518 363 qua
545 329 664 356 ineuntis
687 335 739 362 qua
772 328 922 355 desinentis

134 373 250 399 delinire
266 378 415 404 momenta,
435 374 578 407 spatiaque
596 374 677 400 totius
694 373 845 400 durationis
857 379 920 399 εῖν

134 421 176 443 cte
194 417 328 449 dimetiri,
347 425 409 444 cum
428 423 468 445 est
494 418 575 452 hujus
588 418 708 446 historian
725 418 823 445 callere
838 418 920 444 chro-

134 463 270 496 nologiam
289 464 390 491 volenti
408 466 605 497 necessarium,
622 469 679 492 tum
709 465 781 491 idem
811 469 921 499 propter

135 508 322 536 canfnsionem
351 509 479 543 perplexe
505 510 646 536 mistarunt
665 516 755 536 rerum
785 509 922 536 historici-

135 561 186 586 que
203 555 288 580 nostri
307 555 460 587 arnhiguam
479 555 577 582 alicubi
599 556 633 582 de
653 556 695 582 his
714 554 919 582 amrmationem

135 599 206 626 haud
226 608 293 627 sane
323 602 433 628 obvium
453 602 589 636 facileque
609 602 743 636 explicatu
771 602 827 629 fore
859 609 921 637 spe-

134 646 249 673 randum
266 650 317 680 est,
334 647 428 674 lectori
446 649 594 681 praesertim
615 649 732 683 primum
749 649 781 675 ad
799 649 857 675 haec
872 649 920 675 ad-

134 693 249 718 vertenti
266 698 293 719 et
305 693 427 727 defungi,
444 697 471 720 ut
499 693 556 720 fere
571 694 612 726 lit,
637 694 725 722 obiter
742 695 849 728 cupido.
866 694 920 722 Hu-

131 737 176 772 jus
194 746 246 772 ego
263 739 353 765 studio
371 744 398 765 ut
415 747 464 773 pro
479 739 531 766 mei
562 740 666 766 ratione
684 739 764 767 ollicii
791 741 918 773 serviam,

135 787 232 808 cuncta
245 782 288 808 hic
303 790 361 816 ejus
375 784 482 817 generis
494 791 575 818 quam
601 784 762 812 brevissime
777 788 805 812 et
826 785 919 813 claris-

112 863 116 867 .
135 827 203 853 sime
219 833 314 862 potero
322 835 464 862 exponam.

170 872 203 899 ll.
230 873 256 900 id
273 875 362 908 agenti
376 873 437 902 ante
447 876 535 902 omnia
548 876 773 903 considerandum
789 877 918 909 occurrit,

135 919 207 951 quod
235 927 249 945 a
265 920 434 955 Pachymere
450 922 580 955 scriptum
611 926 700 948 exstat
714 929 741 956 p.
760 922 822 954 568,
839 923 921 949 Atha-

137 965 243 991 nasium
259 966 491 999 expatriarchatn,
509 966 617 1000 quando
644 973 706 993 eum
737 967 780 994 die
799 966 920 994 Januarii

137 1010 241 1036 decima
260 1018 329 1037 nona
357 1011 505 1045 imperator
524 1011 695 1038 Andronicus
711 1019 771 1038 cum
787 1012 922 1046 episcopis

135 1060 163 1082 et
187 1056 288 1089 populo
299 1057 438 1088 convenit,
454 1056 622 1090 transegisse
640 1057 667 1082 in
700 1057 746 1084 illo
764 1057 920 1083 monasterii

137 1108 245 1128 secessu
268 1109 355 1129 annos
366 1104 472 1131 decem,
489 1102 581 1129 minus
605 1110 699 1129 novem
725 1103 876 1130 mensibus.
893 1101 919 1129 In

136 1153 169 1172 eo
194 1152 300 1173 asserto
317 1147 369 1174 sibi
385 1148 494 1182 egregie
509 1151 616 1175 constat
628 1148 794 1181 historicus;
810 1149 917 1176 dixerat

136 1192 207 1219 enim
227 1200 252 1226 p.
274 1193 336 1226 17⁵1,
352 1194 542 1224 Athanasium.
556 1194 713 1221 renuntiato
724 1195 919 1228 patriarchatu,

137 1240 303 1265 monasterio
315 1239 449 1266 Cosmidii
474 1239 515 1276 [P.
531 1240 594 1275 570]
614 1240 699 1267 fuisse
727 1241 860 1268 inclusum
878 1242 920 1268 die

137 1283 170 1310 lb'
186 1285 322 1315 Octobris,
342 1292 402 1311 cunt
434 1290 497 1312 ante
515 1293 601 1312 annos
619 1290 735 1318 quatuor
755 1286 797 1312 die
823 1291 918 1320 quarta

136 1328 240 1355 decima
255 1329 356 1356 mensis
370 1328 491 1363 ejusdem
506 1330 708 1363 patriarcltatus
720 1331 918 1364 possessionem

136 1375 258 1402 adiisset.
273 1375 338 1401 Erat
352 1375 396 1402 ille
411 1382 509 1407 annus,
522 1382 575 1409 quo
594 1375 763 1402 Athanasius
784 1375 811 1402 in
827 1384 920 1404 mona-

136 1421 394 1447 steriumCosmidii
420 1429 435 1447 e
451 1420 618 1454 patriarchio
647 1421 784 1453 migravit,
818 1420 918 1450 Christi

136 1473 196 1491 tene
218 1466 299 1497 1295,
315 1471 394 1500 prout
410 1467 436 1492 in
464 1466 578 1501 Synopsi
611 1466 771 1500 subjicimas
807 1467 892 1494 oculis
910 1476 918 1494 :

973 235 1008 263 sti
1030 234 1100 262 i294
1112 241 1230 269 praeesse
1246 234 1424 268 patriarchali
1437 238 1571 268 potestate
1594 234 1752 261 Constanti-

973 280 1137 315 nopolitanae
1151 280 1280 307 Ecclesiae
1300 280 1425 314 coepisse.
1446 280 1514 313 Quia
1545 287 1608 307 vero
1633 279 1752 314 quando,

973 333 1070 354 novem
1087 326 1166 353 annis
1189 330 1217 353 et
1239 326 1388 353 octodecim
1414 326 1508 352 diebus
1536 326 1598 352 inde
1622 326 1752 352 vertenti-

972 373 1032 404 bus,
1054 371 1225 398 Andronicus
1251 372 1400 405 imperator
1424 372 1576 406 episcopos,
1594 371 1697 398 clerttm
1727 374 1755 397 et

971 418 1101 453 populttm
1116 425 1210 446 secum
1223 418 1325 445 ducens
1340 418 1518 444 Athanasium
1543 418 1619 449 adiit,
1636 417 1753 455 nondum

972 463 1116 491 manifeste
1131 463 1244 491 Cosmas
1260 463 1399 497 abjecerat
1425 463 1621 497 possessionem
1639 462 1754 496 patriar-

972 510 1058 537 chalis
1074 510 1197 542 honoris,
1214 516 1291 543 quem
1317 517 1365 537 nec
1381 511 1439 544 ipsc
1469 509 1631 536 Athanasius
1655 513 1754 535 utcun-

971 563 1024 590 que
1043 560 1107 583 tunc
1123 556 1242 583 delatum
1259 557 1376 588 admisit,
1393 561 1419 582 et
1439 555 1552 582 Cosmus
1562 559 1672 589 postea,
1685 555 1753 588 ‘ipso

971 603 1073 630 fatente
1090 602 1254 636 imperatore
1266 602 1354 629 adhuc
1367 601 1521 635 patriarcha
1551 608 1643 632 verus,
1671 600 1753 626 ctiam

972 652 1002 675 ut
1016 648 1077 675 talis
1096 648 1260 675 anathemati
1278 648 1393 682 subjecit
1410 654 1600 681 quemcunque
1628 646 1671 678 qtti
1696 652 1755 671 mo-

972 693 1068 720 liretttr
1087 693 1269 720 Athanasium
1284 694 1309 720 in
1329 693 1427 720 throno
1444 690 1755 727 reponerc,qu:£rendus

971 739 1036 766 alibi
1061 743 1102 766 est
1122 745 1202 765 verus
1219 743 1247 765 et
1270 738 1439 766 indubitatus
1467 730 1529 764 linis
1555 736 1756 772 patriarchatus

970 784 1085 811 Cosmae.

1007 830 1051 857 IV.
1072 829 1097 857 ls
1121 837 1203 865 porro
1222 837 1275 857 non
1300 829 1363 856 alibi
1379 829 1531 863 reperietur
1545 834 1625 861 quant
1642 835 1669 862 p.
1688 826 1753 857 582.

972 875 1015 902 ubi
1030 875 1115 903 refert
1132 875 1315 911 Pachymeres
1341 874 1523 902 Andronicum
1549 873 1753 900 altscindentem

971 921 1070 949 nodum
1096 929 1174 955 quem
1196 922 1301 949 solvere
1318 921 1457 955 nequibat,
1472 920 1535 946 dum
1565 920 1707 953 episcopos
1726 919 1753 945 in

973 969 1078 1004 synodo
1100 977 1158 996 stne
1172 969 1251 996 modo
1272 973 1323 995 aut
1347 976 1395 1003 spe
1412 966 1602 995 conventionis
1626 965 1658 992 de
1675 965 1754 992 abdi-

972 1015 1081 1042 catione
1096 1013 1209 1041 Joannis
1223 1014 1328 1042 Cosma:
1354 1018 1381 1040 et
1410 1013 1581 1040 restitutione
1610 1011 1754 1038 Athanasii

973 1061 1140 1087 altercantes
1155 1060 1239 1093 videt,
1254 1060 1400 1094 assumptis
1417 1066 1509 1086 secum
1525 1057 1559 1084 iis
1572 1057 1616 1091 qni
1631 1056 1755 1083 Athana-

970 1106 1012 1133 sio
1027 1105 1164 1138 furebant,
1178 1113 1239 1133 eum
1251 1105 1322 1139 juris
1349 1111 1475 1132 securum
1498 1111 1548 1130 usu
1578 1110 1609 1130 ac
1638 1102 1708 1129 iacto
1726 1102 1753 1129 iit

971 1152 1170 1187 patriarchatus
1189 1151 1361 1186 possessione
1375 1150 1561 1182 constituisse,
1589 1149 1683 1176 multis
1697 1148 1755 1182 epi-

971 1205 1113 1233 scoporum
1130 1202 1158 1225 et
1173 1198 1231 1233 ipso
1252 1198 1356 1225 Joanne
1371 1197 1470 1224 Cosma
1493 1197 1677 1230 nequidquam
1711 1202 1754 1222 rc-

971 1243 1160 1275 clamantibus,
1181 1248 1207 1270 et
1222 1242 1273 1269 hoc
1291 1243 1400 1276 quidem
1417 1241 1480 1276 (etsi
1495 1241 1520 1268 vi
1536 1241 1632 1275 majori
1655 1242 1754 1267 cedens

971 1288 1126 1323 Sozopolim
1157 1289 1182 1315 in
1201 1288 1315 1322 patriam
1339 1287 1466 1321 recessit)
1485 1294 1577 1314 verum
1605 1294 1634 1314 se
1665 1287 1754 1313 adhuc

971 1333 1159 1368 patriarcltam
1177 1334 1338 1360 arbitrante.
1355 1333 1394 1359 Ex
1414 1339 1478 1360 tunc
1495 1337 1585 1359 tamen
1612 1333 1645 1359 ab
1669 1333 1754 1366 impe-

970 1385 1060 1406 ratore
1074 1387 1105 1406 ac
1118 1379 1256 1414 plerisque
1277 1378 1394 1406 Joannes
1408 1378 1521 1405 Cosmas
1532 1379 1627 1405 haberi
1644 1386 1691 1412 pro
1706 1385 1754 1412 pa-

971 1425 1090 1452 triarclta
1109 1425 1205 1458 desiit;
1222 1430 1249 1452 et
1271 1425 1441 1452 Athanasius
1459 1424 1614 1451 functiones
1634 1425 1693 1458 ejus
1707 1432 1755 1458 po-

971 1471 1077 1498 testatis
1090 1470 1155 1505 (quo
1168 1470 1230 1505 jure
1247 1477 1335 1504 quave
1351 1469 1463 1503 injuria,
1491 1469 1563 1496 Deus
1594 1469 1654 1504 scit)
1677 1476 1755 1496 exer-

137 1511 205 1538 alter
225 1516 315 1538 autent
342 1520 438 1544 annus,
469 1512 545 1547 cujus
564 1511 687 1539 Januarii
718 1512 750 1539 19
772 1518 919 1540 conventus
933 1525 955 1554 σ
972 1517 1037 1543 cuit.
1058 1516 1197 1544 Habemus
1218 1520 1308 1543 autent
1339 1516 1411 1542 hanc
1440 1515 1570 1548 epocham
1597 1515 1754 1550 insignitam

141 1557 196 1583 illic
215 1557 284 1583 idem
306 1557 339 1584 ab
355 1557 511 1584 Andronico
523 1557 688 1584 Athanasius
709 1557 770 1589 fuit,
786 1558 812 1584 in
826 1558 919 1584 eadem

136 1602 239 1630 Christi
256 1610 309 1629 aera
337 1603 398 1630 sine
420 1604 502 1630 dubio
529 1594 696 1630 millesimus
716 1604 922 1632 trecentesimns

137 1655 251 1682 quartus
268 1650 472 1676 numerabatur.
490 1649 556 1681 Quia
571 1657 636 1676 vero
653 1657 739 1677 nonus
764 1658 851 1677 annus
866 1651 920 1684 pri-

138 1695 443 1721 vatzecommorationis
464 1695 604 1722 Athanasii
630 1696 700 1729 apud
728 1697 921 1723 ntonasteriutn

137 1739 265 1766 Costnidii
284 1741 410 1768 evolutus
431 1740 517 1767 fuerat
530 1741 573 1768 die
589 1741 621 1768 16
632 1741 758 1768 Octobris
778 1743 839 1768 anni
851 1750 923 1777 prte-

138 1786 259 1814 cedentis
279 1787 379 1814 Christi
397 1788 533 1814 millesimi
557 1789 740 1816 trecentesimi
758 1789 842 1823 788
867 1793 920 1815 ter-

139 1832 179 1863 tii.
199 1837 227 1859 et
244 1833 266 1859 si
285 1834 407 1860 decimus
422 1842 436 1859 τι
450 1834 495 1860 tali
513 1834 618 1868 epocha
647 1834 743 1861 luisset
775 1834 924 1868 explendus

138 1886 236 1910 annus,
254 1887 430 1913 perseverare
443 1880 513 1906 idem
531 1880 641 1907 clausus
654 1880 680 1906 in
709 1880 762 1907 isto
787 1880 848 1907 loco
874 1880 921 1907 de-

137 1923 242 1951 buisset
257 1931 340 1958 usque
352 1925 386 1952 ad
406 1925 438 1952 16
454 1925 581 1952 Octobris
603 1925 773 1959 insequentis
797 1926 881 1957 diem,
906 1932 921 1951 a

137 1982 191 2009 quo
219 1973 277 2000 dies
310 1972 344 1999 i9
364 1971 484 1999 Januarii
515 1979 610 1998 novem
637 1971 692 1998 fere
722 1971 814 1997 solidis
848 1973 923 1997 abest

140 2019 291 2050 mensibus,
318 2022 430 2052 apparet
451 2025 530 2051 quam
554 2016 588 2043 ad
619 2023 711 2044 verum
741 2019 836 2042 exacte
857 2015 924 2042 deli-

138 2065 194 2091 nita
209 2063 351 2090 Athanasii
378 2064 404 2089 in
421 2063 552 2090 Cosmidii
568 2062 732 2089 monasterio
753 2067 857 2089 secreta
874 2061 923 2088 ha-

139 2111 236 2137 bitatio
250 2109 332 2136 fuerit
351 2109 439 2144 spatio
455 2109 568 2144 prmeiso
589 2109 685 2136 decem
701 2115 845 2140 annorum,
864 2107 923 2134 mi-

139 2165 189 2183 nus
205 2163 300 2183 novem
319 2156 466 2183 mensibus.

971 1563 1130 1589 charactere
1146 1562 1350 1596 chronologico,
1370 1561 1416 1588 sed
1432 1566 1542 1595 propter
1557 1560 1711 1587 allectatam
1737 1568 1753 1588 a

970 1609 1139 1643 Pacbymere
1154 1608 1300 1643 quamdam
1316 1608 1344 1634 in
1359 1609 1443 1634 verbo
1464 1606 1667 1641 ambiguitatem
1685 1606 1754 1634 indi-

972 1660 1053 1691 gente
1071 1653 1255 1680 declat-aliene
1267 1661 1322 1680 non
1340 1652 1536 1688 perfunctorie.

1007 1700 1039 1728 V.
1055 1700 1100 1726 Ait
1121 1699 1248 1726 nimirum
1260 1704 1353 1726 noster
1372 1698 1532 1731 historicus,
1548 1704 1575 1732 ρ.
1590 1698 1653 1730 385,
1671 1698 1753 1731 diem,

973 1754 1025 1780 quo
1057 1751 1100 1772 est
1122 1746 1155 1772 ab
1188 1744 1343 1772 Andronico
1369 1744 1534 1778 imperatore
1564 1745 1590 1771 vi
1617 1749 1644 1771 et
1673 1752 1755 1773 manu

973 1792 1072 1820 throno
1099 1792 1241 1826 impositus
1278 1791 1453 1824 Athanasius,
1480 1791 1564 1818 fuisse
1596 1791 1756 1819 vicesimum

974 1839 1083 1865 tertium
1105 1838 1206 1865 mensis
1235 1837 1450 1864 Atheniensibus
1475 1836 1701 1865 Memacterionis
1717 1838 1758 1865 di-

973 1884 1021 1915 cti,
1035 1883 1114 1917 cujus
1133 1883 1239 1917 primus
1255 1887 1281 1908 et
1304 1882 1451 1909 vicesimus
1466 1882 1523 1908 dies
1554 1881 1601 1909 illo
1629 1889 1701 1910 anno
1730 1883 1757 1910 in

973 1928 1154 1959 Parasceven,
1174 1926 1257 1961 789
1270 1927 1321 1953 hoc
1331 1932 1384 1958 est,
1398 1927 1479 1953 modo
1489 1925 1614 1959 loquendi
1627 1926 1692 1953 huic
1707 1934 1757 1953 au-

973 1973 1042 2001 ctori
1063 1973 1173 2003 usitato,
1191 1973 1217 1998 in
1247 1972 1343 1998 feriam
1363 1971 1544 1998 hebdomadis
1559 1976 1663 1998 sextam
1690 1972 1758 1998 inci-

973 2020 1053 2047 derit.
1068 2018 1314 2045 Maemacterionem
1344 2017 1408 2043 alibi
1429 2016 1613 2051 Pachymeres
1631 2021 1759 2044 constan-

975 2071 1028 2098 tcr,
1043 2070 1073 2091 ut
1091 2065 1116 2091 in
1132 2064 1214 2098 priori
1232 2063 1444 2090 observavimus
1472 2062 1622 2094 Glossario,
1644 2063 1758 2090 Junium

975 2119 1093 2139 mettsem
1109 2115 1198 2137 vacat.
1212 2109 1260 2137 Hic
1278 2114 1366 2136 autem
1391 2117 1444 2136 tton
1469 2110 1507 2136 uti
1536 2117 1596 2136 eum
1624 2109 1759 2137 hactenus

974 2163 1103 2185 consueta
1132 2158 1242 2184 notione
1269 2157 1335 2183 iilud
1376 2157 1463 2190 ipsum
1491 2156 1657 2187 subindicat.
1685 2158 1758 2191 quod

173 2203 217 2230 ill.
237 2203 299 2229 llasc
318 2207 455 2236 utcunque
473 2209 525 2228 non
543 2201 674 2228 inutiliter
691 2201 716 2227 in
729 2207 786 2228 rem
801 2203 921 2226 nostram

975 2211 1030 2231 nott
1065 2202 1160 2233 ἁπλῶς
1194 2206 1222 2228 ct
1256 2202 1389 2232 absolute.
1417 2202 1463 2228 sed
1499 2201 1566 2228 κατ’
1600 2201 1759 2237 Ἀθηναίους

140 2249 269 2276 adnotata
287 2253 361 2280 sttttt,
383 2256 434 2275 non
463 2247 608 2275 absolvunt
635 2253 724 2274 tatuen
754 2245 923 2280 propositam

139 2295 172 2321 de
185 2295 321 2329 principio
342 2299 368 2321 et
386 2294 439 2321 line
463 2293 663 2328 patriarchatus
685 2292 798 2319 Joannis
820 2292 924 2318 Cosma'.

141 2341 332 2375 qtttestionent,
354 2340 488 2374 siquidem
513 2339 535 2365 is
547 2346 597 2366 nec
630 2339 768 2365 inchoavit
799 2337 890 2364 statth
908 2345 922 2364 a

141 2394 249 2414 recessu
267 2387 412 2413 Athanasii
432 2387 458 2412 in
484 2385 678 2412 monasterium
706 2384 846 2416 Cosmidii,
875 2390 924 2411 nec

141 2439 174 2459 eo
190 2437 328 2459 momento
360 2432 439 2459 desiit
467 2439 522 2466 quo
549 2432 720 2458 Andronicus
746 2430 923 2458 Athanasium

141 2478 266 2504 eumdem
284 2478 320 2504 ibi
337 2478 473 2504 convenit.
492 2477 546 2503 Sed
571 2478 603 2502 de
619 2477 696 2503 initio
725 2477 834 2510 quidem
851 2475 925 2502 clare

143 2524 223 2550 tradit
241 2523 422 2557 Parhymrres
436 2530 462 2556 p.
478 2521 541 2552 186,
556 2522 686 2548 Kalendis
705 2520 825 2548 Januarii
844 2519 926 2547 Joan-
940 2522 941 2525 ‘

142 2577 202 2595 nem
221 2568 345 2595 Cnsmam
364 2568 414 2595 rite
429 2568 512 2594 fuisse
529 2568 717 2602 inangtuatttm
731 2568 924 2601 patriarcham.

143 2615 196 2642 Nec
211 2615 324 2642 dubium
346 2622 378 2641 ex
402 2620 458 2640 toto
486 2618 615 2640 contextu
647 2621 736 2639 rerum
751 2618 852 2646 a‘nteac
865 2617 925 2647 post

143 2661 178 2688 ibi
194 2665 366 2687 ttarratarum
383 2665 434 2691 est,
453 2660 517 2694 qttin
543 2660 602 2687 ista
633 2659 760 2686 Kalends:
789 2659 925 2687 Januario!

141 2707 240 2734 fuerint
271 2707 395 2741 proxime
416 2711 516 2733 secutae
531 2711 590 2739 post
608 2707 756 2733 discessum
772 2714 786 2733 e
808 2705 926 2740 patriar-

142 2753 205 2779 chio
215 2752 359 2780 Athanasii
373 2757 399 2779 et
422 2752 504 2786 hujus
529 2752 707 2779 inclusionem
737 2754 762 2778 in
789 2756 926 2780 monaste-

142 2798 211 2824 rium
228 2798 370 2830 Cosmidii,
389 2805 470 2831 quam
481 2797 515 2824 i6
530 2797 574 2825 die
597 2797 723 2825 Octobris
744 2799 807 2824 anni
823 2798 926 2826 Christi

142 2844 212 2871 H95
227 2844 373 2880 contigisse
387 2843 511 2872 vidimus.
529 2843 633 2871 Maneat
664 2845 746 2879 igitur
772 2852 821 2879 pro
852 2848 927 2872 certo

971 2249 1051 2283 juxta
1073 2248 1242 2274 Athenienses
1261 2247 1341 2274 istum
1359 2247 1392 2273 de
1404 2254 1456 2281 qtto
1473 2247 1528 2281 agit
1541 2254 1661 2273 mensem
1675 2247 1761 2274 fuisse

977 2295 1220 2321 Mmmactcrionem
1237 2293 1343 2320 asserit.
1364 2292 1436 2320 Sane
1450 2294 1472 2320 is
1488 2301 1548 2320 esse
1565 2293 1617 2320 ltoc
1632 2294 1693 2321 loco
1711 2293 1760 2320 Ju-

977 2342 1039 2368 nius
1050 2348 1102 2367 non
1119 2344 1216 2374 potest,
1233 2339 1371 2373 quoniamI
1387 2347 1439 2373 qtto
1452 2339 1510 2366 haec
1526 2345 1601 2375 gesta
1613 2347 1673 2367 esse
1687 2347 1762 2366 anno

976 2388 1060 2414 series
1091 2386 1256 2413 narrationis
1280 2386 1358 2412 fateri
1389 2387 1471 2422 cogit,
1502 2386 1603 2413 Christi
1633 2386 1677 2422 [Ρ.
1697 2386 1761 2423 571]

977 2432 1124 2459 millesimo
1144 2432 1336 2458 trecentesimo
1354 2437 1465 2466 quarto,
1481 2440 1542 2459 cum
1573 2433 1667 2466 cyclns
1694 2433 1761 2460 solis

977 2482 1167 2504 muneraretur
1179 2477 1226 2509 95,
1254 2478 1297 2504 cui
1326 2478 1455 2511 competit
1476 2485 1525 2512 pro
1553 2479 1693 2505 mensibus
1715 2479 1763 2506 Fe-

977 2523 1118 2550 brttarittm
1132 2523 1306 2558 sequentibus
1337 2525 1427 2552 littera
1453 2525 1531 2552 index
1557 2524 1702 2551 Dontittica:
1730 2525 1761 2556 Ι),

977 2569 1123 2596 vicesimus~
1142 2571 1247 2603 pritmts
1263 2569 1335 2596 Junii
1352 2571 1412 2598 dies
1428 2571 1577 2603 Dontinica,
1599 2579 1654 2598 non
1671 2576 1761 2598 autem

978 2615 1045 2642 feria
1062 2621 1137 2642 sexta
1161 2615 1220 2642 luit.
1248 2615 1305 2642 Nec
1332 2610 1456 2644 medetur
1485 2617 1549 2644 huic
1580 2608 1785 2649 incommodo,‘

978 2666 1121 2695 postquam
1146 2661 1210 2688 illud
1238 2663 1464 2690 animadvertisse
1494 2664 1570 2690 visus
1600 2668 1651 2696 est,
1683 2669 1764 2697 para-

977 2707 1101 2742 phrastes
1116 2708 1277 2740 Vaticanus,
1294 2711 1356 2736 dum
1379 2711 1475 2738 solitus
1497 2718 1604 2745 semper
1619 2711 1685 2737 alias
1700 2710 1747 2737 Ma:

978 2754 1172 2781 maeterionem
1196 2753 1371 2790 Pachymeris
1406 2755 1518 2782 Ἰούνιον
1539 2755 1650 2782 Iunium
1678 2755 1764 2783 inter-

978 2800 1091 2835 pretari,
1106 2800 1157 2827 hoc
1170 2800 1372 2828 duntaxatloco
1393 2802 1504 2828 Ἰούλιον
1517 2801 1621 2828 Iulium
1636 2800 1761 2828 reddidit:

980 2854 1041 2873 nam
1056 2854 1143 2881 neque
1157 2846 1219 2874 Julii
1235 2848 1334 2875 mensis
1349 2848 1406 2876 dies
1427 2849 1572 2875 vicesimus
1588 2848 1691 2883 primus
1704 2847 1762 2874 alli-
