1954 3063
186 111 236 141 M7

630 113 662 144 P.
680 113 831 144 POSSINI
851 113 1172 144 OBSERVA'I‘IONUM
1195 114 1266 144 LIB.
1289 114 1343 144 III.

1750 115 1803 146 SH

187 177 247 196 xum
269 169 346 196 lateri
362 169 479 197 litteram
514 169 532 195 Β
554 169 635 196 habet
661 169 687 196 in
717 171 820 205 vulgari
838 170 970 198 Kalenda-
987 172 1008 199 A
1025 177 1038 196 a
1050 170 1154 196 Joanne
1168 170 1265 197 Cosma
1283 178 1375 198 coram
1391 171 1417 197 in
1426 178 1456 197 os
1469 172 1623 199 Andronico
1636 172 1806 206 Augustoin-

186 215 236 246 rio,
256 219 334 247 prout
347 219 503 248 oportuerat
517 220 544 240 ut
558 215 624 242 feria
644 221 719 243 sexta
746 217 851 243 censeri
870 221 969 250 posset,

185 262 232 287 sed
249 261 366 288 litteram
386 261 417 292 F,
435 260 509 287 ferite
527 262 611 289 tertiae
637 262 752 290 indicem
766 263 874 296 quando
894 262 913 288 D
930 262 971 290 fe-

187 306 254 332 riam
297 307 411 340 primam
444 306 502 333 sive
528 307 598 333 diem
630 307 796 335 Dominicam
834 308 969 342 designat.

187 353 306 380 Omnino
320 361 390 380 unus
404 353 430 380 in
456 357 513 383 toto
536 362 607 381 anno
629 359 669 381 est
692 354 792 381 mensis
823 355 969 388 Augustus,

187 399 264 431 enjus
279 399 330 425 diei
351 399 486 426 vicesima:
501 400 594 434 primae
609 400 698 427 littera
725 400 746 427 Β
769 408 840 427 anno
858 401 903 428 tali
933 402 972 428 fe-

188 446 255 471 riam
282 450 388 472 sextam
405 446 529 473 iudicans
551 447 584 473 ad
612 446 682 473 latus
712 447 818 481 appicta
837 448 970 474 cernitur.

189 490 246 519 Hoc
261 491 342 526 igitur
364 492 421 524 ipso
438 499 529 518 mense
553 492 700 526 contigisse
724 493 843 526 oportuit
869 501 972 520 memo-

188 542 289 569 ratam,
302 545 328 571 p.
343 537 405 569 584,
425 544 438 563 a
456 537 623 572 Pachyinere
641 539 837 572 promotionem
852 540 973 566 Athana-

188 583 231 609 sii.
247 583 284 609 Ac
297 590 362 609 sane
380 583 475 610 suadet
500 583 568 610 ideut
585 583 630 610 ille
656 584 803 611 vehemens
832 585 897 612 solis
922 585 972 612 ila-

189 629 452 663 grantismstus,quo
463 634 602 656 excoctum
617 630 703 658 fuisse
717 631 898 658 Andronicum
910 633 971 658 dum

188 673 242 700 hoc
258 680 350 707 ageret
365 674 549 710 Pachymeres
569 675 656 702 innuit
669 676 761 702 verbis
772 676 837 709 illis,
849 676 895 702 ὑπ’
910 677 972 711 ἀέρι

190 719 246 754 πῦρ
269 720 375 746 πνέοντι
394 721 441 747 καὶ
461 721 581 755 καιρικῷ
610 721 711 754 πνίγει,
729 722 777 748 sub
797 730 856 749 aere
888 723 972 757 ignem

189 766 319 799 spirante,
331 774 362 792 ac
386 771 463 799 prout
487 767 534 792 (ali
561 771 712 801 tempestate
733 768 797 794 solet
822 769 889 801 ﬁeri,
910 776 973 802 pene

189 811 336 844 att/forante
350 811 482 837 Iro/tentes
498 811 620 838 halitum.
638 811 703 844 Qua:
727 820 806 839 netno
827 821 878 839 ll0ll
905 814 972 840 fate-

190 857 263 884 hitur
274 856 369 884 Sextili
391 859 448 885 sive
458 857 580 892 Augusto
595 859 695 889 mensi,
707 858 758 886 sub
784 858 883 886 Leonis
897 860 973 894 signo

190 909 216 929 et
232 902 369 930 Caniculzr
392 904 483 930 sidere
511 903 589 938 Iouge
617 904 738 931 omnium
771 906 973 936 ardentissimo.

190 948 289 974 eximie
305 949 459 976 convenire.

227 993 271 1021 V'l.
289 994 361 1021 Idem
380 995 478 1022 astruit
493 995 560 1023 ordo
572 1000 709 1030 gestarum
730 1001 758 1024 et
775 1005 789 1023 a
805 996 975 1032 Pachytuere

192 1045 404 1068 memoratarum
425 1049 529 1073 rerum,
546 1049 605 1074 quae
622 1046 719 1070 exacte
748 1047 831 1070 totttm
859 1043 974 1077 spatium

191 1087 264 1114 inter
281 1087 350 1113 diem
375 1086 405 1114 I9
427 1086 551 1113 Januarii
571 1092 597 1113 et
618 1087 718 1114 mensis
731 1088 976 1122 AugustiQIcom—

190 1134 276 1166 plent,
304 1137 332 1159 ut
365 1132 485 1159 breviter
512 1133 680 1160 demonstro.
702 1133 795 1160 Refert
818 1133 974 1167 historicus,

192 1179 207 1205 Ι.
227 1186 252 1209 ν,
269 1185 293 1204 c.
308 1179 336 1209 2.
353 1178 444 1204 statim
460 1186 473 1204 a
489 1178 649 1213 refrigerato
678 1179 767 1213 prium
795 1179 840 1206 illo
865 1180 976 1211 ardore.

192 1224 283 1257 «moin
297 1223 437 1250 Athanasii
451 1223 642 1257 repositionem
654 1223 680 1250 iu
699 1224 762 1250 sede
775 1224 818 1250 die
832 1224 865 1252 I9
878 1223 977 1251 Janua-

193 1271 225 1296 rii
238 1269 445 1303 passimomnes
458 1269 561 1303 abrepti
576 1269 694 1302 fuerant,
710 1277 761 1297 non
780 1277 882 1304 paucos
905 1271 977 1297 auti-

193 1317 286 1342 stitum
316 1315 429 1341 adversa
452 1315 475 1342 ei
499 1315 662 1348 proiuotioni
683 1316 770 1343 studia
799 1321 974 1344 monstrasse.

193 1362 250 1393 Qua
275 1359 447 1387 contentione
460 1359 586 1390 durante,
616 1359 690 1385 addit
715 1359 894 1394 Pachymeres
914 1368 975 1387 mox

194 1416 220 1440 ιι.
237 1406 298 1437 576,
314 1406 607 1433 Andronicumdicluis
628 1405 818 1441 Tyrophagiaa,
844 1407 890 1442 qtti
913 1415 976 1441 pro-

193 1453 264 1479 xime
281 1452 525 1486 quadragenarium
540 1451 672 1485 jejunium
688 1455 854 1486 praecedunt,
876 1452 976 1479 adiisse

1024 217 1284 250 tentalam;quihus
1318 217 1488 250 absumptum
1509 217 1606 244 Maium
1634 225 1752 244 mensem
1780 225 1807 245 et

1022 260 1132 288 Junium
1155 270 1206 288 non
1231 267 1331 289 temere
1345 263 1464 295 prudens
1488 264 1638 290 aestimator
1666 271 1698 290 ex
1720 264 1808 291 histo-

1024 308 1072 334 rici
1089 307 1178 334 verbis
1196 309 1389 341 autumaverit,
1408 310 1492 336 donec
1515 317 1609 336 menso
1633 309 1714 342 Julio,
1739 311 1806 337 nihil

1023 353 1056 379 ab
1088 353 1122 379 iis
1159 354 1209 381 sibi
1242 356 1405 387 speranlum
1437 356 1608 383 Andronicus
1639 357 1734 384 videns
1773 357 1807 383 ad

1023 398 1222 433 exemptionem
1235 400 1355 433 scrupuli
1372 408 1452 434 quem
1477 401 1534 434 ejus
1558 402 1648 428 animo
1675 402 1805 434 iujererat

1023 444 1244 471 molestissimum
1258 446 1395 480 inopinata
1408 447 1451 472 illa
1461 446 1575 474 Joannis
1605 447 1712 474 Cosuuc
1732 456 1807 475 com-

1024 489 1138 515 miuatio
1155 491 1456 523 excotnutunicationis,
1473 499 1502 519 se
1528 498 1635 519 vertere
1655 494 1761 524 statuit,
1782 498 1808 519 et

1024 535 1104 570 longe
1119 540 1240 570 tempore
1256 544 1304 571 per
1321 537 1419 564 tuissos
1429 537 1519 565 varios
1529 538 1660 566 eblandiri
1674 548 1686 564 a
1702 537 1807 565 Joanne

1025 580 1084 614 ipso
1098 585 1213 607 conatus
1223 585 1264 607 est
1291 583 1490 609 revocationem
1507 584 1689 610 anathematis
1714 584 1784 610 illius
1800 593 1808 617 ;

1024 625 1101 659 cujus
1119 625 1224 652 Iattdetn
1249 626 1301 652 voti
1319 634 1428 660 compos
1451 632 1491 655 est
1523 628 1619 658 factus,
1645 628 1671 654 ιιι
1689 633 1808 661 optatam

1024 670 1075 704 ipsi
1096 672 1258 698 sententiam
1276 672 1319 707 1P.
1330 672 1393 707 572]
1416 673 1486 700 edita
1505 674 1687 702 declarationc
1713 675 1810 701 remis-

1024 715 1108 741 sionis
1127 715 1161 743 ab
1177 717 1271 743 eodem
1301 717 1451 750 impetrata
1473 717 1578 746 Joanne
1597 719 1712 751 Cosma;
1728 727 1809 752 quam

1024 762 1187 795 scripturam
1210 762 1359 795 imperator
1372 764 1474 797 accepit
1497 764 1564 791 feria
1592 764 1637 791 illa
1651 769 1728 792 sexta
1759 772 1808 792 ea-

1025 809 1140 841 demque
1157 808 1201 835 die
1224 808 1352 835 vicesima
1369 810 1457 843 prima
1485 811 1588 838 mensis
1611 811 1735 846 Augusti,
1764 820 1812 838 su-

1027 863 1074 890 pra
1097 861 1245 882 memorata
1262 856 1372 890 saepius.
1390 855 1468 883 Unde
1479 857 1568 884 triduo
1583 863 1656 891 post,
1679 858 1724 884 die
1736 866 1811 884 Ilien-

1026 901 1064 927 sis
1079 900 1198 934 ejusdem
1218 902 1346 928 vicesima
1375 903 1453 929 tertia
1477 903 1655 930 Athanasium
1681 903 1708 930 in
1736 904 1811 931 sedis

1026 947 1216 981 patriarchalis
1234 948 1356 974 iteratam
1373 949 1571 980 possessionem
1599 950 1750 983 imperator
1766 951 1810 976 iu-

1026 993 1111 1020 duxit.
1131 993 1169 1019 En
1187 1000 1212 1019 ul
1230 995 1367 1021 successio
1392 999 1419 1021 et
1433 999 1578 1023 contextus
1593 1000 1716 1023 actorum
1738 995 1810 1022 illitis

1026 1039 1090 1066 anni
1104 1040 1227 1067 eumdem
1241 1047 1290 1067 nos
1303 1041 1328 1067 in
1343 1041 1431 1068 locutu
1448 1041 1611 1075 pedetentim
1627 1042 1711 1074 dttcit,
1726 1049 1810 1075 quem

1027 1086 1122 1120 procul
1137 1087 1216 1121 quasi
1230 1087 1436 1121 signaveramus
1466 1088 1567 1115 indicio
1594 1088 1648 1115 alte
1669 1095 1698 1115 se
1717 1092 1812 1115 esten-

1028 1133 1111 1160 tantis
1136 1132 1305 1160 characteris
1328 1133 1526 1169 chronologici,
1552 1134 1604 1161 hoc
1630 1138 1672 1161 est
1697 1134 1813 1166 conjun—

1027 1178 1126 1205 ctionis
1144 1177 1218 1205 ferite
1237 1184 1322 1205 sextae
1342 1187 1402 1205 cum
1417 1180 1460 1206 die
1481 1180 1595 1214 Augusti
1607 1179 1638 1206 2i
1653 1188 1660 1211 ;
1674 1187 1734 1214 quae
1747 1187 1810 1205 con-

1024 1222 1130 1257 junctio
1145 1229 1205 1249 cum
1219 1230 1318 1249 annmtt
1332 1223 1422 1257 exigat
1442 1223 1519 1258 cyclo
1550 1223 1616 1250 stilis
1631 1223 1666 1250 25
1695 1223 1812 1257 insigni-

1029 1273 1096 1300 tum,
1114 1268 1203 1302 qualis
1220 1269 1309 1295 nullus
1325 1269 1376 1295 isto
1393 1274 1544 1303 temporum
1571 1274 1660 1296 tractu
1682 1268 1751 1295 alios
1767 1274 1812 1295 e«t

1027 1315 1060 1342 ab
1079 1322 1150 1341 attno
1178 1315 1223 1349 qui
1249 1315 1275 1340 in
1295 1321 1348 1340 atra
1375 1313 1531 1341 Christiana
1553 1320 1711 1341 muneratur
1729 1322 1812 1348 quar-

1029 1366 1072 1387 ttts
1087 1368 1167 1394 supra
1186 1360 1407 1387 trecentesimum
1425 1365 1453 1387 et
1467 1360 1652 1391 millesimum,
1671 1360 1813 1387 reslatde-

1028 1411 1207 1433 monstratum
1236 1413 1308 1432 anno
1334 1406 1433 1432 Christi
1455 1406 1535 1438 1504,
1560 1406 1603 1433 die
1624 1405 1659 1433 ‘25
1684 1406 1812 1441 Augusti,

1027 1452 1142 1479 desiisse
1168 1451 1384 1486 patriarchatum
1412 1451 1527 1479 Joannis
1547 1452 1662 1484 Coenum,
1690 1452 1814 1479 Athana-

192 1499 321 1525 .lnannem
347 1498 484 1525 Cosmam.
509 1495 571 1522 Fuit
606 1496 652 1524 illo
688 1505 758 1523 anno
786 1496 853 1524 feria
880 1501 1010 1536 quartae
1027 1497 1096 1524 sium
1124 1502 1213 1525 autem
1233 1497 1540 1531 Constantinopolitante
1566 1498 1694 1526 Ecclesiae
1719 1499 1816 1533 pricsi-

192 1545 319 1571 Cinertun
339 1544 396 1570 dies
413 1542 552 1568 undecima
567 1541 727 1575 Februarii;
748 1543 817 1569 unde
843 1542 887 1569 illa
910 1551 973 1577 pro-

193 1590 273 1617 fuctio
287 1589 460 1623 imperatoris
475 1590 508 1614 ad
527 1587 659 1615 Joannem
674 1588 766 1622 aliquo
782 1593 884 1623 septem
914 1589 974 1617 die-

193 1644 251 1662 rum
265 1635 434 1662 undecimam
458 1633 598 1660 Februarii
613 1634 683 1661 diem
697 1634 808 1669 ἀμέσως
820 1635 975 1668 praeceden-

193 1682 260 1708 tium
278 1681 426 1714 contigisse
452 1680 556 1707 debuit.
587 1680 684 1707 Narrat
715 1685 808 1714 postea
831 1680 976 1708 historicus

194 1727 347 1761 perculsum
363 1727 547 1753 Andronicum
562 1727 845 1754 excommunicatioue
861 1735 875 1753 a
891 1726 976 1753 Joan-

195 1781 238 1805 ne.
252 1777 392 1807 postquam
408 1773 483 1799 iitum
499 1773 558 1806 ipse
571 1780 663 1799 verttut
678 1773 768 1800 adhuc
791 1773 975 1806 patriarchatu

195 1823 353 1855 agnoverat,
363 1819 389 1844 in
400 1825 446 1844 eos
457 1818 589 1844 intentata
600 1818 645 1852 qui
658 1819 836 1845 Athanasiqu
847 1827 978 1854 reponere

194 1867 221 1892 in
241 1865 305 1892 sede
316 1864 486 1895 molirentur,
504 1865 619 1890 multum
636 1864 774 1891 remisisse
796 1865 827 1892 de
843 1866 933 1892 stttdio
951 1867 976 1892 in

192 1920 252 1938 eam
270 1911 467 1938 restitutionem
491 1917 549 1936 suo.
575 1909 735 1943 Supervenit
763 1910 805 1937 his
822 1911 931 1938 morbus
952 1917 977 1938 ct

195 1965 268 1984 uiors
282 1957 431 1983 Theodore:
449 1955 576 1990 Augustae
603 1955 696 1982 matris
713 1955 871 1987 Andronici.
899 1957 978 1984 rebus

194 2003 322 2030 humanis
342 2001 423 2037 790
445 2001 593 2028 subtracta:
617 2000 684 2028 Ieria
712 2003 828 2030 secunda
855 2003 979 2030 secundae

191 2049 357 2084 jejuniorum
375 2048 561 2079 hcbdomadzr,
577 2047 630 2074 hoc
645 2053 687 2074 est
700 2048 744 2074 die
770 2047 909 2081 Februarii
935 2049 980 2075 de-

192 2095 262 2121 cima
277 2099 364 2126 sexta,
380 2098 407 2119 ut
434 2101 461 2127 ι).
477 2092 529 2119 577
549 2093 682 2124 refertur;
695 2093 918 2127 signiﬁcaturque
929 2093 979 2120 ibi-

193 2144 253 2166 dem
266 2146 346 2165 curas
363 2139 502 2164 universas
517 2138 687 2172 imperaIOris
701 2138 733 2164 ad
748 2138 906 2169 curandam,
916 2139 977 2164 dum

193 2184 537 2219 a'grotavit,etpestquam
563 2182 620 2209 fato
649 2182 740 2209 functa
762 2187 813 2213 est.
836 2184 978 2217 magnifico

193 2239 225 2257 ac
241 2231 314 2265 regio
329 2230 422 2255 funere
443 2229 632 2256 honorandatn
658 2233 770 2255 matrem
788 2236 850 2256 esse
866 2237 977 2256 conter-

194 2286 248 2304 sas.
269 2277 333 2302 I'o.t
349 2276 497 2302 I’aStbales
519 2283 570 2302 non
585 2283 683 2310 maguo
697 2275 760 2302 inde
778 2275 920 2302 intervallo
937 2283 978 2301 5r-

194 2331 270 2350 cutas
287 2323 370 2349 ferias
384 2322 444 2348 alite
461 2327 589 2355 urgentes
605 2321 816 2348 domesticorum
832 2321 977 2348 aﬂ‘ectuuttt

194 2368 390 2397 sollicitudines
415 2367 560 2394 Andronici
589 2368 709 2393 animum
729 2376 742 2394 ιι
771 2368 914 2402 Cogitanda
946 2367 979 2394 de

195 2415 345 2443 Athanasio
373 2419 540 2444 atcrteruul,
565 2421 629 2440 cura
660 2414 786 2440 nimirum
816 2413 978 2440 adornanda:

195 2461 370 2496 profectionis
398 2460 488 2487 Ireues
518 2467 573 2486 sua:
603 2459 725 2494 conjugis
757 2458 978 2486 'I‘hessalonicam

194 2507 387 2543 cogitautis,et
402 2507 557 2540 nuptiarum
572 2505 686 2532 Joannis
711 2505 829 2539 despota:
857 2505 897 2531 sui
931 2505 978 2532 lilii

195 2563 255 2582 cum
274 2555 327 2581 tilia
353 2553 470 2580 Cbututti
485 2553 525 2578 sui
543 2553 663 2586 primarii
697 2552 812 2578 ministri
839 2551 979 2578 celebrau-

196 2601 309 2632 darttm;
327 2607 387 2633 qoa-
402 2598 491 2632 capite
511 2599 608 2631 quinto
633 2601 829 2627 int-morantur,
857 2601 884 2622 et
902 2595 981 2621 facile

197 2648 253 2674 dies
270 2654 284 2673 a
310 2645 413 2672 Pascha
431 2644 587 2679 quindecim
611 2643 790 2677 expleverint.
813 2641 909 2668 Incidit
931 2649 980 2667 au-
1003 2642 1006 2645 '

196 2700 248 2721 tem
271 2693 316 2719 illo
334 2699 406 2718 anno
429 2692 529 2718 I’asclia
555 2690 580 2716 iu
603 2690 673 2716 diem
693 2689 727 2715 29
759 2688 858 2717 Martii.
884 2688 980 2714 Adulto

196 2739 343 2774 igiturjant
370 2737 462 2772 Aprile
489 2741 656 2769 resumptum
687 2734 812 2761 Ecclesia)
843 2733 979 2767 negotium

195 2791 252 2815 est;
269 2789 296 2810 ct
312 2784 397 2815 longa».
413 2783 464 2808 illo
481 2791 504 2808 ι’.
529 2782 544 2807 ti
561 2781 686 2807 indicata:
706 2779 811 2806 institui
823 2779 857 2805 ab
877 2779 980 2811 episco-

197 2830 237 2863 pis
253 2828 459 2856 deliberationes
473 2832 568 2862 ncepta:
588 2826 659 2854 circa
673 2824 978 2853 excounuunicationem

1026 1545 1088 1571 dere
1104 1544 1202 1570 iterum
1216 1545 1346 1584 coepisse.
1364 1543 1442 1571 Unde
1468 1545 1649 1578 consequitur
1679 1544 1812 1572 Joannem

1026 1589 1151 1616 Cosmam
1167 1596 1181 1615 a
1194 1589 1326 1616 Kalendis
1354 1588 1494 1616 Januariis
1515 1590 1579 1616 antti
1599 1590 1700 1617 Christi
1733 1590 1812 1622 I295.

1026 1633 1058 1658 ad
1070 1633 1141 1658 dietn
1153 1632 1189 1659 25
1203 1632 1314 1667 Augusti
1327 1633 1389 1660 anui
1405 1633 1505 1660 Christi
1517 1634 1596 1664 I501.
1607 1635 1687 1662 anuis
1702 1642 1811 1667 novem.

1026 1683 1130 1711 septem
1150 1679 1288 1706 mensibus
1300 1684 1326 1706 et
1348 1679 1384 1705 29.
1408 1684 1540 1714 praeterea
1567 1680 1674 1714 diebus,
1697 1681 1813 1715 patriar-

1027 1724 1137 1751 chatum
1154 1725 1284 1751 tenuisse.

1063 1769 1120 1798 VII.
1139 1770 1231 1796 Restat
1245 1770 1289 1797 hic
1302 1771 1474 1798 definiendus
1489 1779 1579 1799 annus
1590 1772 1678 1800 eventi
1704 1773 1814 1799 notabi-

1028 1816 1063 1843 lis
1079 1824 1093 1843 a
1107 1822 1202 1843 nostro
1222 1817 1352 1844 historico
1366 1818 1443 1844 relati
1460 1817 1476 1844 Ι.
1494 1825 1535 1848 ut.
1548 1826 1572 1845 c.
1594 1818 1640 1850 26,
1659 1819 1730 1852 quod
1753 1819 1814 1845 sine

1029 1862 1110 1889 dubio
1123 1862 1156 1889 ad
1173 1863 1387 1897 patriarchatum
1402 1863 1516 1890 Joannis
1533 1864 1637 1890 Costua:
1664 1863 1708 1890 hic
1723 1871 1737 1890 a
1766 1871 1814 1890 no-

1030 1909 1070 1935 bis
1087 1908 1279 1943 cbronologicl
1289 1909 1394 1936 ratione
1409 1909 1549 1936 deﬁnitum
1567 1910 1696 1942 pertinet.
1718 1908 1814 1937 Refert

1030 1951 1089 1978 loco
1113 1951 1222 1979 laudato
1249 1952 1430 1987 Pachyntcres
1463 1960 1560 1986 pueros
1578 1954 1720 1988 quosdam,
1750 1955 1812 1981 dum

1030 2004 1125 2024 mense
1140 1997 1293 2031 Septembri
1311 1998 1389 2025 nidos
1410 1998 1596 2025 columbarum
1627 2001 1654 2026 in
1685 2000 1814 2027 catechu-

1030 2044 1132 2069 meneis
1142 2048 1340 2075 scrutarentur,
1366 2048 1451 2071 testas
1481 2044 1560 2079 791
1589 2047 1721 2079 reperisse
1742 2047 1813 2073 intra

1030 2096 1096 2122 quas
1124 2089 1292 2116 Athanasius
1322 2090 1489 2124 patriarcltio
1525 2099 1689 2118 excessurus
1712 2093 1813 2126 scripta

1031 2135 1154 2169 qumdam
1173 2135 1332 2167 incluserat,
1352 2141 1432 2170 prout
1460 2137 1529 2163 ident
1547 2142 1718 2169 narraverat,
1737 2145 1763 2166 c.
1777 2137 1814 2164 ‘22

993 2172 1018 2201 Ῑ)
1033 2185 1060 2208 et
1074 2181 1149 2213 23,].
1167 2188 1198 2208 tt.
1226 2181 1272 2208 lIis
1282 2182 1321 2209 sic
1344 2182 1459 2215 prolatis
1476 2182 1582 2209 chartis
1610 2183 1745 2210 turbatum
1770 2191 1813 2210 ve-

1030 2227 1172 2254 hementer
1195 2226 1378 2255 Andronicutu
1393 2227 1479 2256 fuisse
1497 2234 1606 2263 propter
1636 2233 1814 2257 memoratum

1030 2273 1085 2300 illic
1103 2273 1247 2300 anathema
1260 2273 1294 2299 ab
1306 2274 1455 2301 Athanasio
1477 2275 1606 2302 ituortum
1622 2276 1648 2302 ill
1666 2279 1815 2303 adversan-

1031 2324 1071 2346 tes
1090 2320 1151 2345 sibi.
1173 2320 1265 2352 Itaque
1295 2319 1426 2353 alleg‘tsse
1442 2326 1531 2348 certos
1545 2321 1670 2348 homines
1688 2322 1719 2347 ad
1730 2321 1815 2348 Atha-

1031 2363 1137 2388 nasium
1154 2363 1282 2396 privatim
1299 2363 1325 2390 in
1341 2365 1508 2391 monasterio
1525 2366 1679 2400 degentem,
1707 2367 1752 2398 qui
1783 2374 1815 2393 ex

1031 2415 1063 2435 eo
1077 2409 1209 2435 rescirent
1223 2416 1256 2435 au
1273 2413 1300 2436 et
1324 2417 1378 2443 qtto
1391 2409 1483 2438 animo
1496 2411 1546 2437 ista
1577 2411 1742 2445 scripsisset.
1768 2410 1816 2438 llis

1031 2463 1091 2482 ettm
1104 2454 1250 2482 tradidisse
1272 2455 1415 2490 scriptum,
1442 2464 1494 2490 quo
1519 2457 1709 2491 imperatorem
1739 2459 1814 2485 omni

1031 2502 1145 2529 exsolvit
1176 2502 1313 2536 scrupulo.
1348 2502 1483 2537 Scriptum
1516 2508 1604 2530 autem
1630 2504 1700 2530 istud
1733 2504 1817 2531 fuisse

1031 2549 1220 2583 consignatum
1251 2555 1313 2576 nota
1348 2550 1482 2584 temporis
1513 2549 1565 2582 ait,
1587 2550 1688 2576 mensis
1713 2552 1813 2583 Aprilis

1031 2600 1058 2622 et
1093 2595 1250 2622 iudiCtionis
1276 2596 1305 2622 II
1338 2596 1374 2628 ip.
1391 2596 1467 2630 256).
1498 2595 1582 2630 Igitur
1613 2596 1640 2622 id
1673 2597 1816 2628 contigerit

1032 2649 1104 2667 anno
1119 2640 1221 2668 Christi
1242 2641 1320 2673 I298,
1349 2649 1402 2676 quo
1422 2642 1606 2669 certissimum
1633 2647 1675 2668 cst
1689 2642 1814 2669 indictio-

1032 2693 1093 2713 neut
1109 2685 1139 2712 II
1159 2685 1242 2712 fuissa
1254 2691 1424 2713 numeratam
1441 2687 1546 2714 Grant-is
1559 2695 1574 2713 ιι
1590 2687 1814 2721 διιριθιιιὺνὶἂηιιί

1032 2732 1220 2766 praecedentis.
1250 2732 1353 2760 Latinis
1378 2741 1392 2760 tt
1410 2733 1542 2760 Kalendis
1567 2732 1713 2761 Januariis.
1749 2734 1815 2760 Illud

1033 2777 1078 2804 hic
1100 2778 1220 2804 occurrit
1234 2778 1447 2809 incommodum.
1462 2780 1534 2812 quod
1553 2779 1650 2806 litterae
1666 2779 1817 2806 istaAtba-

1034 2824 1103 2851 nasii
1128 2824 1321 2852 declaratriccs
1364 2825 1463 2852 mentis
1502 2825 1560 2859 ejus
1593 2833 1686 2852 mense
1710 2826 1816 2852 deruunt
