1954 3063
130 137 187 168 853

774 138 1110 169 CHRONOLOGICUS.

1707 136 1758 169 851

130 195 177 222 die
201 194 237 221 9.5
258 194 392 226 Octobris,
416 203 476 231 quae
499 200 561 223 tunc
580 200 722 223 numerata
747 195 829 222 fuerit
852 195 920 222 furia
937 199 960 228 Α
974 196 1041 222 riunt
1059 197 1106 228 ait,
1123 195 1296 223 divinandum
1313 198 1364 222 cst.
1384 193 1484 231 Spribit
1503 198 1592 222 autem
1613 194 1657 221 ille
1671 195 1758 220 ﬂont-

129 240 311 266 hebdomadis
326 241 416 267 tertia.
434 240 534 274 Nempe
550 248 620 267 anno
645 241 746 268 Christi
771 240 840 266 1500
863 240 918 266 bis-

129 286 224 313 sextili
242 286 333 321 ryelus
359 286 425 313 solis
437 286 469 312 ‘21
489 286 594 313 litteras
607 285 782 313 dominicalcs
794 285 837 320 [Ρ.
854 284 919 319 577]

129 332 214 358 habet
240 333 319 361 duas.
343 331 363 359 C
388 337 414 359 et
438 332 469 363 Β,
497 339 610 365 quarum
631 332 764 366 posterior
792 338 852 357 cum
879 331 919 356 in-

129 377 252 410 signieus
272 377 307 403 23
321 377 445 404 Octobris
465 377 536 403 diem
554 377 682 404 omendat
704 383 763 403 eam
787 375 832 401 illo
848 382 920 401 anno

133 422 306 448 Domiuiram
323 421 417 454 fuisse,
435 423 604 450 demonstrat
628 424 729 456 pariter
749 421 784 448 25
800 421 919 454 ejusdem

130 469 233 494 mensis
245 468 328 495 fuisse
341 468 435 495 feriam
453 469 571 496 tertiam.
586 468 624 495 Ac
639 468 701 502 quia
713 472 811 494 caetera
824 472 920 494 eventa

130 519 189 540 tum
222 519 286 540 ante
315 520 370 541 tum
395 519 456 549 post
475 515 554 542 istam
581 514 704 549 eclipsim
732 521 763 540 ea
786 512 845 539 fere
868 520 920 545 qua

129 564 205 593 gesta
235 565 299 586 sunt
323 561 394 586 serie
425 561 450 586 itt
478 561 528 587 hac
555 560 668 586 historia
695 558 922 588 refernntur,eo-

131 614 192 632 rutn
216 605 302 633 ferme
325 607 445 632 omnium
465 614 557 633 verum
575 611 681 639 tempus
701 613 732 632 ex
751 605 801 631 hac
816 604 919 631 caelesti

130 655 194 676 nota
217 651 352 684 designari
369 655 478 684 posset;
493 655 564 684 quod
582 650 653 677 facili
670 650 856 684 experimento
873 648 921 674 dc-

131 702 324 728 monstrareut,
342 696 364 722 si
389 697 454 722 tanti
469 701 542 723 esset
557 697 583 722 in
600 697 633 723 iis
650 695 790 722 immorari
807 695 919 721 diutius.

131 742 254 769 Sulliciat
266 742 338 776 quod
360 742 386 768 in
400 750 432 768 co
447 749 546 776 genere
557 743 590 768 ad
605 742 713 769 lectoris
731 741 855 768 solatium
871 747 920 766 co-

131 789 188 815 nati
201 796 294 815 smnus
305 789 392 822 capite
405 789 499 814 uititno
515 789 594 822 hujus
609 788 836 815 Observationum
853 786 916 813 libri

131 835 217 864 tertii.
235 834 278 860 ubi
292 833 420 868 pleraque
431 834 507 860 libris
519 838 623 868 septem
650 833 871 868 Pachymeriante
886 831 920 858 de

971 242 1074 268 zerium
1099 226 1132 268 ex
1149 241 1235 268 milite
1247 240 1350 274 Templi
1367 226 1428 274 post
1452 245 1559 275 captam
1576 239 1609 266 ab
1627 240 1762 272 Aithiopi-

973 288 1022 313 bus
1040 287 1103 321 (hoe
1115 290 1157 313 est
1173 285 1318 313 Saracenis
1333 287 1402 312 duce
1420 286 1527 313 sultaue
1544 284 1653 320 Egypti
1678 285 1762 311 Melcc

973 333 1148 366 Serafdicto)
1164 332 1369 364 Ptolemaidem,
1387 332 1550 359 ditissimum
1567 338 1595 359 et
1613 331 1762 358 munitissi-

973 386 1043 406 mam
1061 379 1154 405 urbem
1180 377 1328 404 Pltwnicia:
1352 377 1433 412 (quo-l
1465 385 1535 404 anno
1551 377 1650 404 Citriin
1680 377 1760 407 1"291,

974 426 1018 452 die
1050 424 1094 456 18,
1112 424 1162 455 vel,
1181 429 1210 450 ut
1228 423 1285 455 alii,
1310 423 1342 449 19
1369 423 1431 450 Maii
1460 424 1607 453 contigisse
1634 426 1761 449 accurate

975 470 1138 504 Spondanus
1154 469 1200 496 illo
1215 476 1286 495 anno
1311 469 1388 495 docet
1405 476 1435 494 ex
1454 468 1631 502 scriptoribus
1653 468 1760 494 illorum

975 516 1149 550 temporum),
1163 522 1245 541 manu
1264 514 1378 541 collecta
1405 513 1455 541 sibi
1481 514 1671 545 obnoxiorum,
1688 521 1761 547 qua:-

973 565 1092 587 stuosam
1110 559 1268 594 aliquandiu
1279 567 1327 593 per
1343 560 1387 586 illa
1400 559 1482 585 maria
1497 559 1636 592 piraticam
1653 559 1760 590 ferisse,

970 607 1109 640 partisque
1126 606 1231 639 magnis
1249 606 1346 639 Opibus
1373 607 1468 631 ducetn
1481 605 1535 639 jam
1554 605 1649 631 classis
1666 604 1761 630 valida:

973 651 1112 678 [-‘riderico
1129 651 1250 677 Siciliam
1279 650 1415 677 obtinenti
1435 650 1669 685 (Thettderichum
1690 651 1761 677 hunc

966 704 1114 730 perperam
1136 702 1213 723 vocat
1228 696 1422 732 Pachymeres)
1440 697 1584 723 militarem
1603 697 1682 730 longo
1695 702 1763 723 ten:—

973 750 1038 777 pote
1055 743 1123 769 certi
1140 743 1266 776 pactione
1294 743 1421 777 stipendii
1438 742 1483 778 [Ρ.
1500 742 1562 777 578]
1589 750 1699 777 operam
1714 751 1762 768 na-

973 796 1061 818 vasse.
1076 789 1145 815 bello
1174 789 1243 820 quod
1274 789 1316 815 ille
1331 790 1459 816 adversus
1487 789 1636 815 Ecclesium
1653 788 1761 815 rebellis

973 840 1067 862 eontra
1093 834 1220 861 Carolum
1248 834 1359 868 gerebat
1373 835 1477 868 Apulia:
1496 842 1597 869 regem.
1626 834 1760 861 Cteterum

130 881 213 907 rebus
226 880 370 906 Andronici
381 880 503 907 historiae
520 880 654 914 descripta
684 880 735 906 sub
761 886 843 905 unum
862 879 920 905 vel-
939 880 958 907 Β
973 881 1024 907 hoc
1043 881 1150 907 tandem
1168 880 1239 907 bello
1253 880 1418 913 nuptialibus
1441 880 1645 907 conditionibus
1660 880 1761 906 direm-

129 931 160 952 ut
188 931 322 959 aspectum
338 918 365 951 in
379 933 462 952 annos
476 926 578 959 digesta
597 924 774 958 coniecimus.
804 924 851 950 Est
876 929 918 950 ta-

130 979 191 998 men
206 971 310 998 existis
320 972 425 999 eventis
438 979 520 998 unum
548 971 628 1005 paulo
653 971 806 998 intricatius
831 970 921 1004 impli-

130 1018 239 1044 catioue
255 1025 365 1044 casuum
383 1023 410 1044 et
425 1018 558 1052 ambiguis
571 1016 801 1044 affirtnationibus
828 1021 919 1042 aucto-

133 1062 181 1093 ris.
201 1070 281 1096 quant
295 1066 324 1089 ut
342 1062 455 1096 relinqui
475 1069 489 1089 a
507 1062 596 1093 nobis,
614 1061 739 1088 evolvere
755 1059 920 1095 perplexita-

131 1112 172 1134 te;
198 1107 405 1142 chronologicas
441 1109 493 1134 hoc
524 1108 583 1133 loco
620 1106 760 1141 professis,
790 1107 920 1133 intactum

129 1155 236 1182 debeat.
251 1154 315 1182 Esto
330 1154 412 1189 igitur
441 1155 466 1181 id
483 1159 671 1188 argumentum
690 1153 786 1187 capitis
803 1159 920 1187 sequen-

88 1233 95 1237 .
132 1201 178 1227 tia.

430 1247 543 1275 CAPUT
574 1246 618 1275 Vl.

130 1294 272 1322 Intricatre
283 1295 400 1321 rationes
414 1299 559 1326 temporum
573 1294 645 1320 circa
659 1291 796 1319 Rontzetii
820 1299 852 1317 ac
868 1290 921 1318 Ca-

273 1330 419 1356 telanorum
433 1337 473 1356 res
488 1335 511 1356 et
528 1334 587 1355 actu
601 1328 780 1361 explicantur.

168 1389 265 1421 [ρυλε
277 1389 365 1415 tribus
382 1387 483 1413 ultimis
509 1386 588 1413 libris
618 1385 700 1419 hujus
730 1384 856 1412 Historia)
887 1386 921 1412 de

131 1435 290 1466 Rontzerio,
304 1433 445 1460 Pharcnda
459 1432 564 1463 Tlime,
592 1430 751 1466 Mpyrigerio
778 1429 878 1457 'l'entza
896 1435 922 1456 et

132 1481 292 1515 quibusdam
309 1479 369 1506 aliis
393 1477 498 1504 Letinis
514 1477 639 1507 ducibus,
665 1481 718 1502 tum
739 1475 773 1501 de
791 1474 922 1501 militibus

133 1526 231 1560 quibus
249 1529 393 1558 praeerant,
405 1522 580 1550 Catelaniset
595 1521 782 1553 Amogabat‘is,
805 1519 921 1553 primum

131 1570 310 1598 auxiliaribus
324 1569 530 1599 infidis,deinde
548 1567 614 1594 feris
628 1567 752 1593 hostibus
769 1564 917 1592 Andronici
933 1561 954 1588 C

132 1622 157 1645 et
173 1617 367 1646 Romanorum,
386 1615 549 1646 referttntnr,
562 1614 633 1640 haud
653 1612 719 1640 satis
731 1611 847 1638 dilucide
874 1617 920 1637 or-

132 1664 221 1691 dinata
233 1667 296 1690 sunt
308 1663 341 1689 ab
359 1661 500 1692 historico,
518 1659 559 1686 vel
576 1659 625 1687 sub
638 1659 718 1685 linem
734 1657 811 1690 longi
836 1661 861 1683 et
880 1656 919 1682 ia-

133 1709 233 1737 boriosi
243 1708 333 1742 operis
350 1707 433 1739 fesso,
449 1706 491 1733 vel
507 1706 542 1733 ob
559 1705 778 1740 indignationem
795 1702 878 1738 797
894 1702 920 1728 iu

133 1756 276 1783 Catelanos
288 1754 409 1780 etdttces
421 1760 526 1784 cormn,
546 1756 655 1786 propter
679 1749 865 1777 atrocissimas
896 1748 920 1774 in

134 1810 209 1830 Suam
225 1806 331 1836 gentem
349 1800 475 1834 injurias,
501 1805 636 1832 nunquam
664 1797 720 1823 fere
746 1796 805 1822 sine
821 1794 921 1820 ittdicio

134 1846 345 1883 perturbationis
359 1853 391 1872 ex
408 1844 559 1871 vehementi
580 1843 642 1870 odio
666 1849 758 1868 eorum
776 1840 922 1867 recordan~

135 1899 170 1925 te,
192 1894 306 1926 ideoque
324 1890 483 1925 imperfecte
503 1889 667 1924 defungente
683 1886 862 1921 distinctione
894 1890 920 1910 et

134 1937 315 1972 explicatione
329 1936 494 1962 necessaria.
512 1934 582 1960 Huic
592 1938 678 1967 ntpro
709 1931 780 1957 virili
814 1930 922 1957 medea-

134 1990 194 2010 mur
211 1982 393 2013 iucommodo,
411 1981 437 2006 in
448 1979 563 2014 gratiam
582 1977 693 2004 lectoris
714 1975 830 2002 studiosi
858 1981 922 2001 cou-

135 2029 221 2055 fusam
236 2028 316 2054 istam
332 2026 485 2060 congeriem
497 2025 541 2051 hic
555 2025 693 2055 evolvere,
719 2027 747 2048 et
772 2020 921 2048 chronolo-

135 2075 192 2110 gica
208 2073 335 2101 ntethntlo
350 2073 405 2098 suis
417 2077 474 2098 acta
489 2070 620 2104 ejusmodi
637 2074 663 2095 et
689 2072 784 2095 eventa
814 2067 920 2100 singula

92 2134 99 2141 ›
129 2120 247 2154 alligare
258 2118 370 2152 epocltis
384 2116 566 2151 aggredimur,
586 2115 661 2141 initio
677 2122 690 2140 a
706 2115 790 2147 prima
805 2112 922 2139 Rontze-

135 2167 166 2192 rii
183 2171 208 2191 et
219 2165 410 2192 Catelauoinxu
427 2170 442 2189 e
459 2161 551 2188 Sicilia
566 2163 593 2188 in
611 2166 697 2187 terras
709 2159 855 2187 Orientalis
871 2159 921 2185 itii-

135 2213 201 2248 perii
225 2210 382 2238 evocatione
398 2209 491 2235 ducto.

170 2259 200 2285 ll.
217 2257 327 2288 Narrat,
343 2256 361 2282 l.
378 2263 403 2286 v,
419 2263 443 2281 ε.
460 2255 502 2285 12,
520 2254 702 2288 Pacltymeres
726 2254 920 2287 imperatorem

136 2312 229 2339 parum
247 2302 363 2338 praesidii
389 2302 519 2327 adversus
540 2300 685 2326 Persarum
714 2299 880 2333 irruptiones
894 2300 921 2325 in

135 2350 287 2378 Orientales
311 2347 417 2382 imporii
434 2348 558 2381 regiones
572 2348 598 2373 in
625 2347 746 2373 Romana
764 2346 859 2372 tuilitia
879 2354 923 2371 rr-

137 2398 296 2432 perientem,
307 2395 422 2428 ideoque
436 2395 572 2427 respicere
585 2397 708 2419 eoactum
722 2397 835 2419 externa
846 2394 924 2418 anti-

137 2442 181 2473 lia,
201 2441 318 2475 primum
337 2439 505 2466 Phareudatu
522 2437 643 2465 Tzimem
658 2446 719 2464 cum
747 2446 828 2464 ntantt
853 2437 925 2464 mili-

137 2494 202 2520 tum,
219 2495 287 2521 quos
299 2494 315 2514 θ
325 2486 377 2513 sibi
390 2486 508 2513 subditis
521 2489 688 2518 armaverat,
703 2485 838 2519 suppetias
853 2484 924 2511 ttltro

136 2535 289 2562 venientem
306 2537 382 2566 grate
394 2533 552 2566 excepisse;
569 2539 601 2558 ac
615 2536 745 2566 praeterea
761 2531 922 2558 oﬂerettlettt

137 2588 166 2608 se
182 2580 214 2607 ad
233 2581 302 2607 idem
323 2586 372 2613 per
396 2578 500 2605 litteras
523 2577 699 2604 Boutzerium
715 2578 811 2612 amplis
829 2577 924 2604 condi-

138 2627 255 2653 tionibus
271 2626 411 2656 iuvitasse,
426 2625 523 2658 quibus
537 2623 582 2650 ille
597 2627 737 2657 permotus
754 2629 848 2657 postea
861 2630 922 2649 cum

138 2679 234 2706 magno
250 2671 338 2698 navali
366 2671 486 2697 exercitu
515 2669 618 2696 venerit
645 2668 923 2703 Constantitmpolim.

139 2719 218 2746 istius
233 2719 417 2746 Andronicum
438 2718 509 2744 inter
521 2723 549 2744 et
568 2717 742 2743 itontzerium
758 2723 806 2750 per
820 2716 925 2743 litteras

138 2762 253 2788 invicem
278 2763 396 2795 scriptas
423 2758 496 2788 inita:
520 2761 710 2795 stipulam-que
733 2761 924 2788 conventionis

140 2813 244 2841 tempus
262 2815 314 2834 non
330 2807 431 2834 diserte
447 2811 568 2834 notatum
587 2815 602 2834 a
618 2812 711 2833 nostro
731 2808 873 2836 historico.
891 2815 923 2834 ex

138 2859 231 2886 causa,
245 2862 298 2889 qua
319 2854 455 2881 inductum
470 2854 502 2880 ad
519 2862 578 2881 eam
597 2854 785 2882 tractationem
803 2854 923 2881 ltontzc-

974 933 1031 961 pto,
1049 926 1148 960 quibus
1164 925 1307 952 Ecaterina
1328 925 1400 960 regis
1416 924 1505 952 Caroli
1521 926 1573 951 tilia
1594 925 1664 958 regis
1677 923 1759 951 Siculi

971 972 1046 998 fratri
1062 971 1193 999 collocata
1210 972 1255 1004 sit,
1285 971 1460 997 Routzerium
1477 971 1579 997 haerere
1598 970 1714 1003 amplius
1734 970 1759 995 itt

971 1018 1064 1045 Sicilia
1082 1025 1133 1044 non
1160 1018 1308 1051 valentem,
1325 1018 1395 1052 quod
1406 1025 1467 1044 eum
1484 1017 1622 1043 [tertianus
1639 1016 1760 1049 pontifex

969 1063 1030 1091 dedi
1044 1063 1096 1090 sibi
1122 1063 1288 1098 puniendum
1316 1070 1330 1089 a
1350 1070 1415 1097 rege
1438 1061 1531 1089 Siculo
1556 1061 1696 1095 poscebat,
1713 1068 1761 1095 pa-

970 1115 1041 1137 ctum
1060 1110 1091 1136 dc
1107 1117 1162 1144 quo
1180 1110 1298 1137 diximus
1317 1109 1410 1136 iniisse
1428 1116 1490 1135 cum
1508 1107 1673 1134 Andronico.

1005 1155 1051 1182 111.
1065 1154 1103 1181 lta
1121 1155 1156 1182 ibi
1172 1155 1366 1190 Pachytneres,
1393 1155 1419 1181 in
1437 1153 1518 1181 rebus
1542 1161 1602 1188 quae
1618 1153 1651 1180 de
1666 1153 1762 1180 alienis

973 1201 1052 1228 teriis
1067 1205 1112 1228 aut
1128 1201 1254 1236 gentibus
1281 1202 1369 1228 obiter
1384 1206 1529 1232 memorat,
1549 1207 1599 1227 suo
1616 1206 1690 1225 more
1705 1199 1762 1225 bal—

973 1247 1092 1273 butiens.
1106 1245 1197 1273 Voluit
1211 1247 1282 1273 enim
1299 1246 1358 1273 sine
1374 1246 1455 1273 dubio
1467 1245 1521 1272 illic
1534 1245 1655 1271 indicare
1666 1250 1760 1278 pacem

972 1293 1071 1320 factam
1101 1301 1173 1319 anno
1199 1292 1300 1319 Christi
1326 1292 1398 1320 130‘2
1428 1292 1498 1319 inter
1514 1292 1640 1318 (Iarolum
1670 1297 1760 1324 regem

972 1341 1097 1376 Neapolis
1116 1345 1143 1368 et
1160 1340 1327 1368 Friderit-um
1344 1341 1369 1366 iu
1387 1340 1481 1367 Sicilia
1497 1340 1693 1369 dotuinautcm,
1709 1343 1761 1371 qua

973 1397 1025 1416 non
1042 1388 1193 1419 Ecaterina,
1211 1388 1256 1414 sed
1270 1387 1404 1413 Eleonora
1424 1386 1495 1420 regis
1521 1385 1610 1412 Caroli
1629 1383 1692 1413 filia,
1709 1390 1760 1408 non

973 1434 1051 1462 fratri
1068 1433 1138 1468 regis
1155 1433 1249 1465 Siculi,
1262 1433 1308 1459 scd
1323 1432 1374 1467 ipsi
1389 1431 1529 1458 Fridetiro
1544 1431 1676 1463 desponsa
1697 1435 1764 1454 con-

970 1481 1017 1514 jux
1031 1484 1082 1512 est,
1099 1484 1180 1512 prout
1196 1478 1350 1504 Friderieus
1370 1477 1427 1510 ipse
1444 1479 1590 1502 attestatur
1606 1475 1633 1501 itt
1659 1474 1762 1500 instru-

976 1532 1066 1553 mento
1082 1524 1269 1552 conventionis
1284 1524 1363 1550 istius
1388 1522 1494 1557 publice
1519 1529 1568 1556 per
1585 1521 1671 1554 ipsuut
1689 1518 1762 1545 edito

971 1572 1003 1599 ad
1022 1571 1147 1598 Castrqu
1177 1569 1280 1596 Novqu
1301 1568 1345 1595 die
1362 1569 1394 1595 19
1421 1568 1521 1594 mensis
1550 1565 1675 1600 Augusti,
1689 1572 1760 1590 anno

971 1618 1075 1644 Christi
1104 1616 1182 1644 1302.
1214 1616 1364 1643 indictione
1394 1614 1437 1647 15,
1465 1614 1535 1648 quod
1565 1611 1764 1640 totumrecitat

972 1662 1106 1689 Odoricus
1134 1661 1282 1688 Baiualtlus
1313 1668 1344 1688 eo
1361 1660 1470 1692 Annali,
1489 1661 1560 1685 unde
1588 1656 1761 1684 mauifestum

972 1713 1012 1736 est
1028 1709 1062 1736 ab
1080 1708 1127 1735 illo
1138 1708 1194 1741 jam
1209 1713 1331 1742 tempore
1349 1706 1455 1734 institui
1471 1710 1588 1740 coeptum
1603 1711 1662 1731 esse
1679 1702 1768 1739 798A

973 1759 1117 1781 tractatum
1147 1755 1219 1781 inter
1248 1754 1385 1785 absentes,
1409 1753 1472 1780 ltiuc
1500 1750 1676 1779 Rontzerium
1701 1750 1762 1776 inde

971 1801 1158 1827 Andronicum
1185 1801 1386 1834 imperatorem.
1412 1799 1445 1825 de
1473 1798 1598 1824 auxiliari
1625 1796 1713 1823 clas~e
1728 1795 1762 1822 ab

972 1847 1017 1872 illo
1032 1847 1065 1873 ad
1083 1847 1152 1873 hunc
1168 1846 1335 1872 adducenda.
1353 1845 1425 1872 Sane
1439 1853 1557 1879 praesens
1571 1849 1657 1870 status
1671 1849 1761 1868 rerum

973 1891 1113 1924 impellere
1125 1891 1298 1918 vehementer
1312 1890 1496 1917 Andronicum
1515 1890 1547 1916 ad
1564 1887 1762 1915 admittemlum

972 1937 1092 1963 oblatum
1110 1936 1240 1962 auxilium
1257 1935 1349 1962 debuit
1369 1945 1375 1962 :
1393 1943 1425 1962 eo
1439 1935 1542 1969 quippe
1561 1941 1632 1959 amto
1647 1930 1761 1958 Michael

973 1984 1111 2017 Angustus
1124 1981 1219 2009 Jttnior
1236 1981 1294 2014 ejus
1325 1981 1397 2008 lilius
1426 1988 1521 2007 omnes
1547 1987 1638 2006 serum
1655 1976 1762 2011 imperii

973 2030 1064 2064 copias
1081 2029 1205 2058 ductans,
1224 2033 1329 2061 tergum
1346 2027 1490 2053 inhoneste
1514 2026 1605 2052 Persis
1631 2027 1760 2054 verterat,

974 2075 1091 2110 fugaque
1120 2074 1251 2109 praecipiti
1269 2081 1298 2100 se
1315 2074 1466 2100 incluserat
1492 2071 1645 2107 Magnesirc,
1663 2069 1707 2096 ubi
1736 2072 1762 2096 et

973 2121 1146 2147 deserebatur
1162 2128 1174 2144 a
1193 2119 1324 2145 militibus
1339 2123 1365 2145 et
1381 2118 1503 2145 omnium
1529 2124 1620 2144 rerum
1640 2120 1762 2143 extrema

974 2165 1115 2190 laborabat
1146 2164 1247 2197 ittopia,
1266 2164 1308 2189 cui
1327 2163 1473 2190 subvenire
1496 2162 1668 2189 Andronicus
1686 2166 1762 2194 pater

974 2218 1035 2249 cum
1047 2211 1162 2237 maxime
1173 2210 1451 2245 cuperet,ol)staculis
1466 2209 1686 2236 ineluctabililms
1700 2216 1762 2242 ιιι-ψ

975 2257 1127 2287 bibebatur,
1146 2261 1224 2290 prout
1242 2256 1316 2292 prius
1332 2261 1496 2282 narraverat
1510 2256 1566 2290 ipse
1581 2254 1762 2290 Pachymeres

974 2303 991 2329 Ι.
1012 2310 1048 2333 tv.
1067 2310 1092 2329 c.
1118 2302 1161 2335 18,
1179 2309 1380 2336 consequenter
1411 2302 1473 2328 inde
1491 2302 1614 2329 referens
1639 2301 1762 2328 miserri-

974 2357 1044 2375 mam
1069 2349 1264 2376 desolationem
1283 2349 1406 2376 omnium
1431 2348 1538 2382 imperii
1558 2347 1697 2382 regionum
1715 2354 1762 2381 per

974 2395 1035 2422 illos
1054 2394 1207 2422 Orientales
1223 2399 1328 2422 tractus
1343 2402 1376 2422 ex
1394 2394 1436 2421 bis
1454 2399 1585 2425 secutam,
1609 2398 1761 2428 praisertmt

974 2445 1033 2476 post
1050 2448 1144 2467 novam
1159 2445 1185 2467 et
1199 2441 1362 2467 luculentam
1375 2440 1480 2467 cladem
1495 2439 1679 2467 Romanorum
1695 2439 1763 2466 duce

975 2487 1118 2514 Muzalone
1134 2487 1326 2516 iteiteriarcba.
1344 2488 1388 2514 die
1407 2487 1442 2513 27
1459 2486 1521 2514 Julii
1537 2486 1608 2513 circa
1626 2486 1760 2521 Bapheum

974 2541 1057 2569 prope
1071 2531 1257 2560 Nicomediam
1272 2541 1286 2560 a
1301 2531 1392 2560 Persis
1411 2532 1480 2560 duce
1506 2533 1622 2560 Atutane
1647 2532 1761 2564 illatam,

966 2583 1033 2615 ‘quac
1047 2580 1066 2607 i.
1082 2587 1118 2612 tv,
1134 2588 1158 2606 ο.
1174 2580 1209 2606 ‘25
1225 2580 1399 2607 desrribitur.
1426 2579 1558 2606 Extremis
1581 2586 1646 2614 ergo
1662 2578 1762 2605 mensi-

975 2627 1024 2654 bus
1039 2635 1083 2653 an.
1103 2626 1171 2653 1502
1200 2631 1226 2654 et
1246 2627 1340 2660 primis
1366 2627 1428 2654 anni
1459 2626 1597 2659 sequentis
1626 2624 1695 2651 1305
1712 2623 1762 2651 fuit

975 2672 1119 2698 conventio
1137 2672 1188 2698 ista
1204 2671 1420 2698 commeantibus
1438 2669 1509 2696 ttltro
1522 2669 1643 2702 citroque
1658 2667 1762 2694 nuntiis

975 2719 1118 2745 conclusa:
1135 2725 1284 2752 rursusque
1297 2717 1402 2751 aliquot
1415 2716 1478 2743 inde
1491 2714 1630 2742 mensibus
1648 2714 1674 2740 in
1691 2713 1762 2741 clas-

976 2764 1014 2789 sis
1025 2767 1157 2796 apparatu
1174 2762 1312 2797 impensis.
1329 2761 1435 2787 tandem
1450 2768 1481 2788 ea
1496 2766 1589 2787 mense
1607 2758 1760 2794 Septembri

976 2809 1239 2843 Constantinopolim
1257 2808 1370 2843 appulit.

1015 2854 1059 2882 ιν.
1077 2855 1168 2883 Mense
1182 2855 1292 2890 iliq‘l‘tlll
1318 2853 1469 2888 Septembri
1484 2853 1546 2881 anni
1568 2852 1669 2881 Christi
1686 2853 1762 2886 1303,
