1954 3063
211 121 264 153 853

657 124 688 154 Ρ.
712 124 864 154 POSSINI
885 124 1212 155 OBSERVATIONUM
1232 126 1303 156 [111.
1325 125 1384 154 111.

1776 115 1830 146 856

206 182 308 209 diserte
339 182 473 217 siquidem
503 185 646 210 attestatur
671 183 853 218 Pacbymeres
878 191 905 218 p.
932 183 995 214 595,
1012 186 1033 212 Α
1050 189 1128 216 strat,
1150 185 1212 211 dum
1225 184 1353 210 continue
1367 180 1517 216 subjungit,
1534 176 1836 209 Andronicuntexperi—

204 227 327 254 iusrcuto
349 235 410 255 mox
436 228 601 263 Septembri.
624 234 685 263 post
701 236 821 256 mensem
846 229 995 263 AuguStum

205 274 284 306 cujus
313 274 355 300 die
380 279 477 301 octavo
509 279 588 301 terrm
615 279 704 301 motus
728 275 828 308 incepit
857 283 911 310 quo
935 275 998 301 sub-

205 327 284 346 versa
305 325 346 347 est
361 319 484 354 Rhodus,
499 321 634 354 appulisse
647 320 825 348 liontzerittm
838 320 998 347 Constanti-

205 366 324 400 nopolim
347 374 407 393 cum
426 368 512 394 c'asse
530 367 667 398 auxiliari,
695 367 844 394 indictione
868 367 997 393 secunda.

173 403 176 407 ’
206 410 292 437 Verba
309 411 367 445 ejtts
379 416 442 438 suttt
461 419 468 438 :
490 411 568 437 Κατὰ
582 412 628 438 τὸν
646 412 694 438 ἐπὶ
717 411 805 446 τούτῳ
821 411 988 446 Γαμηλιῶνα

205 456 337 490 δευτέρας
364 458 558 492 ἐπινεμήσεως
575 456 647 484 εἶδεν
676 459 691 493 ὴ
719 458 930 484 Κωνσταντίνου
951 458 998 484 καὶ

205 502 252 528 τὸν
282 504 394 529 Λατῖνον
416 504 594 539 Ῥοντζέριον.
619 505 772 537 Gamelion,
804 505 855 531 hoc
878 509 929 536 est,
947 512 998 531 usu

207 555 338 582 perpetuo
361 549 555 584 Pachymcris.
573 550 745 584 September,
775 550 931 577 indictionis
957 558 1000 577 se-

207 594 312 624 cundm.
329 599 370 621 est
394 595 452 622 sine
480 595 533 622 ttilo
550 596 632 622 dubio
649 595 810 630 September
824 603 838 622 a
855 603 908 630 quo
927 596 1000 622 ince-

208 640 246 672 pit
265 648 338 666 more
363 640 520 668 Gratcorum
552 642 688 669 numerari
727 642 838 668 indictio
870 643 997 668 secunda.

210 686 376 714 lndictiones
402 693 502 718 autem.
533 696 600 722 quas
618 688 708 715 Latini
726 697 740 715 a
756 689 886 716 Kalendis
899 689 1000 716 Janua-

209 732 260 758 ri'ts
275 740 418 760 numerare
444 734 600 767 incipimus,
626 734 713 762 Graeci
739 742 846 769 semper
870 742 884 762 a
902 739 999 769 quarto

209 781 283 804 retro
300 785 391 805 mense
408 779 550 810 inchoant.
566 781 635 806 un-ic
653 785 679 807 et
699 780 806 807 iuitittm
826 781 928 807 ducunt
952 788 1001 807 att-

209 829 304 848 norum
320 831 380 850 atra:
396 831 451 851 suae
477 832 491 851 a
512 826 603 852 mundi
619 826 752 860 principio
771 826 849 860 juxta
881 826 999 854 calculos

211 867 342 900 ipsorum.
362 869 438 896 Unde
453 877 512 896 cum
529 871 677 899 viderimus
693 874 831 908 superius,
853 881 880 900 n.
897 873 924 905 5,
937 873 998 900 Fri-

210 914 330 940 dericum
359 914 466 942 litteras
480 916 615 950 publicas,
630 918 729 952 quibus
745 926 840 952 pacem
862 926 875 945 a
893 926 922 945 se
937 926 996 944 cum

210 958 306 986 Carolo
339 968 400 995 rege
425 960 551 994 Neapolis
581 963 674 990 initam
690 964 880 998 promulgavit,
910 965 1000 991 consi-

209 1012 308 1037 gnasse
332 1014 403 1033 anno
419 1006 520 1034 Christi
545 1008 625 1040 1302,
656 1009 698 1035 die
726 1009 757 1037 19
784 1010 911 1043 Augusti,
928 1010 999 1037 indi-

209 1049 301 1076 ctione
323 1051 366 1083 15,
389 1051 542 1086 intelligere
554 1053 683 1081 debemus
700 1054 782 1082 fuisse
807 1055 879 1082 illum
898 1063 997 1083 annum

209 1095 334 1123 ultimum
349 1097 416 1132 cycli
428 1097 584 1126 indictionis
599 1099 807 1134 complectentis
823 1108 907 1129 annos
920 1102 999 1135 quiu-

210 1140 309 1174 decint,
327 1142 363 1169 ita
379 1143 572 1178 utScptembri
589 1149 648 1179 post
673 1146 747 1172 illum
761 1146 913 1180 Augustum
938 1155 998 1174 mox

211 1193 306 1214 secuto
324 1187 408 1215 Graeci
426 1197 568 1217 numerare
587 1191 700 1224 primam
721 1192 896 1220 indictioncm
911 1200 1000 1227 empe-

212 1234 277 1265 rinl,
303 1233 391 1260 Latini
416 1242 479 1262 vero
506 1236 532 1262 id
559 1235 650 1263 facere
673 1237 826 1264 distulerint
858 1246 944 1272 usque
967 1240 999 1266 ad

212 1279 329 1313 primum
350 1281 419 1308 diem
436 1281 556 1308 Januarii
576 1283 726 1317 sequentis.
749 1291 803 1318 quo
826 1283 925 1311 Christi
953 1292 999 1312 an-

213 1333 264 1352 tnts
279 1326 347 1353 1505
365 1327 468 1354 calculo
493 1328 611 1361 ipsorum
629 1333 669 1354 cst
691 1329 784 1355 initus.
800 1328 903 1356 Rursus
920 1331 1001 1365 hujus

214 1370 276 1396 antti
290 1370 392 1398 Christi
406 1371 474 1398 1505
486 1378 578 1398 mense
591 1371 742 1404 Septembri
753 1372 838 1398 Graeci
852 1373 1000 1400 secundam

214 1414 388 1443 indictionem
404 1421 593 1448 numerarunt,
605 1417 667 1443 dum
679 1416 782 1444 Latinis
793 1417 903 1445 indictic
914 1418 1001 1445 adhuc

214 1461 301 1494 pritna
319 1469 365 1496 per
380 1462 496 1496 spatium
509 1462 706 1496 quadrimestre
720 1467 852 1490 curreret.
866 1464 919 1490 Nec
933 1464 1000 1490 alius

214 1508 248 1534 ab
263 1508 313 1545 hoc
329 1507 490 1542 September
513 1508 662 1535 indictione
679 1511 795 1535 secunda
813 1508 916 1536 Grmcis
933 1509 999 1535 insi-

215 1553 276 1587 gnis
291 1554 406 1587 reperiri
423 1555 474 1581 hoc
490 1559 577 1581 tractu
596 1560 746 1588 temporum
761 1559 858 1589 potest,
875 1556 926 1581 nisi
941 1557 1000 1589 quis

215 1599 371 1626 retrocedat
387 1600 465 1627 anuis
479 1600 632 1634 quindecim
646 1601 678 1626 ad
693 1608 792 1627 annum
808 1601 908 1628 Christi
924 1601 999 1633 1288,

216 1649 262 1670 aut
276 1643 320 1679 [Ρ.
338 1643 402 1679 579]
427 1645 617 1679 progrediatur
632 1646 689 1679 pari
705 1645 791 1679 spatio
806 1646 999 1679 consequentis

217 1689 348 1722 temporis
365 1697 451 1724 usque
483 1691 515 1717 ad
533 1698 632 1717 annum
659 1698 719 1717 mra:
735 1691 897 1718 Christiana:
922 1691 1000 1724 1518,

183 1745 188 1749 ·
217 1743 332 1769 Quorum
355 1736 418 1762 item
447 1743 580 1763 annorum
614 1736 696 1772 799
710 1737 823 1763 duorttm
841 1744 932 1764 mense
954 1737 1002 1763 Sc-

219 1781 333 1816 pletubri
351 1784 421 1817 apud
440 1782 547 1810 Graecos
565 1782 680 1818 δευτέρα
706 1783 871 1818 ἐπινέμησις
888 1785 1000 1809 secunda

217 1827 328 1854 iudictio
342 1829 479 1855 nutnerari
494 1834 579 1864 caspia
597 1835 649 1856 est.
670 1829 757 1862 Quam
773 1820 901 1856 vero'est
916 1829 1002 1854 mani-

217 1874 320 1900 fcstum
337 1874 369 1900 ad
388 1878 512 1902 neutrum
530 1874 636 1901 illorutn
658 1881 789 1901 annorum
804 1874 941 1909 pertinere
957 1881 1003 1908 po-

219 1922 306 1948 tuisse
322 1920 464 1955 appnlsutn
481 1920 669 1948 Rontzcrianae
696 1920 792 1948 classis
814 1920 1003 1947 Constantino-

217 1965 309 2000 polim,
324 1971 376 1993 tam
389 1973 492 1993 certum
507 1967 599 1993 haberi
614 1966 693 1993 debet
706 1966 778 1993 illum
792 1973 851 1993 esse
864 1966 1003 2000 assignan-

218 2013 282 2039 dum
300 2013 382 2039 mensi
402 2013 554 2048 Septembri
572 2013 635 2039 anni
652 2012 752 2039 (Ihristi
770 2012 848 2039 1303.

256 2058 287 2085 V.
303 2059 337 2086 At
348 2066 412 2086 ecce
427 2060 477 2086 hoc
493 2064 628 2086 assertum
645 2062 699 2084 tam
716 2058 814 2084 diserta
827 2057 1004 2092 Paehymeris

219 2107 398 2133 aﬁirmalione
419 2106 595 2133 constitutum
612 2105 752 2132 contrario
777 2104 899 2139 ejusdem
929 2107 1005 2132 testi—

221 2154 311 2180 monio
337 2152 480 2180 evertitur.
499 2151 600 2178 Scribit
623 2151 668 2178 ille
696 2151 721 2177 in
752 2152 824 2178 hunc
849 2151 956 2178 modum
977 2160 1002 2185 [ι.

1051 232 1148 257 mentis
1166 230 1337 257 evidentibus
1373 234 1542 262 persuasum,
1574 224 1645 250 vinci
1673 231 1725 249 non
1756 228 1835 256 posse

1050 275 1136 304 Marte
1153 281 1245 310 aperto
1259 283 1370 303 suorum
1387 274 1470 300 armis
1485 271 1638 301 Catelanos,
1656 269 1726 295 alias
1738 273 1834 294 eorum

1049 321 1274 348 debilitandorum
1295 325 1343 347 aut
1363 318 1566 346 allicicudorum
1591 317 1623 342 ad
1641 315 1836 341 eonventinnes

1049 368 1123 400 pacis
1147 367 1267 393 rationes
1291 366 1396 393 iniisse.
1424 364 1520 391 Clades
1541 363 1633 396 igitur,
1653 367 1765 394 qttarttm
1786 357 1837 384 Pa-

1048 413 1191 447 chymeres
1207 413 1250 439 hic
1261 412 1385 438 meminit
1399 410 1531 437 Romanis
1544 408 1675 435 militibus
1686 405 1834 433 exercitus,

1050 458 1093 485 cui
1124 458 1238 486 Michael
1254 458 1351 485 Junior
1377 458 1516 489 Augustus
1545 456 1570 482 in
1598 454 1716 482 Occiduo
1746 456 1834 478 tractu

1048 509 1173 538 praterat,
1197 512 1211 531 a
1229 504 1367 532 Catelauis
1397 504 1546 534 illatarum,
1574 508 1626 526 nun
1644 499 1703 525 alite
1733 498 1837 524 fuerint

1050 558 1130 584 qttam
1163 558 1230 586 quas
1253 551 1323 577 idem
1341 549 1431 576 retulit
1457 549 1474 574 1.
1490 556 1524 579 vt,
1544 555 1568 574 c.
1583 546 1628 576 50.
1645 550 1670 571 et
1692 544 1750 570 libri
1762 544 1837 576 ejus-

1050 596 1109 622 dem
1139 604 1165 624 c.
1194 597 1238 627 '52,
1258 603 1373 630 quorum
1405 595 1430 621 in
1448 593 1529 629 priori
1557 595 1648 619 narrat
1663 596 1835 625 progressum

1050 647 1144 669 contra
1161 642 1306 668 Calelauos
1334 641 1473 674 aliquanto
1500 643 1559 672 post
1585 644 1677 664 necent
1696 634 1835 661 lioutzerii

1050 688 1175 718 Cmsaris,
1207 688 1382 720 Adrianopoli
1406 685 1583 720 Pamphylum
1607 690 1700 716 usque,
1717 682 1838 708 Μιιιιτιε-

1053 734 1104 760 Iern
1121 734 1270 768 Augustum
1291 733 1442 764 Juniorem,
1458 739 1518 758 cum
1544 735 1598 756 toto
1617 730 1736 756 Romano
1757 735 1838 754 exer-

1051 780 1118 811 citu,
1132 784 1235 813 partem
1253 779 1332 813 hujus
1353 779 1403 806 sub
1422 779 1509 804 tribus
1525 777 1648 806 ducibus,
1665 775 1747 806 Daca,
1770 774 1838 801 Um-

1051 825 1195 859 perlopulo
1209 829 1237 851 et
1268 825 1382 857 Bossiln,
1411 829 1504 850 contra
1531 821 1698 854 Calliopolim
1717 820 1838 850 misisse.

1051 871 1095 897 ubi
1113 871 1234 898 Catelani
1257 874 1285 897 et
1309 870 1473 904 Antogabari
1488 876 1552 896 suas
1568 867 1660 902 copias
1677 865 1813 893 habebant
1829 874 1836 891 :

1050 917 1097 944 sed
1115 917 1141 943 lti
1164 917 1268 950 objecta
1288 916 1417 943 Romanis
1433 920 1618 942 armentorum
1648 913 1747 947 prmtla,
1776 919 1837 939 cum

1051 965 1092 991 sic
1105 971 1198 991 eorum
1226 964 1336 990 ordines
1362 963 1522 992 solvissent,
1540 961 1662 987 intmisso
1681 960 1707 986 in
1734 959 1840 986 discur-

1050 1015 1141 1037 santes
1157 1009 1309 1036 inordinate
1333 1008 1454 1042 equitatu
1482 1007 1611 1034 fuderunt
1627 1013 1673 1032 eos
1696 1003 1841 1038 fugarunt-

1051 1063 1114 1089 que,
1132 1055 1259 1082 ducentis
1284 1054 1446 1086 interfectis,
1465 1053 1613 1080 vulneratis
1631 1051 1695 1086 ipsis
1712 1049 1838 1076 ducibus.

1051 1099 1198 1127 Posteriori
1227 1105 1317 1126 autem
1349 1099 1417 1130 loco,
1436 1105 1532 1132 nempe
1559 1097 1576 1124 Ι.
1593 1104 1630 1128 vt,
1657 1103 1683 1122 c.
1704 1095 1749 1126 32,
1767 1094 1839 1120 idem

1050 1145 1196 1172 historicus
1213 1144 1271 1171 fuse
1288 1144 1417 1171 describit
1441 1143 1618 1171 commissum
1650 1145 1742 1176 postea
1759 1147 1773 1166 ει
1790 1138 1841 1165 Mi-

1050 1191 1145 1218 chaele
1164 1191 1296 1225 Augusto,
1310 1190 1421 1225 digestis
1437 1190 1463 1216 itt
1481 1190 1567 1216 aciem
1583 1188 1720 1215 universis
1742 1186 1842 1212 Roma-

1052 1237 1094 1263 nis
1106 1237 1205 1271 eopiis,
1219 1238 1349 1263 adversus
1363 1235 1507 1262 Catelanos
1520 1235 1654 1269 przelitttn,
1669 1241 1701 1260 eo
1712 1239 1840 1259 successu

1052 1287 1081 1309 ttt
1103 1283 1240 1309 Romanus
1265 1283 1374 1317 quidem
1393 1282 1529 1309 exercitus
1555 1281 1673 1315 fugatus,
1700 1280 1758 1313 ipse
1777 1285 1842 1304 vero

1052 1328 1165 1355 Michael
1181 1328 1288 1355 fortiter
1302 1336 1426 1363 pugnans
1441 1327 1610 1361 periclitatus
1623 1326 1655 1352 de
1680 1326 1733 1351 vita
1750 1323 1841 1355 fuerit,

1052 1380 1078 1401 et
1096 1375 1141 1401 vix
1157 1375 1273 1408 denique
1291 1374 1350 1409 iuga
1369 1375 1426 1408 ipse
1444 1381 1551 1408 quoque
1564 1377 1688 1400 servatus
1703 1370 1841 1404 Pamphy-

1051 1421 1106 1447 lum
1125 1421 1240 1455 primum
1268 1428 1297 1447 se
1311 1420 1444 1454 receperit
1459 1441 1466 1452 ,
1490 1420 1570 1454 paulo
1597 1426 1661 1445 vero
1681 1421 1752 1451 post,
1765 1416 1842 1450 juxta

1052 1475 1082 1493 ea
1099 1474 1160 1500 qua:
1176 1466 1274 1494 deittde
1289 1475 1314 1493 c.
1331 1466 1390 1498 1,1.
1407 1474 1455 1497 ιἰι,
1481 1470 1572 1492 noster
1588 1464 1658 1490 idem
1680 1468 1775 1489 auctor
1790 1467 1845 1488 tra-

1014 1524 1034 1550 C
1052 1513 1101 1543 dit,
1118 1512 1333 1547 Didymotichum
1357 1519 1386 1539 se
1404 1511 1585 1540 transtulerit,
1605 1509 1649 1536 ubi
1672 1509 1843 1534 exanimatas

1057 1562 1130 1586 metu
1151 1566 1183 1585 ex
1211 1558 1333 1585 cladibus
1359 1558 1478 1591 acceptis
1495 1556 1633 1583 Romanas
1653 1554 1745 1588 copias
1771 1553 1843 1579 intra

1055 1612 1147 1631 muros
1164 1604 1274 1631 munita:
1298 1604 1369 1630 arcis
1389 1604 1530 1630 continere
1544 1602 1701 1636 cogebatur.
1717 1599 1744 1626 ld
1759 1606 1843 1634 porro

1055 1651 1078 1676 si
1097 1650 1212 1683 conligit
1229 1651 1337 1684 quando
1353 1649 1528 1677 evolvebatur
1552 1653 1598 1674 attt
1614 1647 1701 1682 potius
1717 1646 1844 1672 evolutus

1053 1695 1109 1728 jam
1120 1701 1180 1722 erat
1193 1703 1280 1722 anuus
1296 1694 1558 1729 imperiiAndronici
1575 1693 1720 1720 vicesimus
1735 1692 1842 1722 tertius,

1056 1741 1193 1768 Michaelis
1208 1741 1392 1772 d-tmlct-imus,
1417 1740 1536 1773 oportttit
1561 1739 1622 1765 sine
1637 1738 1718 1764 dubio
1736 1737 1843 1763 contin-

1056 1795 1119 1821 gere
1135 1795 1206 1814 anno
1227 1787 1328 1813 Christi
1346 1786 1433 1813 £506:
1451 1790 1514 1812 tunc
1532 1784 1613 1818 δυο
1640 1784 1711 1809 enim
1734 1782 1842 1808 Andro-

1057 1834 1144 1863 nicus,
1164 1833 1206 1859 cui
1232 1835 1337 1867 primus
1355 1840 1369 1859 ιι
1398 1832 1483 1866 patris
1505 1835 1590 1858 morte
1619 1829 1723 1863 itnperii
1754 1835 1842 1855 attntts

1056 1878 1107 1904 fuit
1134 1878 1210 1909 19.85,
1236 1878 1394 1905 vicesimum
1409 1878 1519 1904 tertium
1548 1876 1718 1911 principatus
1741 1881 1841 1900 annum

1058 1920 1210 1952 absolverat
1223 1931 1248 1951 et
1263 1924 1423 1951 vicesimum
1442 1928 1568 1957 quartum
1587 1923 1774 1952 inchoaverat,
1791 1919 1841 1946 Mi-

1057 1969 1133 1996 chael
1147 1977 1224 2000 vero,
1239 1970 1316 2003 cujus
1332 1970 1435 2002 primus
1455 1976 1541 1996 annus
1555 1967 1660 2002 imperii
1675 1974 1742 2004 cum
1757 1965 1841 1999 patris

1058 2015 1200 2042 undecimo
1217 2014 1317 2041 Christi
1334 2013 1402 2041 1295
1417 2013 1565 2042 concurrit.
1589 2012 1758 2046 principatus
1776 2011 1843 2038 duo-

1058 2061 1192 2087 decimutu
1211 2068 1310 2087 annum
1335 2062 1483 2092 evolveral,
1509 2059 1642 2086 decimum
1659 2058 1767 2085 tertium
1792 2058 1844 2084 ini-

1059 2111 1145 2134 verat.

1094 2152 1138 2180 Vl.
1153 2152 1233 2187 Atqui
1246 2159 1307 2179 cum
1323 2152 1376 2179 hoc
1390 2152 1497 2186 quidem
1521 2156 1648 2178 constare
1662 2151 1757 2184 nequit
1771 2148 1841 2184 quod

221 2199 268 2226 561
285 2206 292 2225 :
310 2198 442 2225 Ambobus
462 2198 521 2232 jam
547 2197 757 2231 imperatoribus,
782 2198 878 2224 seniori
901 2198 1005 2232 quidem
1023 2199 1043 2226 D
1058 2198 1242 2233 Parhymeres
1259 2206 1291 2225 ex
1305 2198 1419 2232 publicae
1437 2198 1574 2224 memoriae
1589 2197 1768 2227 conscientia,
1783 2201 1841 2221 tan-

221 2245 326 2278 tcrtium
353 2249 375 2270 ct
405 2243 566 2275 vicesimum,
585 2243 700 2277 juniorﬁ
714 2247 802 2270 autem
820 2243 1005 2270 duodecimum

221 2298 321 2317 mtuum
336 2289 439 2323 imperii
456 2288 537 2316 evolvi
562 2289 682 2323 contigit,
700 2289 817 2323 quando,
835 2294 887 2315 etc.
903 2289 1004 2315 Eventa

221 2337 297 2363 varia
325 2340 458 2362 memorat
476 2343 533 2369 qum
549 2335 575 2362 iu
593 2335 666 2362 illum
690 2335 846 2362 inciderunt
863 2335 1006 2361 articulttm

223 2382 363 2416 temperis,
379 2389 432 2415 qtto
445 2380 591 2408 Andronici
608 2388 695 2407 annus
709 2380 814 2415 imperii
831 2379 1004 2413 25,1ilichae-

223 2427 257 2454 lis
279 2432 367 2454 autem
392 2427 450 2461 ejus
469 2427 515 2453 lilii
533 2427 565 2453 12
588 2426 688 2453 evoluti
709 2432 797 2457 erant,
815 2426 865 2452 hoc
880 2431 930 2457 est,
958 2433 1006 2452 ex-

222 2473 289 2508 pleti
313 2474 546 2505 numerabantur,
572 2471 747 2506 sequentibus
772 2470 828 2504 jam
862 2470 1006 2497 inchoatis.

223 2518 296 2546 luter
309 2517 360 2545 alia
378 2526 440 2545 vero
455 2518 533 2545 istius
549 2517 656 2551 generis
677 2520 773 2544 eventa
793 2516 871 2550 paulo
887 2521 946 2550 post
967 2524 1009 2542 re—

224 2569 318 2592 censet
331 2564 508 2591 inclusionem
526 2562 664 2589 Michaelis
680 2561 792 2594 Augusti
803 2560 921 2589 Junioris
937 2561 1007 2596 intra

224 2610 254 2638 Di
268 2610 452 2646 lymolichum,
467 2609 596 2636 munitam
615 2615 716 2640 arcem,
730 2607 757 2634 in
770 2615 820 2641 qtta
839 2615 868 2635 se
883 2615 1010 2636 necessa-

225 2658 264 2685 rio
277 2657 445 2689 continebat,
466 2655 536 2689 qttod
553 2654 653 2681 milites
680 2653 808 2685 Romani,
826 2654 926 2688 quibus
940 2662 1008 2689 prae-

224 2709 294 2736 erat,
307 2702 387 2729 fracti
403 2701 500 2728 animis
509 2700 543 2727 ob
561 2705 686 2734 aeceptas
698 2699 798 2731 clades,
811 2699 873 2737 inde
885 2700 1008 2735 progredi

224 2756 251 2778 et
263 2758 293 2777 os
308 2749 433 2777 hostibus
449 2748 593 2775 obvertere
623 2753 676 2773 tton
692 2745 834 2773 auderent.
853 2745 950 2772 llostes
966 2746 1009 2772 hic

226 2803 279 2823 non
310 2795 379 2822 alios
412 2793 563 2828 intelligere
587 2791 732 2820 historicus
757 2798 838 2827 quam
865 2790 1009 2818 Catelanos

227 2847 326 2876 potest.
346 2841 378 2868 Et
393 2840 450 2875 ipse
462 2839 553 2868 statim
570 2838 641 2867 clare
663 2838 695 2866 de
710 2839 742 2868 iis
757 2846 788 2867 sc
806 2837 879 2871 loqui
895 2837 1006 2865 dentom

1059 2252 1137 2280 quam
1157 2245 1340 2272 certissimum
1355 2249 1380 2271 et
1398 2251 1412 2270 a
1438 2251 1467 2270 se
1481 2244 1579 2274 visum,
1603 2247 1755 2273 asseverat,
1770 2241 1841 2266 Ron-

1060 2291 1170 2318 tzerium
1185 2298 1277 2317 mense
1292 2291 1445 2324 Septembri
1459 2290 1582 2317 secunda:
1593 2288 1749 2315 indictiouis
1761 2295 1842 2321 appu-

1059 2335 1123 2364 lisse
1152 2335 1426 2370 Constantinopolim.
1458 2335 1515 2362 Hoc
1538 2340 1612 2361 nunc
1640 2333 1842 2359 demonstratur

1059 2390 1091 2410 ex
1106 2382 1177 2409 serie
1197 2389 1228 2408 ac
1255 2389 1325 2408 nexu
1348 2388 1438 2408 rerttnt
1466 2379 1671 2412 intervallisque
1689 2382 1840 2410 temporum

1059 2427 1159 2455 diserte
1184 2427 1343 2453 memoratis
1376 2433 1392 2453 a
1417 2426 1594 2460 Pachymere.
1615 2423 1779 2450 Rontzerius
1796 2421 1842 2448 Se-

1060 2473 1173 2508 ptembri
1187 2472 1313 2500 secundae
1329 2471 1494 2504 indictionis,
1511 2472 1561 2498 hoc
1569 2476 1610 2498 est
1623 2478 1667 2496 an.
1681 2470 1748 2495 Chr.
1763 2468 1841 2498 1505,

1060 2517 1087 2543 in
1103 2517 1196 2544 urbem
1217 2516 1397 2550 appulsus,ab
1418 2516 1574 2542 Andronico
1591 2513 1732 2547 magniﬁce
1745 2512 1844 2546 excipi-

1060 2568 1115 2594 tur,
1137 2569 1250 2596 magnus
1269 2562 1321 2588 dux
1337 2566 1456 2594 creatur,
1476 2568 1587 2588 uxorem
1601 2560 1676 2587 ducit
1697 2560 1843 2593 imperato—

1061 2609 1098 2636 ris
1113 2613 1230 2642 neptem,
1241 2607 1368 2642 Cyzicum
1388 2608 1413 2634 in
1431 2608 1542 2634 hiberna
1559 2607 1658 2633 tnissus
1674 2605 1699 2630 in
1721 2605 1841 2637 digressu

1060 2655 1094 2682 ab
1110 2656 1175 2680 urbe
1197 2661 1210 2679 a
1232 2652 1425 2680 Genuensibus
1445 2657 1627 2686 oppugnatur.
1643 2650 1685 2686 [Ρ.
1699 2649 1762 2685 580]
1783 2649 1842 2675 ll'znc

1061 2705 1169 2726 narrata
1194 2699 1211 2725 1.
1233 2706 1260 2728 v.
1289 2707 1314 2726 c.
1337 2698 1378 2730 H,
1411 2697 1489 2724 facile
1517 2696 1649 2730 reliquuttt
1681 2696 1745 2722 anni
1774 2695 1840 2721 1505

1060 2744 1338 2780 expleverittt.'lgitur
1359 2744 1430 2771 circa
1448 2743 1554 2770 ittitittm
1572 2742 1634 2769 anni
1656 2741 1757 2769 Christi
1777 2740 1841 2767 1501

1061 2790 1165 2823 excepti
1197 2797 1211 2816 a
1245 2789 1388 2823 Cyzicenis
1417 2789 1539 2816 Catelani
1567 2788 1642 2816 uberi
1674 2793 1701 2815 et
1730 2788 1840 2821 copioso

1061 2835 1190 2871 hospitio,
1212 2835 1277 2862 nihil
1302 2835 1390 2862 minus
1404 2834 1554 2870 cogitarunt
1569 2841 1649 2868 quam
1666 2833 1742 2868 cujus
1760 2841 1838 2860 causa
