1954 3063
127 122 180 152 857

779 127 1008 159 CHRONOLOG
1014 128 1110 159 ICUS.

1707 128 1760 161 858

129 180 204 206 missi
220 184 310 213 erant,
327 179 426 208 Persas
441 181 618 210 ulterioribus
640 183 746 218 imperii
770 185 919 218 provinciis
936 188 955 214 Α
974 186 1073 213 {rustra
1091 193 1139 219 per
1155 186 1255 213 missos
1268 190 1293 212 et
1307 185 1414 212 litteras
1433 188 1562 218 expertus
1589 184 1695 212 duobus
1713 185 1768 220 pri-

130 225 245 253 infcstos
261 232 444 260 oppugnatum
463 228 513 255 ire.
529 228 621 262 itaque
635 230 816 263 perstiterunt
834 239 849 257 ιι
866 239 924 258 rere

129 266 184 297 illic
198 274 232 297 ad
248 272 400 305 Arcturum,
413 277 443 300 ut
453 274 547 302 scribit
558 274 747 310 f'acltymeres,
770 277 820 304 hoc
835 282 875 304 est
890 279 924 305 ab

128 318 216 350 Aprili
236 319 269 343 ad
288 318 488 352 Septembrem.
501 328 554 354 qtto
569 328 664 349 mense
687 323 775 349 oritur
788 324 920 350 Arcturus

129 364 207 390 stella
236 364 356 390 undecim
381 364 472 392 diebus
492 371 551 393 ante
578 368 764 401 azqttinaclium
788 370 920 396 autumni.

128 410 215 436 Verba
235 416 297 436 sunt
315 410 395 437 Plinii
424 412 442 438 l.
458 420 487 444 ll,
509 420 533 439 c.
559 414 604 441 47.
622 413 655 440 iis
676 415 765 441 verbis
783 415 922 449 signiﬁcat

128 455 277 483 historicus
291 448 447 485 universam
463 467 509 486 eos
530 465 719 494 tetnpestatem
731 467 821 497 aplatn
840 471 919 497 expe-

86 504 93 512 "
129 501 280 529 ditiontbus
294 503 319 529 iu
344 505 450 532 stativis
470 507 686 540 conSItmpsisse,
704 515 755 535 non
781 513 834 535 tam
848 509 920 536 desi-

129 548 229 578 dendo.
252 552 322 579 quod
341 552 427 582 ipsum
443 557 516 579 esset
531 553 706 587 ﬂagitiosum,
722 562 801 587 quam
817 555 920 588 deprae-

131 595 300 627 dationiltus,
315 596 505 630 ebrietatibus,
526 599 737 632 extorsionibus,
756 600 857 633 stupris
894 605 920 627 et

133 642 206 668 nullo
229 650 281 668 non
302 642 460 675 iniuriarum
490 645 604 671 maxime
635 645 844 672 intolerabilium
875 654 921 680 ge-

128 695 194 714 nere
219 687 386 715 miserrimis
426 689 545 722 hospites
566 691 700 718 vexando.
729 691 793 724 Quae
816 693 917 719 scelera

130 740 184 759 non
201 733 291 760 ferens
307 733 449 761 Pltarenda
462 735 579 767 Tzimes,
596 744 666 763 uutts
687 745 702 763 e
722 737 827 764 Latinis
844 739 920 765 duci-

129 779 189 811 btts,
211 787 272 813 pars
292 780 392 806 militia:
409 781 496 811 istius.
518 781 564 808 Sed
583 790 635 808 non
648 782 786 814 subjectus
802 783 919 811 Rontzc—

129 826 180 856 rio,
202 831 229 850 at
243 826 294 852 sibi
311 827 419 860 proprie
436 832 594 855 auctoratos
610 829 709 856 milites
727 830 850 862 ductans,
866 839 917 858 una

128 877 189 896 clm
210 871 241 897 iis
255 872 367 898 recessit
385 873 501 904 patriam
520 879 656 906 repetens,
675 880 702 900 ιιι
721 876 799 902 tradit
816 876 919 911 Pachy-

128 923 218 943 tneres
240 917 257 942 l.
281 925 304 948 v,
334 925 359 945 c.
378 918 422 945 14.
445 918 481 945 Ea
505 924 600 946 astate
626 928 673 953 per
705 926 789 948 lotam
818 923 918 955 passim

128 960 294 989 Orientalem
314 963 420 998 imperii
451 965 584 992 ditionem
617 965 800 995 licentissime
830 968 919 997 Persa:

129 1008 239 1034 barbari
272 1009 390 1043 agebant
415 1009 592 1045 ferebantque
624 1015 832 1048 cuncta;un
861 1016 919 1042 inse

127 1053 294 1080 describitur
317 1063 332 1080 a
354 1060 446 1082 nostro
473 1056 491 1082 1.
510 1064 535 1088 v,
553 1065 576 1083 c.
605 1058 651 1084 2i.
670 1058 760 1091 Quare
780 1060 918 1089 sollicitati

130 1099 318 1132 liomzeriani,
350 1106 378 1128 ιιι
406 1103 546 1137 sappetias
572 1106 710 1138 oppressis
731 1112 919 1142 arcurrrreut,

126 1153 190 1171 cum
210 1146 242 1172 ab
257 1146 318 1173 aliis
334 1150 390 1173 tum
419 1155 433 1174 a
458 1147 562 1175 Maruie
583 1149 759 1184 itnprratorio
775 1153 851 1185 tlut-e,
873 1155 917 1188 qui

126 1199 190 1217 cum
205 1191 340 1225 aliquibus
368 1193 497 1222 Romanis
517 1196 603 1229 copiis
622 1196 755 1223 admistus
781 1198 919 1228 Catelanis

126 1236 218 1271 Cyzici
235 1238 361 1271 degebat,
378 1240 460 1266 variis
486 1248 594 1275 semper
625 1243 802 1275 prmtexlibus
825 1245 918 1278 profe-

127 1284 245 1310 ctionem
261 1284 435 1312 diﬁ‘erehant.
448 1285 481 1312 Et
493 1293 553 1312 rum
567 1287 624 1320 ipse
643 1287 761 1315 Marttles
775 1297 836 1316 cum
849 1292 917 1322 suis,

126 1328 228 1356 frustra
248 1331 364 1357 invitato
382 1331 540 1363 ltontzerio,
566 1333 697 1361 adversus
727 1340 870 1368 provectus
892 1338 927 1363 in.

126 1376 253 1403 viciniam
270 1377 363 1404 hostes
377 1386 487 1405 movens
498 1387 627 1414 prospere
644 1387 804 1414 pugnasset,
828 1383 916 1416 praeda

126 1430 207 1457 quam
235 1424 268 1451 de
296 1423 388 1451 Persis
418 1425 476 1460 ipse
490 1429 518 1452 et
533 1426 591 1459 ejtts
613 1426 712 1453 milites
731 1427 858 1460 tulerant,
875 1438 917 1456 re-

126 1470 218 1496 deunti
237 1477 251 1496 a
274 1470 412 1497 Catelauis
429 1475 470 1498 est
502 1476 619 1498 extorta.
655 1472 721 1498 Cum
738 1478 846 1506 propter
859 1474 916 1502 lucc

125 1521 150 1543 et
169 1515 253 1542 multa
271 1516 334 1543 talia
350 1516 377 1542 in
403 1516 463 1543 aula
491 1518 616 1545 nuntiata
634 1520 707 1553 gravi
741 1520 915 1547 ltoutzeriani
930 1530 952 1559 ο

126 1561 235 1589 infamia
250 1562 320 1596 apud
342 1563 532 1596 imperatorem
548 1564 711 1595 laborarent.
731 1565 870 1600 profectus
889 1567 916 1593 in

127 1607 222 1634 urbem
239 1608 289 1634 sub
307 1608 369 1635 anni
399 1608 490 1640 linem,
511 1613 541 1636 ut
556 1610 673 1643 videtur,
693 1611 856 1640 Ronlzerius
877 1613 918 1639 fa-

128 1653 181 1680 cile
193 1654 284 1680 omnia
299 1653 410 1681 credulo
426 1659 452 1680 et
472 1655 523 1682 sibi
537 1655 645 1683 addicto
671 1657 827 1685 Andronico
851 1666 918 1692 pur-

126 1699 200 1733 gavit
214 1706 221 1731 ;
237 1699 421 1733 grandemqtte
435 1700 469 1726 ab
486 1707 518 1727 eo
536 1701 680 1735 pecuniam
701 1703 806 1737 accepit
828 1704 852 1730 in
871 1705 919 1731 sli-

127 1745 238 1780 pendia,
253 1749 282 1771 ut
299 1745 400 1778 aiebat,
418 1745 579 1775 Alanorum.
599 1755 666 1780 quos
689 1748 771 1774 etiam
788 1750 918 1776 atlmistos

127 1791 185 1818 suis
209 1791 299 1826 Cyzici
330 1791 460 1823 habebat,
488 1794 711 1827 expendendam;
734 1799 762 1822 rt
786 1797 917 1830 promissa

128 1837 247 1872 ingentis
265 1838 378 1865 alterius
395 1844 509 1866 summa:
529 1847 560 1867 ex
579 1840 723 1868 collatione
752 1842 915 1869 tributorum

128 1884 197 1911 intra
213 1885 450 1919 quadragesimum
469 1886 530 1913 inde
550 1886 619 1913 dietn
634 1889 816 1921 numerandte,
834 1890 914 1924 801

128 1934 208 1963 prout
225 1937 258 1956 ex
281 1930 332 1956 title
347 1929 445 1957 factum
461 1935 513 1958 est.
529 1930 629 1965 Sicque
648 1939 762 1960 onustus
781 1934 918 1962 thesauris

128 1975 292 2002 Rontzerius
310 1976 343 2002 ad
366 1983 431 2003 suos
456 1977 536 2003 rediit
555 1977 628 2004 circa
649 1978 755 2005 initium
780 1980 851 2007 veris
871 1987 916 2007 an.

129 2021 208 2053 i505,
224 2026 253 2048 ut
268 2025 390 2054 apparet,
408 2029 468 2048 mox
484 2022 619 2055 videlicet,
639 2023 677 2050 uti
693 2025 819 2058 sperabat
833 2025 918 2060 impe-

128 2072 212 2099 rator,
230 2074 279 2094 eos
298 2071 393 2094 contra
411 2067 510 2095 Persas
525 2069 668 2097 ducturus.
686 2068 786 2097 Verum
809 2071 917 2098 interim

129 2121 181 2140 non
203 2113 280 2147 pauci
304 2120 319 2139 e
335 2113 484 2146 Catelanis,
503 2119 648 2141 convasala
669 2117 695 2142 in
721 2124 803 2143 navas
828 2118 917 2152 prteda

128 2167 209 2193 quam
226 2158 316 2194 Cyzici
339 2165 366 2186 et
392 2160 457 2187 locis
471 2160 673 2188 circumvicinis
695 2162 831 2191 Romanos
852 2165 919 2191 diri-

978 233 1029 259 tnis
1051 233 1190 260 mensibus
1219 233 1324 260 emoliri
1352 232 1450 267 Cyzico
1470 231 1659 264 Rontzerium,
1673 239 1766 259 mense

978 279 1056 306 tertio
1072 287 1179 306 socrum
1203 279 1261 313 ejus
1276 277 1382 309 lrenen,
1399 277 1497 305 Asanis
1510 278 1629 309 viduam,
1641 285 1765 305 sororem

976 332 1064 355 suam,
1077 325 1109 350 ad
1127 333 1186 351 eum
1202 324 1326 359 allegavit
1338 331 1408 355 nave
1421 323 1514 354 celeri,
1528 324 1598 357 quod
1610 322 1765 350 factumait

974 370 1154 405 Pachyuteres
1183 378 1209 404 p.
1227 370 1290 401 42!,
1311 377 1394 401 cn‘pla
1404 369 1463 404 jam
1481 368 1645 396 hebdomade
1661 377 1766 404 majore

975 416 1022 442 sub
1037 416 1115 449 ﬁnem
1132 415 1236 448 Martii,
1261 415 1310 449 τῆς
1330 415 1451 449 μεγάλης
1477 414 1625 448 ἑϐδομάδος
1641 414 1765 442 καταλα-

975 462 1086 494 ὅούση;,
1103 462 1220 496 Κρονίου
1236 462 1320 496 μηνὸς
1335 462 1476 495 λήγοντος.
1497 460 1559 487 ilzec
1574 461 1762 487 characterem

973 511 1078 533 certum
1095 507 1194 533 habent
1213 507 1291 540 hujus
1306 508 1367 532 anni
1384 507 1484 533 Christi
1499 506 1579 536 1306.
1593 514 1645 539 quo
1659 506 1762 533 Pascha

974 552 1069 579 incidit
1090 553 1114 578 in
1134 552 1204 579 dit-tu
1222 553 1238 579 5
1262 552 1377 586 Aprilis;
1396 559 1444 578 nec
1462 552 1610 578 convenire
1628 551 1764 584 superiori

972 603 1095 632 possunt,
1123 598 1168 632 qni
1197 598 1297 625 Pascha
1327 597 1420 624 habuit
1450 597 1494 623 die
1525 597 1625 630 Aprilis
1656 597 1762 624 decima

972 649 1078 677 quarta.
1097 645 1166 670 umle
1194 644 1256 671 ﬁnis
1289 643 1378 669 Martii
1411 643 1608 670 hebdomadam
1631 643 1762 677 majorem

971 689 1094 723 nequivit
1111 690 1255 723 attingere.
1280 689 1351 716 Nihil
1378 689 1471 716 omisit
1497 690 1561 716 artis
1577 694 1605 716 et
1623 690 1764 717 industria!

971 734 1048 762 Irrue
1066 736 1098 761 ad
1117 735 1335 769 persnadeudnm
1355 735 1501 761 ilontzcrio
1516 739 1651 761 utcontra
1666 734 1765 761 Persas

973 781 1105 808 tenderet.
1135 781 1188 807 Sed
1219 781 1340 808 Catelani
1370 785 1516 814 praetextas
1533 781 1689 814 qua-rebant
1707 780 1764 807 ha:-

972 826 1047 852 reudi
1066 826 1125 852 loco
1141 826 1192 852 sibi
1209 831 1303 860 grato;
1322 826 1488 858 interimque
1511 826 1706 860 superbissime
1722 826 1764 852 in-

974 872 1105 898 sultantes
1122 871 1225 902 Alanis,
1241 872 1266 897 in
1285 871 1358 906 ipsos
1374 879 1420 905 per
1435 871 1522 905 jttrgia
1541 871 1670 903 minatos,
1684 879 1762 906 gras-

972 919 1078 944 satione
1091 924 1227 944 nocturna
1253 917 1380 950 irruunt;
1407 919 1478 944 unde
1504 917 1590 943 atroci
1614 918 1761 943 commissa

971 971 1060 998 pugna
1080 963 1227 990 vincuntur
1244 963 1333 996 Alani,
1352 963 1406 989 lilio
1423 963 1499 989 ducis
1515 963 1637 996 ipsorum
1662 962 1760 997 Georgi

970 1011 1072 1038 occiso.
1094 1009 1147 1037 Sed
1171 1010 1313 1044 postridie,
1328 1017 1388 1045 quae
1407 1009 1458 1036 fuit
1484 1009 1542 1036 tiies
1560 1008 1662 1042 Aprilis
1680 1016 1761 1039 nona.

971 1057 1090 1082 vicissim
1108 1056 1281 1090 insurgentes
1304 1055 1379 1082 Alani
1396 1054 1505 1081 circiter
1526 1057 1662 1081 trecentos
1677 1061 1692 1080 c
1707 1053 1761 1081 Ca-

972 1102 1068 1129 lelanis
1102 1106 1286 1136 peremerunt.
1321 1100 1439 1128 Placatis
1485 1104 1624 1134 utcunque
1658 1099 1762 1131 Alanis,

971 1148 1023 1184 [Ρ.
1045 1148 1118 1184 581]
1150 1156 1245 1176 mense
1273 1148 1381 1174 tandem
1409 1147 1480 1174 Maio
1503 1147 1649 1182 procedere
1679 1148 1762 1181 coepit

971 1194 1169 1222 Rontzeriauus
1183 1195 1318 1222 exercitus
1330 1203 1343 1222 e
1356 1194 1496 1223 Romanis.
1507 1193 1656 1225 (latclanis,
1668 1193 1762 1220 Alanis

970 1245 1111 1267 constans.
1136 1240 1198 1268 litec
1225 1248 1257 1267 ex
1285 1240 1453 1275 Pachymet'e
1477 1244 1604 1266 constant
1630 1240 1648 1265 I.
1677 1247 1715 1271 tv,
1734 1247 1760 1266 c.

969 1285 1000 1312 2i
1015 1295 1021 1319 ;
1038 1294 1063 1313 c.
1083 1294 1146 1312 vero
1165 1287 1200 1312 25
1227 1286 1296 1314 idem
1327 1290 1460 1313 memorat
1485 1285 1599 1312 solulatn
1621 1285 1759 1311 Rontzerii

970 1332 1087 1358 adventu
1117 1330 1309 1365 Philadelphia!)
1340 1332 1521 1362 obsidionem,
1551 1332 1699 1358 commisso
1725 1332 1759 1358 al

969 1376 1098 1403 Aulacetn
1116 1377 1219 1411 praelio,
1235 1384 1267 1403 ex
1290 1385 1343 1411 quo
1369 1378 1527 1404 vulneratus
1544 1378 1596 1404 (lux
1614 1377 1758 1405 Persarum

969 1427 996 1449 et
1011 1423 1209 1449 Carmanorum
1238 1423 1360 1457 Alisyras
1380 1427 1491 1449 matura
1511 1423 1564 1450 sibi
1581 1424 1642 1458 luga
1658 1431 1759 1451 consu-

969 1468 1029 1500 lttit,
1046 1469 1149 1501 Amttrii
1169 1476 1281 1496 suarum
1299 1470 1416 1502 partium
1442 1469 1519 1496 ducis
1535 1471 1634 1496 castris
1651 1478 1680 1497 se
1706 1471 1756 1497 atl-

970 1521 1090 1540 utovens.
1107 1513 1144 1540 Ex
1163 1515 1213 1541 ltoc
1231 1522 1359 1542 suect‘ssu
1379 1515 1431 1541 late
1448 1514 1567 1549 inclytus
1594 1515 1757 1542 Rontzeritts

969 1560 1131 1587 avarissime
1148 1561 1277 1594 pecunias
1296 1569 1310 1587 a
1328 1561 1457 1588 Romanis
1482 1567 1638 1595 extorquet.
1653 1562 1669 1588 Ι.
1687 1569 1713 1593 v,
1729 1569 1755 1588 c.

967 1605 1012 1635 26.
1035 1611 1137 1640 partem
1163 1607 1262 1641 praedae
1286 1607 1424 1640 deponens
1451 1608 1520 1642 apud
1538 1609 1617 1634 lidam
1635 1608 1698 1639 sibi,
1727 1613 1757 1634 ut

968 1652 1091 1686 putabat,
1104 1651 1283 1687 Magnesiam.
1294 1642 1371 1687 cujus
1383 1658 1576 1688 occupatorem
1593 1654 1756 1682 Attaleomm

968 1698 1126 1732 imperatori
1156 1699 1392 1726 reconciliaverat.
1408 1699 1460 1726 Sed
1488 1700 1537 1726 hoc
1554 1701 1613 1734 ipso
1645 1705 1758 1728 auctore

969 1742 1171 1778 Magnesienses
1188 1745 1213 1771 itt
1236 1745 1410 1771 ltoutzcrium
1439 1746 1581 1778 rebellant,
1607 1751 1634 1773 et
1659 1747 1692 1773 ab
1724 1755 1757 1773 eo

970 1789 1033 1816 lotis
1056 1790 1159 1817 viribus
1184 1791 1366 1825 nequidquam
1390 1797 1594 1826 oppugnantur.
1623 1792 1702 1819 Alani
1723 1799 1756 1820 ex

969 1838 1027 1873 ejus
1042 1839 1141 1866 castris
1165 1839 1283 1873 fugiunt,
1305 1839 1323 1865 I.
1342 1847 1366 1871 ιι,
1384 1847 1408 1866 e.
1436 1839 1482 1867 51.
1499 1840 1670 1866 Andronicus
1689 1840 1759 1866 mul-

970 1883 1003 1910 tis
1021 1883 1113 1910 missis
1141 1888 1168 1910 et
1186 1884 1284 1910 littetis
1308 1883 1410 1910 frustra
1439 1884 1484 1910 ditt
1503 1890 1618 1911 conatus
1637 1884 1756 1910 Rontze-

970 1929 1038 1956 rium
1069 1937 1083 1956 a
1116 1929 1259 1963 Magnesire
1286 1930 1488 1964 oppugnatione
1515 1930 1598 1964 802
1630 1930 1757 1961 avullere,

970 1975 1078 2002 tandem
1105 1975 1128 2002 ei
1150 1975 1295 2008 persuadet
1320 1975 1462 2010 trajectum
1490 1976 1516 2001 in
1538 1975 1686 2002 Orciduum
1703 1981 1759 2002 tra-

969 2027 1052 2053 ctutn,
1068 2026 1098 2048 ut
1111 2022 1146 2048 ibi
1161 2023 1255 2055 copias
1272 2029 1333 2048 cum
1348 2022 1424 2055 prius
1438 2029 1470 2048 eo
1487 2022 1610 2054 profecto
1623 2021 1757 2048 Michaelc

968 2068 1090 2102 Augusto
1105 2067 1216 2094 Juniore
1229 2069 1417 2102 coniungeret.
1437 2067 1506 2101 Ergo
1524 2067 1569 2094 ille
1580 2069 1689 2094 cunctis
1705 2067 1758 2094 Ro-

971 2114 1059 2141 manis
1088 2114 1245 2149 regionibus
1261 2120 1368 2147 quaqua
1392 2113 1501 2139 transiit
1526 2113 1648 2144 vastatis,
1665 2113 1759 2147 copias

970 2159 1088 2193 denique
1102 2158 1220 2186 traducit
1236 2158 1332 2193 partim
1349 2157 1475 2193 Mitylene
1491 2159 1589 2192 partim
1606 2157 1758 2192 Lampsaco

129 2205 228 2238 piendo
248 2210 433 2238 corraserant,
459 2206 555 2233 domos
580 2208 702 2241 proprias
722 2207 824 2241 injussu
846 2217 919 2244 repe.
936 2200 956 2226 ι)
970 2204 1106 2239 Madytum
1124 2209 1150 2232 et
1166 2205 1192 2232 in
1215 2205 1265 2230 alia
1288 2204 1454 2230 continentis
1476 2203 1603 2230 Occidit-ae
1627 2204 1698 2236 loca,
1711 2204 1756 2230 ubi

127 2251 238 2278 tierunt.
256 2249 319 2277 lude
344 2255 437 2278 secuta
455 2252 654 2286 stipendiorum
676 2261 723 2287 per
738 2253 916 2283 Rontzerium

130 2297 221 2332 iniqua
237 2297 333 2324 divisio
353 2301 404 2330 est,
422 2297 494 2323 italis
517 2298 589 2333 large
607 2299 725 2330 donatis.
740 2301 835 2328 Alanis
861 2310 919 2328 ma-

129 2343 200 2378 ligne
218 2343 338 2377 aspersis
360 2343 533 2376 imperatoria
551 2345 678 2378 pecunia.
700 2345 768 2374 llinc
780 2347 850 2374 inter
868 2348 917 2374 ltos

129 2396 156 2417 et
170 2391 230 2418 illos
249 2395 316 2417 Orta:
333 2390 485 2418 simultates
504 2390 549 2417 ditt
573 2392 774 2425 suspicionibus
793 2394 917 2427 odiisque

131 2437 251 2470 rixisque
271 2437 342 2464 inter
355 2437 426 2470 ipsos
445 2437 545 2464 mutuis
558 2439 686 2465 exercita:
702 2443 775 2466 sunt.
792 2439 843 2466 Per
860 2440 916 2467 haec

128 2482 276 2509 delrectata
291 2482 375 2509 variis
392 2482 559 2510 elus'ronibus
584 2484 610 2510 in
628 2484 706 2517 hujus
728 2493 837 2520 quoque
852 2486 916 2513 anni

128 2533 249 2555 :rstatem
267 2528 402 2559 expeditio
418 2529 443 2555 in
470 2528 568 2557 Persas
590 2535 642 2563 est,
656 2530 794 2559 Catelauis
817 2532 915 2558 stativa

128 2575 268 2601 commoda
278 2574 604 2607 relinquerenoleutibus,
622 2579 917 2612 quantumvisurgente

128 2618 310 2652 imperatore;
330 2625 408 2651 quem
423 2619 540 2647 maxime
561 2621 700 2654 premebat
714 2622 832 2650 obsideri
861 2631 918 2650 NB-

128 2668 185 2697 pta,
210 2663 324 2697 Alisyrac
343 2662 431 2690 Persa:
460 2670 578 2699 satrapa:
601 2666 699 2693 validis
714 2667 810 2700 copiis,
826 2667 916 2695 Phila-

129 2708 250 2742 delphia;
282 2707 357 2743 quod
386 2709 436 2736 sub
460 2713 619 2738 autumnum
644 2713 773 2740 an.1505
789 2714 916 2742 evenisse

128 2753 301 2780 Crediderim.

162 2798 216 2825 VII.
234 2799 295 2826 lniit
321 2806 408 2827 annus
424 2800 525 2829 Christi
553 2802 631 2834 1506,
651 2804 760 2838 quando
783 2805 916 2832 sollicitus

128 2844 275 2879 imperator
288 2853 338 2881 pro
353 2846 596 2884 Philadclphiajam
612 2850 667 2877 acri
679 2850 748 2877 fatue
760 2851 912 2883 laborante,

969 2250 1108 2277 Rantauos
1122 2250 1258 2277 hostiliter
1269 2250 1390 2277 Catelani
1407 2250 1552 2285 deprzedati
1566 2256 1642 2279 sunt.
1660 2251 1758 2278 Narrat

969 2297 1025 2324 hree
1041 2297 1223 2332 Paehymeres
1248 2296 1266 2323 l.
1282 2305 1318 2327 vt,
1340 2304 1364 2323 c.
1380 2297 1407 2328 5,
1429 2304 1489 2331 quae
1505 2296 1562 2323 sine
1576 2297 1656 2324 dttbio
1672 2298 1757 2330 perti-

969 2349 1033 2370 nent
1049 2343 1080 2369 ad
1098 2342 1244 2370 Octobrem
1261 2347 1306 2370 aut
1324 2342 1504 2370 Novemhrcm
1517 2343 1579 2369 anni
1592 2343 1656 2372 Chr,
1679 2344 1755 2374 l506,

968 2391 1076 2424 quando
1096 2391 1212 2416 ttondntu
1228 2390 1398 2416 Andronicus
1417 2389 1462 2420 ‘24,
1491 2389 1605 2416 Michael
1627 2390 1656 2416 15
1673 2391 1757 2424 impe-

969 2435 1003 2461 rii
1024 2443 1124 2461 annum
1143 2436 1328 2470 expleverant.
1348 2435 1424 2463 Unde
1451 2436 1576 2462 ttltitnttm
1599 2436 1625 2462 id
1650 2442 1755 2470 tempus

969 2486 1009 2508 est
1023 2489 1077 2516 quo
1095 2489 1186 2508 verum
1205 2490 1266 2509 esse
1281 2485 1367 2516 potuit
1384 2482 1447 2509 illttd
1465 2481 1538 2516 qunti
1552 2482 1646 2508 scribit
1662 2488 1757 2509 noster

969 2528 995 2555 in
1013 2527 1102 2554 fronte
1114 2528 1173 2555 libri
1190 2529 1297 2563 Septimi
1311 2538 1317 2556 :
1333 2529 1462 2555 Ambobus
1470 2529 1528 2563 jam
1542 2530 1754 2562 imtmt'utorihus,

968 2575 1065 2602 seniori
1080 2575 1186 2610 quidem
1202 2575 1306 2602 tertium
1334 2581 1358 2602 et
1376 2576 1536 2606 vicesimum,
1547 2576 1652 2610 juniori
1666 2582 1753 2602 autem

967 2621 1148 2648 duodecimum
1161 2630 1259 2648 annum
1269 2622 1372 2655 imperii
1385 2622 1467 2648 evolvi
1479 2623 1600 2656 contigit.
1618 2622 1756 2656 Progressi

967 2667 1039 2693 enim
1061 2671 1173 2700 uterque
1197 2667 1311 2693 multum
1340 2671 1419 2693 erant
1438 2667 1464 2692 in
1483 2675 1554 2693 anno
1583 2667 1626 2693 ille
1649 2667 1694 2697 2L,
1712 2667 1755 2693 hic

967 2713 1011 2743 15,
1043 2713 1090 2739 sed
1118 2718 1212 2739 neuter
1230 2713 1304 2739 illmn
1333 2713 1504 2740 absolverat:
1524 2713 1653 2739 desinunt
1681 2713 1753 2740 enim

967 2759 1030 2786 anni
1045 2767 1121 2793 :t'quc
1137 2760 1278 2786 amborum
1300 2765 1423 2786 extremo
1443 2759 1596 2785 Decembri.
1611 2758 1679 2786 Usus
1690 2768 1755 2793 ergo

969 2805 1130 2839 repetitione
1144 2806 1262 2840 quadam
1278 2810 1321 2832 est
1335 2807 1398 2832 dum
1416 2805 1466 2831 ista
1479 2806 1588 2838 scripsit
1604 2805 1754 2841 Pacltyntc-

968 2860 1021 2883 res,
1037 2858 1064 2880 ct
1080 2858 1151 2880 retro
1170 2861 1202 2880 ex
1220 2861 1251 2880 ea
1277 2859 1356 2886 quam
1380 2857 1437 2878 tum
1464 2852 1597 2880 tractabat
1621 2854 1754 2881 memoria
