1954 3063
216 143 271 176 859

656 150 689 180 Ρ.
711 149 863 181 POSSlNl
885 152 1212 183 OBSERVATIONUM
1244 153 1316 185 LIB.
1331 154 1391 184 ΠΙ.

1783 157 1838 189 860

218 199 327 231 resiliit,
342 199 487 234 insignire,
500 205 531 229 ut
547 202 651 237 opinor,
668 204 761 232 volens
784 213 877 233 verum
895 207 999 233 initium
1017 211 1038 237 Α
1053 209 1087 235 26
1106 209 1203 242 Martii,
1224 208 1369 236 Sthbatum
1401 208 1494 236 Lazari
1517 211 1668 244 pridianam
1692 211 1840 240 Dominicaz

217 243 282 272 belli
300 246 456 277 Catelanici,
473 248 545 282 quod
565 249 588 275 si
614 250 674 283 quis
691 255 763 277 recte
778 253 941 284 consideret,
966 259 1000 279 ex

217 292 269 319 hoc
287 297 408 325 temp0re
433 294 577 326 processit.
602 295 659 322 Etsi
676 297 746 323 enim
781 298 867 324 adhuc
883 298 1000 325 Routze-

220 339 275 364 rius
293 343 318 364 et
335 338 394 372 ejus
411 339 510 367 milites
530 347 560 367 se
582 341 775 376 stipendiarios
798 344 904 377 imperii
929 345 1001 371 ferc-

217 383 292 415 bant,
304 388 396 410 tamen
420 392 473 411 non
495 385 575 412 dubie
598 392 717 420 apertam
736 387 914 415 defectionem
941 397 1000 416 mn<

217 429 408 461 cbinahatrtur,
424 430 504 464 cujus
522 436 598 458 certa
615 433 710 459 indicia
724 434 883 461 Genuenses
900 435 1000 469 degen-

219 480 259 500 tes
270 474 374 501 Galam
399 476 555 504 Andronico
573 477 737 509 detulerunt,
767 485 795 506 ιιι
815 486 906 507 noster
919 481 1001 507 refert

216 519 236 547 I.
251 529 288 553 νι,
303 529 329 548 e.
348 522 364 548 6
380 527 405 548 et
421 522 456 555 9;
472 527 498 550 et
515 532 581 552 sane
597 532 639 552 res
659 525 684 552 id
711 526 775 559 ipsre
799 527 998 561 loquebantur:

219 574 280 593 nam
301 575 332 594 ex
353 568 402 595 hoc
423 571 573 602 prmsertim
594 575 715 605 tempore
735 572 837 599 relictie
860 581 1000 608 oppugna-

218 613 300 639 tionis
320 614 462 648 Magnesize
482 616 546 642 nihil
569 618 658 645 minus
679 620 856 645 contumacia:
873 620 898 646 in
915 621 1001 653 impe-

217 662 345 689 ratomn,
367 660 475 687 saevitiae
491 661 516 687 in
533 660 669 688 Romanos
684 670 778 690 otnnes
791 663 912 690 Catelani
928 672 1001 690 mon-

218 708 339 730 strarunt
355 713 436 738 quam
456 706 505 739 ipsi
520 707 611 733 hostes
629 708 716 735 Persa:
729 709 848 737 barbari.
863 712 900 736 Ac
916 718 1001 744 quatt-

218 755 298 781 quam
320 758 367 776 eos
395 751 564 778 Andronicus
588 758 707 780 tractare
741 754 828 781 adhuc
857 760 883 781 ttt
911 756 1001 782 socios

219 796 354 828 pergebat,
369 796 466 829 ignavo
479 799 641 825 constrictus
656 805 739 831 metu,
753 806 841 828 tamen
860 802 929 828 alter
942 801 1001 828 im-

217 845 327 874 perator
340 841 452 868 Michael
467 851 515 876 pro
532 845 601 871 veris
618 852 675 876 eos,
692 846 787 879 quales
803 851 892 878 erant,
910 847 998 880 palam

217 886 310 912 habuit
329 887 463 920 hostibus,
481 889 628 924 atljungere
660 891 719 917 illos
746 891 796 918 sihi
824 892 1000 926 retttteusjn-

217 931 296 958 bente
317 932 378 959 licet
391 939 477 965 patre,
494 942 518 961 et
536 934 640 962 irruerc
659 936 685 962 in
700 936 772 971 ipsos
785 945 812 964 se
831 942 951 971 paratum
964 938 1001 965 le-

216 983 288 1005 rens.
306 982 334 1003 ut
348 978 427 1005 docet
445 985 536 1006 noster
548 981 565 1008 Ι.
581 989 618 1013 Vl,
631 989 657 1008 c.
671 982 687 1008 5
702 988 728 1008 et
743 982 784 1009 15.

253 1019 319 1047 VIII.
337 1019 437 1048 Verum
454 1023 562 1056 quidem
587 1030 629 1051 est
650 1027 706 1059 geri
730 1032 848 1060 emptum
864 1035 878 1054 a
890 1028 1000 1054 Catela-

216 1065 259 1091 nis
273 1065 298 1091 in
316 1065 452 1094 Romanos
466 1069 551 1095 multo
568 1071 687 1104 apertius
700 1078 727 1098 ct
742 1072 885 1100 immanius
900 1073 998 1101 bellum

217 1114 276 1144 post
293 1119 384 1138 necem
405 1113 554 1146 Rontzerii,
569 1123 630 1148 qua:
644 1124 714 1144 anno
729 1119 851 1152 sequenti
873 1119 998 1154 contigit.

217 1156 270 1183 Sed
286 1157 348 1184 inde
367 1158 439 1185 aliud
457 1167 508 1186 non
529 1162 671 1189 conﬁcitur
684 1163 735 1190 nisi
758 1165 810 1192 dtto
826 1166 903 1199 quasi
918 1166 1001 1193 luisse

216 1203 292 1230 initia
303 1203 449 1231 Catrlanici
464 1205 658 1241 helli,quornm
671 1209 783 1236 alterum
794 1211 826 1237 ad
840 1216 998 1239 autumnum

217 1249 280 1275 anni
300 1250 400 1278 Christi
418 1251 498 1283 1306,
528 1253 642 1280 alterntn
660 1256 693 1281 ad
712 1263 759 1282 ver
773 1257 836 1283 anni
856 1257 925 1284 1507
940 1266 1000 1292 per-

218 1295 296 1322 tinet.
323 1295 401 1324 Unde
422 1299 557 1325 credimus
582 1299 773 1335 Pachymercm
798 1310 859 1329 cum
881 1304 1000 1331 secundo

217 1341 360 1369 referendo
384 1351 414 1370 se
434 1345 599 1379 accingeret,
635 1346 661 1373 in
691 1348 748 1382 ipso
769 1347 861 1375 limine
882 1349 943 1376 libri
963 1357 999 1377 vn

216 1387 316 1421 prioris
341 1390 472 1423 epocham
498 1399 529 1417 ex
557 1397 630 1419 retro
649 1393 718 1420 actis
747 1396 904 1427 retraxisse,
920 1395 1000 1430 eique

216 1435 355 1461 mentione
370 1436 545 1471 conjuntisse
561 1443 658 1465 eventa
685 1440 780 1473 multa,
796 1449 912 1476 quorum
927 1449 1000 1476 quae-

216 1479 277 1507 dam
297 1483 454 1514 posterioris
471 1488 548 1509 erant
563 1485 712 1518 memoriae,
729 1491 756 1513 et
774 1495 826 1514 non
845 1488 877 1514 ad
898 1495 998 1514 annum

1053 254 1206 280 Palmarum
1216 255 1327 280 omnitto
1344 255 1423 281 fuerit
1439 255 1475 282 18
1489 255 1579 282 Martii
1609 257 1678 284 dies.
1710 257 1840 292 Adiungit

1052 300 1094 326 bis
1112 300 1360 326 nosterhistoricus
1379 308 1405 327 e.
1423 301 1558 335 sequenti,
1586 302 1637 328 hoc
1661 307 1702 329 est
1726 310 1742 336 p
1774 303 1838 335 52‘,

1053 353 1149 372 novum
1168 346 1302 372 Caesarem
1325 346 1498 373 Ronlzerium
1528 348 1679 374 adeundum
1714 348 1764 376 sibi
1790 357 1840 384 pu-

1052 398 1125 419 tasse
1149 392 1305 418 Michaelem
1335 394 1482 426 Angustum
1511 393 1662 427 .lnniorem,
1693 395 1737 429 qui
1767 396 1838 429 apud

1052 439 1250 472 Adrianopolim
1269 444 1355 465 castra
1375 439 1507 472 habebat;
1526 442 1744 476 prtemisisseque
1776 443 1839 469 ideo

1052 485 1085 510 ad
1101 483 1174 510 illum
1191 484 1307 510 Asanem
1326 485 1419 512 uxoris
1433 492 1489 511 sua;
1520 485 1641 517 fratrem,
1670 494 1684 512 ιι
1718 495 1771 520 quo
1800 489 1839 513 ait

1052 529 1168 563 primum
1185 529 1314 555 iudicium
1337 529 1443 555 venturi
1468 529 1607 556 Routlerii
1639 531 1772 563 perlatum
1803 533 1837 557 ad

1053 575 1208 602 Michaelem
1217 575 1259 601 die
1267 579 1359 601 octava
1372 583 1455 609 supra
1467 576 1615 602 vicesimam
1623 576 1822 603 Boedromiouis
1830 597 1836 608 ,

1052 620 1255 655 Βοηδρομιῶνος
1275 621 1356 655 ὀγδόη
1370 622 1500 655 λήγοντος
1513 619 1740 656 ἧν.ΒοθίΙΙὈηιῖοη
1774 623 1837 648 alibi

1052 675 1181 701 sctnpera
1199 667 1363 703 Pachymere
1374 669 1474 695 dicitur
1489 669 1589 702 Aprilis
1606 670 1715 696 mensis.
1739 669 1791 696 Sed
1805 677 1840 696 ne

1051 713 1096 739 hic
1120 714 1155 739 ita
1177 713 1348 748 intelligatur,
1365 714 1489 748 prohibet
1515 715 1586 748 quod
1614 722 1643 748 τι.
1669 715 1721 741 5ῖὸ
1748 715 1835 745 addit,

1052 763 1147 792 quarta
1163 759 1230 793 feria
1253 765 1312 794 post
1339 760 1528 786 lmodomodum
1555 760 1661 787 'I'lwmrt
1691 761 1837 788 nti-nissum

1051 805 1134 838 fuisse
1151 805 1184 831 ab
1196 805 1314 839 Augusto
1331 806 1473 832 Creatorem.
1492 805 1645 833 [It-bdomas
1675 807 1781 833 l‘homte
1797 811 1838 833 est

1053 851 1123 884 apud
1138 851 1245 878 Graecos
1262 853 1320 878 sine
1332 852 1385 878 ttllo
1400 851 1484 879 dubio
1498 859 1529 879 ea
1545 859 1605 886 quze
1622 853 1744 886 sequitur
1757 856 1836 878 octa-

1051 905 1112 923 vam
1124 896 1234 923 Pascltze
1249 904 1262 922 a
1276 897 1353 924 nobis
1362 897 1460 923 dictant
1475 898 1502 923 in
1514 897 1632 923 albicant
1655 898 1731 931 quasi
1744 897 1836 927 modo;

1052 942 1077 969 in
1094 950 1145 976 qua
1161 942 1297 968 Dominica
1312 946 1370 976 post
1390 941 1492 969 Pascha
1508 943 1592 975 prima
1605 942 1692 969 Grmci
1723 943 1785 968 item
1807 948 1837 970 ut

1052 988 1150 1020 Latini,
1167 989 1236 1014 inter
1253 995 1330 1014 saera
1342 987 1457 1014 recitant
1474 995 1578 1014 cmnma
1596 987 1731 1022 Evangelii
1752 996 1786 1015 ex
1810 995 1835 1015 c.

1051 1040 1085 1059 xx
1101 1033 1224 1064 Joannis,
1240 1040 1292 1067 quo
1308 1031 1434 1059 narratur
1446 1032 1579 1059 dubitatio
1603 1033 1712 1059 Thermo
1726 1038 1837 1067 aposto-

1053 1079 1069 1106 li
1079 1080 1112 1106 de
1123 1079 1324 1106 resurrectione
1333 1078 1433 1105 Christi
1449 1079 1571 1105 cenvicta
1586 1083 1733 1113 curataque
1763 1084 1835 1106 tactu

1052 1132 1190 1151 sacrorum
1206 1123 1265 1157 ejus
1277 1124 1430 1155 vulnerum,
1457 1123 1527 1149 unde
1544 1131 1642 1150 nomen
1661 1124 1838 1150 hebdomadis

1052 1169 1163 1196 Thema!
1176 1169 1310 1202 contiguis
1325 1169 1367 1195 isti
1385 1169 1530 1195 Dominicaa
1556 1169 1651 1195 diebus
1664 1176 1712 1194 usu
1727 1168 1837 1195 Gracc-

1051 1223 1111 1242 rnm
1123 1215 1247 1242 adlmsit.
1263 1214 1435 1241 Manifestum
1461 1221 1542 1248 porro
1569 1219 1609 1240 est
1635 1214 1835 1240 hebdomadam

1052 1261 1163 1289 Thamar
1180 1261 1227 1288 illo
1242 1268 1323 1291 anno,
1338 1261 1394 1294 qui,
1410 1266 1439 1285 ut
1459 1259 1637 1290 ostendimus,
1662 1258 1768 1285 Pascha
1801 1259 1837 1286 26

1052 1306 1142 1333 Martii
1160 1305 1262 1336 habuit,
1277 1305 1353 1338 sequi
1367 1312 1419 1331 non
1442 1305 1565 1338 potuisse
1588 1303 1657 1330 diem
1676 1303 1712 1331 28
1726 1303 1836 1336 Aprilis.

1052 1351 1104 1379 Sed
1121 1358 1207 1385 neque
1221 1350 1345 1384 sequenti
1360 1357 1432 1376 anno
1459 1349 1558 1376 Christi
1579 1348 1647 1376 1308
1662 1359 1668 1376 :
1702 1356 1763 1375 nam
1786 1349 1838 1376 hoc

1051 1398 1155 1426 Pascha
1170 1397 1197 1424 in
1222 1397 1323 1431 Aprilis
1349 1396 1382 1422 14
1410 1396 1513 1422 incidit.
1547 1395 1630 1429 Igitur
1655 1394 1728 1422 aliud
1756 1402 1837 1428 quam

1051 1444 1171 1480 Aprilem
1186 1443 1296 1470 nomine
1313 1442 1516 1469 Boedrotnionis
1544 1442 1594 1468 hoc
1623 1441 1682 1467 loco
1705 1441 1839 1475 expressit

1052 1490 1244 1526 l’achymeres.
1260 1487 1316 1514 Nec
1329 1492 1478 1514 estnovum
1495 1487 1569 1513 illum
1583 1486 1688 1513 variare
1700 1486 1726 1512 in
1744 1486 1838 1519 appel-

214 1527 362 1554 Andronici
380 1529 416 1555 ‘23
443 1529 591 1563 expletum.
617 1531 652 1557 '21.
677 1539 842 1565 currentem,
863 1534 1000 1561 Michaelis
1013 1535 1035 1564 C
1052 1534 1350 1564 lationibusmensium,
1366 1537 1458 1566 utpote
1473 1540 1551 1567 quem
1565 1537 1640 1559 certo
1652 1532 1840 1566 deprehende-

216 1573 250 1599 12
267 1575 416 1607 expletum,
434 1575 467 1601 15
491 1581 656 1609 currentem,
672 1578 716 1611 qui
734 1578 783 1604 fuit
799 1579 898 1605 Christi
918 1579 998 1613 1506,

214 1619 398 1654 pertinebant,
413 1621 459 1647 sed
477 1623 508 1648 ad
526 1627 686 1656 sequentem
706 1624 771 1650 Chr.
789 1625 866 1657 1307,
881 1633 934 1659 quo
946 1626 1000 1652 An-

215 1665 343 1693 dronicus
356 1666 401 1697 25,
429 1667 542 1694 Michael
569 1669 603 1695 14
624 1669 766 1697 iuiverant.
782 1671 845 1699 llrec
861 1671 942 1704 igitur
957 1678 1000 1698 so-

215 1711 284 1738 Itttio
303 1717 344 1738 est
359 1712 520 1745 objectionis
536 1715 662 1748 superius
679 1723 706 1741 ιι.
724 1716 740 1742 5
758 1717 913 1751 propositas.
930 1717 1001 1744 Con-

215 1758 283 1783 cedo
311 1763 478 1790 secnturttnt,
515 1762 585 1792 quod
614 1761 769 1794 opponitur,
800 1762 999 1790 incommodum

215 1803 396 1830 submotionis
417 1804 548 1832 adventus
565 1805 591 1831 in
611 1807 703 1832 urbem
721 1806 860 1834 Rontzerii
878 1813 950 1835 retro
971 1809 999 1835 in

215 1848 391 1875 indit-tionem
413 1849 540 1882 primam,
561 1851 584 1877 si
604 1850 746 1878 Michaelis
763 1852 878 1887 Augusti
901 1852 1000 1887 duplex

214 1901 228 1920 a
246 1895 384 1922 Catelauis
410 1895 501 1922 clades
523 1900 550 1923 et
569 1897 630 1923 inde
661 1903 754 1924 secuta
775 1899 832 1932 ejus
851 1899 920 1926 intra
953 1899 998 1926 Di-

212 1941 396 1975 dymoticltum
418 1942 532 1968 inelusio
550 1943 576 1969 itt
593 1951 690 1970 annum
705 1945 852 1972 Andronici
867 1946 951 1981 803
965 1947 1000 1973 25

211 1987 362 2021 expletum,
386 1988 421 2014 24
437 1988 608 2020 inchoatum,
635 1990 773 2017 Michaelts
793 1992 827 2018 12
849 1993 997 2025 evolutum,

214 2033 248 2059 13
263 2033 359 2060 initttm
377 2034 545 2063 conveniret.
561 2034 635 2069 Nego
646 2042 733 2063 autem
746 2038 771 2064 id
782 2038 818 2064 ita
831 2046 901 2070 esse,
914 2044 939 2064 et
957 2041 1000 2066 aio

210 2080 418 2106 commemorari
447 2085 552 2114 tempus
576 2080 641 2107 illud
657 2089 689 2108 ex
711 2086 846 2110 transacta
866 2084 999 2111 memoria

212 2132 261 2158 per
276 2125 518 2158 auacephalzeosim
535 2134 542 2158 ;
560 2125 591 2161 [P
606 2126 670 2162 582]
687 2131 713 2154 et
725 2134 757 2153 ex
773 2127 865 2154 multis
881 2130 998 2160 eventis,

207 2178 272 2205 equae
291 2171 371 2197 simul
391 2171 426 2198 ibi
454 2171 663 2206 conglobantur,
687 2173 814 2207 pleraque
843 2181 896 2201 non
926 2175 998 2201 illius

207 2222 272 2243 esse
284 2217 358 2248 anui,
371 2217 415 2251 qui
430 2216 490 2250 fuit,
503 2223 531 2244 ut
541 2225 612 2251 saepe
624 2217 726 2244 dictum
737 2222 788 2250 est,
801 2218 901 2245 Christi
915 2219 995 2251 1306,

209 2263 258 2289 sed
274 2263 414 2297 sequentis
428 2263 507 2290 1507.
529 2263 605 2290 Nunc
620 2269 727 2291 tetetera
753 2271 814 2298 qua:
834 2264 866 2291 ad
880 2264 997 2293 Rontze-

209 2307 281 2334 rium
297 2308 435 2342 pertinent
453 2309 607 2336 reddamus.

245 2352 292 2380 IX.
309 2353 381 2380 Satis
392 2354 507 2388 diligens
523 2360 614 2382 noster
625 2355 678 2382 fuit
694 2355 720 2382 in
737 2356 817 2390 hujus
831 2361 857 2384 et
884 2364 997 2391 promo-

207 2400 285 2427 !ione
303 2401 330 2427 in
345 2401 496 2428 Caesaream
511 2401 668 2436 dignitatem
685 2406 711 2428 et
732 2403 805 2429 czede
838 2410 889 2429 non
914 2403 999 2429 multo

207 2451 270 2480 post
285 2452 376 2473 secuta
394 2447 553 2478 referendis,
570 2447 705 2482 adjunctis
719 2447 798 2474 etiam
813 2448 881 2475 notis
899 2454 1001 2481 lt‘tltptl-

211 2492 261 2523 ris,
281 2492 327 2519 sed
339 2500 452 2526 quarum
468 2493 557 2528 aliqua
575 2494 742 2521 subobscura
753 2499 805 2521 est.
838 2494 933 2521 Tradit
948 2494 1000 2521 Pa-

206 2537 351 2572 ehymeres
375 2545 401 2572 p.
418 2537 478 2569 522,
493 2537 666 2565 Rontzerium
681 2540 714 2566 ad
731 2547 760 2567 se
776 2541 857 2567 missa
884 2542 917 2567 ab
944 2542 1000 2568 An.

211 2583 323 2610 dronico
339 2583 469 2611 Caesarea:
486 2585 624 2619 dignitatis
638 2585 752 2619 insignia
774 2586 891 2613 induisse
905 2594 937 2613 ac
949 2586 1000 2614 rite

210 2629 391 2657 acclamatum
404 2630 537 2657 Ctesarem
551 2631 637 2657 fuisse
648 2631 689 2657 die
701 2640 754 2666 qua
771 2632 869 2658 [καπατὶ
884 2640 1000 2659 resurre-

206 2676 262 2702 clio
278 2675 466 2702 celebrabatur.
485 2675 533 2702 Hic
545 2676 603 2702 dies
620 2676 644 2702 iu
660 2676 827 2704 Kalendario
842 2677 998 2704 Grtecorum

211 2721 409 2749 cstSabbatnm
427 2722 550 2756 contigue
577 2723 729 2756 praecedens
743 2721 909 2750 Dominicam
939 2723 1000 2749 Pal-

214 2776 329 2794 marum.
348 2768 431 2795 I‘orro
446 2775 507 2795 cum
523 2767 568 2794 illo
579 2775 649 2795 anno
661 2768 726 2795 Chr.
743 2769 812 2795 1307
825 2768 931 2803 cyclum
945 2776 1001 2803 εδο-

213 2815 247 2841 Its
262 2815 308 2845 ‘28,
324 2814 393 2841 luna:
406 2814 440 2841 15
454 2818 622 2847 numerante,
638 2815 776 2842 Dominica
795 2814 1002 2842 resurrectionis

211 2860 336 2895 septiduo
363 2860 450 2888 serior
472 2859 610 2888 Dominica
644 2860 797 2889 Palmarum
824 2859 948 2888 inciderit
973 2859 1002 2886 in

1054 1582 1140 1608 rimus
1153 1579 1324 1611 Ianuarium,
1340 1586 1419 1613 quem
1435 1578 1504 1605 solet
1522 1585 1617 1605 vocare
1633 1577 1838 1604 Hecatombma-

1051 1633 1120 1659 nem,
1136 1625 1281 1660 aliquando
1295 1623 1446 1650 Lenreonem
1464 1623 1623 1658 appellasse,
1639 1628 1665 1649 et
1675 1623 1837 1656 Augustum.

1052 1673 1094 1700 cui
1106 1673 1247 1699 consuevit
1265 1670 1423 1698 Posideonis
1439 1669 1681 1696 nomenclationem
1697 1669 1836 1703 adaptare.

1051 1717 1134 1745 semel
1144 1717 1299 1752 designasse
1316 1710 1446 1743 vocabulo
1457 1714 1690 1746 Mtentacterionic,
1707 1722 1760 1748 quo
1773 1714 1837 1742 alibi

1052 1766 1094 1789 est
1123 1762 1220 1789 solitus
1240 1761 1351 1788 Juniqu
1377 1761 1538 1796 exprimere.
1570 1759 1663 1794 Itaque
1685 1760 1838 1787 tteeessario

1052 1808 1254 1843 intelligendum
1269 1807 1485 1834 Boedromionem
1500 1813 1573 1833 nunc
1590 1805 1748 1840 Pacbytneri
1766 1805 1839 1832 Mar-

1053 1854 1118 1881 tium
1130 1853 1193 1880 dici.
1209 1853 1293 1887 Cujus
1308 1853 1351 1880 die
1360 1852 1405 1883 28,
1420 1852 1496 1879 tertia
1508 1857 1568 1886 post
1577 1851 1680 1878 Pascha
1694 1851 1771 1884 feria,
1782 1858 1839 1877 mo—

1052 1900 1124 1926 nitus
1138 1899 1171 1925 do
1198 1898 1339 1926 Rontzerii
1356 1898 1473 1925 adventu
1497 1897 1625 1929 Michael,
1642 1897 1687 1924 ubi
1710 1905 1773 1924 eum
1809 1905 1838 1924 se

1052 1945 1182 1972 benevole
1194 1949 1369 1978 excepturum
1381 1944 1557 1975 declarasset,
1571 1943 1735 1978 “dedit
1750 1950 1779 1970 se
1795 1943 1838 1971 hic

1052 1990 1078 2016 in
1097 1990 1178 2020 viam,
1190 1994 1215 2016 et
1230 1996 1301 2016 nono
1314 1989 1348 2015 ab
1363 1989 1413 2016 hoc
1427 1989 1481 2019 die,
1501 1988 1567 2015 feria
1582 1994 1677 2023 quarta
1692 1988 1838 2015 hebdoma-

1051 2036 1091 2062 (ιω
1106 2035 1227 2066 Thomas,
1245 2035 1337 2068 prima:
1356 2039 1418 2068 post
1437 2033 1608 2064 Paschalem,
1627 2034 1762 2060 admissus
1783 2039 1836 2060 est.

1051 2079 1114 2107 Fuit
1128 2089 1158 2107 ea
1173 2079 1232 2107 dies
1247 2081 1349 2114 Aprilis
1366 2080 1470 2114 quinta.
1487 2079 1566 2106 Sexta
1582 2078 1733 2113 insequenti
1747 2079 1838 2106 Caesar

1053 2125 1216 2153 Ronlzerins
1235 2133 1287 2152 una
1315 2133 1376 2152 cttnt
1402 2125 1525 2160 Augusto
1546 2124 1676 2152 Michaele
1697 2124 1723 2151 in
1742 2126 1837 2151 urbem

1052 2171 1255 2206 Adrianopolitn
1267 2171 1380 2202 solemni
1393 2179 1507 2198 occursu
1518 2171 1693 2198 invehuntur.
1706 2171 1758 2198 Sed
1774 2179 1839 2205 pau-

1010 2197 1037 2226 D
1051 2197 1075 2243 lo
1090 2197 1149 2252 post
1159 2197 1236 2244 fidem
1250 2197 1343 2245 Ctesar
1357 2197 1404 2243 “in?
1426 2197 1522 2244 limine
1554 2216 1672 2244 cubiculi
1699 2197 1836 2251 Augustae.

1049 2270 1128 2296 quam
1141 2262 1288 2290 salutatum
1305 2263 1371 2294 ibat,
1389 2262 1423 2289 ab
1436 2261 1529 2288 Alanis
1546 2269 1639 2289 necem
1671 2262 1718 2289 lilii
1740 2262 1837 2296 Georgi

1048 2307 1165 2342 Cyzici-a
1177 2307 1315 2334 Catelanis
1325 2312 1457 2341 patratam
1475 2306 1667 2333 ulciscentibus
1680 2306 1839 2334 interfectus

1049 2356 1193 2386 est,‘prout
1208 2352 1226 2379 Ι.
1242 2351 1270 2385 6,
1285 2359 1310 2378 e.
1327 2352 1374 2382 2:1,
1388 2351 1545 2378 distinctius
1561 2357 1700 2378 narratur.

1279 2407 1323 2444 te.
1339 2407 1402 2443 585}
1416 2406 1532 2434 CAPUT
1554 2406 1611 2434 vn.

1051 2465 1115 2496 Qua:
1126 2464 1297 2499 Pachymeres
1318 2464 1345 2490 in
1372 2468 1483 2498 utraque
1515 2468 1589 2495 parte
1617 2463 1697 2496 huius
1709 2463 1839 2499 Δέιὶιιοιπίίε

1086 2496 1208 2534 sparsim-
1221 2499 1302 2526 tradit
1321 2499 1353 2524 de
1366 2496 1445 2525 rebus
1472 2504 1495 2524 et
1514 2498 1674 2531 principibus
1704 2496 1840 2532 Mugulto-

1086 2543 1155 2565 tum.
1170 2543 1202 2561 ex
1219 2534 1393 2560 monumeth
1427 2534 1547 2560 Arabicis
1572 2533 1722 2566 illustruta,
1748 2534 1840 2560 ordine

1087 2575 1232 2604 temporum
1246 2570 1411 2603 digeruntur.
1453 2579 1457 2583 -

1088 2630 1110 2655 l.
1127 2627 1306 2662 Muguliorum
1323 2627 1426 2660 imperii
1443 2626 1496 2653 late
1510 2633 1558 2661 per
1576 2626 1669 2653 Asiam
1701 2625 1736 2652 ab
1768 2632 1840 2652 anno

1051 2675 1153 2703 Christi
1174 2675 1284 2701 circiter
1297 2673 1485 2700 ducentesimo
1499 2680 1579 2707 supra
1606 2672 1778 2699 millesimum
1805 2671 1839 2697 ad

1054 2721 1227 2749 millesimum
1255 2719 1474 2747 trecentesimum
1499 2718 1736 2753 quadragesimum
1762 2717 1839 2747 clari,

1053 2768 1100 2796 sed
1114 2766 1186 2802 quod
1197 2767 1259 2801 jure
1274 2765 1392 2792 nonnulli
1408 2766 1494 2800 questi
1511 2769 1591 2798 sunt,
1606 2763 1707 2791 Grmeis
1720 2763 1840 2790 Latinis-

1053 2823 1105 2850 que
1116 2814 1295 2850 scriptoribus
1307 2813 1387 2840 nimis
1403 2812 1586 2848 perfunctorie
1616 2811 1770 2841 memorati,
1787 2815 1838 2836 non

1054 2860 1133 2888 facile
1149 2859 1292 2894 quisquam
1313 2859 1382 2886 alius
1410 2859 1504 2885 horum
1536 2864 1686 2891 temporum
1705 2861 1767 2883 nota
1792 2860 1840 2888 per
