1954 3063
77 161 126 194 861

735 165 1056 197 CliliONOLOGlCUS

1662 163 1715 196 8‘2

77 222 218 257 Europam
246 221 336 255 lingua
365 228 431 248 usus
457 221 602 249 historicus
626 222 791 250 crebriora-ut
815 223 874 251 dis-
889 228 908 254 Α
926 232 987 253 eum
1003 233 1035 251 ex
1057 225 1135 253 fabro
1149 224 1263 252 ferrario
1277 225 1309 251 ad
1327 223 1615 259 imperiumcvectum.
1644 222 1714 250 Tum

80 268 290 302 tiuctioremque
324 267 381 294 suis
418 267 527 302 scriptis
564 269 729 296 mentionem
758 271 873 298 inseruit

79 321 162 349 quam
176 313 359 348 l’achymeres
376 313 419 341 hic
436 319 537 341 uoster.
555 314 604 341 Cui
636 320 780 349 propterea
812 317 874 343 illu-

79 361 196 388 straudo
213 359 346 386 addictam
361 359 460 386 dudutn
473 360 576 387 habens
585 368 707 395 operam,
718 361 810 396 fugere
821 363 876 390 sal-

79 414 113 433 vo
135 406 224 433 ofﬁcio
247 414 299 433 non
324 406 412 441 potui,
439 407 504 441 quin
528 407 632 442 illigare
663 414 736 436 certa
769 409 875 438 ratione

81 452 272 486 chronologica
286 459 401 478 conarer
412 459 472 485 quae
488 453 563 479 varie
578 453 622 480 ille
635 460 666 480 ac
682 453 794 480 confuse
806 453 876 480 indi-

81 505 148 525 caus
156 499 255 531 passim
268 497 301 525 de
318 497 444 531 Muguliis
464 497 579 531 plurima
600 499 740 531 congerit;
756 499 788 526 ad
802 501 874 533 quod

82 552 180 579 parum
198 545 290 578 utique
302 544 414 571 subsidii
432 544 458 570 in
475 544 576 571 Grmcis
593 544 752 577 Latinisque
766 546 877 573 histori-

83 591 124 618 cis
142 592 290 622 reperieus.
309 590 456 617 consulere
484 598 544 617 sum
570 590 674 617 Arabas
693 596 814 618 coactus.
836 591 875 619 Ex

87 643 131 670 his
160 641 310 673 Gregorius
338 639 568 673 Abulpharagius,
587 638 760 665 Christianus
781 645 878 667 auctor

84 687 205 717 accurati
218 685 359 717 Chronici,
377 692 463 718 nuper
482 692 513 712 ex
530 685 648 712 Arabico
663 684 810 712 Latinitate
826 686 877 713 do-

85 735 141 761 nati
157 739 239 767 atque
251 738 365 764 utroque
377 731 540 764 coujuuctitn
554 731 683 758 idiomate
695 731 807 758 Loudiui
821 731 878 758 edi-

86 779 104 806 ti
132 779 168 805 ab
185 777 308 804 Eduardo
332 776 478 809 Pocorkin,
507 777 534 803 iu
551 777 601 804 hoc
619 777 654 804 de
687 785 714 804 re
747 777 876 804 Iitteraria

84 824 188 858 optime
203 823 312 854 merito,
326 829 380 853 me,
395 822 466 856 quod
479 826 556 857 grate
569 821 746 855 fateanjuvit
763 822 877 856 insigni-

85 873 136 898 ter.
153 868 228 896 Vixit
238 873 266 896 et
280 868 390 902 scripsit
405 869 426 895 is
439 869 670 903 chronographus,
686 873 764 903 prout
774 868 878 903 colligi-

924 278 1019 297 eorutn
1032 270 1166 302 instituta,
1183 278 1272 298 mores
1280 276 1308 298 et
1324 275 1382 297 acta
1397 271 1454 297 fuse
1467 275 1609 299 memorat.
1625 269 1716 295 sedem

924 317 1006 344 etiam
1023 317 1083 344 uovi
1097 317 1176 350 hujus
1187 309 1292 350 itu-perii
1309 318 1442 348 iudicans,
1472 315 1568 342 Portas
1592 315 1716 348 Caspias,

925 366 970 400 qui
990 365 1064 392 locus
1081 365 1108 391 in
1130 364 1222 391 Medizc
1233 372 1264 391 ac
1282 364 1399 391 Parthia:
1425 362 1549 390 confiniis
1575 362 1643 387 situs
1663 367 1715 388 est.

961 411 1007 438 lll.
1024 411 1115 446 Pergit
1128 411 1359 446 Ahulpharagius,
1379 409 1503 436 referens
1523 416 1594 434 anno
1614 407 1718 440 llcgirre

927 458 980 486 600
992 463 1099 493 captant
1118 466 1131 484 a
1147 458 1253 484 Latinis
1270 455 1549 490 Constantinopolim.
1567 455 1615 482 Est
1631 461 1718 480 anuus

929 505 1034 540 llvgirze
1052 505 1104 532 600
1121 505 1146 531 in
1158 512 1212 532 aera
1230 504 1331 531 Christi
1346 503 1425 534 i205,
1443 503 1490 528 δυσί
1506 510 1519 528 a
1534 503 1576 527 die
1588 502 1718 527 duntaxat

928 551 1032 578 decima
1056 553 1159 578 mensis
1185 550 1356 585 Septembris
1371 549 1485 579 Juliaui.
1504 556 1583 582 quam
1603 548 1629 573 iu
1648 548 1716 573 dit-tu

929 597 1071 623 neomeuia
1091 597 1248 623 Muharram
1266 596 1345 629 primi
1364 596 1481 621 Arabum
1499 594 1599 620 ll’lt'llsls
1613 593 1717 619 incidit.

927 643 995 669 Cum
1014 647 1103 668 autem
1121 649 1170 669 nos
1194 641 1475 668 deumustraverimus
1492 645 1566 665 tonio
1581 639 1720 672 superiore

929 694 1090 722 occupatam
1118 697 1131 714 ει
1156 688 1259 715 Latinis
1283 685 1549 720 Constantinopolim
1577 684 1661 710 fuisse
1677 684 1720 709 die

931 734 964 761 12
981 733 1082 768 Aprilis
1098 734 1163 759 anni
1189 733 1290 760 Christi
1315 732 1396 762 l'ZOS,
1413 739 1471 757 eam
1489 731 1621 765 epocham
1647 735 1720 756 retro

931 781 1039 808 trahere
1065 780 1170 814 aliquot
1193 779 1330 806 mensibus
1348 778 1482 813 cogimur,
1506 782 1533 804 et
1562 777 1594 804 ad
1612 775 1723 810 quadri-

930 833 1030 854 ntestre
1053 826 1178 853 ttltimum
1210 826 1274 852 anui
1302 825 1408 860 Hegirte
1436 823 1487 851 599
1513 823 1638 851 conferre
1655 842 1662 854 ,
1694 826 1723 848 ιιι

931 880 1035 907 magna:
1062 872 1114 899 illa:
1130 872 1323 899 conversiones
1342 871 1412 902 duae,
1442 869 1549 903 imperii
1571 876 1586 895 a
1606 868 1722 894 Prmste-

85 915 253 944 turevariis
278 915 336 949 ejus
355 915 445 949 operis
467 914 546 947 locis,
569 914 719 949 incipiente
744 914 879 942 dominari
898 914 1111 952 Bjanuensibus
1141 917 1174 943 ad
1204 916 1336 951 Mugulios
1363 914 1488 942 translati
1508 919 1535 941 et
1563 914 1679 940 redacta:
1694 913 1720 939 in

84 961 320 995 Constantinopoli
335 961 417 988 domo
430 960 593 995 Palicologa,
625 961 676 988 sub
703 961 798 995 primis
822 960 880 995 ejus

84 1008 205 1036 nominis
220 1007 429 1042 imperatoribus
442 1006 572 1035 Michaele
582 1013 609 1034 et
624 1007 777 1035 Andronico
793 1006 882 1034 seniov

88 1062 129 1087 re,
150 1061 265 1089 quorum
279 1059 339 1081 acta
354 1054 468 1081 duorum
482 1053 703 1089 Pachymerianaa
728 1051 807 1086 hujus
836 1052 881 1079 hi-

89 1102 185 1128 storiae
210 1100 379 1128 voluminum
413 1104 604 1134 argumentum
644 1104 707 1126 sunt
736 1107 743 1126 :
772 1097 882 1132 scripsit

89 1152 182 1174 autem
214 1150 241 1173 et
262 1146 295 1172 ad
319 1153 409 1173 rerum
436 1152 500 1172 vere
526 1149 663 1180 gestarum
688 1148 813 1171 exactam
839 1143 882 1170 in-

89 1194 254 1223 dicationem
268 1197 295 1220 et
309 1193 342 1220 ad
357 1199 508 1226 temporum
523 1191 734 1223 ordinationem,
746 1193 880 1225 quantum

88 1249 123 1270 ex
142 1240 287 1268 collatione
297 1246 358 1266 cum
372 1238 484 1273 optimis
496 1238 650 1272 quibusque
676 1236 819 1270 explorare
832 1243 882 1271 po-

90 1287 142 1320 tui,
164 1286 330 1313 lideliSsime.
349 1284 439 1318 Quare
468 1283 643 1311 accuratione
666 1289 748 1317 quam
771 1286 882 1316 praestat

91 1333 117 1361 in
133 1334 166 1360 iis
180 1340 241 1367 qua:
259 1335 371 1366 possunt
389 1329 479 1357 alieno
507 1328 663 1356 testimonio
692 1327 813 1362 coargui,
838 1326 881 1353 di-

92 1388 163 1415 gntts
177 1380 282 1406 videtur
291 1378 333 1405 cui
345 1376 411 1404 fides
425 1383 520 1403 secure
542 1375 678 1403 habeatur
697 1374 725 1401 iu
751 1374 795 1401 his
821 1380 882 1408 quae

90 1427 207 1454 aﬂirmat
219 1425 306 1453 solus.

127 1472 159 1500 ll.
175 1472 223 1498 llic
236 1471 319 1506 igitur
334 1470 374 1497 sui
386 1469 514 1497 Chronici
529 1468 555 1495 in
567 1467 683 1495 Arabico
694 1466 803 1501 quidem
814 1473 879 1494 con-

91 1524 167 1547 textu
198 1517 346 1552 p.427.in
377 1515 473 1542 Latina
503 1521 569 1541 vero
598 1513 822 1548 interpretatione
855 1519 881 1545 p.

90 1566 154 1597 9.80,
170 1565 209 1592 ait
228 1572 298 1591 anno
310 1563 416 1595 Hegim
431 1561 582 1596 599.cujus
609 1559 715 1586 initium
745 1558 796 1586 fuit
824 1558 882 1585 dies

933 964 1093 990 Latinorum
1113 968 1275 997 potestatem
1296 961 1454 996 metropolis
1483 960 1588 995 imperii
1611 959 1723 986 Graeco-

933 1018 1003 1042 rttnt,
1033 1011 1060 1037 in
1089 1018 1171 1036 unum
1199 1009 1378 1042 eumdemque
1409 1015 1470 1034 terte
1494 1006 1628 1038 Arabicae,
1642 1012 1722 1039 quam

933 1057 1042 1093 Hegirw
1058 1061 1166 1090 vocant,
1193 1064 1294 1083 annum
1325 1055 1627 1082 undesexcentesimum
1658 1059 1724 1079 con-

933 1103 1066 1130 venerint.
1086 1102 1165 1129 Anno
1185 1102 1248 1129 inde
1271 1101 1324 1128 606
1342 1101 1459 1135 Ιιθκὶηιι,
1477 1100 1522 1135 (ιιιί
1547 1100 1608 1126 ittilt
1628 1098 1644 1125 6
1659 1097 1722 1125 .lttlii

933 1149 995 1176 anni
1015 1148 1080 1176 Chr.
1097 1148 1177 1180 l209,
1191 1147 1392 1181 Giugizchanes
1408 1147 1522 1181 imperio
1544 1153 1594 1172 suo
1609 1145 1723 1178 subjun-

933 1196 973 1222 xit
986 1195 1111 1230 regiones
1120 1194 1318 1225 Caracathaite,
1333 1200 1393 1228 qua:
1410 1192 1534 1219 videntur
1548 1191 1726 1218 'l‘artarorutn

933 1240 1041 1268 Sinensi
1072 1247 1156 1274 regno
1180 1239 1342 1267 confinium.
1369 1239 1447 1266 Anno
1471 1238 1539 1272 llcg.
1566 1237 1629 1270 6|0,
1648 1236 1726 1271 cujus

933 1289 976 1313 est
992 1285 1097 1311 initium
1112 1292 1126 1310 a
1144 1283 1206 1310 Maii
1222 1283 1257 1310 25
1274 1283 1336 1309 anni
1351 1281 1452 1309 Christi
1469 1282 1548 1312 1‘215.
1562 1281 1726 1314 Giugizeha-

935 1337 983 1357 nes
1009 1330 1080 1357 bello
1104 1329 1207 1356 indicto
1234 1329 1335 1356 sultani
1353 1328 1516 1359 Mohamedi,
1545 1328 1570 1354 in
1597 1327 1726 1354 ultionem

934 1376 1043 1410 iniusta:
1075 1375 1151 1402 necis
1185 1374 1366 1409 quormndam
1398 1378 1603 1406 mercatorum,
1632 1373 1726 1400 urbem

934 1422 1080 1449 maximam
1094 1421 1218 1448 Otraratn
1235 1426 1296 1455 post
1306 1421 1427 1454 quinque
1444 1420 1578 1447 mensium
1604 1419 1727 1446 obsidio-

935 1475 997 1495 nem
1020 1467 1044 1494 vi
1073 1467 1144 1501 ct-pit
1165 1474 1225 1493 cum
1254 1466 1357 1493 infinita
1377 1466 1516 1492 homittum
1553 1465 1635 1498 ctede,
1653 1467 1728 1492 utet

935 1520 1008 1540 anno
1034 1512 1097 1544 6l7,
1122 1511 1200 1546 cujus
1226 1511 1355 1538 Kalendae
1381 1512 1407 1538 in
1433 1511 1450 1537 8
1472 1509 1560 1537 Martii
1591 1510 1727 1542 incidunt,

937 1559 1087 1586 Bocharam
1115 1563 1143 1585 et
1166 1557 1381 1585 Samarkandam
1410 1557 1491 1583 urbes
1517 1556 1596 1590 longe
1615 1555 1728 1589 amplis-

91 1613 127 1639 20
144 1609 312 1644 Septembris
325 1609 351 1635 iu
367 1615 438 1634 anno
456 1615 516 1635 serae
527 1611 629 1633 nostra;
641 1605 739 1633 Christi
761 1604 883 1639 vulgaris
897 1589 919 1619 ϐ
936 1605 1031 1636 simas,
1061 1611 1177 1638 quarttm
1203 1604 1265 1630 huic
1297 1602 1424 1637 prtesidio
1452 1602 1535 1629 fuisse
1562 1602 1687 1635 imposita
1712 1608 1728 1628 a

94 1657 174 1688 ηοξ,
189 1656 305 1689 antisse
321 1655 467 1688 imperium
485 1652 694 1687 Moguleusium,
707 1651 823 1678 desiisse
833 1657 883 1676 au-

94 1707 148 1728 tem
169 1700 311 1734 imperium
323 1698 519 1733 Prtestejannis
527 1698 584 1724 sive
596 1696 746 1732 presbyteri
759 1695 883 1722 Joannis.

92 1747 211 1776 :oauues
226 1751 287 1774 erat
305 1751 450 1772 commune
468 1752 567 1771 nomen
583 1744 734 1778 principum
750 1742 884 1769 latissime

93 1794 227 1830 quondam
236 1792 431 1819 dominantium
440 1789 522 1825 805
529 1797 607 1823 super
614 1788 730 1824 Scythas
736 1788 884 1820 Asiaticos,

94 1840 127 1868 ad
142 1844 261 1866 montem
279 1837 392 1868 lmaum,
407 1837 476 1863 adeo
488 1841 517 1862 ut
533 1834 643 1869 quidam
672 1834 792 1861 scribant
816 1834 885 1860 duos

95 1891 122 1914 et
143 1885 315 1920 septuaginta
332 1890 410 1918 reges
438 1882 505 1916 ipsis
521 1880 666 1915 aliquando
684 1879 768 1907 fuisse
801 1878 887 1906 vecti-

95 1933 181 1968 gales.
209 1930 390 1958 Christianam
410 1934 501 1956 autem
531 1926 702 1960 religionem,
728 1926 776 1952 sed
807 1924 886 1959 juxta

95 1976 365 2018 ﬁestoriihazrcsim,
383 1974 519 2006 colebant,
548 1980 714 2007 crucemque
750 1972 777 1998 iu
810 1971 886 1998 bellis

94 2017 149 2062 pra:
165 2032 195 2052 se
212 2023 346 2058 duplicem
361 2021 494 2052 ferebant,
508 2020 619 2046 alteram
635 2026 757 2051 auream,
773 2017 886 2044 alteram

95 2077 258 2108 gemmeam.
278 2067 346 2094 Huic
367 2066 479 2101 imperio
500 2065 545 2099 qui
571 2064 682 2092 ultimus
710 2063 828 2097 pra-fuit,
859 2067 888 2089 ut

96 2119 177 2146 docet
191 2113 422 2148 Abulpharagins.
433 2115 532 2146 prmter
551 2117 696 2137 commune
707 2108 821 2136 Joannis
836 2116 888 2135 no-

96 2172 158 2193 men
185 2163 294 2198 proprie
323 2159 380 2195 ng
399 2159 474 2187 Clum
500 2163 622 2189 vocatus,
649 2164 710 2184 cum
743 2155 888 2191 quemdam

97 2209 273 2237 Tamuiimun
289 2206 410 2237 nomine,
427 2211 482 2238 quo
496 2203 585 2230 fuerat
598 2210 665 2230 usus
681 2202 738 2232 diu.
761 2202 787 2228 in
809 2200 890 2228 bellis

98 2254 261 2292 praesertim,
274 2258 384 2281 strenuo
397 2257 426 2278 et
434 2249 735 2280 felicissimoministro,
744 2247 890 2275 calumniis

98 2301 260 2329 aemulorum
294 2299 410 2325 invisum
448 2295 501 2323 sibi
532 2295 633 2322 factum
659 2292 891 2327 comprehendere

99 2346 306 2382 aggrederetur,
318 2343 352 2370 ab
379 2351 412 2371 eo
441 2341 587 2369 fortissime
613 2346 782 2375 repugnante
803 2346 890 2368 nctus

99 2395 156 2428 ipse
167 2391 330 2424 occisusque
341 2393 393 2416 est.
409 2389 468 2421 Quo
478 2391 600 2422 tetnporc
612 2388 722 2422 quidam
751 2388 820 2415 inter
837 2387 892 2414 Mo-

100 2439 229 2474 gulenses
243 2443 346 2470 magna:
363 2433 546 2465 auctoritatis,
563 2433 720 2468 apparuisse
739 2434 790 2461 sibi
808 2433 891 2461 Deum

100 2484 250 2515 aﬂirmans,
263 2486 291 2508 et
310 2481 464 2508 declarasse
479 2480 594 2507 electum
623 2486 638 2506 ι
662 2487 692 2506 se
719 2479 892 2506 Tamuiiuum

100 2531 127 2557 in
139 2537 220 2564 quem
245 2527 320 2555 Orbis
346 2531 479 2553 terrarum
506 2525 647 2560 imperium
675 2530 756 2560 atque
784 2526 810 2551 iu
834 2525 893 2559 ejus

101 2580 226 2611 posteros
241 2573 391 2600 transferre
405 2572 579 2603 decrevisset,
597 2571 753 2598 universam
773 2571 809 2598 illi
825 2578 893 2598 con-

101 2622 205 2651 ciliavit
222 2620 403 2655 Muguliorum
417 2624 540 2653 gentem;
555 2618 633 2652 cujus
641 2625 773 2645 consensu
786 2621 898 2644 creatus

102 2670 260 2703 imperator,
277 2675 291 2693 a
311 2666 368 2694 Deo
385 2665 455 2700 ipso,
472 2668 502 2692 ut
518 2665 562 2691 ille
579 2671 659 2699 quem
678 2664 734 2691 dixi
754 2663 892 2692 fanaticus

102 2716 203 2748 aiebat,
218 2713 374 2748 itnpositum
389 2712 432 2748 [Ρ.
448 2711 512 2747 586]
537 2712 587 2746 ipsi
608 2711 713 2746 accepit
730 2711 892 2745 Cingiuha-

102 2761 142 2788 nis
156 2766 264 2787 nomen.
278 2757 416 2785 Hactenus
431 2756 657 2792 Abulpharagius,
677 2756 722 2783 cui
739 2757 806 2784 satis
825 2764 893 2784 con-

102 2810 232 2833 sentanee
247 2808 340 2831 noster
351 2802 531 2837 Pachymet‘es
559 2802 642 2837 priori
661 2806 734 2829 tomo
748 2809 773 2828 c.
791 2802 820 2834 ὁ,
836 2801 853 2828 Ι.
867 2809 892 2834 v,

103 2851 286 2887 legistatorem
301 2849 500 2881 Tocharorum,
515 2849 561 2885 qui
578 2856 607 2877 se
623 2849 674 2884 ipsi
697 2848 830 2884 Ilugulios
847 2855 893 2874 no-

104 2896 219 2929 minaut,
229 2903 327 2933 nomen
338 2895 467 2924 habuisse
478 2895 656 2923 'I‘zincitcauir
668 2895 778 2928 asserit,
791 2895 893 2923 addens

935 1650 1042 1678 sultane
1069 1649 1227 1676 lllohamcdc
1243 1654 1352 1676 cetttutn
1382 1648 1476 1684 viginti
1498 1647 1621 1682 equitum
1643 1647 1726 1674 millia

936 1696 1018 1723 tradit
1035 1695 1266 1730 Abulpharagius.
1287 1694 1342 1722 Sed
1359 1694 1402 1721 his
1421 1693 1514 1728 prtelio
1536 1692 1728 1720 cruentissimo

936 1742 1086 1778 proﬂigatis
1101 1743 1190 1769 dedita
1202 1741 1286 1777 806
1302 1746 1329 1768 et
1344 1741 1452 1775 direpta
1473 1739 1660 1767 Samarltauda
1674 1743 1736 1770 est,

938 1790 1051 1822 triginta
1067 1789 1210 1816 hominum
1228 1788 1347 1815 millibus
1361 1787 1472 1820 occisis,
1497 1786 1609 1814 totidem
1624 1786 1651 1812 iu
1667 1793 1726 1812 ser-

937 1837 1051 1863 vitutem
1064 1836 1200 1863 abductis.

973 1881 1018 1910 IV.
1037 1882 1113 1909 Auno
1126 1881 1193 1916 lleg.
1208 1881 1274 1913 618,
1291 1881 1402 1908 ineunte
1425 1889 1439 1908 a
1462 1880 1602 1908 Februarii
1617 1880 1652 1907 ΞΒ
1665 1880 1728 1906 anui

938 1927 1040 1955 Christi
1057 1927 1134 1960 I22l,
1147 1927 1256 1954 Balkam
1271 1927 1439 1954 Talakanum
1463 1932 1491 1954 et
1507 1927 1727 1962 Albamiyanum,

939 1974 1060 2008 reliquas
1083 1980 1099 2001 e
1122 1973 1276 2000 Chorazani
1304 1973 1407 1999 ditioue
1428 1973 1554 1999 civitates
1578 1972 1730 2006 opulentis-

939 2019 1023 2047 simas
1047 2023 1075 2046 et
1093 2018 1303 2051 munitissimasI
1332 2019 1497 2054 expugnavit
1519 2018 1728 2052 Gingizchaues.

939 2070 967 2093 et
984 2066 1016 2092 ad
1031 2065 1159 2095 Seudiam
1177 2072 1284 2092 amnem
1296 2065 1353 2092 acie
1366 2065 1546 2091 Jalaloditmm
1559 2065 1634 2097 vicit,
1650 2064 1741 2097 hujus.

941 2117 1032 2139 tamen
1049 2111 1188 2138 admirans
1212 2111 1418 2145 przedicausque
1435 2110 1634 2142 fortitudinem,
1658 2111 1733 2144 quod-

939 2166 1002 2186 cum
1019 2158 1093 2185 illum
1107 2158 1196 2185 virum
1209 2159 1241 2185 ad
1257 2165 1287 2185 se
1299 2158 1408 2192 perduci
1420 2149 1563 2192 jussisset,
1576 2157 1599 2184 is
1614 2164 1629 2184 e
1641 2162 1732 2190 strage

941 2207 1014 2234 circa
1031 2213 1061 2232 se
1075 2213 1187 2233 suorum
1206 2205 1364 2240 intelligens
1385 2211 1470 2239 quare
1490 2204 1540 2231 sibi
1563 2204 1654 2232 hostes
1669 2211 1734 2239 par-

906 2255 1047 2287 Dcerent,
1074 2258 1158 2286 eques
1189 2250 1300 2276 ﬂuvium
1329 2250 1458 2282 tranavit,
1486 2254 1514 2278 et
1532 2257 1567 2278 ex
1591 2256 1624 2277 eo
1642 2250 1746 2277 medio'

943 2303 1040 2325 natans
1082 2304 1230 2324 conversus
1270 2297 1395 2331 sagittam
1436 2301 1479 2323 est
1513 2296 1664 2331 eiaculatus
1705 2297 1745 2323 in-

943 2344 1126 2380 Mogulenses.
1156 2343 1310 2377 Contigisse
1352 2343 1403 2370 hoc
1439 2343 1477 2369 ait
1514 2342 1733 2377 Abulpharagius

943 2397 1039 2417 mense
1054 2388 1168 2419 Raiebo,
1186 2388 1231 2423 qui
1259 2388 1285 2415 in
1306 2395 1379 2414 anno
1393 2387 1510 2414 Arabico
1528 2388 1631 2414 mensis
1649 2387 1733 2420 septi-

946 2443 1007 2462 tuus
1022 2440 1074 2467 est,
1091 2442 1124 2462 ex
1150 2435 1201 2461 hoc
1226 2434 1295 2461 miro
1323 2441 1450 2461 successu
1476 2432 1642 2460 fortitudinis
1660 2431 1733 2460 Jala-

945 2481 1029 2508 lodini
1054 2485 1148 2507 natum
1171 2486 1299 2507 asserens
1321 2479 1494 2514 proverbium
1509 2479 1666 2511 Arabicum,
1680 2486 1735 2513 quo

945 2527 997 2553 dici
1022 2525 1090 2553 solet
1120 2526 1175 2552 virs
1199 2528 1234 2552 ad
1252 2524 1391 2556 “aiebam,
1416 2530 1440 2552 et
1468 2524 1566 2552 videbis
1593 2526 1674 2553 mira.
1695 2525 1735 2551 Ex

944 2579 1087 2600 occasione
1110 2572 1152 2598 ltic
1175 2579 1272 2606 ponam
1300 2571 1517 2605 experimentum
1543 2571 1735 2598 consensionis

945 2617 1140 2651 Abulpharagii
1155 2625 1216 2644 cutn
1230 2617 1330 2644 nostris
1343 2617 1561 2651 chronographis
1575 2623 1589 2643 a
1610 2623 1653 2643 me
1670 2624 1732 2643 cum

946 2663 1084 2697 voluptate
1107 2663 1292 2690 observatum.
1317 2662 1363 2689 Ait
1389 2662 1442 2689 hoc
1465 2662 1560 2688 eodem
1577 2668 1648 2688 anno
1666 2660 1732 2696 Heg.

945 2709 997 2738 618
1010 2710 1145 2737 sultauetn
1166 2708 1277 2745 [Egypti
1305 2709 1454 2736 Damiatam
1474 2709 1508 2735 de
1524 2707 1638 2734 Francis
1653 2715 1734 2734 recti-

946 2762 1058 2789 perasse
1085 2755 1128 2782 die
1153 2754 1291 2787 Mercurii,
1308 2753 1403 2781 Raiebi
1429 2754 1472 2787 l9,
1490 2758 1629 2788 postquam
1655 2753 1681 2779 in
1701 2760 1734 2780 ea

944 2801 1132 2828 substitissent
1154 2800 1251 2828 Franci
1269 2807 1369 2827 annum
1398 2800 1532 2834 integrum
1557 2803 1584 2825 et
1609 2799 1734 2825 undecim

945 2855 1064 2874 menses.
1096 2847 1143 2874 Vix
1174 2847 1243 2874 alius
1274 2850 1390 2874 eventus
1430 2851 1471 2873 est
1498 2845 1575 2880 cujus
1599 2845 1736 2880 plureset

945 2890 1077 2924 certio'res
1100 2903 1115 2922 e
1139 2894 1239 2922 nostris
1255 2897 1386 2928 spectata:
1404 2892 1465 2920 lidei
1490 2892 1668 2927 scriptoribus
1686 2893 1734 2920 ha-
