1954 3063
213 145 268 176 8'23

651 148 683 179 P.
710 144 1206 178 POSSiNIOBSERVATlONUM
1226 145 1301 176 ΜΒ.
1321 145 1382 175 IlI.

1789 144 1846 175 8M

211 210 323 229 tit-mnus
342 209 480 232 auctores.
509 205 628 233 Joannes
657 207 689 233 de
708 207 840 235 Vitriaco,
869 205 999 234 Sanntus.
1017 207 1038 232 Α
1055 202 1116 229 talis
1126 203 1208 236 Asiae,
1221 205 1331 231 nomine
1343 203 1439 230 Chatai
1454 203 1655 236 significarunt.
1674 202 1756 229 Docet
1773 203 1846 229 enim

211 246 239 274 S.
257 247 423 280 Antoninus,
439 249 600 281 Nauclerus,
619 250 750 282 Blondus.
766 250 892 277 Aimilius
909 254 936 276 et
954 249 999 275 alii

212 299 318 318 summa
342 295 487 321 concordia
515 302 669 323 memorant
693 304 766 323 anno
789 296 889 322 Christi
920 294 1000 324 1219,

212 337 295 365 Nonis
309 339 478 373 Novembris,
492 347 552 376 post
565 349 670 370 menses
683 343 835 370 octodecim
850 341 1002 369 ohsidiouis

211 389 318 417 captant
337 386 420 413 fuisse
445 387 599 415 Damiatam
617 389 650 415 ab
671 389 794 416 exercitu
813 397 894 415 cruce
911 390 1002 419 signas

214 433 323 460 turum;
354 432 476 459 eamdem
511 437 601 460 autem
637 434 738 460 snitani
771 434 903 460 redditam
931 439 1003 459 anno

214 474 295 506 will,
313 475 356 501 die
376 477 460 504 natali
477 477 508 504 Β.
522 478 642 514 Virginis
661 480 750 507 Maria!
764 485 862 507 octavo
878 480 1003 513 Septent-

214 519 279 545 bris.
305 519 384 548 Vides
409 530 488 555 quam
501 529 596 551 exacte
612 529 717 558 tempus
731 527 848 552 detentae
869 534 882 553 a
901 525 1003 552 Latinis

216 563 343 592 Damiataa
357 568 469 594 deﬁniat
487 569 707 605 Abulpltaragins
720 579 792 598 anno
807 580 859 599 uno
873 578 899 599 et
917 574 1003 600 unde-

214 609 265 634 cim
281 613 430 640 mensthus.
440 613 516 641 Nunc
526 616 717 650 inquirendum
730 626 763 645 an
774 619 832 653 pari
843 620 893 646 ﬁde
907 620 919 646 f
934 621 1002 646 riam

215 661 341 687 quartam
360 663 386 684 et
403 659 436 686 l9
453 662 556 688 mensis
573 662 667 689 Raiebi
681 665 750 690 diem
772 665 814 691 isti
836 667 1003 693 restitutioni

215 701 346 735 assignet.
364 704 413 731 Hic
437 705 488 732 618
505 705 610 741 Hcgirm
627 717 714 735 annus
731 709 897 738 Multarrami
924 712 1003 745 primi

216 749 259 776 sui
287 750 387 777 mensis
419 751 564 784 Kalendas.
584 759 613 781 nt
637 755 702 785 dixi.
731 757 824 784 halmit
850 760 944 785 eodem
962 759 1006 786 die

216 797 279 822 anni
296 796 398 824 Iuliani
412 806 473 826 term
488 800 589 828 Christi
617 802 682 828 12‘2l
701 804 746 837 qui
762 804 911 831 vicesimus
927 805 1007 840 quin-

219 846 261 868 ttts
272 841 412 870 Februarii
438 851 596 873 numeratus
617 852 669 874 est.
692 849 758 876 lliuc
784 855 856 882 patet
872 850 1005 878 Kalendas

219 886 324 921 Raiehi,
354 890 472 925 septimi.
505 897 533 918 ut
559 894 724 926 monuimus,
742 896 859 922 Arabum
882 896 923 932 [P.
939 897 1003 932 585]

219 937 331 967 mensis,
362 937 388 963 in
416 937 487 964 diem
513 938 626 971 Augusti
646 939 802 967 vicesimum
823 942 939 976 primum
961 943 1005 969 illo

217 990 290 1009 anno
306 982 444 1010 incidisse.
462 983 500 1010 Ex
514 983 558 1011 die
573 985 642 1019 Aug.
662 985 692 1011 2|
713 987 734 1012 si
750 988 934 1015 novennlecim
947 989 1006 1019 dies

219 1035 356 1060 numeres,
385 1030 528 1063 pervenies
556 1031 588 1057 ad
616 1037 741 1058 octavum
773 1034 952 1066 Septembris.
969 1037 1007 1064 De

218 1080 271 1107 quo
290 1074 311 1101 si
329 1075 395 1101 velis
414 1075 486 1102 scire
501 1081 583 1110 quota
600 1077 666 1103 feria
685 1077 780 1110 fuerit,
799 1087 889 1113 qurere
907 1087 1006 1115 quotus

219 1118 271 1145 isto
285 1127 356 1146 anno
372 1127 531 1148 numeratus
547 1122 629 1149 fuerit
642 1124 735 1157 cyclus
752 1126 828 1152 St)l.‘S.
845 1126 904 1153 Fuit
919 1136 1006 1155 annus

218 1163 320 1191 Christi
342 1165 404 1191 1221
427 1168 529 1200 periodi
543 1168 657 1196 Jttlianie
672 1170 752 1197 5954.
774 1171 879 1198 Ditisns
900 1173 942 1199 hic
958 1182 1007 1200 tnt-

220 1217 310 1236 merus
339 1218 388 1244 per
416 1211 452 1238 28
475 1213 595 1247 reliquos
623 1215 687 1242 facit
712 1216 755 1248 26,
780 1218 826 1252 qui
844 1217 893 1244 fuit
915 1220 1007 1254 cyclus

219 1254 285 1281 solis
305 1255 387 1288 hujus
411 1258 485 1284 anni.
503 1259 585 1292 Cyclo
611 1265 700 1288 autem
722 1262 788 1289 solis
815 1263 850 1289 26
878 1265 1007 1298 competit

220 1300 309 1326 littera
325 1301 503 1331 Dominicalis
521 1305 552 1336 C,
572 1314 632 1340 qum
656 1315 716 1333 curti
742 1308 767 1334 in
783 1308 891 1336 Juliano
907 1310 1007 1337 Kalen-

220 1345 297 1373 dario
315 1349 475 1383 respondeat
494 1351 547 1378 diei
570 1353 671 1385 quintae
695 1354 874 1389 Septembris,
890 1358 1009 1384 ostendit

221 1391 294 1418 iilain
317 1400 349 1420 eo
381 1402 452 1422 anno
478 1396 563 1424 fuisse
590 1399 705 1432 primam
731 1400 838 1435 feriam,
858 1410 889 1429 ac
905 1411 1008 1431 conse-

221 1444 336 1471 quenter
348 1440 418 1467 diein
439 1448 563 1470 octavam
587 1446 707 1478 ejusdent
727 1449 828 1475 mensis
851 1449 920 1476 diem
937 1450 1009 1478 Mcr-

220 1484 302 1515 curli,
319 1489 348 1511 ut
363 1485 580 1523 Abulpharagius
595 1495 679 1523 notat,
695 1491 752 1519 sive
764 1492 857 1520 feriam
872 1501 1008 1528 quartam,

222 1531 378 1557 necessario
393 1540 453 1559 esse
466 1532 602 1562 debuisse.

260 1575 291 1603 V.
308 1577 385 1604 Anno
405 1577 510 1612 Hcgirm
523 1579 586 1612 625.
615 1581 692 1615 cujus
706 1582 861 1610 Multarram
878 1585 978 1619 incepit
995 1594 1009 1613 a

222 1623 268 1650 die
282 1623 317 1650 22
335 1625 490 1652 Decembris
508 1627 570 1653 anni
597 1627 698 1654 Christi
727 1630 806 1663 1226,
829 1636 952 1658 mortuus
971 1637 1013 1659 est

223 1669 424 1704 Gingizchanes
436 1671 541 1704 primus
560 1672 708 1706 imperator
723 1674 916 1709 Mugulensium
935 1678 979 1705 die
996 1679 1012 1705 4

227 1715 329 1742 mensis
357 1715 529 1749 Ramadani,
554 1719 617 1745 noui
645 1720 740 1748 ordine
780 1721 806 1748 in
836 1723 917 1757 807
943 1731 1013 1750 anno

227 1761 355 1788 Arabico.
369 1761 468 1789 Incidit
482 1770 512 1789 ea
529 1771 602 1791 mors
616 1765 642 1791 in
661 1774 821 1793 antumntnn
837 1771 898 1794 anni
911 1769 1012 1797 Christi

228 1807 309 1835 1227.
322 1808 402 1835 Addit
417 1809 636 1845 Abulpharagius
653 1813 801 1846 imperasse
817 1815 889 1841 illum
904 1816 1014 1843 circiter

228 1854 322 1887 viginti
338 1855 457 1890 quinque
485 1857 583 1889 annis;
611 1858 683 1892 quod
697 1866 790 1886 verum
813 1865 866 1891 est.
896 1870 968 1894 cum,
986 1867 1014 1889 ut

228 1901 365 1934 vidimus,
394 1903 530 1936 imperare
557 1905 670 1938 cceperit
697 1913 769 1932 anno
789 1907 889 1934 Christi
924 1908 1013 1940 1202,

229 1946 335 1981 llcgirie
350 1947 411 1975 599.
424 1948 502 1975 Anno
518 1949 580 1977 inde
598 1949 702 1985 Hcgirae
727 1951 788 1985 626,
811 1952 887 1986 cujus
907 1953 1015 1981 ll'luhar-

227 2001 284 2019 ram
305 1994 402 2028 incnpil
420 2002 433 2020 a
451 1995 495 2021 die
509 1995 542 2022 50
556 1995 717 2024 Novembris
737 1999 799 2025 anni
815 1999 914 2026 Christi
934 2000 1013 2033 l2‘28,

226 2041 401 2074 congregatis
418 2040 537 2068 comitiis
560 2043 692 2069 universa
718 2044 807 2077 gentis
828 2044 968 2078 Mugulicre
982 2054 1014 2073 ex

229 2089 394 2112 testamento
423 2085 616 2120 Gingizchanis
646 2093 757 2115 creatus
797 2094 837 2116 est
869 2091 1016 2125 imperator

227 2131 307 2165 Ugtai
326 2131 420 2158 tertius
433 2131 492 2165 ejus
507 2131 587 2163 titius,
607 2133 652 2167 qui
679 2141 733 2167 pra:
750 2135 879 2162 modestia
897 2143 944 2170 per
957 2137 1016 2165 dies

226 2176 404 2210 quadraginta
422 2185 560 2208 recusans,
578 2179 649 2213 quod
675 2187 738 2207 suos
751 2186 863 2215 patruos
883 2187 930 2209 aut
959 2183 1017 2211 fra-

1055 249 1100 276 hic
1133 249 1351 284 Abulpharagius
1387 249 1469 276 Altun
1510 249 1585 275 Ch/m
1618 256 1649 275 ea
1689 253 1848 282 tempestate

1054 294 1175 321 Cathaiaz
1196 303 1285 330 regem
1305 295 1333 321 in
1361 295 1429 322 urbe
1452 303 1499 321 sua
1526 295 1654 329 primaria
1679 294 1751 320 Nam
1771 294 1847 326 εἰπε,

1055 342 1112 367 sive
1134 346 1163 367 ut
1181 342 1261 375 vulgo
1286 342 1331 368 alii
1356 342 1490 374 scrilmnt,
1507 341 1657 375 Namquin,
1673 346 1848 375 etspertasse

1053 394 1213 414 successum
1237 387 1396 421 irruptionis
1423 387 1504 421 hujus
1530 388 1691 417 Tartaricze,
1716 388 1800 414 misso
1815 387 1847 413 ad

1054 432 1185 459 arcendos
1199 433 1298 459 linilms
1313 433 1484 467 Mogulcnses
1498 438 1607 460 rentum
1627 433 1740 459 millium
1755 433 1849 459 fortis-

1055 480 1188 507 simorum
1232 480 1346 507 militum
1373 481 1507 508 exercitu.
1539 480 1592 506 Sed
1628 481 1677 507 has
1710 480 1804 511 copias
1832 487 1846 505 a

1057 526 1160 558 Kaaue,
1183 527 1423 553 numerosissimas
1443 534 1492 561 per
1514 534 1543 553 se
1564 526 1694 553 ductante
1711 525 1850 560 Mngulen-

1056 571 1125 598 sium
1153 572 1285 606 legiones,
1306 572 1500 600 cruentissimo
1526 572 1609 598 fuisse
1625 572 1716 605 praelio
1735 572 1847 602 deletas,

1056 617 1108 644 alia
1139 617 1218 650 longe
1246 625 1379 651 sperans,
1409 617 1631 650 inopinatissime
1661 617 1740 643 Allun
1772 617 1849 643 Chan

1057 664 1172 695 audivit,
1189 665 1253 690 inde
1267 664 1335 690 adeo
1350 669 1545 690 conSIernatns
1567 667 1596 690 ut
1619 663 1690 690 ﬁlios
1704 669 1731 689 et
1751 671 1852 690 uxores

1057 710 1083 736 in
1114 717 1162 736 suo
1182 717 1272 736 secum
1298 710 1400 743 palatio
1417 710 1494 736 incen
1507 711 1579 740 ierit,
1599 717 1631 736 ne
1649 709 1725 735 vivus
1746 709 1772 735 in
1793 709 1849 735 Mt-

1058 755 1209 789 gulcnsium
1223 763 1318 782 manus
1334 756 1458 788 veniret;
1475 755 1520 789 qui
1538 755 1616 788 paulo
1631 761 1690 789 post
1707 756 1852 781 venientes

1057 806 1084 828 et
1100 800 1282 836 Namquinum
1298 807 1326 828 et
1341 807 1455 828 caeteras
1472 802 1606 828 maximas
1629 801 1750 828 Cathaite
1767 802 1850 828 nrbes

1059 849 1110 876 sibi
1127 849 1309 883 subiecerunt.
1336 849 1512 877 Notissimnm
1541 857 1622 884 porro
1648 854 1690 877 est
1715 849 1853 883 Numqui-

1060 903 1125 922 num
1142 903 1240 922 nomen
1256 904 1317 923 esse
1329 896 1442 923 alterius
1457 897 1531 922 urhis
1544 896 1624 931 rcgize
1641 895 1748 926 imperii
1767 894 1853 922 Sina'

1058 948 1129 973 rum,
1146 949 1225 975 quam
1252 946 1308 968 tum
1329 942 1412 970 fuisse
1435 946 1541 976 captam
1570 950 1584 968 ιι
1612 941 1733 967 'l‘artaris
1763 941 1851 968 villi-ri

1058 987 1220 1014 incredibile
1251 995 1302 1014 non
1342 988 1443 1018 debet,
1477 996 1538 1014 cum
1569 987 1620 1014 hac
1649 993 1740 1014 nostra
1772 991 1853 1014 attate

1058 1033 1173 1060 similem
1187 1034 1365 1067 irrnptionem
1380 1032 1548 1059 Tartariram
1563 1034 1587 1060 in
1606 1033 1722 1060 Sinense
1739 1041 1851 1067 regnum

1058 1079 1206 1113 contigisse
1233 1079 1393 1105 certissimis
1421 1079 1523 1105 nuntiis
1550 1079 1781 1113 cognoverimus;
1801 1087 1853 1112 qua

1058 1125 1140 1151 etiam
1170 1125 1226 1150 lizec
1253 1124 1348 1150 eadem
1388 1123 1601 1158 Namquinensis
1639 1125 1737 1151 ci\'itas
1771 1131 1852 1159 capta

1059 1175 1085 1196 et
1111 1175 1214 1196 vastata
1246 1169 1329 1196 fuisse
1357 1169 1552 1195 dissertissime
1580 1170 1707 1201 traditur,
1733 1171 1855 1204 itemque

1060 1217 1144 1243 altera
1163 1216 1327 1250 Pequinum,
1353 1216 1397 1242 uhi
1424 1216 1610 1249 deprehensus
1627 1215 1785 1242 Siucnsium
1805 1223 1852 1242 rex

1060 1268 1112 1287 non
1138 1261 1228 1287 minus
1255 1261 1358 1294 tragico
1375 1268 1455 1294 quam
1481 1266 1545 1286 tunc
1574 1260 1653 1288 Altnn
1673 1262 1748 1287 Chau
1776 1261 1853 1288 exitu

1061 1306 1276 1340 desperationem
1295 1306 1424 1332 ostendit.
1440 1305 1507 1332 Nam
1524 1313 1557 1332 ne
1572 1306 1718 1332 victoribus
1736 1306 1856 1333 ludibrio

1060 1358 1144 1383 esset,
1173 1351 1257 1378 nubili
1288 1351 1361 1385 prius
1381 1352 1434 1378 lilia
1460 1352 1635 1382 obtruncant.
1664 1361 1726 1380 sese
1749 1353 1807 1387 ipse
1823 1361 1856 1380 ex

1060 1398 1160 1424 arbore
1178 1398 1330 1431 suspendit,
1349 1405 1420 1423 anno
1441 1398 1541 1424 Christi
1563 1397 1641 1429 1644,
1663 1404 1691 1424 ιιι
1711 1398 1810 1432 legitur
1830 1398 1856 1424 in

1062 1443 1176 1469 historia
1189 1441 1297 1469 Martini
1314 1442 1434 1469 Martinii
1456 1443 1542 1469 nostri
1565 1443 1644 1469 testis
1666 1451 1733 1476 perte
1756 1444 1856 1470 oculati

1062 1489 1114 1516 hac
1128 1490 1160 1515 de
1177 1496 1206 1515 re
1232 1489 1315 1519 edita,
1331 1496 1392 1522 quxe
1427 1493 1451 1514 et
1475 1489 1570 1515 eadem
1588 1497 1619 1514 ex
1637 1489 1695 1521 ejus
1710 1492 1763 1516 ore‘
1782 1495 1810 1516 et
1828 1489 1857 1516 Ρ.

1023 1549 1047 1580 C
1064 1533 1202 1560 Michaelis
1229 1533 1322 1568 Boymi
1341 1533 1405 1560 item
1426 1533 1522 1565 nostri,
1548 1533 1591 1559 hic
1618 1533 1710 1560 Roma)
1725 1534 1788 1560 dum
1802 1534 1858 1560 \‘isa

1066 1579 1200 1606 referrent
1225 1579 1391 1606 audivimus.
1410 1579 1463 1605 Sed
1480 1584 1506 1605 et
1531 1578 1672 1605 Cathaiam
1701 1587 1754 1606 non
1785 1579 1859 1606 aliud

1064 1633 1124 1653 esse
1140 1634 1222 1659 quatit
1238 1626 1343 1656 Sinam,
1358 1625 1458 1652 missus
1473 1625 1530 1651 Goa
1548 1633 1592 1652 an.
1608 1625 1709 1651 Citriin
1730 1625 1810 1657 l603,
1827 1625 1860 1652 l6

1065 1671 1186 1698 Januarii
1217 1671 1379 1698 Benedictus
1406 1670 1479 1698 Goez
1503 1677 1596 1698 noster
1626 1672 1657 1696 ad
1691 1672 1741 1698 hoc
1772 1672 1859 1705 ipsum

1064 1717 1372 1752 explorandum,trienni
1385 1717 1604 1752 peregrinatione
1615 1717 1769 1744 clarissime
1777 1717 1862 1753 808

1066 1764 1256 1797 deprehendit,
1280 1764 1306 1789 in
1320 1763 1414 1790 urbem
1433 1763 1558 1790 Sineusis
1576 1764 1650 1796 regni
1669 1762 1788 1789 Sucemn
1811 1766 1860 1790 sub

1067 1809 1147 1836 linem
1176 1809 1240 1835 anni
1269 1809 1372 1835 Christi
1396 1809 1466 1835 1605
1492 1809 1665 1843 perveniens.
1695 1809 1818 1842 Denique
1836 1809 1860 1836 id

1067 1853 1156 1888 ipsntn
1172 1854 1273 1881 diserte
1295 1854 1516 1888 Abulpharagius
1533 1854 1599 1881 alibi
1623 1858 1751 1886 testatur,
1765 1863 1863 1889 nempe

1067 1908 1094 1934 p.
1109 1900 1158 1926 551
1195 1900 1274 1935 hujus
1293 1900 1380 1934 ipsius
1396 1901 1438 1926 stti
1453 1900 1593 1928 Chronici.

1103 1945 1148 1973 Vl.
1171 1946 1219 1973 Hie
1243 1950 1343 1973 cmtera
1370 1945 1488 1972 breviter
1516 1946 1629 1973 sccnmti
1661 1946 1862 1981 Mognleusium

1068 1993 1239 2028 imperatoris
1248 1997 1306 2019 acta
1317 1991 1359 2028 [P.
1370 1991 1434 2027 586]
1446 1992 1597 2024 reddemus,
1605 2001 1638 2019 eo
1648 1992 1778 2019 libentius
1788 1992 1859 2026 quod

1067 2050 1127 2076 qute
1144 2042 1238 2067 hnrnm
1265 2039 1387 2074 proxime
1409 2043 1575 2070 occurrunt,
1596 2038 1765 2066 illustrandae
1799 2040 1863 2066 huic

1068 2095 1167 2114 nosrrzc
1185 2085 1405 2121 Pachymerianat
1420 2084 1545 2112 Historiae
1570 2092 1623 2111 non
1645 2092 1863 2119 parum-accom-

1068 2137 1176 2162 modata
1200 2131 1450 2165 deprehenduntur.
1473 2130 1625 2158 “eversum
1644 2138 1659 2157 e
1688 2131 1797 2156 Sinensi
1816 2138 1863 2157 ex-

1069 2181 1205 2215 peditione
1230 2179 1348 2205 Kaanem
1383 2177 1601 2212 Abulpharagius
1626 2182 1759 2203 memorat
1793 2176 1863 2203 Batu

229 2227 283 2249 trcs
300 2228 363 2249 natu
381 2223 499 2255 majores
509 2224 693 2258 przefercndos
710 2226 760 2253 sibi
777 2228 890 2260 diceret,
909 2230 1015 2257 tandem
1034 2240 1056 2267 υ
1072 2228 1128 2255 sive
1156 2227 1251 2256 Batno,
1269 2224 1354 2252 Tushi
1379 2223 1469 2250 fratris
1486 2224 1527 2250 sui
1555 2228 1620 2249 nattt
1651 2223 1763 2248 maximi
1781 2230 1864 2256 nuper

227 2276 362 2295 consensu
378 2270 476 2302 victus,
495 2270 528 2297 ab
545 2269 662 2299 Iltacino
677 2277 772 2306 patruo
788 2278 815 2300 et
831 2275 915 2308 logtai
933 2275 1017 2303 fratre

229 2315 332 2349 iuajore
349 2317 475 2344 collocari
492 2325 521 2343 se
540 2318 565 2344 in
583 2319 681 2344 throno
697 2326 795 2352 passus
810 2328 959 2354 cognomen
984 2323 1017 2349 ab

231 2362 324 2388 iisdem
344 2362 498 2396 impositum
514 2362 592 2390 Kaan
605 2365 721 2397 accepit.
738 2365 815 2391 Anno
832 2365 937 2399 llegira:
951 2367 1014 2400 621,

230 2409 306 2443 cujus
329 2408 455 2435 Kalends:
472 2409 639 2436 Multarrami
667 2416 801 2443 occupant
820 2412 891 2439 diem
922 2414 1018 2440 vicesi-

231 2463 304 2481 mum
326 2454 487 2482 Novembris
512 2454 611 2482 .luliaui
639 2463 711 2481 anno
733 2463 793 2483 mra:
817 2457 917 2485 Christi
937 2459 1017 2492 1-229,

231 2501 433 2535 expeditionem
452 2502 572 2536 suscepit
597 2510 684 2530 novus
708 2503 857 2538 imperator
879 2504 1020 2537 Mugnlen~

230 2547 299 2573 sium
315 2545 391 2573 Kaan
409 2546 436 2572 in
454 2554 544 2580 regem
563 2545 698 2573 Cathaize.
723 2546 834 2573 Cathaia
855 2555 936 2581 porro
956 2549 1019 2582 quid

231 2593 324 2625 fuerit,
352 2593 396 2627 qui
423 2601 455 2619 ex
482 2594 532 2620 hoc
556 2593 664 2620 discere
689 2598 801 2620 auctore
819 2594 915 2621 idoneo
939 2595 1021 2621 malet

232 2647 314 2674 quam
330 2647 345 2667 e
370 2639 519 2673 nugacibus
547 2639 653 2666 fabellis
671 2640 826 2668 institorum
848 2641 1019 2668 illttdentitttn

232 2686 387 2714 credulitati
414 2685 496 2719 vulgi,
523 2693 575 2712 non
591 2685 724 2713 dubitabit
757 2687 874 2721 atnplins
892 2688 956 2722 quin
981 2687 1023 2714 Si-

231 2741 316 2760 nense
335 2740 458 2767 regnum.
476 2732 556 2758 hodie
581 2731 607 2757 in
631 2732 736 2767 Europa
757 2733 928 2760 notissimum
945 2733 1021 2760 navi-

231 2777 387 2813 gationibus
404 2776 609 2809 Lusitanorum,
640 2777 666 2804 id
683 2778 770 2812 ipsum
792 2785 884 2805 revera
906 2777 941 2805 sit
959 2786 1020 2804 cum

232 2832 265 2850 eo
282 2824 354 2858 qttod
368 2823 449 2850 Aiton
470 2824 616 2853 Armentis,
630 2822 728 2850 Paulus
745 2823 876 2856 Venetus,
894 2829 919 2851 et
934 2825 955 2851 si
975 2824 1020 2858 qui

233 2870 278 2896 alii
294 2870 441 2904 scriptores
468 2869 720 2897 rcrum‘intcrioris
742 2876 767 2897 et
789 2871 904 2898 maxime
919 2870 1014 2897 Oticn-

1070 2273 1168 2300 mortui
1186 2272 1251 2303 ﬁlio,
1277 2278 1439 2298 numerosas
1461 2275 1487 2296 et
1502 2270 1605 2296 validas
1624 2269 1731 2295 dedisse
1757 2259 1873 2303 copias,’

1070 2327 1131 2347 cum
1149 2319 1277 2345 mandato
1294 2318 1494 2351 expeditionem
1515 2316 1679 2349 suscipiendi
1712 2317 1737 2341 in
1762 2320 1865 2342 tractus

1070 2365 1296 2398 septentrionales
1310 2369 1336 2390 et
1353 2363 1514 2396 subjugandi
1531 2361 1716 2392 Sclavoniam,
1728 2361 1871 2389 Alaniaiu.~

1071 2410 1206 2439 ltussiam.
1225 2409 1388 2443 Bulgariatn.
1407 2406 1486 2433 llisce
1511 2407 1705 2440 obtemperans
1733 2405 1867 2432 mandatis

1071 2457 1171 2482 Batuus
1185 2456 1306 2489 ingentes
1321 2453 1474 2480 mortalium
1493 2458 1598 2486 strages
1613 2451 1715 2478 edidit:
1738 2459 1812 2482 nam,
1840 2456 1868 2476 nt

1071 2504 1106 2530 ibi
1129 2503 1166 2528 ait
1190 2502 1416 2534 Abnlpharagius,
1436 2507 1497 2526 cum
1527 2498 1602 2525 Kaan
1633 2497 1868 2532 proﬁciscentibus

1073 2550 1104 2576 ad
1124 2550 1174 2576 hoc
1192 2548 1289 2575 bellum
1304 2547 1436 2574 militibus
1450 2545 1580 2572 edixisset
1595 2549 1622 2570 ut
1641 2544 1782 2571 hominum
1800 2551 1869 2577 quos

1071 2595 1185 2630 quisque
1215 2594 1350 2620 occideret
1378 2600 1472 2619 mtrem
1498 2592 1647 2623 dexteram,
1679 2590 1713 2616 ad
1738 2590 1868 2616 indicium

1074 2641 1191 2672 numeri,
1224 2640 1337 2666 recisam
1358 2645 1373 2665 c
1402 2637 1534 2664 cadavere
1555 2644 1647 2664 secum
1673 2635 1804 2665 auferret.
1824 2635 1869 2668 qui

1074 2688 1151 2714 ferali
1169 2687 1230 2713 huic
1247 2685 1340 2713 censui
1359 2684 1488 2711 habendo
1508 2683 1625 2718 prazl'ccti
1646 2687 1734 2713 erant,
1756 2681 1870 2708 ducenta

1074 2733 1244 2767 septuaginta
1275 2731 1413 2758 hominum
1444 2729 1526 2756 millia
1556 2728 1666 2755 totidetn
1687 2727 1870 2754 cxhibttarum

1074 2779 1232 2805 dextrarum
1266 2775 1450 2803 auricularum
1486 2779 1646 2809 argumento
1680 2777 1873 2807 compererunt

1076 2824 1134 2852 neri
1161 2823 1259 2850 tradita
1278 2822 1373 2849 fuisse.
1413 2821 1495 2848 Addit
1520 2820 1606 2846 Arabs
1623 2818 1819 2853 chronologus,
1847 2824 1875 2844 re

1080 2873 1148 2899 bcuc
1162 2869 1188 2896 in
1208 2869 1351 2896 Srlavonia
1366 2871 1453 2901 gesta,
1469 2860 1620 2894 decrevisse
1646 2865 1758 2892 Batuum
1775 2862 1874 2891 adoriri
