1954 3063
74 134 130 164 όῧῇ

734 124 1066 155 CllltthOLOGlCUS.

1653 118 1706 149 ἕηῦῧ

73 187 350 222 Coitstant'nopu'im,
368 194 392 213 et
408 194 440 215 c0
452 187 540 213 animo
556 186 580 212 in
596 185 748 219 Bulgariam
771 183 869 209 movis-
886 186 907 209 Δ
924 181 946 206 vi
965 185 1102 214 ceperunt.
1116 181 1193 206 Anno
1214 180 1280 214 lleg.
1299 179 1361 212 ($40,
1376 179 1476 206 Christi
1505 177 1581 207 tan.
1606 184 1620 202 a
1651 177 1709 202 Ka—

73 245 115 262 se.
137 235 190 261 Sed
209 235 261 261 illic
279 234 405 260 habuisse
421 233 517 260 obvios
533 231 701 259 Francorum
721 237 806 264 reges,
818 229 869 254 hoc

73 287 114 308 cst
151 283 235 308 duces
259 280 415 307 Latinorum
445 279 490 313 qui
511 283 575 305 tunc
606 275 869 309 Constantinopolim

74 327 218 356 tenebant,
250 326 295 360 qui
313 325 499 357 frequentibus
518 323 616 357 prmliis
634 323 720 348 victos
730 320 869 354 Mogulcn-

74 381 120 400 ses
143 379 217 407 terga
235 373 299 398 dare
315 375 455 405 coegerunt
473 370 564 403 (verba
590 374 653 395 sunt
665 365 871 401 Abulpltnragii)

75 421 145 446 adeo
174 424 202 445 ul
227 418 259 444 ab
284 418 324 444 his
355 416 547 443 incursionibus
583 415 679 441 reversi
709 413 873 447 Mogulenses

75 464 151 490 haud
168 465 264 490 iterum
285 462 319 488 ad
340 461 407 487 [tunc
431 468 512 494 usque
529 460 596 486 diem
613 457 766 485 Crwcorum
782 456 873 483 Fran-

76 518 204 538 cornmre
228 509 346 543 regiones
370 507 487 541 nggrcsli
509 506 617 540 fuerint.
636 504 694 530 Tali
721 503 876 530 narratione

77 557 232 584 multorum
263 561 394 581 annorum
417 553 484 579 bella
502 556 528 579 et
552 552 721 578 incursiones
739 549 765 576 in
787 550 875 575 varias

78 603 187 637 imperii
210 601 323 628 Romani
342 599 488 627 Orientalis
502 603 602 632 partes,
623 598 730 624 diverso
745 602 875 623 successu

78 656 93 674 ιι
123 646 327 680 Mognlensibus
343 648 474 675 tentatas,
496 643 569 669 ἰιιιιιιί
589 642 656 668 satis
672 645 793 676 apparet;
807 641 878 666 unde

79 701 134 720 non
158 700 225 718 vana
247 691 403 724 conjeC'ura
421 690 456 715 sit
472 691 543 716 lntnc
556 688 809 715 circtumniuanlem
824 685 879 712 Ro-

80 739 170 765 manis
189 737 336 772 provinciis
364 735 544 762 Tncbaricmn
571 733 726 764 tumultum,
749 733 782 759 ab
806 738 879 758 anno

80 785 196 811 circiter
213 783 317 817 Hegirae
331 782 383 810 6‘28
399 783 431 808 ad
448 781 510 813 658.
529 781 579 808 hoc
596 786 636 807 est
650 780 682 806 ab
696 786 766 805 anno
776 778 879 807 Christi

82 829 153 856 1230
176 829 209 855 ad
230 828 309 859 1240,
349 828 524 860 inquietasse,
551 826 648 860 partim
676 825 769 852 Nicaeae
790 825 896 851 domi»

84 879 184 902 nautes
213 874 315 901 Gra'cis
343 873 492 904 Lascarim,
521 877 566 898 aut
600 871 748 900 Batatzam.
778 870 874 905 partim

82 921 264 954 imperantem
280 917 511 950 Constantinopoli
536 917 696 943 Balduinum
711 915 770 949 ejus
791 915 878 942 norni-

84 968 128 992 uis
157 965 318 992 secundum.
336 964 443 990 Fortius
462 971 543 998 porro
566 970 598 990 ac
623 962 728 988 felicius
746 961 878 988 restitisse

84 1011 220 1038 Tocharis
235 1010 345 1036 l-atiuos
363 1017 442 1041 quam
460 1009 568 1035 Grmcos
586 1015 618 1035 eo
637 1007 718 1038 bello,
737 1007 807 1041 quod
825 1005 880 1032 for-

86 1063 112 1084 te
125 1064 221 1090 parum
239 1056 352 1083 caurlide
371 1055 553 1089 Pacbymeres
568 1053 760 1086 dissimulavit,
778 1053 879 1079 diserte

86 1103 133 1130 hic
159 1102 276 1129 affirmat
303 1101 529 1136 Abnlpharagius.
556 1100 593 1127 Ex
614 1108 666 1134 quo
686 1100 767 1126 etiam
796 1100 878 1126 disci-

88 1157 150 1176 mus
166 1149 293 1174 del-uisse
315 1147 424 1174 Cra'cos
444 1146 593 1173 fortitudini
609 1145 778 1175 Latinorum.
795 1145 878 1171 victo-

89 1196 138 1222 riis
167 1194 193 1220 in
214 1194 335 1225 Bulgaria
355 1194 388 1219 de
417 1192 618 1226 Mognlensibus
640 1192 732 1218 l't‘lflliS
750 1192 880 1225 probam,

90 1248 228 1267 recessum
247 1239 433 1265 Tocltnt'm‘tlm
460 1239 493 1263 ab
510 1239 628 1271 ipsorum
648 1237 764 1268 finibus;
781 1245 793 1263 a
822 1237 882 1270 qui-

90 1287 140 1313 bus
159 1286 229 1313 bello
246 1286 383 1312 tentandis
401 1283 452 1311 nisi
474 1288 577 1311 terrore
596 1284 753 1310 Latinomm
770 1282 882 1310 cohibiti

91 1336 298 1367 temperassent,
316 1335 446 1365 quantum
475 1329 621 1364 profecturi
635 1330 734 1360 forent,
764 1332 883 1356 conster-

92 1380 166 1405 natio
181 1378 334 1405 Grtrcorum
350 1377 382 1403 ad
399 1376 482 1403 solam
504 1375 668 1402 mentionem
698 1375 759 1401 belli
776 1374 883 1401 Tocha-

95 1425 142 1451 rici
163 1432 234 1457 smpe
256 1431 286 1449 ac
313 1422 373 1449 fuse
404 1429 417 1447 a
446 1421 612 1456 Pachymere
638 1424 786 1447 memorata
817 1419 883 1447 satis

94 1469 279 1504 auguraudum
306 1468 417 1503 praebet.
441 1467 498 1494 Huc
525 1467 595 1494 enim
620 1467 678 1494 sine
694 1466 776 1492 dubio
802 1465 886 1500 perti-

94 1520 160 1542 nt'nt
181 1522 241 1548 qum
265 1514 309 1540 ille
333 1514 385 1539 vol.
410 1513 435 1544 1,
453 1521 478 1546 p.
499 1514 566 1545 155,

95 1560 288 1592 impcraturmu
318 1558 514 1590 Nicarcnsiutn,
538 1558 644 1592 quoties
673 1564 764 1584 rumor
782 1557 886 1584 Tocha-

96 1612 186 1631 rormu
205 1605 395 1636 int-renuerat;
413 1609 466 1630 tum
484 1612 542 1637 quo:
555 1612 582 1638 ρ.
600 1603 650 1630 149
670 1603 751 1630 refert
767 1604 799 1630 de
820 1611 886 1629 con-

95 1651 262 1677 sternatione
277 1651 375 1677 Punica
402 1649 496 1677 Nicaea:
514 1651 588 1677 urbis
611 1650 643 1676 ad
670 1655 756 1676 ortum
771 1657 802 1676 ex
821 1657 887 1676 vano

97 1704 220 1722 murmur
244 1695 401 1729 irruptionis
418 1695 500 1729 809
515 1695 622 1722 horum.
645 1694 775 1721 Videntur
798 1699 886 1720 mrtem

97 1742 198 1775 repulsi
217 1747 287 1768 metu
305 1750 319 1767 ιι
352 1740 479 1767 Ilomanis
496 1746 558 1768 tunc
583 1741 729 1775 provinciis
753 1741 889 1772 Mogulen-

98 1795 141 1814 ses
154 1787 310 1814 incubuisse
328 1787 353 1813 in
382 1786 529 1819 Persidem;
547 1787 592 1813 ubi
610 1795 723 1813 navasse
740 1787 811 1820 ipsos
824 1795 889 1821 ope-

99 1840 167 1864 ram,
187 1833 307 1866 Calypha
337 1832 391 1859 iliic
420 1832 576 1858 dominante
610 1832 680 1858 victu
698 1837 724 1858 et
749 1839 888 1865 oppreSso.

101 1883 191 1905 narer
207 1879 306 1904 ibidt-m
330 1879 386 1904 fuse
412 1878 593 1911 Pachyntcres
618 1885 644 1912 p.
665 1877 724 1906 155.
742 1877 891 1910 adjuugeus

100 1925 149 1950 hos
165 1924 192 1950 in
208 1923 318 1949 Perside
330 1923 518 1956 belligerantes
541 1922 680 1948 Tocharos
694 1921 772 1955 vulgo
784 1921 890 1948 Atarias

102 1975 224 1995 vocatos.
244 1969 319 2001 Quod
340 1976 437 1994 nomen
464 1967 533 1994 forte
559 1967 630 1994 hanc
646 1974 747 1994 temere
771 1967 892 2000 suspice-

103 2020 144 2042 tur
161 2015 296 2049 quispiam
315 2022 330 2041 e
343 2014 451 2040 nomine
465 2014 540 2040 ducis
557 2013 674 2047 ipsorum
693 2014 838 2045 detortum,
863 2017 894 2039 ut

102 2061 147 2095 qui
165 2069 195 2088 se
209 2061 259 2094 ipsi
280 2060 420 2087 Baluarim
437 2067 451 2086 a
471 2060 556 2086 Batuo
571 2060 701 2090 dicerent,
719 2059 788 2092 quod
815 2059 894 2093 huius

104 2107 233 2141 auspiciis
255 2106 428 2136 militabant.
453 2105 575 2139 populari
606 2103 781 2138 corruptione
811 2111 894 2130 vexa-

105 2158 191 2179 larum
233 2153 267 2179 ab
303 2152 369 2186 ipsis
396 2152 492 2186 linguae
518 2152 629 2178 diversae
658 2151 777 2185 gentium
806 2151 894 2177 Δίαγῆ

105 2199 318 2225 nominarentur.

140 2244 193 2271 νη.
213 2245 320 2272 Interim
350 2251 409 2278 quae
422 2244 468 2271 alii
497 2243 692 2278 Mogulcnsium
719 2242 801 2270 duces
829 2242 893 2269 alibi

106 2295 216 2324 agerent
232 2297 383 2323 exsequens
396 2289 623 2324 Abulpharagius.
646 2289 726 2315 tradit
744 2295 815 2315 anno
842 2289 896 2315 lle-

106 2337 170 2369 gira:
184 2335 247 2364 655.
265 2335 342 2369 cuius
353 2340 396 2362 est
411 2335 514 2361 initium
532 2343 545 2361 a
562 2335 605 2361 die
620 2334 653 2360 16
669 2335 805 2366 Septemb.
832 2334 894 2360 anni

106 2382 208 2409 Christi
228 2381 306 2413 1255,
319 2386 425 2415 captam
442 2381 524 2408 fuisse
552 2387 567 2406 τι
601 2380 801 2414 Mogulensibus
828 2380 895 2406 Car-

108 2428 230 2454 tnalisam
247 2428 341 2453 urbem
356 2426 500 2452 niaximam
530 2425 556 2452 in
585 2426 694 2459 regione
722 2424 836 2458 Arbelaa,
869 2428 897 2451 et

109 2480 184 2499 anno
205 2471 329 2505 sequenti
354 2472 438 2506 ipsam
473 2470 600 2497 Arbelam
626 2474 686 2504 post
714 2470 896 2505 quadraginta

109 2521 213 2548 dierqu
230 2519 411 2548 obsidionem,
426 2524 519 2551 magna
530 2516 646 2551 pecunia
671 2521 800 2543 laxatam.
819 2518 897 2543 Auno

111 2565 217 2599 llegira:
239 2564 301 2596 655,
317 2563 418 2591 CbriSIi
434 2563 513 2595 1257,
538 2562 572 2589 ab
591 2561 706 2596 Augusti
726 2563 824 2589 mensis
852 2563 897 2590 die

110 2612 155 2643 24,
185 2611 355 2645 Mogulenses
370 2609 397 2636 in
411 2608 527 2644 Bagdadi
547 2608 613 2634 lines
627 2611 820 2640 procurrentes
843 2606 898 2641 pri-

112 2665 185 2684 num
202 2657 261 2683 acie
283 2655 345 2682 victi
356 2660 427 2686 sunt,
444 2655 490 2681 sed
506 2659 597 2687 postea
625 2660 685 2679 cum
716 2652 793 2679 novis
810 2651 899 2686 copiis

111 2703 269 2734 redeuntes,
285 2702 318 2727 ad
335 2701 423 2727 locum
445 2698 622 2726 Canekinium
641 2702 776 2727 vocatum.
796 2696 897 2730 Bagdas

112 2749 236 2775 dcusium
266 2748 415 2774 exercitum
448 2751 561 2772 cruento
592 2744 684 2778 praelia
712 2743 899 2778 proﬂigarunt.

113 2793 192 2820 Anno
207 2793 258 2820 659
276 2792 392 2828 Ht-girae,
408 2791 510 2818 Christi
534 2790 616 2822 l2“,
646 2796 660 2815 a
685 2789 729 2815 die
762 2788 793 2815 η
823 2787 898 2819 Julii,

114 2839 285 2874 nogulcnses
300 2839 368 2866 duce
387 2837 552 2871 Jarmaguno
565 2836 658 2863 urbem
671 2835 760 2862 Arzcn
785 2834 898 2862 ﬂuuium

603 1518 695 1539 narrat
726 1513 758 1538 de
784 1517 920 1552 terrorec

923 226 1007 252 leudis
1037 225 1110 257 Julii,
1146 225 1315 259 Moguluuses
1343 226 1477 251 sultanom
1522 222 1708 250 Giattodinum

923 271 981 297 acie
998 271 1129 302 vicerunt,
1148 270 1206 305 cjns
1225 273 1306 296 urbes
1322 270 1445 296 Sivasam
1466 274 1490 294 et
1519 267 1671 294 Caesaream
1683 270 1712 292 ct

922 315 1094 346 Azenganum
1105 319 1244 348 ceperunt.
1256 319 1283 341 et
1293 316 1334 341 his
1342 314 1418 341 malis
1429 313 1470 349 [P.
1483 312 1546 347 εεη
1560 312 1645 339 fracto
1655 311 1711 338 sul-

925 360 981 386 tani
1010 360 1142 386 tributum
1178 360 1375 393 imposuerunt.
1407 359 1485 385 Auno
1520 358 1625 392 Hegiraa
1646 356 1710 388 645,

924 405 1027 432 Chriin
1040 405 1120 437 1243,
1134 413 1148 430 a
1168 404 1228 431 Maii
1244 405 1290 435 29,
1310 405 1386 430 Kaau
1408 404 1544 431 secundus
1566 404 1713 436 imperator

926 450 1123 485 Mogulensium
1147 452 1238 478 vivere
1266 451 1357 481 desiit,
1377 450 1516 482 designato
1544 449 1619 482 prius
1652 455 1714 474 sm:-

926 505 1035 523 cessore
1053 501 1077 524 et
1105 497 1238 524 accersito
1256 497 1289 523 ad
1310 497 1378 527 hoc,
1396 497 1458 521 dum
1476 496 1563 521 adhuc
1590 494 1691 520 viveret
1703 512 1711 523 ,

926 543 1035 577 Cayuco
1047 550 1095 569 suo
1110 542 1180 574 filio;
1197 543 1242 576 qui
1258 543 1284 569 in
1301 543 1397 569 itinere
1412 541 1536 568 ntmtium
1552 541 1654 573 accepit
1680 539 1713 566 de

928 589 1013 623 patris
1037 594 1135 615 morte.
1153 588 1239 614 Mater
1259 588 1372 622 Cayuci,
1399 587 1469 614 dicta
1485 586 1629 617 Tui-atina,
1655 592 1715 619 qua:

929 635 1043 664 Chalun.
1061 634 1111 661 hoc
1126 639 1168 660 est
1181 634 1288 660 domina
1300 634 1356 660 sive
1371 640 1437 659 uxor
1455 632 1593 667 primaria,
1613 631 1716 657 Kaauis

930 680 1029 712 fuerat,
1046 681 1187 714 imperium
1205 680 1416 710 administravit,
1430 680 1516 705 donec
1530 678 1638 705 comitia
1650 686 1712 712 gen-

930 727 965 752 tis
987 727 1120 753 universae
1138 725 1323 752 convenirent.
1340 725 1416 751 Auno
1433 725 1500 758 lleg.
1522 723 1584 755 641,
1614 723 1715 750 Christi

932 770 1012 802 1246,
1026 779 1040 796 a
1059 770 1118 796 Maii
1142 770 1184 800 19.
1202 770 1354 796 celebratus
1371 774 1411 795 est
1430 775 1542 803 tuagnns
1567 770 1717 793 comeutus

933 816 1084 850 principum
1099 820 1123 842 et
1140 817 1238 842 ducum
1269 815 1466 850 Mogulensium
1488 821 1603 848 (corpore
1627 821 1716 842 nemo.

932 863 970 889 ait
983 862 1272 896 Abulpharagius,hoc
1282 866 1334 892 est,
1351 866 1377 887 ut
1392 861 1500 895 opinor,
1520 867 1612 886 mense
1628 859 1714 892 Aprili

931 908 994 934 anni
1006 907 1109 934 Christi
1126 907 1205 939 1247,
1219 907 1306 933 adhuc
1318 911 1446 933 currente
1464 906 1516 932 6M
1526 905 1639 939 Hegiraz.
1668 903 1718 930 ilis

931 953 1049 980 comitiis
1060 953 1184 987 Cayucus
1195 953 1308 979 ﬁliorum
1325 951 1426 978 Kuanis
1436 956 1500 978 natu
1509 951 1652 979 maximus.
1664 957 1717 975 non

932 999 989 1026 sola
1004 1000 1091 1026 anatis
1106 999 1283 1033 praerogativa
1301 1003 1347 1024 aut
1371 998 1455 1032 patris
1483 997 1597 1031 judicio,
1615 1000 1660 1022 seu
1692 1000 1719 1021 et

933 1045 1119 1080 pt‘mstantium
1133 1044 1261 1071 virtutum
1282 1052 1313 1071 ac
1331 1044 1434 1071 dolium
1466 1043 1564 1069 merito
1590 1041 1718 1076 pratlatus

934 1091 1082 1118 Cultauoet
1099 1090 1246 1117 Siramuno
1260 1090 1412 1117 minoribus
1430 1089 1571 1121 fratribus,
1603 1089 1720 1122 impera-

935 1143 977 1164 tor
990 1137 1162 1169 declaratur;
1180 1135 1328 1170 titulnsque
1356 1136 1405 1170 ipsi
1423 1135 1529 1161 additus
1552 1139 1593 1161 est
1613 1134 1721 1168 Cayuc-

933 1183 1046 1210 Chanis.
1066 1183 1115 1209 Hic
1138 1183 1205 1210 duos
1215 1183 1364 1216 praecipuos
1380 1181 1521 1208 ministros
1547 1180 1719 1207 Christianos

936 1230 1037 1262 habuit,
1052 1237 1166 1263 quorum
1182 1229 1258 1255 alteri
1276 1228 1398 1259 Kadako,
1414 1228 1492 1254 alteri
1508 1226 1603 1254 Ginkai
1620 1233 1718 1253 nomen

937 1275 1002 1306 fuit;
1021 1282 1135 1308 quorum
1153 1274 1246 1301 favore
1263 1273 1382 1307 episcopi
1396 1278 1423 1300 et
1442 1272 1566 1299 monachi
1584 1279 1599 1298 τι
1613 1271 1721 1306 Cayuc-

936 1321 1027 1348 Chaue
1042 1325 1128 1346 matre
1142 1320 1227 1354 ipsius
1246 1319 1429 1352 universaque
1452 1319 1526 1352 regia
1539 1317 1641 1344 familia
1672 1316 1724 1342 im-

937 1375 1020 1402 pense
1037 1367 1252 1394 bonorabantur.
1268 1365 1346 1393 Unde
1364 1365 1479 1399 contigit
1494 1365 1561 1391 adeo
1590 1363 1646 1390 illic
1664 1371 1724 1390 cre-

938 1422 1016 1440 scere
1030 1413 1213 1439 Christianam
1233 1412 1405 1446 religionem,
1424 1416 1554 1444 quantum
1568 1411 1610 1436 his
1635 1411 1725 1436 verbis

941 1459 1157 1491 Abnlpharagius
1173 1459 1301 1489 ostendit,
1330 1457 1495 1491 Factumque
1518 1463 1568 1488 est,
1588 1455 1724 1489 inquiens,

939 1506 1077 1539 imperium
1093 1504 1284 1535 Christianum,
1302 1508 1327 1529 et
1341 1504 1429 1537 magni
1444 1503 1612 1529 habitorum!
1638 1506 1725 1536 gentes

937 1559 995 1586 qum
1009 1551 1069 1576 huic
1088 1550 1210 1583 religioni
1223 1557 1315 1575 nomen
1330 1547 1468 1577 dederimt,
1483 1556 1496 1574 e
1513 1546 1637 1577 Francis.
1659 1547 1726 1573 Rus-

938 1597 984 1627 sis,
1000 1596 1075 1629 Syris
1089 1599 1113 1622 et
1131 1594 1264 1622 Armenis.
1279 1595 1316 1620 Ac
1328 1601 1356 1619 eo
1371 1593 1470 1620 redacti
1484 1598 1544 1619 sunt
1562 1599 1615 1618 tum
1631 1592 1709 1618 melio
1719 1607 1726 1611 -

939 1641 976 1666 ris
997 1645 1066 1665 noue
1083 1647 1163 1674 quam
1179 1647 1191 1665 ρ
1207 1638 1279 1672 plebe
1296 1638 1460 1672 Mognlenses
1476 1638 1575 1672 aliique
1592 1638 1624 1662 iis
1644 1637 1728 1671 810

938 1687 1066 1720 permisti.
1084 1690 1113 1711 nt
1131 1685 1200 1712 inter
1216 1685 1389 1711 salutandum
1408 1685 1527 1711 dicerent
1552 1684 1727 1711 Barcehmor.

939 1732 1006 1766 quod
1019 1731 1124 1758 verbum
1134 1735 1172 1757 est
1181 1732 1352 1764 composition
1369 1730 1521 1765 Syriacum.
1533 1737 1630 1756 summa
1644 1729 1728 1755 Bene-

941 1779 994 1810 dic,
1013 1777 1136 1804 Domine.
1149 1777 1189 1804 Ad
1208 1777 1289 1810 huius
1302 1784 1351 1810 ego
1367 1776 1529 1811 Mognlensis
1558 1775 1730 1809 imperatoris

940 1823 1151 1859 Cayuc-Chanis
1162 1828 1283 1857 tempora
1300 1823 1472 1850 referendum
1508 1826 1573 1856 puto
1588 1822 1658 1855 quod
1680 1821 1730 1847 Pa-

941 1871 1082 1904 cbyu-eres
1095 1874 1197 1900 narrat,
1222 1874 1297 1896 tomo
1311 1869 1403 1903 priore
1433 1877 1456 1895 c.
1475 1869 1491 1895 5
1519 1873 1546 1895 et
1562 1869 1589 1898 4,
1614 1868 1632 1894 1.
1650 1875 1674 1898 v,
1696 1867 1731 1893 de

941 1915 1014 1950 Noga
1037 1923 1091 1942 uno
1111 1922 1126 1942 e
1140 1915 1252 1942 ducibus
1269 1915 1404 1942 exercitus
1423 1922 1502 1948 quem
1530 1921 1543 1940 τι
1574 1914 1669 1939 Kaane
1688 1921 1730 1939 se-

943 1961 1031 1988 cundo
1045 1962 1210 1995 imperatore
1226 1960 1420 1994 Mogulcnsium
1439 1960 1550 1986 missum
1566 1959 1686 1985 diximus
1703 1959 1729 1985 in

943 2006 1169 2040 septentrionaies
1185 2010 1288 2032 ll‘:lCltls
1308 2005 1341 2031 ad
1354 2013 1400 2032 cos
1417 2004 1609 2039 subjugandos,
1627 2012 1732 2038 praepo-

944 2053 997 2079 sito
1019 2052 1125 2079 cunctis
1137 2051 1222 2078 Baluo
1236 2051 1327 2078 fratris
1343 2052 1383 2077 sui
1401 2051 1464 2083 lilio,
1477 2058 1492 2076 a
1510 2050 1606 2084 quibus
1622 2049 1732 2076 Sclavo-

945 2099 1016 2125 niam
1029 2103 1056 2125 et
1068 2097 1192 2124 Russiam
1211 2096 1292 2123 fuisse
1308 2102 1454 2130 occupatas
1468 2096 1591 2130 superius
1610 2104 1637 2123 n.
1651 2095 1667 2122 6
1683 2096 1733 2122 hu-

944 2144 988 2179 jus
997 2143 1094 2178 capitis
1102 2151 1134 2170 ex
1150 2143 1348 2178 Abulpharagio
1364 2142 1552 2169 indicavimus.
1562 2141 1615 2168 Sed
1635 2142 1735 2175 impro-

911 2197 932 2225 ι)
947 2196 1025 2224 spere
1046 2197 1059 2215 a
1090 2188 1292 2223 Mognleusibus
1318 2194 1421 2216 tentato
1434 2188 1734 2223 Constantinopolitano

947 2235 1061 2270 imperio
1081 2240 1192 2269 propter
1208 2243 1284 2262 acres
1300 2235 1326 2261 in
1350 2235 1423 2269 ipsos
1446 2235 1563 2268 impetus
1593 2234 1734 2261 victorias-

947 2291 999 2318 que
1013 2283 1172 2310 Latinorum
1187 2281 1309 2316 Byzantii
1325 2282 1534 2311 dominantium.
1554 2281 1656 2308 Batuus
1682 2289 1735 2308 non

948 2332 981 2358 ab
994 2332 1026 2359 iis
1041 2331 1128 2359 solum
1143 2351 1151 2363 ,
1166 2332 1213 2358 sed
1233 2338 1246 2356 a
1259 2331 1360 2357 Graecis
1388 2329 1553 2357 lacessendis
1583 2330 1735 2361 abstinens.

947 2385 1007 2404 cum
1024 2377 1158 2412 prmcipua
1168 2381 1244 2411 parte
1259 2376 1398 2410 copiarum
1414 2376 1522 2403 videtur
1547 2376 1574 2402 in
1598 2376 1735 2403 Persidem

947 2422 1076 2456 primum,
1101 2421 1197 2449 deinde
1211 2423 1244 2449 ad
1256 2430 1318 2448 suos
1343 2422 1368 2448 in
1388 2421 1508 2449 Orientis
1534 2421 1662 2448 interima
1691 2428 1735 2448 re-

947 2468 1070 2499 cessisse,
1082 2467 1204 2502 proxime
1218 2467 1250 2493 ad
1265 2466 1470 2501 Cayuc—Cbanis
1482 2467 1522 2492 sui
1537 2465 1677 2500 propinqui
1690 2472 1737 2490 co-

948 2513 1084 2544 mitauuu,
1098 2512 1192 2539 relicto
1207 2512 1231 2538 in
1247 2511 1388 2540 Sclamuia
1400 2517 1428 2540 et
1449 2511 1561 2544 Russia,
1587 2512 1631 2545 qui
1661 2515 1737 2545 parta

949 2559 1003 2585 illic
1015 2563 1147 2590 tueretur,
1166 2557 1251 2592 Noga.
1271 2557 1321 2584 llic
1332 2562 1434 2590 autem,
1449 2562 1478 2584 ut
1494 2556 1576 2584 refert
1591 2556 1738 2590 Pacbyme-
1756 2566 1758 2569 -

950 2611 1004 2634 res,
1019 2610 1091 2635 cum,
1106 2601 1193 2629 auctis
1208 2610 1241 2628 ex
1255 2601 1444 2636 indigenarum
1456 2602 1596 2635 iuventute
1618 2602 1643 2628 in
1671 2607 1738 2628 suos

949 2654 1038 2675 mores
1053 2648 1174 2674 traducta
1187 2647 1281 2681 copiis.
1293 2647 1359 2674 satis
1373 2655 1403 2674 se
1417 2647 1578 2674 instructum
1588 2650 1694 2681 putaret
1705 2645 1739 2672 ad

949 2693 1133 2722 defendendas
1144 2694 1201 2721 suis
1213 2693 1344 2729 auspiciis
1355 2694 1454 2721 uberes
1467 2700 1515 2720 eas
1530 2693 1686 2727 fertilesque
1696 2699 1739 2718 re-

949 2741 1055 2776 giones,
1070 2747 1102 2767 ex
1119 2740 1246 2774 praefecto
1261 2748 1290 2767 se
1305 2740 1457 2775 principem
1477 2746 1634 2774 supremum
1649 2737 1740 2764 decla-

951 2787 1030 2819 ravit,
1047 2787 1200 2814 obedientia
1219 2787 1346 2822 deinceps
1364 2786 1566 2821 Mogulensibus
1591 2785 1740 2817 imperato-

952 2833 1026 2861 ribus
1039 2837 1144 2868 negata.
1163 2833 1248 2867 Quam
1261 2834 1459 2861 contumaciam
1473 2833 1519 2860 diu
1537 2832 1646 2866 impune
1666 2831 1737 2863 tulit,
