1954 3063
242 100 294 132 867
723 98 754 130 Ρ.
778 98 925 129 POSSINI
947 98 1268 129 OBSERVATIONUM
1295 100 1367 130 LIB.
1387 100 1443 130 lli.
1832 103 1888 134 853

243 161 289 183 aut
303 155 567 190 negligentibuscam
583 162 638 183 rem
657 155 720 187 illis,
737 159 784 181 aut
798 162 851 181 non
866 154 1033 182 sufﬁcientes
1047 153 1072 182 Α
1086 153 1112 179 in
1129 152 1198 179 solio
1223 153 1390 181 solemnibus
1410 154 1580 181 cmremoniis
1605 153 1753 180 collocatus
1768 159 1821 181 est.
1843 156 1889 182 iu—

243 201 336 228 relielli
354 201 488 228 domando
502 202 597 236 copias
610 206 704 227 contra
724 200 824 234 Nogani
849 200 1035 232 mittentibus;
1089 199 1160 230 cupit
1177 198 1199 226 is
1224 207 1311 225 anuus
1334 200 1468 228 At-abiciis
1495 208 1508 226 a
1530 199 1574 226 die
1587 200 1621 226 ‘26
1638 200 1725 226 Martii
1740 200 1844 227 Juliaui
1860 203 1886 228 in

243 247 314 273 unde
332 247 405 273 illum
423 248 449 274 in
467 247 618 281 principatu
635 246 746 281 perfidia
762 246 877 281 quazsito
906 246 1036 273 corrobo-
1089 252 1160 270 anno
1187 244 1286 271 tlhristi
1316 245 1395 273 l25’l.
1413 245 1488 273 Unde
1506 247 1681 280 intelligimus
1695 248 1814 280 auSpicia
1834 248 1888 273 iiii-

243 293 299 320 rari
320 293 463 327 contigerit
477 292 627 326 floremque
644 293 780 326 potentia;
797 299 851 326 qtia
874 297 963 318 motus
988 290 1035 318 Mi-

243 339 319 366 chael
337 339 501 372 Palaologus
514 343 672 372 recuperata
685 338 920 372 Constantinopoli
951 343 1035 365 totum

243 384 382 412 Orieniale
409 385 551 419 imperium
580 385 717 414 obtinens.
748 384 807 417 ejus
836 384 982 410 amicitiam
1009 388 1037 411 et

242 431 484 458 ailinitateuiultro
515 431 652 461 ainbicrit,
681 430 743 456 data
770 429 849 461 Νομία
875 430 902 456 in
924 437 1034 456 uxorein

243 478 351 512 propria
372 477 425 504 filia
444 477 631 511 Enphrosyne,
657 482 736 511 prout
751 476 809 503 fuse
825 481 918 503 narrat
945 481 1036 504 noster

242 530 267 549 c.
286 523 313 555 4,
331 523 348 550 1.
364 530 378 547 ν
394 523 478 556 partis
497 521 604 556 prioris.
621 521 665 548 tibi
682 521 855 556 possessione
868 521 994 547 diuturna
1008 525 1036 548 et

241 571 335 596 crebra
352 571 530 602 prosperitate
542 576 729 599 successuum,
749 567 848 602 partim
882 567 909 594 in
925 568 1035 594 eluden-

241 613 282 640 dis
300 619 358 640 arte
372 621 404 640 ac
421 613 492 645 dolo,
511 613 608 646 partim
625 613 651 639 in
669 613 692 637 vi
709 612 877 647 repellendis
891 612 1035 640 conatibus

240 659 412 685 dominorum
431 666 550 686 veterum
577 659 720 691 fugitivum
747 659 941 692 repetentium,
970 666 1034 685 seu-

239 706 290 732 st'in
310 706 393 732 fuisse
407 706 596 732 confirmatam
613 704 695 738 Noga:
712 705 863 740 dynastiaiu
882 704 1034 740 Pacliyine-

239 759 285 778 res
300 753 430 778 insinuat.
451 751 529 778 Unde
541 759 593 778 non
628 751 777 785 incongrue
803 751 936 785 suspicari
960 751 1032 782 licet,

240 797 274 824 ab
283 805 353 823 anno
372 797 486 824 maxime
498 797 597 824 Christi
615 796 694 829 F250,
709 804 763 831 quo
780 797 894 827 Batuus.
912 801 941 823 ut
971 804 1031 823 mox

240 844 370 876 dicemus,
388 845 504 878 negotiis
525 843 674 878 majoribus
688 843 843 878 reipublica:
860 843 997 878 Mogulica:
1015 851 1029 870 a

240 898 305 917 cura
318 890 641 923 septentrionalislimitis
659 895 789 917 avocatus
801 890 827 916 iu
840 890 948 925 longum
964 895 1032 916 tem-

238 944 288 971 pus
302 941 356 967 est,
375 937 490 970 cmpisse
503 936 601 970 Nogaui
619 943 662 962 res
674 935 729 962 illic
746 943 809 962 suas
819 943 899 970 agere
914 943 922 967 ;
939 942 1031 969 perse-

238 989 402 1015 veraschne
419 982 568 1008 crescendo
580 989 699 1015 semper,
718 989 859 1015 quonsqtte
886 980 1028 1008 duodecim

237 1032 298 1061 post
320 1027 411 1058 anuis,
425 1035 496 1053 anno
508 1028 612 1054 SI'illCl’l
623 1027 726 1054 Christi
738 1027 849 1054 circiter
864 1027 943 1059 1262,
967 1035 1028 1054 eum

219 1062 223 1066 ”
237 1073 318 1100 talem
336 1074 482 1107 imperator
498 1073 613 1099 Michael
632 1072 797 1106 iudicaverit
811 1073 889 1107 cujus
912 1073 1029 1102 afﬁnitas

238 1118 345 1148 intima,
361 1125 413 1150 qua
437 1123 501 1144 tunc
522 1124 582 1143 eum
599 1117 650 1143 sibi
668 1124 795 1150 generum
814 1117 916 1144 faciens
935 1118 1029 1145 admo-

238 1164 286 1193 vit.
313 1169 340 1190 et
371 1163 468 1190 honori
498 1169 524 1190 ci
539 1163 664 1197 praesidio
678 1163 759 1190 rebus
785 1163 841 1190 suis
853 1163 941 1191 futura
954 1165 1029 1191 vide-

237 1216 296 1236 rctu
301 1217 324 1236 τ.

273 1255 316 1292 [Ρ.
333 1255 397 1291 588]
406 1255 473 1282 Vlll.
485 1256 563 1283 Auno
572 1255 677 1290 Hegirai
688 1255 751 1286 617,
764 1255 842 1288 cuius
855 1255 958 1289 primus
970 1255 1028 1284 dies

238 1302 288 1329 fuit
297 1307 390 1329 sextus
401 1302 524 1329 decimus
533 1303 634 1335 Aprilis
643 1301 742 1329 Juliani
756 1301 937 1328 auuoCbristi
946 1302 1026 1334 1219,

238 1352 344 1374 mortua
358 1348 474 1382 primum
491 1347 626 1374 Turaciua
639 1353 726 1374 matre
735 1347 912 1374 dilectissimo
922 1348 1028 1382 Cayuc-

192 1389 197 1399 “
237 1393 349 1425 Chattis,
365 1394 422 1428 ipse
435 1401 489 1427 pra:
506 1393 600 1420 dolore
627 1393 714 1420 locum
741 1398 850 1420 mutans
875 1393 899 1419 in
931 1394 1027 1421 itinere

237 1447 333 1467 \‘ersus
358 1444 448 1473 partes
463 1439 618 1466 Orientales
648 1438 704 1464 fato
738 1438 847 1465 functus
881 1442 934 1469 est.
956 1446 1026 1465 nono

236 1486 279 1512 die
303 1486 392 1512 liahia:
405 1485 514 1520 prioris,
531 1485 602 1512 tertii
621 1485 724 1512 mensis
750 1485 776 1511 in
802 1492 873 1511 anno
895 1485 1026 1515 Arabico,

234 1533 286 1559 hoc
311 1536 353 1560 est
381 1533 424 1559 die
451 1531 678 1566 quinquagesimo
715 1531 829 1564 septimo
855 1538 869 1556 a
898 1530 1027 1558 Kalendis

235 1577 411 1609 Miiliarrami,
439 1584 500 1611 qua:
535 1581 596 1602 nuta
625 1583 729 1602 numeri
744 1575 815 1602 diem
845 1574 917 1602 Junii
944 1574 1029 1601 nude-

232 1624 333 1650 cimuin
351 1623 484 1657 destgnat.
501 1621 628 1648 Turbatis
653 1627 685 1646 co
718 1620 855 1654 inopinato
881 1627 944 1647 casu
969 1620 1027 1648 Mo-

233 1668 384 1701 guiensium
409 1667 488 1701 811
513 1666 610 1697 rebus,
631 1669 687 1692 tota
713 1672 778 1691 Citra
797 1665 901 1698 imperii
926 1665 958 1690 ad
975 1664 1027 1691 Ba-

235 1721 310 1740 tunm
326 1715 438 1748 estirpe
465 1711 661 1745 Gingizchanis
680 1716 744 1737 natu
774 1711 922 1737 niaximum
941 1711 1024 1738 devo-

233 1759 288 1785 luta
298 1763 351 1785 est.
367 1758 392 1785 Is
407 1765 454 1792 per
464 1757 652 1790 interregnum
663 1755 795 1790 regimine
809 1756 835 1781 in
850 1763 948 1782 manus
956 1763 1025 1783 sum-

233 1811 279 1838 pto
291 1805 372 1830 dabat
387 1810 496 1837 operam
505 1801 704 1836 congregandis
718 1801 750 1827 de
760 1808 833 1827 aiore
844 1800 934 1835 gentis
943 1801 1026 1828 convi-

230 1851 277 1876 Iiis
288 1858 296 1882 ;
309 1857 369 1883 quas
386 1856 430 1875 res
441 1849 476 1875 ob
489 1848 647 1874 distantiam
674 1846 806 1878 locorum.
817 1847 1025 1881 principumque

231 1893 460 1927 occupatiouesin
471 1893 630 1927 provinciis.
646 1893 782 1927 longiores
792 1900 865 1919 nunc
875 1893 955 1919 solito
966 1901 1024 1919 ino-

233 1950 277 1969 ras
289 1942 392 1969 habuit.
404 1941 430 1967 In
441 1941 513 1967 hunc
527 1940 653 1967 eumdem
667 1948 767 1966 annum
778 1944 853 1967 recte
867 1946 898 1966 ac
907 1947 1023 1966 ronsen.

233 1995 312 2015 ianee
323 1987 492 2014 nostratibus
501 1986 680 2019 chronologis
691 1985 797 2013 confert
805 1986 1022 2019 Abnlpliaragius

231 2034 349 2067 priorem
361 2033 387 2059 in
404 2032 510 2068 Syriam
530 2037 557 2059 et
570 2031 714 2067 Egyptum
737 2031 937 2065 expeditionem
958 2039 1022 2058 san-

224 2080 267 2106 -cti
280 2078 422 2111 Ludovici,
438 2087 518 2113 quem
536 2086 603 2105 sono
621 2079 696 2105 vocis
708 2077 779 2104 fama
793 2078 896 2111 jactata
923 2079 948 2104 in
976 2079 1022 2105 lit-

230 2130 304 2152 teras
317 2125 449 2152 Arabicas
461 2125 588 2158 conjecto
603 2124 751 2159 Redefraiis
770 2125 898 2158 appellat.
913 2125 954 2152 Ab
969 2126 1021 2152 hoc

1040 1500 1063 1531 C

1089 291 1155 323 perii
1187 291 1329 318 Munlmkai
1346 291 1456 324 Kaanis,
1487 292 1538 319 diei
1560 301 1632 319 nono
1653 293 1745 320 [labiae
1767 295 1884 327 prioris,

1089 342 1116 363 ut
1137 338 1235 364 diserte
1247 338 1345 365 asserit
1362 339 1590 373 Abulpharagins,
1608 338 1697 370 aflixa.
1713 345 1808 366 exacte
1819 349 1883 374 pro-

1086 374 1184 408 cedere
1207 391 1220 407 :i
1246 381 1373 409 Kalendis
1397 383 1469 410 Junii
1486 383 1585 410 Juliani
1605 392 1678 411 anno
1696 385 1796 411 Christi
1823 394 1884 412 uie-

1088 432 1193 454 morato
1210 427 1288 454 1251.
1304 427 1417 454 Videtur
1430 428 1474 455 bic
1488 428 1656 456 Muiikakaus
1673 429 1746 457 Kaaii
1763 431 1881 465 aliquid,

1087 473 1158 507 quod
1175 473 1322 500 observare
1345 479 1436 500 nostra
1454 474 1579 506 interest.
1603 476 1707 509 primus
1732 476 1882 503 innovasse

1087 518 1113 545 in
1136 519 1267 553 regimine
1288 519 1405 554 imperii.
1428 521 1532 547 Ascivit
1545 521 1617 548 cnini
1633 521 1685 548 sibi
1700 522 1780 549 veluti
1796 523 1882 549 Culic—

1086 573 1133 597 gas
1159 572 1174 592 e
1192 567 1248 592 suis
1267 565 1397 592 fratribus
1422 571 1526 601 septem
1554 568 1621 594 duos
1649 574 1713 594 natu
1743 569 1881 596 maximos

1087 609 1172 636 Kobla
1186 617 1211 636 et
1225 610 1328 637 Hulacu
1339 620 1347 643 ,-
1360 618 1473 645 quorum
1487 612 1603 644 priorem
1617 612 1642 638 iu
1656 613 1762 640 ultimos
1779 613 1882 640 Orien-

1087 658 1120 683 tis
1138 657 1214 687 fines.
1239 657 1382 684 Cathaiain
1409 658 1535 685 videlicet
1555 665 1582 684 et
1610 657 1740 686 Siucnscs
1766 660 1881 694 provin-

1085 702 1141 727 cias
1155 702 1228 728 misit
1241 702 1340 728 tuendo
1351 702 1404 729 illic
1415 702 1579 737 Mogulonsis
1592 703 1697 738 imperii
1709 705 1880 736 limiti,alte—

1086 755 1144 774 rnm
1163 747 1267 774 llulacu
1287 750 1457 776 moderandis
1475 749 1602 778 Occiduis
1619 752 1750 777 tractibus
1767 751 1878 785 imperii

1085 794 1216 827 eiusdem,
1240 795 1291 821 hoc
1317 800 1359 822 est
1389 796 1542 830 regionibus
1569 795 1697 829 Persidis,
1722 797 1879 832 Babylonia;

1086 846 1112 868 et
1127 840 1188 867 aliis
1217 841 1339 867 ltomano
1361 841 1475 875 imperio
1503 842 1665 874 confinibus,
1696 843 1816 876 pra'fecit
1831 850 1879 869 su-

1085 895 1177 920 prema
1195 893 1340 920 potestate,
1369 897 1448 922 quam
1466 889 1558 916 multis
1573 889 1651 916 annis
1665 889 1718 916 illic
1733 890 1876 922 exercuit;

1086 933 1155 960 unde
1175 942 1188 959 a
1206 934 1372 969 Pachyuiere
1399 935 1450 962 vol.
1467 935 1487 968 l,
1509 944 1534 970 p.
1551 936 1612 968 174,
1644 936 1751 962 Καλαοῦ
1769 937 1876 963 Chalau

1085 980 1157 1013 (uani
1168 981 1202 1007 ita
1218 980 1322 1006 llulacu
1340 981 1499 1007 vocabulum
1516 981 1662 1017 deformat)
1679 983 1772 1017 ἅρχων
1787 982 1877 1016 Τοχό-

1086 1033 1139 1059 ρων
1155 1026 1276 1060 princeps
1295 1026 1476 1052 Toclmrorum
1490 1028 1612 1054 absolute
1625 1028 1724 1054 dicitur
1738 1036 1745 1060 ;
1761 1034 1787 1054 et
1802 1028 1875 1062 apud

1085 1071 1323 1106 Abulpharagiuui,
1335 1080 1361 1106 p.
1374 1073 1437 1105 537,
1450 1073 1596 1100 cousdiaiii
1612 1073 1732 1108 Caliphte
1745 1073 1874 1108 liagiladi,

1084 1117 1116 1143 de
1135 1117 1214 1143 modo
1226 1118 1369 1145 resistendi
1384 1120 1470 1153 copiis
1497 1119 1651 1153 ingentibus
1675 1127 1742 1153 quas
1769 1119 1873 1146 llulucu

1083 1159 1210 1186 ductabat
1225 1161 1420 1194 deliberantes,
1439 1170 1499 1188 t-uin
1521 1171 1605 1197 regem
1620 1169 1808 1198 pra-palmum
1825 1172 1875 1192 v0-

1082 1210 1155 1233 cant.
1172 1205 1285 1234 Videtur
1302 1208 1334 1234 ad
1351 1208 1375 1234 id
1389 1210 1532 1236 consiliqu
1548 1211 1681 1245 partiendi
1699 1219 1760 1238 cuni
1778 1211 1873 1238 fiatri-

1083 1253 1132 1279 bus
1160 1253 1265 1287 iiuperii
1294 1254 1467 1283 Munkaliaus
1496 1258 1575 1284 Kaan
1598 1257 1791 1291 descendi~se,.
1822 1259 1872 1286 do-

1081 1309 1142 1331 ctus
1156 1303 1322 1337 experientia
1338 1311 1419 1337 quam
1434 1308 1507 1330 esset
1521 1303 1625 1330 difficile
1641 1310 1678 1330 tot
1695 1309 1804 1339 tamque
1818 1306 1873 1333 late

1082 1354 1205 1384 patentes
1219 1349 1373 1383 provincias
1395 1357 1478 1376 unum
1499 1357 1601 1383 regere.
1614 1350 1691 1377 Auno
1711 1351 1812 1385 quippe
1828 1359 1872 1378 se-

1080 1397 1169 1423 cundo
1195 1396 1237 1423 sui
1263 1396 1382 1430 imperii,
1408 1397 1512 1431 llegira:
1542 1396 1604 1427 650,
1639 1397 1717 1431 cujus
1742 1398 1870 1425 Kalenda

1081 1441 1246 1469 Muharrami
1267 1447 1460 1476 processerunt
1477 1451 1490 1469 a
1505 1443 1549 1469 die
1568 1443 1598 1470 14
1613 1443 1701 1470 Martii
1717 1443 1817 1471 Juliaui
1840 1445 1868 1472 Li

1081 1496 1153 1514 auito
1164 1487 1265 1514 Christi
1284 1488 1365 1519 1252.
1379 1488 1401 1515 is
1421 1489 1464 1514 vix
1485 1489 1578 1516 salvus
1593 1489 1725 1524 effugerat
1739 1490 1870 1525 coniura-

1082 1535 1181 1561 tionem
1196 1535 1340 1561 adversum
1357 1543 1385 1562 se
1400 1535 1516 1562 validam
1535 1535 1686 1570 principum
1701 1544 1757 1563 suae
1769 1538 1868 1572 gentis.

1079 1585 1229 1615 postquam
1251 1589 1410 1616 oppressam
1431 1582 1523 1609 statim
1547 1583 1630 1608 refert
1651 1583 1869 1618 Abulpharagius

1078 1625 1229 1653 destinatos
1247 1627 1280 1653 ah
1302 1634 1334 1653 eo
1353 1625 1469 1652 Koblam
1486 1627 1600 1653 fratrum
1620 1628 1702 1662 812
1718 1629 1868 1656 maximum

1080 1671 1107 1698 in
1127 1677 1217 1705 partes
1236 1671 1356 1698 Caihaia:
1373 1677 1400 1699 et
1422 1671 1529 1698 "illam
1552 1674 1701 1700 secundum
1716 1673 1750 1701 ab
1763 1674 1826 1707 hoc,
1841 1682 1868 1701 in

1077 1717 1226 1744 Oct-iduum
1244 1717 1409 1751 Mogulensis
1424 1718 1531 1752 imperii
1549 1719 1673 1747 limitem.

1114 1763 1158 1790 IX.
1177 1764 1256 1791 Anno
1269 1763 1374 1799 llegirze
1388 1764 1454 1795 651.
1469 1765 1548 1799 cujus
1562 1766 1665 1799 primus
1680 1765 1736 1793 dies
1750 1766 1779 1793 in
1793 1774 1866 1795 anno

1076 1809 1185 1837 Juliano
1197 1818 1258 1838 aera:
1272 1811 1372 1838 Christi
1389 1810 1460 1838 £255
1473 1817 1514 1838 est
1537 1813 1633 1838 tertius
1647 1813 1746 1840 mensis
1764 1812 1865 1846 Martii.

1075 1857 1222 1892 capessivit
1237 1857 1341 1883 Halani
1357 1857 1415 1883 sive
1433 1857 1538 1884 Clialau
1559 1858 1732 1884 commissam
1748 1859 1801 1886 sibi
1816 1867 1865 1886 an-

1076 1911 1110 1929 no
1124 1904 1263 1937 superiore
1272 1902 1459 1936 pra'fccturam
1473 1904 1671 1937 provinciarum
1683 1904 1865 1932 Occiduarutn

1075 1948 1237 1983 Mngntensis
1252 1949 1369 1983 imperii.
1393 1949 1426 1975 ad
1443 1957 1510 1984 quas
1534 1950 1672 1983 profectus
1699 1956 1740 1978 est
1763 1952 1865 1978 directis

1073 1994 1222 2021 exercitum
1237 1994 1489 2021 uuiiierosissiiuuin
1504 2000 1586 2030 atque
1599 1995 1790 2023 lectissimum:
1803 2004 1864 2024 nam

1073 2046 1089 2066 e
1103 2039 1218 2073 singulis
1234 2039 1383 2067 decadibus
1399 2040 1517 2067 militum
1532 2042 1599 2068 duos
1623 2041 1713 2076 elegit.
1729 2042 1864 2076 Suppedi-

1075 2085 1140 2112 tarit
1156 2084 1237 2111 etiam
1253 2085 1278 2112 ei
1293 2084 1465 2113 Muniialtaus
1479 2085 1554 2114 Kaan
1581 2087 1717 2121 ingentem
1746 2095 1864 2122 appara-

1072 2135 1129 2158 tum
1142 2138 1281 2158 armorum
1297 2136 1324 2157 et
1348 2131 1534 2158 machinarum
1565 2140 1627 2159 cuni
1652 2133 1735 2160 fabris
1754 2142 1861 2161 earum.

231 2171 315 2198 refert
329 2175 434 2204 captam
447 2171 616 2202 Damiatam;
633 2175 688 2196 ttiiu
704 2175 801 2196 caetera
819 2171 852 2198 de
869 2171 913 2198 illo
922 2172 1017 2198 eadem
1034 2173 1058 2202 D
1072 2177 1152 2204 ῡιηίι
1179 2185 1286 2212 quoque
1317 2185 1408 2205 secum
1437 2177 1543 2205 Ιιηιιιειι
1574 2179 1658 2206 mium
1683 2187 1761 2207 suum
1799 2186 1862 2208 ηειυ

229 2217 310 2249 plane
321 2215 539 2250 pariqueordiue
557 2223 589 2242 ac
608 2215 692 2242 nostri
711 2216 1017 2249 exsequiturliis'torici.

226 2262 297 2294 Qui:
308 2262 407 2291 obiter.
421 2262 453 2287 ad
465 2261 605 2294 specimen
620 2261 779 2288 verat-italis
789 2261 868 2295 hujus
877 2262 1017 2295 Clironiei,

219 2308 298 2334 Junii
323 2307 374 2333 fuit
399 2307 545 2334 indicasse.
573 2307 653 2334 Anno
684 2308 780 2334 dehinc
821 2307 924 2342 lit-gini:
949 2308 1015 2340 648,

220 2355 308 2387 q-ujus
341 2353 467 2380 Kalendas
497 2352 662 2379 Multarraini
680 2361 695 2379 a
722 2355 766 2380 die
792 2354 892 2388 Aprilis
923 2356 1016 2389 quinta

219 2400 382 2434 gpiocedunt
398 2399 424 2425 iti
445 2406 516 2425 anno
538 2407 600 2425 alia:
616 2399 734 2433 vulgatis
757 2400 920 2427 Christiana
939 2401 1016 2433 1250,

214 2447 337 2472 Διινυιιιιο
346 2446 402 2479 jam
416 2445 525 2472 biennio
541 2454 555 2472 a
572 2452 659 2473 morte
669 2446 884 2482 Cayuc-Chanis,
902 2456 1017 2476 cernens

229 2492 332 2519 {Salutis
352 2491 452 2518 frustra
480 2499 510 2518 se
527 2492 660 2519 hactenus
674 2493 813 2520 laborasse
831 2494 857 2520 in
874 2502 1017 2520 accersen-

227 2539 271 2565 δίς
285 2546 300 2565 e
325 2538 474 2573 longinquo
494 2540 677 2574 cogendisque
695 2540 722 2566 in
753 2540 872 2573 legitima
905 2541 1015 2566 comitia

216 2584 423 2618 ‘Mugnlensium
440 2585 619 2620 principibus,
639 2585 673 2612 de
694 2586 808 2612 consilio
831 2587 1015 2620 praesentium,

224 2636 253 2658 et
271 2638 383 2658 assensu
396 2631 550 2658 absentium
568 2639 616 2666 per
634 2631 733 2658 missos
749 2637 775 2658 et
801 2632 906 2667 litteras
924 2633 1017 2659 deelav

227 2683 297 2709 rato,
332 2676 512 2704 Manliakanm
546 2685 562 2704 e
580 2677 775 2710 Gingizcliauis
803 2678 888 2712 stirpe
911 2678 1017 2713 magnis

222 2725 337 2752 dotibus
373 2725 506 2758 insignem
535 2724 586 2751 rite
620 2725 812 2758 imperatorem
845 2725 1015 2758 declaravit,

218 2770 355 2805 .adjunclo
382 2771 407 2797 ei
434 2769 535 2797 Kaanis
551 2769 639 2797 titulo.
656 2769 750 2804 Neque
770 2771 813 2798 hic
827 2776 916 2798 tamen
941 2772 1015 2805 prius

215 2824 305 2851 quam
321 2823 406 2846 verno
431 2821 553 2850 tempore
571 2817 634 2844 anui
654 2817 802 2851 sequentis,
832 2817 935 2853 llcginn
953 2818 1014 2851 (349,

1071 2223 1111 2258 [Ρ.
1128 2223 1191 2259 589]
1202 2225 1347 2251 maximum
1366 2223 1505 2258 (Abakam,
1523 2225 1609 2259 inquit
1620 2226 1838 2261 Abulpliaragius
1854 2236 1860 2254 :

1069 2275 1110 2297 est
1124 2269 1148 2296 is
1165 2269 1224 2296 sine
1239 2270 1320 2296 dubio
1336 2277 1415 2304 quem
1433 2271 1613 2305 Pachyuieres
1637 2272 1755 2306 Apayam
1771 2273 1860 2308 vocat)

1070 2321 1097 2342 et
1108 2316 1266 2350 primariam
1278 2324 1392 2343 uxorem
1402 2317 1585 2344 Christianam
1597 2317 1728 2344 Dukuxum
1739 2319 1859 2346 nomine.

1071 2362 1137 2394 Quae
1152 2367 1249 2388 cuncta
1264 2362 1342 2396 iuvat
1353 2370 1520 2394 memorare.
1545 2363 1672 2397 quoniam
1698 2364 1731 2390 iis
1747 2373 1807 2398 qua:
1829 2366 1860 2392 dc

1069 2407 1171 2434 Chalau
1197 2407 1377 2442 Pachymeres
1405 2409 1487 2436 tradit
1512 2409 1591 2436 fidem
1617 2415 1752 2438 astruunt.
1773 2412 1860 2440 Annis

1069 2454 1136 2490 lleg.
1151 2454 1202 2481 655
1223 2459 1249 2482 et
1274 2454 1328 2481 656
1351 2460 1475 2482 recenset
1494 2455 1714 2490 Abulpliaragius
1735 2460 1859 2489 quaedam

1069 2506 1128 2527 acta
1148 2500 1252 2527 Hulacu
1268 2501 1334 2528 satis
1347 2502 1504 2535 conspicua.
1519 2502 1567 2529 sed
1579 2510 1673 2536 parum
1687 2504 1720 2529 ad
1735 2512 1782 2530 nos
1796 2512 1858 2538 per-

1070 2546 1195 2573 tinentia.
1219 2546 1297 2574 Unde
1321 2547 1357 2573 ad
1380 2555 1480 2574 annum
1504 2548 1568 2582 Heg.
1597 2548 1650 2576 655
1666 2558 1857 2583 promovemtls

1069 2591 1183 2625 gradum
1199 2602 1206 2618 :
1220 2592 1246 2619 in
1259 2600 1292 2619 eo
1316 2593 1415 2627 quippe
1431 2593 1515 2621 nimis
1535 2595 1616 2620 etiam
1635 2596 1719 2622 multa
1744 2597 1778 2623 ad
1809 2604 1857 2625 nos

1069 2637 1219 2670 spectantia
1236 2637 1456 2672 Aliulpharagius
1482 2646 1624 2668 memorat.
1645 2641 1751 2675 lncepit
1767 2629 1794 2669 is.
1802 2650 1856 2669 au-

1069 2689 1119 2708 nua
1135 2683 1266 2710 Arabicus
1284 2691 1298 2709 a
1313 2684 1358 2710 die
1373 2684 1406 2711 l9
1430 2684 1553 2712 Januarii
1581 2689 1644 2712 anui
1678 2687 1745 2714 Chr.
1776 2688 1855 2720 {257,

1069 2729 1139 2755 unde
1154 2734 1227 2756 totus
1239 2728 1297 2756 fere
1313 2737 1373 2757 cum
1389 2731 1438 2757 hoc
1452 2739 1698 2760 commensuratur.
1712 2733 1751 2759 Eo
1762 2735 1857 2763 smihit

1068 2774 1296 2810 Abulpltaragius,
1311 2784 1338 2811 p.
1355 2777 1406 2803 354
1418 2781 1445 2804 et
1460 2778 1600 2812 deinceps,
1617 2786 1763 2813 agroiasu
1775 2781 1857 2807 Then-

1067 2821 1160 2849 doriun
1176 2823 1361 2857 imperatorem
1382 2822 1534 2852 (ἔπεσσι-σιω
1547 2827 1572 2852 in
1598 2827 1661 2853 urbe
1678 2827 1772 2860 Nicia,-
1793 2828 1857 2854 iuu-
