1954 3063
105 95 169 128 869

766 101 998 130 CIIBONOLOG
1005 101 1012 130 l
1019 102 1100 133 CUS.

1697 104 1751 137 8'70

108 156 218 189 rimqu
229 161 338 181 vexasse
355 155 495 188 patricium
526 156 664 191 quemdam
680 166 692 184 ε
717 166 765 184 suo
781 159 909 184 mutilata
926 161 947 188 Α
963 166 1040 184 scere
1071 160 1159 195 magis
1190 162 1314 195 emperit,
1335 162 1459 197 superius
1486 166 1576 190 tamen
1604 162 1751 190 ino‘cvisse

108 200 274 227 Michaelem
288 209 463 235 cogitantum
480 202 672 238 Palwologum,
692 204 762 238 quod
775 212 788 231 ε
799 205 907 239 quibus-

108 248 177 273 dam
192 247 329 274 vaticinii:
345 256 405 282 qua:
426 249 579 282 ferebantur
599 255 761 285 suspectaret
781 256 908 284 regnatu-

108 299 192 322 rum;
215 292 330 326 juuiue
348 292 424 319 illum
452 294 481 320 in
510 295 637 321 territorii
665 294 908 322 Thessalonicensis

107 342 201 363 castra
215 337 328 371 quadam
344 339 539 372 comprehendi,
550 341 660 375 ducique
685 342 713 367 in
730 349 863 367 carcerem
891 349 908 367 α

107 383 233 417 quodam
248 384 364 416 Gndina,
377 386 423 420 qui
434 392 521 412 tamen
538 387 562 413 ei
575 388 727 421 prce-dixerit
755 387 906 420 imperium,

108 429 280 463 exsequendo
297 430 468 456 nihilominus
477 431 586 464 jusaum
601 432 770 464 imperatoris
787 431 908 459 Theodo-

108 475 146 500 ri.
165 474 245 501 Hunc
260 476 335 501 addit
347 476 503 503 adductin
523 485 552 504 se
567 477 704 505 Michaelis
723 479 908 505 misericordia

109 526 213 548 malum
235 530 294 548 eum
314 523 450 554 liberasse,
467 529 490 550 et
506 528 618 550 tutorem
631 533 721 558 paruo,
736 532 811 558 quem
824 525 907 551 relin-

113 570 220 603 yuebut,
236 571 293 604 filio
308 570 489 597 Cala-Joomzi
502 577 593 598 vocato
604 572 764 606 prmfecisse.
775 572 812 599 Ac
826 573 906 607 paulo

111 622 169 642 :ost
187 623 319 643 nio-vuum
337 618 363 643 in
380 619 540 644 monasterio
559 618 703 653 Magnesia
715 619 798 652 fuisse
811 620 907 653 sepul—

111 667 180 688 tum.
195 663 280 689 Addit
294 663 445 690 Muzalouis
461 665 573 695 czedcm,
600 664 739 692 Michaelis
763 665 905 700 Palteologi

110 710 312 742 promotioucm
349 709 382 735 ad
427 709 582 744 imperium,
624 712 905 746 circumscriptionem

110 755 190 788 pueri
204 754 396 782 Calo—Joannis
410 776 417 788 ,
433 757 595 791 ejectioncm
611 758 719 785 Arsenii
743 759 906 793 patriarchae

109 800 138 826 in
154 800 281 827 exsilium
291 801 368 834 jussu
381 801 532 834 Michaelis,
545 803 617 838 quod
629 803 652 831 is
666 804 754 838 ipsum
767 805 799 832 de
811 805 903 840 pupilli

963 212 1016 230 nou
1043 213 1192 240 negamus:
1227 209 1282 235 imo
1309 209 1334 236 id
1366 209 1489 236 historia;
1516 210 1607 237 series
1635 209 1748 239 indicat.

963 252 1065 284 statim,
1085 253 1194 287 inquam
1208 274 1215 287 ,
1241 259 1303 289 post
1321 275 1328 288 ,
1347 263 1444 290 nempe
1470 264 1541 282 anno
1557 255 1662 291 Hogira:
1675 255 1727 282 656
1741 275 1750 288 ,

963 299 1040 332 cujus
1057 299 1107 327 fuit
1122 300 1229 328 initium
1257 303 1314 328 dies
1333 302 1456 330 Januarii
1480 307 1594 330 octavus
1621 305 1648 330 in
1677 311 1750 330 anno

963 343 1065 371 Chriin
1082 346 1162 372 modo
1177 353 1329 374 memorato
1347 348 1416 375 1258
1433 368 1440 379 ,
1457 348 1558 375 llulacu
1580 356 1674 376 mense
1691 350 1749 382 ipso

963 390 1027 416 anni
1041 391 1128 422 primo
1145 391 1319 418 Muharramo
1339 394 1506 428 oppugnavit
1529 395 1752 428 expugnavitque

962 435 989 461 vi
1006 443 1112 462 summa
1148 439 1246 464 urbem
1274 439 1353 473 longe
1390 440 1536 466 maximam
1567 440 1723 473 Bagdadum
1741 459 1750 472 ,

961 481 1025 508 olim
1045 481 1212 517 Babylonem
1242 484 1341 510 dictam
1358 505 1365 516 ,
1382 486 1550 519 melropolim
1575 486 1649 520 regni
1676 485 1752 512 Cali-

961 527 1032 561 phar.
1046 528 1105 560 Quo
1120 529 1146 555 in
1163 530 1287 557 ordinem
1304 531 1413 558 redacto
1432 551 1440 564 ,
1459 532 1614 566 ditiuneque
1646 533 1705 566 ejus
1721 532 1748 559 in

963 573 1069 608 imperii
1109 575 1234 610 Mogulici
1278 578 1445 612 provinciam
1489 586 1643 610 conversa,
1688 580 1750 606 lini-

964 620 1059 647 timum
1125 621 1269 657 dynastam
1284 644 1291 656 ,
1331 624 1463 652 Mauselaa.
1492 625 1558 661 [Ρ.
1591 625 1671 661 590]
1700 627 1750 652 do-

961 667 1082 699 minum,
1102 669 1185 696 minis
1218 670 1354 701 territum,
1373 671 1423 697 sibi
1451 671 1624 698 tributarium
1663 672 1748 699 fecit:

963 715 990 737 et
1002 711 1169 746 Astraphum
1183 713 1339 749 dynastam,
1359 716 1432 742 arcis
1443 716 1636 743 munitissima:
1650 717 1749 743 ﬁducia

961 755 1055 791 jugum
1070 758 1164 785 subire
1178 759 1377 786 detrectantem
1392 782 1399 793 ,
1415 762 1440 788 in
1459 761 1516 796 ipsa
1536 763 1581 788 illa
1607 770 1656 789 sua
1680 759 1748 789 urbe

962 801 1188 836 Mihaplmrekino
1200 825 1209 835 ,
1225 805 1288 832 licet
1303 806 1504 841 inexpugnabili
1523 827 1530 838 ,
1547 809 1618 835 fame
1633 809 1750 835 domnu-

107 847 290 882 oppressione
306 849 544 882 reprehendisset:
559 851 676 885 denique
689 852 843 878 accumulat
863 860 901 879 su-

961 846 1023 872 dum
1036 847 1250 882 obsiderijussit
1277 857 1292 876 a
1321 837 1389 878 suis.
1406 837 1526 878 ‘l)uravit
1558 854 1664 880 obsidio
1687 855 1747 888 plus

108 901 161 927 per
169 894 261 919 omnia
275 895 507 928 recuperationem
517 896 591 923 urhis
600 897 908 932 Constantinopolitanae

107 939 312 973 clejectiouem
324 947 358 967 ex
385 948 416 967 ea
443 940 613 974 Latinorum,
630 944 739 970 modum
766 944 804 970 rei
825 949 907 978 gestae

109 985 248 1016 referens,
265 986 290 1012 in
309 994 373 1020 quo,
397 993 428 1014 ut
440 991 468 1014 et
483 989 609 1021 superius
633 990 805 1023 memoratis,
829 999 906 1023 alue-

109 1032 175 1058 dam
194 1040 247 1059 non
264 1035 332 1060 adeo
345 1033 433 1067 magni
451 1035 582 1062 momenti
609 1035 800 1070 discrepantia:
824 1045 838 1064 a
853 1037 906 1065 Pa-

109 1077 288 1112 chymeriana
301 1080 458 1106 narratione
475 1080 554 1108 facile
579 1089 641 1108 cum
661 1082 827 1117 deprehendi
849 1089 905 1111 tum

107 1123 212 1158 corrigi
226 1129 351 1158 poterunt
371 1134 402 1152 cx
421 1126 567 1154 collatione
595 1135 654 1154 cum
674 1128 691 1155 l.
709 1137 716 1155 ι
732 1131 817 1163 partis
834 1131 908 1163 prio-

109 1169 150 1196 ris
167 1171 248 1203 hujus
277 1176 376 1198 nostra:
402 1173 531 1200 historiae.
565 1173 654 1201 Ununr
681 1176 837 1203 necessario
862 1177 905 1204 hic

109 1216 299 1248 emendaturis,
318 1217 389 1251 quod
404 1218 442 1244 ait
453 1219 570 1252 spatium
600 1221 739 1254 temporis,
766 1229 821 1256 quo
840 1222 904 1250 urbs

109 1263 363 1296 Constantinopolis
380 1268 445 1292 tunc
465 1264 567 1292 Gra‘cis
590 1265 693 1293 reddita
709 1272 860 1300 permanstt
877 1268 902 1295 in

110 1313 249 1342 potestate
259 1308 431 1341 Latiuomm,
450 1312 532 1338 fuisse
546 1319 675 1338 annorum
696 1314 804 1339 circiter
828 1315 904 1347 quin-

110 1356 241 1390 quaginta
260 1357 351 1383 trium.
373 1356 469 1384 Verius
483 1358 586 1392 quippe
601 1359 733 1394 Georgius
757 1360 904 1394 Acropoli-

112 1405 138 1427 ta
149 1421 157 1431 ,
175 1409 255 1435 quem
273 1403 468 1436 descripsimus
485 1409 511 1430 et
525 1409 598 1431 recte
617 1413 775 1433 numerasse
788 1408 904 1433 demon-

109 1447 259 1474 stravimus
272 1449 391 1481 priorum
408 1449 636 1477 Observationum
657 1451 673 1477 l.
688 1458 730 1483 ut,
747 1459 771 1479 c.
787 1453 813 1485 4,
831 1460 858 1483 α.
874 1453 902 1486 5,

960 892 1080 920 biennio.
1098 892 1219 921 Tandem
1237 898 1309 922 atino
1322 895 1428 930 Hegiraz
1443 896 1496 924 658
1514 898 1665 933 Astraphus
1687 900 1745 934 plc~

959 938 1051 969 risque
1076 946 1188 966 suorum
1217 940 1287 967 fatue
1311 942 1463 976 absumptis
1491 944 1594 971 dedens
1620 953 1681 971 sesc
1711 946 1745 973 ad

960 982 1060 1010 Hulacu
1086 985 1259 1018 perducitur,
1280 993 1308 1014 et
1323 986 1402 1020 jussu
1431 988 1488 1021 ejus
1506 990 1679 1017 interficitur.
1694 991 1746 1018 Eo-

957 1030 1017 1057 dem
1030 1035 1120 1058 autem
1134 1039 1208 1059 anno
1221 1032 1328 1068 llegim
1343 1033 1396 1060 658
1413 1054 1420 1066 ,
1438 1034 1483 1068 qui
1505 1042 1565 1061 cum
1582 1035 1715 1069 inceperit
1728 1045 1742 1063 a

957 1076 991 1102 18
1008 1077 1163 1104 Decembris
1193 1079 1256 1105 anui
1277 1078 1378 1106 Christi
1399 1080 1466 1107 1259
1484 1089 1569 1115 usque
1586 1082 1612 1108 in
1631 1082 1744 1110 Decem-

956 1122 1031 1148 hrcm
1052 1123 1116 1149 attni
1144 1123 1248 1151 Christi
1274 1124 1342 1151 1260
1367 1126 1514 1158 excurrit,
1536 1126 1638 1154 llulacn
1661 1132 1744 1162 ponte

957 1166 1088 1202 Euphrati
1114 1169 1242 1209 imposito
1256 1171 1367 1204 trajecit
1391 1172 1416 1198 in
1436 1171 1545 1206 Syriam
1560 1193 1567 1204 ,
1582 1173 1686 1202 ducens
1700 1182 1744 1202 se-

956 1220 1017 1240 cum
1048 1214 1235 1243 formidabiles
1265 1217 1357 1250 copias
1389 1218 1506 1245 millium
1531 1220 1744 1253 quadringento-

955 1266 1027 1291 rum,
1041 1260 1139 1293 quibus
1151 1259 1311 1288 Damascum
1325 1262 1417 1289 obiter
1430 1264 1512 1297 cepit,
1532 1263 1663 1292 Halebum
1680 1270 1743 1300 post

956 1305 1061 1332 dierqu
1081 1313 1229 1338 paucorum
1253 1308 1481 1343 oppugnationem
1501 1311 1646 1337 cumctede
1662 1311 1743 1338 innu-

955 1351 1128 1377 merabilium
1144 1352 1198 1379 illic
1214 1359 1382 1387 repertorum
1402 1356 1580 1389 expugnavit.
1605 1357 1636 1384 Al
1655 1357 1743 1385 Naser

956 1396 1052 1423 llalehi
1067 1396 1194 1424 dominus
1209 1406 1270 1424 cum
1290 1399 1422 1426 uxoribus
1450 1406 1477 1427 et
1497 1401 1594 1427 liberis
1609 1402 1666 1434 jam
1679 1408 1744 1430 ante

955 1441 1095 1476 profugus.
1117 1448 1213 1475 captus
1230 1443 1328 1471 deinde
1342 1449 1370 1471 et
1383 1445 1493 1472 occisus
1514 1452 1566 1473 est.
1585 1447 1642 1473 Sub
1657 1448 1714 1474 hinc
1725 1455 1741 1474 a

109 1492 245 1519 detentam
263 1502 278 1521 a
294 1494 399 1521 Latinis
414 1495 678 1531 Constantinopolim
696 1505 744 1531 per
755 1505 840 1526 annos
855 1505 902 1526 oc-
918 1513 942 1544 ο
957 1490 1102 1539 receqen‘le
1117 1496 1132 1516 θ
1147 1489 1224 1523 Syria
1243 1489 1345 1544 "tilla?"
1365 1490 1478 1518 relicum
1507 1493 1540 1544 ξι)
1570 1500 1603 1519 ⁸ο
1622 1493 1741 1544 “lia?”

110 1544 137 1565 ιο
148 1547 230 1572 supra
247 1541 442 1575 quinquaginta
458 1542 600 1569 afﬁrmavit
613 1563 620 1575 ,
636 1543 791 1578 8131mm
824 1545 857 1572 ab
868 1545 902 1572 iis

108 1590 263 1619 expugnata
282 1587 365 1613 fuerit
377 1595 449 1614 anno
464 1587 566 1615 Christi
587 1588 667 1621 i203,
684 1589 729 1616 die
743 1590 776 1616 12
791 1591 902 1625 Aprilis,

108 1636 135 1657 et
149 1631 254 1658 Grrecis
272 1633 376 1660 reddita
391 1641 461 1660 anno
477 1633 577 1661 Christi
597 1635 675 1667 1Ξ61,
693 1635 737 1662 die
750 1636 784 1664 25
801 1636 903 1663 mensis

107 1677 182 1704 Julii.
203 1678 303 1705 Frnudi
317 1679 445 1705 nimirum
463 1680 666 1716 Abulpltaragio
683 1681 743 1714 fuit,
757 1683 827 1716 quod
845 1682 902 1709 haec

108 1728 218 1754 cuncta,
236 1728 313 1756 prout
330 1723 411 1750 simul
430 1725 565 1758 audierat,
582 1733 637 1752 uno
655 1726 728 1753 fasce
757 1728 782 1753 in
800 1734 901 1754 annum

108 1765 151 1794 sui
168 1767 298 1795 Chronici
311 1770 419 1797 unicum
434 1771 590 1804 congessit;
607 1779 666 1805 quae
681 1773 703 1798 si
719 1771 900 1804 distinxisset,

107 1815 289 1848 perducturus
313 1815 400 1842 fuerat
418 1817 450 1843 ad
469 1825 570 1843 annum
599 1817 704 1852 Hegirte
733 1817 796 1850 659,
822 1819 901 1853 cujus

107 1859 235 1887 Kalendae
251 1860 416 1889 liluharrami
433 1870 495 1889 cum
521 1864 632 1890 inierint
647 1871 662 1890 a
679 1864 723 1890 die
739 1868 816 1891 sexta
845 1864 899 1892 Dc-

107 1906 226 1934 cctnbris
238 1907 301 1933 anui
316 1906 418 1935 Christi
436 1908 516 1940 1260,
542 1909 638 1942 majori
652 1909 694 1936 sui
708 1914 787 1943 parte
812 1917 900 1937 annus

107 1951 152 1978 ille
169 1953 300 1979 Arabicus
315 1961 376 1980 cum
404 1953 512 1982 Juliauo
539 1955 565 1982 in
593 1962 647 1982 mra
676 1959 768 1982 nostra
796 1955 899 1990 vulgari

108 1998 174 2025 1261
193 1999 341 2026 concurrit.

145 2045 176 2072 X.
211 2045 388 2078 Ignoscatuus
408 2051 499 2072 autent
516 2066 523 2078 ,
541 2052 642 2073 censeo
657 2066 664 2076 ,
693 2045 898 2080 Abulpharagio

108 2092 213 2125 (‘ltlpalu
230 2091 310 2118 istam
335 2092 554 2126 qualemcunque
571 2091 752 2118 confusorum
774 2091 800 2118 in
814 2100 898 2119 unum

108 2145 242 2163 annorum
255 2141 382 2170 quatuor,
396 2145 482 2170 quam
495 2142 607 2164 excusat
624 2137 651 2164 in
677 2137 787 2164 homine
808 2137 899 2165 Arabe

958 1533 1242 1567 provinciaepraeesset
1258 1535 1380 1570 Cetbuga
1406 1543 1467 1563 cum
1500 1538 1594 1564 decem
1621 1539 1742 1566 millibus

954 1578 1087 1611 equitum,
1105 1579 1198 1613 prtulio
1212 1580 1302 1607 victus
1315 1585 1342 1607 et
1366 1581 1527 1608 interfectus
1541 1587 1581 1608 est
1606 1590 1619 1608 a
1636 1582 1741 1610 Kutuzo

953 1624 1037 1659 814
1053 1624 1244 1653 Turcomauuo
1261 1626 1387 1660 praefecto
1409 1626 1530 1662 Egypti.
1550 1627 1655 1655 Eodem,
1667 1636 1741 1656 anno

954 1670 1122 1698 Munkakaus
1134 1671 1208 1698 Kaan
1223 1679 1366 1706 supremus
1382 1672 1531 1707 imperator
1544 1673 1740 1707 Mogtdenaium

954 1718 1048 1752 prazlio
1064 1719 1209 1745 adversum
1232 1725 1323 1752 regem
1335 1718 1462 1744 Siuarum
1478 1718 1653 1745 rebellantem
1665 1726 1742 1745 eom-

954 1763 1041 1791 misso
1059 1764 1159 1799 sagitta
1172 1764 1243 1791 ictus
1259 1764 1397 1791 occubuit.
1418 1765 1454 1790 De
1468 1763 1549 1797 hujus
1566 1765 1742 1791 successione

953 1809 1023 1836 inter
1039 1810 1107 1836 duos
1120 1810 1180 1844 ejus
1209 1810 1310 1837 fratres
1325 1818 1373 1845 per
1385 1817 1472 1836 annos
1504 1810 1566 1836 inde
1588 1810 1740 1836 octodecim

953 1860 1088 1883 certatum
1110 1861 1175 1887 est,
1207 1857 1402 1884 succumbente
1436 1856 1551 1890 denique
1577 1860 1602 1881 ct
1644 1855 1742 1882 cedere

952 1908 1048 1929 coacto
1065 1901 1199 1936 Arighuga
1223 1906 1288 1928 natu
1316 1902 1422 1928 minore
1439 1921 1447 1932 ,
1476 1906 1504 1927 et
1524 1899 1621 1927 Kublui
1642 1905 1741 1934 praeter

954 1948 1043 1974 aetatis
1069 1948 1276 1981 praerogativam
1307 1946 1499 1980 prmstantihus
1528 1953 1636 1978 qucque
1662 1953 1740 1972 com-

953 1993 1081 2020 mendato
1105 1992 1213 2019 dotibus
1229 2012 1235 2023 ,
1266 1992 1349 2018 armis
1378 1992 1458 2018 etiam
1481 1990 1654 2024 praevalente.
1680 1990 1745 2022 Quo

952 2039 1023 2066 civili
1042 2044 1095 2066 tam
1109 2038 1182 2072 longi
1212 2037 1341 2070 temporis
1367 2036 1481 2062 dissidio
1510 2040 1585 2061 tanto
1609 2034 1740 2061 videlicet

951 2085 1053 2112 certius
1077 2084 1255 2111 conﬁrmatus
1280 2088 1321 2109 est
1344 2081 1446 2108 Hulacu
1475 2082 1502 2108 in
1528 2080 1653 2107 absoluto
1682 2085 1738 2107 tra-

952 2136 1043 2157 ctuum
1059 2129 1255 2161 Occitluorum,
1270 2127 1369 2163 quibus
1386 2131 1510 2161 proserat,
1524 2126 1648 2159 imperio.

109 2191 221 2218 peregre
249 2183 363 2217 dcgt-nte
387 2184 429 2210 vix
454 2183 594 2210 evitabilis
629 2183 782 2218 ignorantia
803 2190 894 2210 rerum

983 2175 1030 2203 XI.
1048 2176 1121 2210 Ergo
1134 2176 1157 2202 is
1174 2179 1201 2201 ut
1219 2174 1347 2201 amissam
1373 2173 1450 2200 rlade
1471 2172 1602 2206 Cethugm
1628 2171 1738 2207 Syriam

108 2230 262 2256 (ὶιηυςκι-ιιιιι
283 2231 353 2256 haud
381 2237 429 2263 per
448 2237 478 2256 se
506 2237 671 2264 magnopere
699 2229 847 2264 insignium
869 2234 897 2256 et

110 2276 175 2302 locis
196 2284 210 2302 a
237 2277 404 2302 commercio
430 2276 552 2310 abruptis
585 2279 784 2302 transaclarum
799 2293 810 2308 ι
834 2283 896 2302 cum

109 2323 259 2357 pra'sertim
281 2323 375 2348 eodem
395 2326 517 2356 tempore
539 2327 644 2349 nitentes
655 2321 689 2348 ad
716 2329 746 2348 se
772 2322 895 2349 omnium

111 2377 155 2403 per
170 2369 443 2396 interiorem'Asiam
471 2372 599 2402 raperent.
624 2367 772 2401 prodigiosi
802 2367 896 2402 Mogu-

110 2416 190 2442 lensis
215 2416 320 2449 imperii
344 2415 394 2442 sub
422 2414 553 2449 auspiciis
575 2413 680 2441 llulacu
707 2414 764 2440 sive
789 2414 893 2441 Chalau

110 2469 289 2497 progresms,
313 2469 365 2488 nec
381 2462 415 2488 iis
445 2462 563 2495 Spatium
595 2461 646 2488 alia
677 2461 757 2493 longe
791 2461 895 2487 minora

110 2509 265 2535 distinctius
292 2508 457 2534 observandi
485 2507 681 2541 relinquerent.
712 2506 781 2532 Nam
803 2505 894 2532 statim

111 2560 168 2590 post
198 2562 300 2580 annum
325 2553 399 2580 illum
430 2553 534 2588 llcgirte
560 2552 632 2585 655,
662 2560 716 2586 quo
749 2556 896 2585 :cgrotasse

111 2594 287 2629 Theodorum.
300 2600 459 2627 Graecorum
486 2600 680 2634 imperatorem
715 2599 796 2624 tradit
812 2596 897 2622 Abul-

112 2646 278 2682 pharagius,
299 2653 352 2671 non
371 2645 440 2671 male
474 2646 507 2670 ad
538 2648 659 2669 nostram
691 2640 895 2673 chronologiam

114 2701 185 2720 l0lll0
199 2692 285 2726 priori
303 2699 328 2718 c.
341 2691 436 2717 ultimo
450 2690 468 2716 l.
488 2698 515 2716 Ill
539 2688 768 2716 Observationum
794 2692 896 2718 ρλιιιιίι-

114 2747 168 2766 s.-m
198 2739 249 2766 etsi
275 2738 348 2765 enim
376 2737 431 2763 illic
449 2744 499 2762 nos
527 2743 598 2762 anno
617 2733 718 2761 Christi
743 2731 831 2761 l958,
853 2739 896 2757 re-

116 2786 261 2820 spondente
272 2792 344 2812 anno
358 2783 463 2819 llegira:
478 2783 530 2810 656
541 2803 548 2815 ,
566 2782 681 2816 primam
701 2779 786 2805 morbi
805 2778 896 2804 Theo-

116 2833 170 2861 dori
191 2832 353 2860 mentionem
370 2831 554 2865 posuerimus,
579 2829 650 2863 quod
678 2831 742 2853 tunc
768 2825 896 2860 ingrave-

953 2226 1142 2256 recuperaret,
1158 2228 1230 2247 anno
1258 2219 1363 2253 llegirae
1378 2219 1442 2251 659,
1457 2219 1503 2252 qui
1521 2220 1604 2251 ccepit
1619 2225 1633 2244 a
1651 2218 1696 2245 die
1720 2217 1739 2244 6

952 2269 1109 2296 Decembris
1136 2268 1199 2294 anni
1227 2267 1327 2293 Christi
1355 2265 1425 2293 i260
1445 2285 1454 2299 ,
1486 2269 1513 2292 et
1537 2267 1740 2298 consequenter

951 2315 1069 2342 excessit
1089 2315 1116 2340 in
1136 2318 1239 2346 partem
1271 2313 1414 2340 niaximam
1441 2311 1503 2337 anni
1521 2310 1622 2337 Christi
1646 2309 1711 2336 1261
1728 2327 1739 2339 .

952 2364 1088 2397 ingentem
1105 2368 1213 2387 suorum
1230 2360 1380 2386 exercitum
1395 2365 1429 2384 eo
1447 2358 1521 2384 misit
1541 2357 1610 2384 dum
1620 2357 1737 2390 quodam

952 2407 1097 2443 Cugeln’o,
1116 2407 1161 2440 qui
1174 2410 1270 2432 cuncta
1287 2405 1373 2438 primo
1389 2404 1508 2430 adventu
1531 2402 1609 2429 facile
1632 2402 1739 2434 subegit

952 2454 1087 2481 Halebnm
1105 2458 1203 2486 usque,
1221 2450 1346 2485 plurimis
1364 2450 1464 2483 passim
1487 2449 1675 2476 obsistentium
1689 2454 1739 2474 oc-

953 2501 1029 2528 cisis.
1047 2498 1101 2526 Sed
1126 2505 1186 2524 cum
1203 2503 1374 2531 prapropcre
1402 2495 1436 2522 ad
1464 2502 1529 2521 suos
1558 2494 1739 2525 revertisset,

951 2545 1179 2582 supervenientes
1197 2543 1387 2578 [Egyptiormu
1418 2549 1521 2574 inagitata
1541 2541 1625 2575 copiae
1643 2539 1740 2574 Mogu-

952 2592 1072 2620 lensibus
1088 2591 1177 2617 denuo
1197 2589 1302 2625 Syriam
1321 2589 1489 2622 eripuerunt.
1506 2587 1619 2614 interest
1643 2590 1735 2612 nostra

952 2640 996 2666 ltic
1031 2637 1181 2664 observare
1224 2636 1304 2670 cujus
1341 2635 1472 2669 auspiciis
1502 2634 1559 2660 ha‘c
1589 2638 1642 2658 lam
1672 2631 1739 2657 felix.

951 2684 1143 2720 Egyptiorum
1171 2682 1307 2716 expeditio
1324 2682 1359 2709 sit
1378 2685 1523 2714 suscepta:
1546 2679 1579 2706 de
1607 2679 1656 2704 hoc
1666 2677 1740 2704 enim

951 2740 1004 2759 non
1023 2729 1208 2765 perfunctOrie
1226 2730 1283 2763 agit
1311 2733 1403 2755 noster
1434 2727 1617 2761 Pachymcres
1630 2743 1638 2757 ,
1657 2724 1715 2751 Lm
1729 2742 1742 2756 ,.

952 2785 974 2805 c.
990 2777 1018 2808 ὅ,
1031 2775 1084 2802 4e!
1099 2776 1115 2802 5
1133 2776 1196 2802 torui
1214 2775 1314 2810 prioris
1329 2795 1336 2806 ,
1355 2781 1401 2801 res
1411 2779 1562 2806 exsequens
1579 2779 1595 2797 a
1609 2770 1743 2797 biit-hacta

952 2823 1106 2857 Paliculogo
1118 2828 1209 2857 gestas
1221 2823 1310 2849 statim
1325 2829 1339 2848 a
1354 2820 1467 2848 solemni
1485 2827 1535 2847 sua
1551 2818 1738 2848 coronatime,

1763 2633 1769 2649 \
