1954 3063
97 77 173 107 8Τ3

775 78 823 107 CH
830 77 1002 108 RONOLOG
1008 79 1104 110 lCUS.

1698 87 1749 119 871

99 135 219 161 Christi
240 133 319 181 l965,
337 138 363 160 et
376 133 439 181 quia
459 141 521 168 qua:
542 135 624 161 multa
648 139 674 162 ct
702 136 780 163 molis
803 145 907 172 magna;
923 141 944 168 Α
960 138 1050 166 bendo
1062 140 1252 175 Abulpbaragii
1264 142 1399 176 rationes;
1413 145 1750 181 quodcquidcru,propt«r

101 183 142 206 ab
180 180 386 214 Abulpharagio
417 179 443 206 in
474 181 544 207 hunc
571 187 672 206 artuum
704 187 907 215 congeruntur,

103 234 216 261 nempe
242 234 315 254 mors
343 226 449 253 llulacu
477 231 505 253 et
530 227 622 261 aliquo
645 227 788 254 intervallo
814 232 907 254 secuta

103 280 190 298 tnurs
216 273 299 299 etiam
327 272 442 299 Dukusae
462 272 631 301 .Christiana:
655 272 780 306 conjugis
807 272 908 307 ipsius,

106 325 173 344 tum
209 323 270 351 post
297 318 367 345 hanc
383 319 492 345 comitia
514 319 713 353 Mogulensitnn
742 319 908 352 principum,

103 366 156 399 qui
175 364 295 390 Abakam
312 365 346 390 ob
362 369 532 398 perspectam
547 365 624 398 ipsis,
641 369 670 392 ttt
683 366 720 392 ait
740 365 910 400 Abulphara-

104 412 188 445 gius,
206 411 265 444 ejus
292 412 460 445 prudentiam
473 430 481 443 ,
498 411 690 446 sufﬁcientiam,
722 411 909 442 eruditionem,

104 464 179 490 etc.,
197 458 292 485 liberis
308 457 448 492 suffragiis
464 459 491 484 iu
520 465 676 492 supremum
689 465 742 484 suae
755 457 844 492 gentis
860 457 910 483 itit-

107 510 270 540 pcraturem
283 505 426 538 elegerunt
436 509 461 529 ct
471 504 586 531 subinde
597 505 647 530 rittt
660 504 778 538 ipsorum
792 511 890 530 corona
899 518 905 522 -

108 557 190 581 runt,
200 559 252 577 non
264 550 387 577 videnlur
401 557 482 583 posse
494 550 519 576 itt
531 550 649 584 primum
659 549 721 576 anni
737 549 845 576 Arabici
863 550 910 574 Iri-

109 601 217 622 ntestre
235 596 312 622 facile
326 595 473 630 compingi,
502 595 675 622 verisimilius
694 587 850 621 Idill‘erimus
864 601 911 620 au-

108 643 199 677 spicia
214 643 318 676 imperii
330 642 430 669 Abakae
441 642 644 676 hujusquecum
658 640 740 667 Maria
757 641 864 674 nuptias
883 640 909 667 in

109 696 217 715 aut-tum
233 688 334 715 Christi
356 688 434 714 I266.
451 687 657 715 Observandum
673 687 717 713 hic
731 686 908 718 estAbakmn,

109 735 173 761 sive
187 739 218 760 ut
234 733 416 769 Pachymercs
426 738 505 760 vocat
519 735 649 767 Apagam,
666 732 772 759 titulum
787 730 910 766 supremi

111 780 318 815 Mogulensiutn
345 780 430 807 Kanis
457 780 509 806 rite
530 779 652 806 delatum
680 778 831 813 accepisse,
845 785 905 804 ctttn

110 828 177 862 ejus
197 832 276 861 pater
289 826 342 853 tale
358 825 500 860 imperium
516 832 642 852 exercere
659 825 725 852 satis
739 824 842 852 habens
856 831 900 850 vo-

109 872 213 899 cabulo
227 872 287 905 ejus
302 871 475 898 abstinuerit.
492 871 548 898 lloc
566 878 599 898 eo
615 870 700 898 videri
718 874 807 905 potest
819 869 903 896 mira-

111 915 212 948 bilius,
232 914 305 949 quod
331 915 398 942 satis
420 915 561 942 constabat
586 915 677 942 vivere
693 915 782 942 adhuc
795 913 901 944 Kublai.

109 961 158 995 qui
189 961 340 988 Munltaltao
368 955 654 988 Kaani‘occumbenti
680 963 852 988 successerat
876 959 901 985 in

111 1009 240 1042 imperio,
256 1015 326 1034 anno
343 1008 378 1034 ab
394 1008 457 1034 hinc
476 1014 550 1034 retro
564 1007 660 1041 quinto
676 1011 722 1033 aut
741 1011 829 1037 sexto,
848 1006 901 1032 lle-

110 1054 180 1089 εἰπε
196 1053 259 1085 659,
277 1059 306 1081 ut
330 1053 411 1089 paulo
429 1053 555 1087 superius
575 1061 603 1081 n.
627 1052 660 1080 l0
680 1052 832 1080 retulimtts.
846 1051 901 1079 Vc-

111 1107 173 1125 ruttt
205 1099 279 1133 quia,
302 1105 331 1126 ut
356 1099 457 1144 ibidem
487 1099 588 1126 dictum
616 1103 666 1129 est.
693 1098 829 1133 Arigbugn
845 1097 901 1125 fra-

108 1149 155 1172 tre
166 1146 273 1172 minore
287 1144 383 1172 Kublai
401 1145 604 1172 successionem
622 1144 672 1171 sibi
690 1145 797 1179 itnpcrii
812 1145 899 1172 vindi-

108 1195 204 1223 caute.
215 1191 316 1218 bellum
334 1191 406 1218 inter
427 1198 474 1218 eos
498 1191 578 1218 civile
594 1190 740 1218 conﬂatum
761 1196 812 1223 est,
828 1192 899 1225 quod

113 1244 201 1263 annos
217 1236 291 1270 ipsos
310 1237 459 1263 octodecim
477 1238 563 1263 tenuit
589 1244 620 1263 ac
645 1241 847 1271 consequenter
866 1237 899 1263 ad

114 1283 257 1310 duodecim
273 1289 319 1310 aut
341 1284 469 1310 tredecim
490 1283 524 1310 ab
537 1283 599 1309 hinc
615 1291 699 1310 annos
722 1287 898 1318 propagatum

112 1333 166 1359 est,
185 1333 268 1355 totum
297 1329 383 1356 instat-
400 1329 504 1363 imperii
528 1328 650 1362 Mognlici
670 1336 702 1356 ex
716 1328 899 1356 Orientalibus

113 1376 235 1402 fraterna
250 1375 422 1402 dissensione
439 1375 556 1402 turbatis
581 1375 711 1402 tractibus
730 1375 756 1402 in
772 1374 898 1403 Occiduis

110 1427 138 1448 et
154 1421 264 1448 fundata
281 1420 381 1447 dudum
399 1421 453 1448 illic
474 1420 577 1448 llulrtcu
595 1421 652 1456 (qui
670 1426 696 1448 ct
711 1421 767 1455 ipse
782 1421 896 1450 Munitu-

962 186 988 212 in
1002 185 1062 212 aliis
1078 186 1218 220 probatam
1235 188 1314 223 hujus
1329 189 1408 230 fidem
1424 191 1642 226 ardiligentiam,
1659 196 1748 219 errari

961 231 1135 258 librariorum
1152 232 1178 259 in
1194 240 1372 261 numerorum
1385 237 1605 271 notasirrcpenti
1621 238 1749 264 libentius

962 277 1164 311 imputaverim.
1195 279 1333 314 Scriptum
1365 281 1487 309 videlicet
1512 283 1612 318 legitur
1643 292 1669 318 ρ.
1695 285 1748 312 360

961 322 1043 358 hujus
1058 323 1187 351 Chronici
1201 332 1272 353 anno
1287 325 1393 361 Hegira:
1405 327 1456 354 679
1473 329 1583 356 missum
1601 331 1627 356 itt
1641 330 1746 365 Syriam

962 369 1123 404 Kungortai.
1141 370 1272 398 Kalendae
1289 372 1454 400 Multarrami
1467 375 1529 400 anui
1545 375 1653 402 Arabici
1670 376 1747 403 istius

963 415 1062 441 cadtrnt
1078 416 1103 442 in
1121 416 1192 442 diem
1206 417 1313 444 tertiam
1327 417 1388 445 Maii
1402 418 1500 446 Iuliani
1514 419 1540 446 in
1556 428 1628 447 antto
1644 421 1747 451 Christi

965 460 1042 486 1280.
1068 461 1165 488 Statim
1189 467 1250 495 post
1277 463 1385 490 additur
1405 464 1475 492 hunc
1500 467 1649 493 exercitum
1678 468 1746 495 duce

962 504 1109 540 Kungortal
1122 513 1176 533 rem
1191 507 1217 534 in
1234 507 1311 543 Syria
1324 509 1441 543 gessisse
1459 511 1546 539 hieme
1563 513 1626 538 anni
1643 513 1746 546 llcgimt

962 552 1025 584 680,
1041 560 1119 587 quem
1138 553 1280 581 inchoasse
1292 559 1395 582 certum
1412 561 1452 583 est
1468 564 1496 583 ea
1515 558 1557 583 die
1571 565 1630 591 quae
1648 560 1747 593 Aprilis

963 597 1090 625 vicesima
1108 599 1227 626 secunda
1253 599 1279 626 itt
1308 607 1379 627 anno
1396 600 1500 628 Christi
1520 602 1582 629 1281
1606 610 1745 631 numer-am

962 647 1013 671 est.
1039 643 1088 670 llic
1116 644 1180 671 illud
1198 645 1313 678 primum
1341 645 1590 680 ittopinztlissimum
1611 650 1744 680 occurrit,

963 688 1032 730 quod
1048 696 1125 715 mora
1140 689 1217 716 solidi
1233 689 1290 717 fere
1305 690 1407 718 biennii
1424 692 1588 726 intetjicitur
1602 694 1672 721 inter
1691 696 1743 721 ini-

962 734 1028 761 tium
1045 734 1225 767 expeditionis
1239 742 1254 762 e
1267 735 1418 770 propinquo
1435 744 1569 772 susceptae
1582 744 1608 765 et
1622 746 1678 766 rein
1697 748 1745 774 per

962 787 1021 806 eam
1033 784 1148 814 gestam.
1163 780 1243 807 Addit
1254 780 1470 816 Abulpbaragius
1482 781 1630 816 Kungortai
1647 791 1744 812 cuncta

961 830 1104 860 peragrata
1118 825 1195 861 Syria
1211 830 1238 852 et
1252 833 1338 860 usque
1352 827 1383 852 ad
1397 826 1529 853 Haleburn
1546 828 1624 855 facile
1633 829 1743 856 subacta

958 871 1104 899 recessisse
1129 880 1136 897 :
1164 878 1256 897 verum
1284 871 1481 898 rebellantibus
1498 872 1588 900 denuo
1614 874 1742 901 videlicet

956 917 1012 944 illic
1027 916 1152 951 gentibus
1166 916 1277 943 missum
1293 917 1389 945 eodem
1405 917 1438 943 ab
1453 917 1543 945 Abaka
1560 919 1642 945 alium
1661 921 1741 947 exer-

955 964 1038 990 citum
1053 963 1248 997 quinquaginta
1265 963 1379 990 millium
1394 971 1465 990 anno
1478 962 1583 997 Hegiraz
1595 964 1658 997 68l,
1674 972 1742 1000 pra!-

955 1008 1045 1042 posito
1063 1007 1101 1034 illi
1120 1007 1232 1035 ductore
1256 1006 1353 1042 Munga
1372 1006 1485 1036 Timuro
1504 1008 1589 1036 fratre
1607 1017 1656 1037 suo
1676 1015 1739 1037 ualu

955 1053 1085 1084 minimo;
1116 1053 1159 1079 cui
1186 1053 1312 1080 comitem
1342 1061 1372 1081 se
1395 1054 1520 1088 adjunxit
1535 1063 1582 1082 rex
1605 1056 1741 1082 Armenius

954 1099 987 1136 [P
1002 1098 1067 1135 595]
1084 1106 1144 1126 cum
1171 1100 1290 1134 propriis
1313 1099 1410 1135 copiis.
1429 1099 1461 1126 lli
1479 1102 1531 1128 duo
1556 1102 1637 1128 simul
1652 1100 1739 1134 juncti

954 1145 1091 1172 exercitus
1108 1144 1202 1172 obvios
1219 1145 1289 1172 inter
1304 1144 1417 1172 Hamam
1433 1152 1459 1172 et
1475 1145 1617 1173 lletnesam
1635 1146 1739 1173 habue-

955 1195 1017 1217 rttnt
1049 1190 1134 1225 Syros
1159 1190 1238 1217 simul
1258 1197 1285 1217 et
1305 1190 1449 1226 Egyptins
1473 1191 1627 1226 praevalidis
1654 1192 1741 1226 copiis

952 1236 1114 1267 instructos.
1129 1243 1190 1263 cum
1202 1236 1302 1270 quibus
1313 1238 1402 1264 statim
1415 1238 1471 1264 acri
1485 1242 1511 1264 et
1524 1243 1636 1266 cruento
1649 1239 1741 1273 proelio

950 1282 1106 1314 commisso,
1117 1289 1167 1308 nec
1175 1281 1253 1316 plane
1259 1282 1374 1309 victores
1381 1282 1554 1318 Mogulcnses
1563 1288 1591 1311 et
1607 1283 1740 1317 Armenii,

952 1333 1002 1352 nec
1015 1329 1106 1352 tamen
1121 1333 1232 1359 prorsus
1245 1326 1309 1353 victi
1323 1327 1442 1353 fuerunt.
1457 1327 1523 1354 Post
1539 1327 1613 1353 illtttn
1627 1327 1739 1354 dubium

948 1376 1078 1401 eventum
1094 1371 1192 1406 Hunga
1203 1371 1324 1399 exercitu
1341 1372 1367 1398 in
1380 1372 1604 1407 Mesopotamiam
1617 1373 1739 1406 reducto,

951 1416 978 1443 in
996 1417 1094 1444 itinere
1105 1423 1200 1443 versus
1214 1415 1319 1444 Nisibin
1335 1424 1438 1444 veneno
1451 1417 1604 1444 exstinctus
1618 1422 1671 1446 est.
1691 1417 1739 1447 “is

111 1468 154 1495 ltai
171 1467 273 1495 Kaanis
289 1467 372 1495 frater
387 1467 483 1502 fuerat)
499 1470 578 1495 domo
603 1473 630 1495 et
657 1469 775 1503 potentia
796 1470 897 1496 consti<

952 1463 1081 1489 continue
1094 1462 1311 1497 Abulpltaragius
1324 1464 1422 1490 attexit
1436 1464 1530 1490 eodem
1541 1471 1622 1496 anno,
1641 1471 1739 1496 nempe

113 1515 155 1546 tit;
167 1512 360 1547 successioque
371 1512 563 1546 Mogulensittttt
573 1513 654 1548 817
665 1513 818 1548 principum
833 1515 896 1542 hinc

112 1560 240 1593 deinceps
251 1566 265 1585 a
279 1558 449 1593 chronologis
459 1559 595 1587 Arabibus
608 1564 650 1586 est
659 1560 785 1592 deducta,
802 1561 898 1595 negle-

109 1610 156 1632 cto
172 1604 292 1636 Kublai,
319 1611 399 1638 quem
428 1605 534 1632 tandem
553 1605 728 1639 praevaluisse
755 1606 898 1641 Arigbugtc

111 1649 328 1684 Abttlpbaragius
340 1649 434 1682 tradit,
450 1654 478 1677 et
501 1649 527 1676 in
542 1650 659 1684 quadam
675 1649 766 1684 specie
784 1650 898 1676 absoluti

111 1696 217 1731 imperii
234 1696 391 1730 aliquandiu
408 1695 522 1730 pacifice
534 1696 759 1728 itnlicatvilisse;
774 1701 800 1723 et
813 1696 836 1723 si
850 1697 897 1731 qui

112 1748 170 1776 post
187 1742 213 1768 in
230 1747 352 1768 extremo
373 1741 419 1768 illo
437 1741 524 1768 lintite
549 1740 744 1774 Mogulensiutn
768 1741 889 1768 Kaanum

108 1787 218 1814 titulum
244 1791 428 1821 sumpserunt.
453 1785 526 1819 Quos
556 1794 590 1813 ne
620 1788 759 1814 mentione
783 1787 894 1821 quidem

111 1834 262 1868 dignautlos
287 1836 451 1866 putaverunt
479 1837 525 1859 aut
555 1837 648 1859 noster
665 1832 710 1859 hic
725 1831 896 1866 Abulpbara-

109 1881 179 1914 gius,
199 1883 244 1906 aut
261 1886 276 1906 e
292 1879 389 1913 quibus
405 1879 624 1913 supplementum
640 1879 823 1906 concinnatur
845 1879 895 1904 liu-

107 1928 149 1962 jns
163 1927 302 1957 Chromci,
320 1926 351 1952 Al
361 1925 521 1957 Jannabius,
536 1924 667 1951 Abulfeda
694 1928 720 1951 et
735 1924 792 1950 Ebn
809 1923 895 1951 Yuse-

109 1974 185 2008 phus,
204 1972 307 1999 Arabes
322 1976 350 1999 et
364 1971 414 2006 ipsi
444 1970 617 2006 chronologi.
636 1969 712 1997 Unde
739 1969 892 1996 Munkaltao

110 2019 192 2046 Kaani
215 2017 325 2052 ἀμέσως
351 2017 510 2045 continuare
536 2023 679 2051 possumus
697 2015 828 2047 Abakam,
843 2023 893 2042 nu-

107 2065 235 2092 merando
249 2071 310 2091 cum
324 2068 449 2098 quartum
465 2071 480 2090 a
500 2063 683 2097 Gingischaue
710 2066 737 2090 et
764 2061 891 2089 absolute

109 2111 229 2144 quintum
247 2108 436 2142 imperatorem
454 2107 660 2143 Mogulcnsium.

143 2197 211 2225 Xlll.
223 2196 422 2224 Abaltas-Cban
437 2196 487 2231 (sic
502 2197 574 2224 enim
589 2197 663 2224 illum
678 2199 796 2225 nontinat
806 2198 889 2225 Abul-

106 2243 252 2280 pharagius
285 2250 319 2270 et
353 2250 408 2277 quo
439 2248 482 2270 est
518 2243 697 2278 inauguratus
731 2244 888 2279 imperator)

108 2291 175 2318 misit
189 2289 222 2316 ad
244 2289 457 2322 recuperandam
474 2289 581 2324 Syriam
602 2290 763 2323 exercitum,
781 2291 823 2318 cui
843 2292 889 2318 du-

106 2343 160 2363 cem
175 2334 291 2370 praafccit
305 2334 416 2361 fratrem
432 2341 511 2362 suum
527 2338 592 2361 natu
604 2335 748 2368 minorem,
763 2341 887 2364 vocatum

109 2381 264 2416 Kuugortni,
282 2379 462 2408 Buudokdara
488 2380 597 2415 ἐξεγριί
622 2385 650 2408 et
678 2380 762 2416 Syria:
783 2382 889 2410 sultane

111 2428 185 2462 paulo
205 2432 267 2454 ante
286 2427 359 2453 victo
379 2431 406 2453 et
426 2430 546 2454 mortuo.
573 2426 743 2461 Mogulenses
776 2430 888 2457 ductore

109 2472 252 2506 littngortai
270 2479 367 2499 cuncta
394 2473 486 2499 statim
520 2472 574 2501 illic
602 2473 777 2508 subegerunt,
809 2475 887 2503 facile.

109 2518 239 2554 progressi
259 2517 389 2546 Halebum
405 2525 501 2553 usque,
521 2524 547 2546 et
567 2519 610 2546 illa
629 2520 685 2555 ipsa
710 2520 775 2548 urbe
791 2521 885 2554 subju-

109 2569 165 2599 μω
184 2573 189 2590 :
209 2571 313 2594 vermn,
331 2569 361 2591 ut
377 2565 445 2592 alias
470 2565 601 2596 fecerant.
620 2567 704 2594 nimis
726 2568 780 2594 cito
801 2575 887 2595 reces-

108 2613 207 2639 serunt.
241 2609 300 2635 ideo
327 2616 388 2636 inor
417 2611 504 2637 coacti
530 2619 563 2638 eo
589 2611 677 2639 redire
697 2613 765 2640 duce
788 2613 886 2648 Mnnga

109 2655 223 2686 'limuro,
249 2655 426 2682 corroborata
448 2657 534 2692 copiis
550 2659 619 2692 regis
639 2659 786 2692 Armeuizc,
806 2667 887 2694 prout

108 2704 298 2734 corisequenter
316 2700 371 2728 illic
397 2703 541 2736 exponitur
566 2705 732 2732 distinctius.
758 2705 811 2733 Sed
833 2714 884 2738 ego

110 2745 197 2772 harum
212 2752 313 2777 rerum.
325 2752 404 2779 prout
418 2748 443 2774 itt
457 2748 775 2786 Chronico‘tligerunlut‘,
787 2754 885 2778 seriem

109 2790 230 2818 attentius
245 2791 397 2825 explorans,
425 2796 603 2822 conturbatus
631 2797 767 2830 paululum
791 2798 883 2832 (ιορω-

262 2847 395 2878 Ρλτκοιι.
416 2852 472 2880 Un.
497 2852 621 2887 CXLlV.

953 1507 1061 1541 Hegirae
1079 1507 1143 1540 681,
1160 1507 1294 1540 Abaltam,
1319 1514 1463 1542 postquam
1487 1508 1621 1535 Hamdani
1639 1508 1736 1536 festum

950 1554 1062 1581 Pascha:
1073 1561 1134 1581 cttttt
1146 1553 1308 1581 Christianis
1321 1554 1494 1585 celebrasset,
1504 1553 1737 1589 alspostridie.

950 1600 995 1628 die
1004 1599 1085 1632 lunae,
1096 1599 1224 1626 convivio
1232 1604 1374 1634 exceptum
1386 1606 1399 1626 a
1409 1598 1523 1633 quodam
1537 1598 1617 1627 Persa
1629 1599 1738 1626 nomine

951 1642 1082 1673 Banham,
1102 1641 1214 1670 mistum
1237 1641 1270 1668 ab
1286 1642 1338 1670 hoc
1354 1640 1422 1670 cibis
1436 1647 1573 1671 venenum
1600 1640 1738 1673 transisse,

949 1694 981 1715 et
998 1694 1051 1722 quo
1070 1686 1114 1714 die
1129 1686 1222 1713 Martis
1237 1686 1331 1713 statim
1350 1690 1483 1720 sequente
1506 1685 1630 1721 graviter
1646 1692 1737 1721 aegro-

951 1738 1008 1760 tare
1031 1732 1153 1766 cmperit,
1175 1732 1226 1759 die‘
1236 1731 1363 1759 Mercurii
1392 1731 1519 1767 contiguo
1546 1736 1668 1760 mortuus
1687 1733 1736 1760 sit.

949 1777 1026 1805 Hunc
1052 1784 1133 1812 porro
1158 1777 1228 1804 diem
1258 1776 1388 1805 Mercurii
1411 1777 1450 1804 ait
1476 1777 1561 1805 fuisse
1578 1777 1737 1805 vicesimum

948 1823 1048 1850 mensis
1068 1821 1239 1854 Dhul—Haiat,
1256 1822 1300 1849 hic
1319 1826 1363 1849 est
1378 1822 1479 1850 mensis
1493 1822 1604 1849 ultimus
1619 1822 1644 1849 iu
1664 1830 1737 1848 anno

947 1869 1077 1896 Arabum.
1097 1868 1236 1897 lla-bemus
1248 1868 1274 1894 in
1289 1868 1332 1896 his
1345 1869 1518 1895 characteres
1528 1867 1609 1900 duos,
1620 1868 1735 1897 Pascha:

946 1914 1160 1942 Christianorum
1175 1917 1202 1940 et
1214 1913 1290 1940 ferite
1302 1917 1407 1947 quartae
1417 1914 1608 1941 concurrentis
1624 1913 1650 1940 in
1663 1914 1733 1939 dicm

945 1959 980 1987 20
999 1958 1166 1992 Dhul—llaiae,
1191 1965 1310 1993 quorum
1337 1963 1434 1985 neuter
1451 1965 1523 1985 anno
1550 1957 1655 1992 Hegirte
1682 1957 1731 1985 68l

945 2006 1084 2040 competit,
1106 2004 1358 2039 prout_clarissime
1376 2004 1543 2032 demonstro.
1561 2004 1658 2032 Aunus
1673 2012 1734 2031 terte

943 2052 1105 2079 Christianae
1121 2052 1240 2086 vulgaris
1256 2051 1337 2084 1285,
1350 2052 1376 2078 in
1395 2050 1473 2087 cujus
1493 2057 1613 2078 mensem
1637 2050 1732 2077 saltem

943 2098 1013 2126 ultra
1029 2097 1138 2125 tertium
1150 2097 1308 2125 necessario
1322 2097 1443 2125 excurrit
1460 2103 1550 2123 annus
1562 2095 1668 2130 Hegirae
1680 2095 1729 2122 68l

907 2135 931 2162 Ῐ)
943 2145 1046 2180 Aprilis
1059 2144 1201 2172 undecimo
1213 2144 1257 2171 die
1267 2144 1331 2172 anni
1346 2143 1526 2179 prtecedeulis
1538 2142 1608 2169 1282
1619 2142 1734 2168 ἱιιειιοη-

942 2197 995 2223 tus.
1008 2199 1069 2218 cum
1083 2191 1164 2218 fuerit
1177 2191 1282 2226 periodi
1295 2191 1410 2218 Julianaa
1423 2190 1505 2223 5996,
1517 2190 1621 2225 cyclutn
1635 2196 1732 2216 nume-

942 2238 1013 2264 ravit
1035 2236 1101 2265 solis
1113 2237 1129 2264 ι
1145 2245 1206 2264 cum
1223 2238 1312 2264 littera
1325 2237 1482 2264 dontinicali
1505 2235 1535 2268 Ο,
1547 2235 1651 2271 cyclum
1666 2242 1731 2262 vero

940 2283 1010 2311 tuum
1032 2282 1075 2309 11.
1103 2282 1164 2309 ilco
1180 2282 1256 2318 signa
1275 2282 1379 2310 Pascha
1395 2281 1612 2309 Christianorum
1632 2280 1730 2314 indigi—

945 2335 1002 2356 tant
1027 2329 1054 2356 in
1071 2328 1114 2356 die
1132 2328 1163 2356 l8
1180 2329 1281 2355 mensis
1298 2328 1409 2361 Aprilis,
1426 2328 1471 2362 qtti
1488 2328 1546 2354 dies
1573 2329 1732 2354 necessario

939 2380 1015 2402 extra
1034 2374 1139 2409 llegirae
1154 2374 1217 2400 anui
1233 2374 1282 2400 68l
1306 2375 1372 2401 fines
1389 2374 1517 2401 excessit.
1538 2372 1595 2400 Huc
1611 2372 1729 2400 inlictuti

939 2429 991 2449 non
1010 2421 1108 2455 poterit
1117 2420 1162 2454 qui
1179 2421 1256 2451 sciet.
1274 2419 1345 2454 quod
1360 2425 1466 2447 certum
1481 2424 1534 2451 est,
1545 2427 1646 2446 artuum
1660 2420 1732 2445 Διπλ-

939 2467 1002 2494 bum
1022 2465 1133 2493 Juliano
1150 2472 1212 2493 esse
1229 2466 1361 2493 minorem
1384 2465 1479 2493 diebus
1505 2465 1601 2493 Saltem
1623 2465 1728 2493 decem.

941 2512 1015 2540 Undc
1031 2512 1203 2539 manifestum
1218 2516 1270 2545 est,
1290 2512 1312 2538 si
1327 2519 1414 2540 annus
1428 2511 1560 2540 Arabicus
1570 2512 1617 2541 681
1634 2512 1677 2539 die
1693 2511 1730 2537 9.2

938 2559 1041 2593 Aprilis
1055 2559 1118 2587 anni
1133 2558 1198 2586 Chr.
1212 2558 1280 2586 1282
1290 2559 1360 2590 iniit,
1375 2559 1502 2591 desinere
1512 2559 1587 2586 illurn
1601 2558 1729 2586 ᾱιιὺυὶεδιε

939 2610 1001 2632 ante
1019 2605 1051 2632 18
1083 2606 1183 2639 Aprilis
1198 2607 1263 2632 anni
1280 2605 1382 2633 Christi
1408 2605 1494 2639 1285,
1512 2606 1640 2640 quoniant
1657 2612 1672 2631 a
1696 2606 1728 2630 lit

938 2651 1039 2686 Aprilis
1052 2652 1095 2679 die
1110 2651 1143 2679 ad
1157 2652 1227 2679 diem
1242 2651 1362 2686 ejusdem
1375 2653 1478 2680 mensis
1495 2651 1531 2679 2‘2.
1545 2658 1598 2679 non
1614 2651 1729 2677 intem-—

939 2699 1005 2725 dunt
1029 2699 1087 2726 dies
1104 2699 1207 2726 decem.
1234 2699 1273 2725 En
1301 2703 1441 2726 ostensum
1464 2698 1603 2726 evidenter
1620 2696 1726 2726 Pascha

934 2743 1155 2771 Christianorum
1179 2746 1239 2772 anni
1260 2745 1367 2779 llegirze
1385 2745 1434 2772 681
1456 2745 1482 2771 irt
1505 2751 1626 2771 mensum
1645 2743 1728 2771 Dlmlr

942 2789 1036 2815 llaiam
1047 2790 1172 2817 ultimutn
1182 2792 1243 2817 anni
1255 2791 1362 2819 Arubici
1376 2798 1428 2818 non
1438 2791 1558 2825 potuisse
1568 2791 1725 2820 convctiirc,

1480 2856 1519 2889 28
