1954 3063
218 65 268 95 575

673 60 706 90 Ρ.
725 58 875 89 POSSINI
888 57 1213 89 OBSERVATIONUM
1232 57 1303 89 LlB.
1324 58 1381 89 Ill.

1803 58 1859 92 876

219 123 351 156 Deinceps
364 120 422 155 pari
435 119 572 147 evidentia
584 118 744 146 demonstro
756 118 916 144 vicesimam
932 116 1016 143 blnd-
1031 119 1054 146 Α
1069 116 1109 142 sic
1137 116 1324 142 rerisimiliter
1352 114 1510 142 ordinandze
1535 120 1610 148 sunt.
1638 121 1667 143 ut
1690 117 1765 152 prior
1789 119 1859 145 duce

220 169 292 195 llaiie
319 168 388 194 diem
419 167 513 194 eodem
539 166 585 193 illo
614 173 685 192 anno
714 164 818 199 Hrgira:
843 163 891 191 681
913 163 1006 190 feriam

219 218 342 247 quartam
362 220 413 240 non
440 212 533 239 fuisse.
551 211 612 238 Fuit
629 210 673 237 ille
695 217 781 237 annus
801 209 934 236 Arabicus
951 216 1008 235 cm-

220 260 359 286 lmlimreus
372 266 402 286 ac
415 263 613 293 consequenter
625 257 678 284 555
689 257 805 288 dierum,
821 260 847 282 et
856 255 1008 282 Dhul-llaia

221 306 323 333 mensis
339 305 395 338 ejus
406 305 517 331 ttltitntts
529 305 555 331 in
572 304 653 331 annis
666 302 812 329 ordinariis
826 309 920 333 cavus,
935 302 961 327 in
977 308 1008 326 eo

221 352 317 386 plcnus
331 352 391 382 fuit,
407 351 466 378 dics
484 358 632 377 numerans
647 349 769 384 triginta.
788 347 932 374 Tollantur
945 347 1007 379 555,

221 399 266 432 qui
285 404 328 425 est
349 405 478 424 numerus
498 397 604 424 dierum
623 397 686 422 anni
708 395 774 430 Heg.
792 395 855 427 681,
875 395 907 422 de
926 394 978 421 562$
994 401 1009 421 a

220 445 264 471 die
289 445 324 471 ‘22
350 444 450 478 Aprilis
479 442 541 470 anni
567 442 670 469 Christi
690 441 759 468 1282
784 441 977 474 incipientibus
1001 448 1008 466 :

221 491 334 517 ultimus
354 490 523 516 residuorum
550 489 630 516 cadet
657 489 684 515 in
710 487 882 514 undecimum
910 487 1010 520 Aprilis

223 536 284 562 anni
303 535 404 563 Christi
425 534 500 561 l283.
529 534 576 561 llic
595 539 636 561 est
657 533 813 560 tricesimus
833 531 1009 565 Dhul»llai:r,;

222 590 235 609 a
257 590 310 616 quo
326 581 348 608 si
368 587 441 608 retro
461 582 553 608 decem
572 580 668 607 diebus
691 586 865 614 promoveas,
889 579 1012 606 invenies

221 629 382 656 vicesimum
397 627 518 662 ejusdem
538 625 700 652 Dhul-llaire
714 626 829 660 pritnutn
847 624 947 655 Martii,
965 624 1011 658 qui

222 674 281 702 dies
302 673 378 700 Jovis
395 679 421 699 et
436 673 531 706 quinta
550 670 628 701 feria,
644 677 676 696 eo
691 677 763 695 anno
788 669 907 695 litterarii
923 667 1011 694 domi-

224 719 337 746 nicalem
353 718 372 745 C
397 718 524 748 habente,
541 716 603 747 fuit,
625 722 677 742 non
701 719 803 746 autem,
821 718 851 740 ut
867 715 906 740 ait
931 713 1014 740 Abul-

223 766 383 800 pharagins,
398 764 455 791 dies
470 763 596 790 Mercurii
610 762 667 789 sive
681 765 777 796 quarta
793 760 869 787 feria.

259 854 328 881 XIV.
348 853 395 881 llis
409 853 493 880 lector
503 853 614 880 adactus
630 852 663 878 ad
681 852 820 879 latendum
834 851 1010 878 characteres

223 900 289 927 istos
321 900 390 926 tlnos
421 899 640 933 chronologicos.
672 898 784 924 Pascha:
808 897 952 924 incidentis
983 896 1009 923 in

224 954 344 973 nunsetn
365 944 543 972 Dhul-llaiam
571 949 597 972 et
615 944 689 972 ferite
713 947 819 978 quarta:
839 942 1012 977 insignientis

221 994 381 1020 vicesimum
404 991 568 1019 Dhnl-llaia:
586 991 667 1022 diem,
688 990 799 1017 tuinime
818 989 966 1017 convenire
983 989 1009 1015 itt

223 1047 323 1066 annum
354 1038 459 1072 llegira:
487 1038 550 1068 681.
581 1041 683 1071 qtnnrel
701 1036 769 1062 forte
786 1043 850 1062 num
874 1035 900 1062 in
925 1035 1009 1062 alium

222 1084 396 1112 conveniant.
429 1083 487 1110 Non
515 1083 595 1117 longe
625 1082 773 1109 abibiturn
801 1082 845 1108 aio
872 1081 1011 1115 aptissime

224 1131 318 1156 ambos
336 1129 473 1163 quadrare
491 1129 516 1155 in
546 1136 646 1155 annum
663 1128 774 1162 ἀμέσως
799 1127 1008 1162 ριέεοοιιειιιειη.

224 1175 349 1202 videlicet
363 1174 468 1208 llrgiraa
484 1173 547 1201 680.
561 1174 610 1201 llic
621 1181 710 1200 annus
725 1173 831 1200 initium
848 1172 925 1199 duxit
937 1180 952 1199 a
968 1173 1010 1200 die

222 1221 258 1247 2'2
274 1221 374 1255 Aprilis
391 1220 492 1247 Iuliani
509 1228 582 1247 anno
597 1219 699 1247 Christi
719 1218 797 1251 l28l,
819 1219 900 1246 desiit
919 1223 1009 1246 autem

224 1267 267 1294 die
282 1267 386 1294 decima
410 1266 530 1299 ejusdem
547 1265 648 1299 Aprilis
673 1271 745 1291 anno
766 1264 864 1291 Christi
886 1264 1010 1298 sequenti

223 1313 306 1340 4-282.
322 1313 383 1339 Fuit
394 1319 482 1339 annus
492 1312 593 1338 Christi
608 1311 677 1338 1282
689 1310 790 1345 periodi
803 1309 917 1336 Julianm
928 1309 1009 1337 5995.

223 1360 335 1394 (lycium
348 1359 415 1386 solis
430 1358 524 1385 habuit
537 1358 622 1385 5cum
638 1357 728 1384 littera
744 1356 903 1383 Dominirali
920 1356 950 1389 D,
965 1363 1011 1391 ry-

224 1405 294 1431 clum
313 1411 376 1430 vero
391 1403 461 1430 luna:
478 1402 518 1429 10.
542 1402 580 1429 Ex
603 1402 646 1429 his
663 1406 737 1437 patet
754 1401 858 1429 Pascha
873 1401 932 1434 ejus
947 1401 1011 1428 anni

223 1457 372 1485 occupasse
385 1450 456 1477 diem
472 1449 507 1476 29
521 1449 623 1476 mensis
639 1447 739 1476 Juliani
757 1448 856 1474 Martii.
876 1448 939 1474 Haec
954 1448 1012 1474 dies

223 1484 318 1523 deesse
331 1503 383 1525 non
397 1495 485 1530 potuit
495 1495 559 1529 quin
575 1495 678 1521 atnbiltt
692 1494 793 1521 mensis
804 1494 913 1520 Arabici
929 1493 1012 1520 Dhul-
1026 1484 1047 1512 (ἶ

225 1543 299 1570 llaia:
312 1543 396 1578 819
416 1544 442 1570 in
457 1550 528 1569 anno
542 1541 647 1576 llegirre
662 1540 714 1568 680
736 1541 923 1572 clauderetur,
943 1547 1011 1574 quo-

218 1590 298 1617 niam
321 1590 345 1617 is
368 1597 455 1616 annus
480 1596 493 1615 a
522 1588 558 1614 22
585 1588 687 1622 Aprilis
710 1587 775 1614 anni
800 1587 866 1614 Chr.
883 1586 948 1613 1281
972 1586 1013 1613 in-

224 1636 339 1662 choatus
355 1641 442 1669 usque
464 1634 496 1660 ad
528 1633 560 1660 10
586 1632 687 1667 Aprilis
710 1640 755 1658 an.
771 1631 837 1659 Chr.
864 1631 933 1659 128-2
953 1639 1015 1666 pro-

227 1680 346 1707 tenditur
373 1689 380 1706 :
405 1678 559 1706 Dhul-Haia
582 1685 648 1705 vero
676 1678 787 1704 ultimus
821 1678 923 1704 mensis
948 1678 1014 1704 anni

225 1727 334 1754 Arahici
363 1726 460 1761 viginti
490 1732 585 1752 novem
615 1728 768 1759 postremos
795 1723 853 1758 cjus
876 1723 938 1750 anni
956 1723 1014 1750 dies

223 1773 359 1806 continet,
374 1773 418 1807 qui
438 1779 499 1800 cum
527 1776 600 1798 retro
620 1770 754 1797 numerati
772 1778 786 1797 a
814 1771 847 1797 10
861 1771 964 1805 April.s
980 1771 1012 1798 ad

227 1820 263 1847 15
290 1818 379 1846 Martii
411 1818 590 1853 perveniant,
620 1817 656 1844 ibi
694 1817 815 1851 deﬁgunt
844 1818 1014 1844 neomeniam

227 1865 399 1893 Dltul-Haiaz.
419 1865 497 1892 Prior
512 1865 592 1899 igitur
614 1864 756 1892 character
777 1863 919 1891 manifeste
939 1871 1015 1891 com—

226 1913 292 1949 petit
308 1921 378 1940 attno
391 1911 496 1946 llegirze
511 1912 572 1939 680.
594 1911 649 1939 Nec
661 1912 749 1939 minus
767 1911 907 1938 evidenter
923 1916 1015 1946 poste-

227 1959 282 1985 rior
301 1957 388 1985 eidem
405 1957 562 1991 adaptatur.
584 1956 651 1983 Nam
676 1957 825 1983 vicesimus
854 1963 940 1982 nonus
957 1955 1015 1983 dies

225 2003 327 2036 Martii,
344 2011 424 2038 quetn
446 2002 534 2030 fuisse
564 2003 634 2030 diem
652 2001 765 2029 Pascha
787 2002 958 2029 ostendimus
987 2002 1014 2028 in

226 2058 297 2077 anno
313 2050 412 2077 Christi
430 2049 516 2081 1282,
541 2048 593 2076 fuit
618 2048 776 2075 necessario
793 2048 918 2075 decimus
933 2048 1016 2082 septi-

227 2104 287 2124 mus
305 2096 463 2123 Dbul—Haiaz
481 2095 584 2122 mensis
607 2094 715 2121 Arabici
731 2114 738 2127 ,
753 2094 888 2128 siquidem
905 2093 927 2120 is
943 2093 1016 2120 ince-

227 2143 278 2177 pit,
296 2141 339 2178 [P.
356 2141 419 2177 591]
438 2146 467 2168 ιιι
483 2146 524 2169 est
545 2142 655 2172 dictum,
679 2148 694 2167 a
709 2140 751 2167 die
767 2140 801 2167 15
817 2139 914 2167 Martii.
933 2139 1016 2166 Porro
1029 2159 1056 2188 Β

227 2189 260 2216 ad
278 2188 347 2216 diem
366 2188 400 2215 29
416 2188 522 2222 Martii,
550 2195 609 2222 qum
634 2186 745 2214 Pascha:
762 2187 900 2213 Dominica
916 2185 978 2217 fuit,
993 2187 1014 2213 si

227 2240 283 2262 tres
294 2234 376 2262 ferias
390 2234 531 2270 adjungas,
541 2234 700 2266 secundam,
717 2234 823 2260 tertiatn
840 2238 866 2260 et
880 2237 1016 2267 quartam,

228 2281 299 2308 hanc
324 2281 446 2315 profecto
472 2280 595 2307 ultimam
625 2280 745 2306 residere
771 2279 959 2314 deprehendes
988 2278 1015 2305 in

227 2328 354 2355 Kalendis
373 2327 474 2362 Aprilis
491 2325 601 2358 Juliani,
619 2326 645 2353 in
673 2334 740 2360 quas
758 2325 852 2352 incidit
869 2325 1016 2352 vicesimus

226 2375 285 2401 dies
311 2373 421 2401 Arabici
451 2372 619 2400 Dhul-llaize.
649 2371 720 2407 Ergo
752 2372 900 2399 vicesimus
932 2370 1015 2399 Dltul-

228 2421 302 2448 llaim
327 2428 400 2447 anno
427 2419 534 2454 [legirtn
561 2419 613 2448 680
644 2419 694 2446 fuit
720 2419 778 2446 dies
806 2418 931 2445 Mercurii
960 2418 1016 2444 sive

227 2472 323 2502 quarta
350 2467 433 2500 feria;
460 2466 506 2501 qui
545 2472 605 2493 erat
642 2466 781 2494 secundus
806 2463 1016 2498 chronologicus

228 2515 371 2541 character
394 2520 513 2544 annttm,
532 2519 586 2547 quo
608 2516 649 2538 est
676 2509 767 2537 Abaka
791 2515 932 2542 mortuus,
950 2510 1016 2536 insi-

227 2561 335 2595 gnit-ns.
351 2559 441 2592 Quare
458 2559 530 2586 hunc
541 2558 733 2592 imperatorem
750 2555 946 2589 Mogulensium
964 2563 1016 2583 non

227 2614 299 2633 mino
317 2605 519 2641 lit-gir:e_681,
554 2609 583 2631 ut
606 2609 748 2638 perperam
771 2602 797 2628 in
823 2601 1016 2635 Abtllpllurngii

229 2653 365 2680 Chronico
392 2651 542 2683 scribitur,
567 2651 614 2676 sed
639 2647 803 2683 praecedenti
832 2646 938 2681 llegira:
966 2645 1018 2673 680

227 2701 320 2727 vivere
335 2707 366 2726 ac
383 2705 497 2733 regnare
512 2696 625 2724 desiisse
639 2695 786 2722 tenendum
807 2701 856 2728 pro
870 2698 947 2720 certo
965 2697 1016 2719 est.

227 2747 305 2773 Unde
323 2754 381 2780 qnzr
398 2745 521 2780 proxime
536 2742 716 2770 antecessisse
740 2741 795 2768 illic.
819 2741 946 2767 dicuntur
960 2739 1018 2779 ejus

229 2794 332 2820 obitum
349 2791 534 2826 cxpeditioncs
561 2788 759 2824 Mognlcnsitnu
776 2788 802 2815 in
821 2786 926 2821 Syriam
946 2786 1018 2819 dum,

1061 161 1212 196 Kuttgurtai
1232 167 1320 196 ctrpta
1337 170 1421 188 verno
1452 166 1572 196 tempore
1594 163 1659 189 anni
1685 163 1791 197 llegiraz
1806 164 1860 191 679

1062 209 1150 235 hieme
1173 209 1237 235 anui
1256 208 1375 242 ejusdem
1399 211 1574 236 terminetttr.
1592 209 1687 236 Postea
1714 218 1776 237 vere
1794 211 1859 237 anni

1062 255 1202 288 sequentis
1224 255 1330 289 ilegirze
1347 255 1410 287 680,
1432 255 1556 282 nuntiata
1572 264 1639 283 nova
1663 256 1794 291 Syrorum
1812 257 1862 283 dc-

1063 300 1200 332 l'ectiune,
1226 309 1259 328 eo
1298 301 1395 335 Mnnga
1431 302 1574 333 Titnurus,
1599 303 1730 330 minimus
1758 302 1860 329 Abakre

1062 345 1241 378 fratcr,cum
1279 347 1401 373 exercitu
1438 346 1634 381 Mogulensinm
1662 349 1859 382 quinquaginta

1063 391 1178 418 millium
1205 393 1337 425 moverit.
1362 393 1465 420 habens
1491 398 1621 427 prteterea
1638 401 1729 420 secum
1744 394 1861 421 sociales

1063 439 1243 465 Armenornm
1276 438 1381 472 copias,
1405 446 1467 473 rege
1487 439 1547 473 ipso
1564 439 1699 465 Armenia:
1716 440 1858 466 ductante.

1063 483 1094 509 111
1131 484 1212 510 simul
1237 492 1333 512 omnes
1364 493 1424 512 ctttn
1451 485 1527 521 Syris
1556 491 1584 512 et
1612 485 1750 521 (Egyptiis
1775 487 1860 513 dubio

1063 529 1148 557 Marte
1162 531 1232 557 inter
1256 531 1368 558 llamam
1385 537 1411 558 et
1425 531 1569 559 llemesam
1583 533 1778 560 conﬂixerunt.
1793 533 1860 560 lude

1062 575 1160 610 Munga
1186 576 1314 604 Titnurus
1340 585 1371 604 se
1395 577 1429 604 ad
1456 577 1578 604 Abakam
1601 577 1734 611 recipiens
1750 585 1812 604 cum
1832 578 1859 604 itt

1064 621 1285 655 Mesopotamiam
1301 623 1482 656 pervenisset,
1496 624 1532 650 ibi
1547 631 1579 650 ex
1598 631 1702 651 veneno
1719 631 1768 658 per
1782 623 1861 650 frau-

1064 666 1126 693 dctn
1141 668 1289 702 propinate
1315 668 1341 694 in
1357 668 1456 696 itinere
1473 676 1570 697 versus
1587 669 1692 697 Nisibin
1706 670 1860 697 exstinctus

1063 719 1116 745 est,
1145 714 1302 740 earumdem
1331 715 1461 742 videlicet
1483 716 1590 743 insidiis
1613 717 1659 751 qui
1691 725 1743 744 non
1772 718 1860 744 tnulto

1063 765 1125 794 post
1139 761 1260 788 Abakam
1276 761 1365 795 ipsum
1388 763 1446 797 pari
1473 763 1577 790 scelere
1606 771 1638 792 ac
1654 764 1716 792 dolo
1732 772 1860 799 pereme-

1030 805 1053 832 B
1069 812 1130 833 runt
1147 816 1154 833 :
1175 815 1237 834 nam
1254 807 1366 836 eﬂectus
1383 813 1436 836 tam
1451 810 1551 844 gemini
1573 815 1646 838 recte
1665 811 1710 838 uni
1724 817 1752 838 et
1769 811 1859 838 eidem

1065 853 1235 888 iutputentur
1251 862 1352 886 causte,
1368 855 1431 882 odio
1451 857 1632 890 quorumdam
1649 857 1858 891 conjnratorum

1065 897 1092 925 iu
1121 899 1220 927 Abaltte
1243 900 1363 928 domum.
1389 901 1425 929 At
1448 902 1481 929 de
1507 902 1550 930 bis
1583 910 1634 938 pro
1655 904 1779 931 instituto
1796 904 1860 939 plus

1065 945 1144 973 satis.

1112 1036 1170 1064 XV.
1201 1038 1300 1065 Abaka:
1335 1043 1443 1067 mortuo
1471 1041 1605 1069 successit
1631 1042 1690 1076 ejus
1713 1042 1858 1071 insidiator

1065 1083 1201 1110 Ahmedes
1217 1089 1244 1111 et
1267 1085 1325 1119 ipse
1346 1085 1416 1112 illius
1432 1085 1546 1119 llulacu,
1571 1087 1616 1114 sed
1632 1088 1685 1114 alia
1702 1093 1790 1116 matre
1805 1097 1857 1116 na-

1067 1134 1118 1161 tus,
1143 1137 1174 1156 ex
1194 1138 1247 1164 qua
1277 1136 1459 1165 praeterquam
1486 1133 1654 1160 novercalem
1687 1133 1713 1160 in
1736 1134 1857 1161 Abakam

1064 1176 1183 1202 animum
1201 1177 1310 1203 trahere
1322 1178 1420 1211 potuit,
1438 1178 1519 1205 etiam
1537 1179 1682 1207 instinctus
1697 1180 1806 1207 videtur
1823 1181 1858 1208 ad

1064 1222 1188 1248 eumdem
1210 1222 1329 1249 Abakam
1348 1224 1515 1258 perdendum
1546 1225 1608 1252 odio
1636 1225 1800 1253 Christiana:
1814 1235 1860 1254 re-

1065 1266 1183 1301 ligionis,
1200 1267 1277 1302 cujus
1293 1269 1425 1295 cultoretu
1447 1268 1531 1296 fuisse
1554 1269 1675 1296 Abakam
1692 1271 1767 1298 clare
1784 1272 1856 1298 ³1111*-

1067 1317 1122 1338 mal
1149 1313 1379 1347 Abnlpharagtus,
1397 1315 1460 1341 dum
1485 1321 1548 1341 eum
1575 1315 1730 1343 celebrasse
1755 1317 1858 1344 festum

1066 1360 1175 1386 Pascha:
1193 1368 1245 1386 una
1263 1368 1325 1388 cum
1342 1360 1508 1389 Christianis
1525 1362 1633 1390 scribit.
1656 1363 1743 1397 Hujus
1755 1364 1858 1392 Abute-

1067 1407 1107 1432 tlis
1135 1410 1195 1432 aeta
1222 1406 1392 1441 principatus
1421 1408 1512 1434 omnia
1537 1409 1694 1443 rediguntur
1721 1410 1747 1436 in
1775 1417 1859 1437 unam

1066 1451 1200 1486 prolixam
1215 1452 1358 1486 epistolam
1383 1453 1410 1479 in
1431 1455 1696 1482 commendationem
1725 1456 1859 1485 Alcurani

1066 1502 1093 1524 ct
1115 1498 1318 1531 superstitionis
1339 1498 1526 1526 Mahonteticu:
1543 1501 1574 1527 ad
1591 1501 1726 1529 sultanem
1745 1502 1859 1538 κείω-[111

1066 1543 1214 1576 scriptam,
1247 1551 1328 1578 quam
1350 1545 1568 1580 Ahnlpbaragius
1594 1547 1702 1579 recitat,
1725 1549 1860 1576 continuo

1067 1587 1192 1615 referens
1210 1588 1395 1623 indulgentem
1412 1590 1560 1618 Ahtnedem
1574 1592 1674 1619 dudum
1692 1593 1776 1628 820
1792 1601 1860 1621 con-

1067 1640 1144 1668 cepto
1169 1635 1195 1661 in
1215 1635 1314 1662 Abakte
1344 1635 1475 1664 familiam
1505 1637 1603 1670 furori,
1633 1639 1695 1665 dum
1718 1639 1857 1674 Argunem

1067 1679 1168 1708 Abakee
1194 1680 1276 1707 tilium
1295 1681 1388 1709 studet
1409 1683 1574 1717 opprimere,
1602 1685 1635 1711 ab
1652 1692 1685 1712 eo
1713 1690 1740 1712 et
1759 1687 1785 1713 ei
1802 1692 1860 1714 stu-

1068 1728 1193 1754 dentibus
1220 1728 1305 1755 fuisse
1324 1729 1552 1760 comprehensum
1567 1735 1592 1756 et
1609 1731 1740 1758 custodia
1756 1733 1859 1760 manci-

1067 1778 1159 1806 patum
1174 1773 1218 1800 die
1240 1773 1368 1801 Mercurii
1381 1773 1488 1802 Jomadi
1505 1776 1604 1810 prioris
1619 1777 1777 1810 undecimo,
1792 1779 1857 1806 anni

1069 1818 1176 1853 llegirte
1202 1819 1268 1852 683,
1296 1821 1343 1855 qui
1371 1821 1475 1855 incepit
1503 1829 1518 1848 a
1548 1822 1591 1849 die
1612 1822 1648 1850 20
1675 1823 1765 1850 Martii
1787 1832 1858 1852 anno

1067 1864 1170 1892 Christi
1197 1865 1277 1893 1285.
1302 1866 1350 1893 Est
1388 1866 1493 1895 Jomadi
1523 1869 1597 1902 prior
1623 1869 1736 1903 quintus
1760 1870 1859 1897 ordine

1069 1911 1169 1938 mensis
1186 1911 1212 1938 in
1226 1919 1296 1938 anno
1309 1912 1444 1946 Arabico;
1461 1914 1538 1948 cujus
1555 1914 1685 1941 Kalendie
1699 1922 1713 1940 a
1733 1914 1770 1941 20
1785 1915 1857 1942 Mar-

1068 1957 1095 1983 tii
1115 1962 1263 1984 numerata:
1291 1958 1415 1986 incidunt
1448 1960 1474 1986 in
1506 1960 1640 1987 decimntn
1661 1969 1768 1989 sixtum
1793 1962 1858 1990 Julii

1068 2003 1128 2037 cjtts
1157 2002 1257 2030 Christi
1286 2004 1348 2030 anni
1370 2004 1441 2031 1284
1466 2005 1614 2033 bissextilis
1629 2027 1636 2039 ,
1657 2007 1734 2040 cujus
1761 2009 1858 2043 eyclus

1068 2049 1134 2076 solis
1148 2048 1199 2075 fuit.
1213 2049 1229 2075 5
1243 2054 1269 2076 et
1282 2049 1375 2077 itttera
1404 2050 1582 2079 Dominicalis
1602 2052 1622 2078 Β
1641 2054 1673 2085 Α,
1691 2054 1763 2081 unde
1785 2060 1858 2089 patet

1069 2095 1241 2122 undecimum
1257 2094 1362 2123 Jomadi
1380 2097 1477 2131 prioris
1491 2105 1585 2124 revera
1602 2098 1685 2126 fuisse
1700 2100 1769 2126 diem
1787 2101 1858 2128 Mer-

1069 2141 1136 2167 curii
1154 2149 1161 2168 :
1179 2142 1239 2168 talis
1256 2141 1328 2168 enim
1353 2141 1405 2169 fuit
1420 2142 1488 2170 feria
1504 2143 1539 2170 26
1556 2144 1613 2171 dies
1635 2143 1710 2177 Julii,
1728 2153 1790 2172 cum
1808 2154 1859 2173 un-

1069 2187 1175 2214 decimo
1195 2187 1238 2215 die
1253 2186 1360 2215 Jomadi
1379 2188 1478 2222 prioris
1501 2190 1669 2218 coincidens.
1685 2189 1745 2217 .Iam
1771 2196 1827 2218 tum
1843 2200 1857 2219 a

1069 2232 1162 2259 clauso
1177 2234 1203 2259 in
1217 2240 1329 2260 carcere
1347 2233 1467 2260 Alunede
1482 2236 1565 2268 erepit
1577 2235 1775 2269 Mogulensiunt
1791 2245 1858 2264 con-

1068 2286 1150 2306 sensu
1187 2279 1323 2314 imperare
1348 2281 1438 2314 Argun
1461 2281 1540 2308 titulo
1565 2280 1667 2308 Cha'nis
1697 2289 1857 2318 assumpto;

1069 2332 1131 2351 natn
1163 2325 1292 2360 deinceps
1321 2325 1503 2359 Arguu-Cltan
1536 2330 1577 2353 est
1603 2326 1702 2354 dictus.
1735 2327 1860 2356 Meminit.

1070 2370 1150 2404 hujus
1167 2369 1353 2405 Pachytnert-s
1371 2379 1397 2405 p.
1422 2371 1475 2398 59.7
1495 2373 1622 2406 Argancn
1642 2372 1729 2400 Kanin
1748 2382 1859 2403 vocans.

1068 2416 1241 2442 Censuerunt
1270 2422 1361 2443 autem
1383 2418 1521 2451 principes
1541 2419 1703 2450 Ahmedem,
1731 2424 1760 2446 ut
1779 2422 1860 2448 cadis

1068 2461 1303 2489 Abaebm-Chanis
1323 2470 1409 2495 reum,
1434 2463 1496 2496 jure
1521 2471 1602 2498 posse
1628 2465 1759 2498 interﬁci;
1779 2467 1861 2502 idque

1069 2515 1194 2537 auctores
1212 2510 1262 2545 ipsi
1288 2510 1399 2544 jultendi
1419 2517 1509 2539 erant.
1532 2513 1630 2540 Verum
1655 2513 1698 2541 ille
1715 2516 1860 2548 recusarit,

1069 2554 1134 2581 satis
1155 2555 1256 2583 habens
1282 2556 1432 2583 Ahmedem
1449 2557 1543 2590 Ematri
1567 2557 1718 2592 Kungurtai
1736 2564 1763 2586 et
1781 2561 1861 2595 hujus

1071 2601 1134 2628 111118
1150 2600 1260 2635 dedere,
1286 2602 1331 2636 qui
1350 2610 1411 2629 eum
1430 2603 1591 2630 occiderunt
1616 2604 1641 2631 in
1659 2605 1794 2632 ultionent
1812 2614 1861 2642 pa-

1071 2653 1154 2674 terna
1170 2648 1252 2675 caedis
1267 2649 1310 2675 die
1323 2648 1341 2675 2
1361 2648 1467 2676 Jomadi
1490 2650 1661 2684 posterioris,
1678 2659 1737 2685 qua:
1753 2653 1812 2679 dies
1833 2654 1859 2680 in

1069 2693 1164 2720 ft-riam
1182 2694 1245 2721 item
1262 2700 1386 2729 quartam
1404 2696 1510 2728 incidit,
1531 2701 1558 2722 ut
1577 2697 1615 2723 ait
1640 2697 1861 2733 Abulpbaragius

1070 2744 1095 2766 et
1111 2747 1204 2767 verum
1233 2741 1371 2775 cernitur,
1390 2741 1524 2776 siquidem
1554 2742 1659 2770 Jomadi
1688 2745 1858 2779 posterioris,

1070 2789 1137 2815 sexti
1155 2789 1255 2816 mensis
1278 2788 1408 2822 Arabum,
1435 2789 1494 2819 dies
1518 2790 1654 2818 secundus
1673 2790 1698 2817 in
1726 2790 1800 2818 diem
1830 2801 1860 2818 ca
