1954 3063
75 108 132 139 87'!

733 97 961 131 CHRONOLOG
968 97 1052 128 iCUS

1657 91 1709 122 878

76 171 152 190 anno
174 161 275 190 Christi
300 161 368 188 li’Si
384 159 454 187 cedit
478 163 584 186 sextum
612 157 746 184 decimum
770 155 870 183 mensis
885 157 907 184 Α
922 154 1047 188 primum.
1068 152 1162 179 deinde
1181 150 1272 178 fratris
1295 149 1412 178 Cazanis
1431 149 1593 176 auctoritate
1611 155 1708 183 regen-

78 209 208 243 .'\ugt:sti,
222 207 266 234 cni
284 207 335 234 diei
356 206 388 233 ad
415 206 562 238 marginem
578 204 682 238 adjacet
704 204 729 229 in
749 204 870 230 Romano

77 254 246 281 Kuh-mlario
267 251 415 284 litteraAD,
432 256 493 278 nota
513 255 616 285 quarta:
644 249 736 282 feriae,
752 249 870 284 quando,

79 307 107 327 ιιι
132 306 209 331 ιιιιιιι,
228 301 317 326 littera
338 298 412 324 ferire
432 298 527 332 primm
552 298 608 324 sive
625 296 775 323 Dominica:
791 295 869 321 index

79 353 118 372 est
142 348 173 373 A.
203 345 252 372 llic
275 345 372 371 desinit
401 344 556 370 Chronicon
587 342 802 376 Abnlpharagii;
828 341 871 367 cui

82 393 199 419 Latinus
227 393 363 426 interpres
389 390 540 424 perntilitcr
570 389 788 423 supplementum
809 391 874 413 atte-

82 440 142 465 xttit
160 447 192 464 ex
215 437 406 468 Al-Jannahio,
431 435 581 466 Abnlfeda,
614 435 670 460 Ebn
697 433 825 468 Ynsrpho
847 436 874 458 et

83 485 146 510 aliis
165 483 340 516 rhronnlogis
365 481 500 508 Arabibus
528 487 704 514 expressum,
737 477 807 504 unde
832 477 875 504 hic

83 530 250 565 Mugnleusis
268 529 374 562 imperii
408 532 528 553 extrema
551 531 681 559 tempora,
698 528 826 558 quantum
843 524 875 551 ad

86 585 143 604 rem
159 581 278 603 nostram
300 574 432 606 Conferet,
457 573 610 599 reddemus.

137 665 167 691 Ρ.
186 663 251 699 595]
275 662 346 690 XVI.
372 660 557 696 Argnn-Chan
584 667 654 686 anno
671 659 735 694 Heg.
755 658 817 690 690,
833 658 876 690 qui

87 720 101 739 τι
121 712 164 738 die
181 711 198 738 4
216 709 336 736 Januarii
363 709 425 735 anni
453 707 552 734 Christi
581 706 643 733 liii)!
664 706 741 733 duxit
759 705 877 734 initium,

89 759 170 786 finem
192 756 340 791 imperandi
373 759 400 782 et
427 753 533 781 vivendi
562 753 640 784 fecit,
657 759 772 779 veneno.
792 755 821 777 ut
838 755 879 776 est

89 805 236 836 creditum,
258 802 380 830 sublatus
401 808 415 827 a
431 800 543 832 .fudmis,
561 807 654 826 mense
669 798 754 825 Rabia
769 798 852 831 priori
871 805 877 823 :

91 853 134 877 hic
152 850 250 876 tertius
273 853 314 876 est
339 848 365 874 in
387 854 459 873 anno
477 845 604 877 Arabico,
618 849 644 871 et
656 848 718 870 tunc
735 843 832 876 majori
848 850 878 869 ex

90 901 169 930 parte
199 894 297 921 Martio
336 892 445 920 Juliauo
473 891 623 925 respondit.
652 889 721 916 linie
750 889 884 920 successit

90 942 205 968 Caichtu
218 941 272 972 vel,
288 943 316 966 ut
341 938 386 965 alii
405 937 541 969 scribunt,
555 934 684 967 Ganialu,
698 935 741 962 cui
760 942 884 961 commu-

88 991 134 1017 nis
155 996 217 1015 cum
231 985 432 1021 Argnn-Chane
448 989 527 1019 pater
545 983 596 1010 fuit
616 981 718 1009 Abaka.
738 981 813 1008 linuc
827 988 885 1007 mo-

92 1043 151 1062 rum
175 1032 350 1067 improbitate
369 1030 426 1057 suis
440 1036 551 1057 exosum
568 1028 669 1055 factum
689 1026 883 1061 lliognlensinm

93 1081 216 1115 plerique
240 1079 309 1105 facta
331 1076 529 1111 coniuratione,
555 1074 631 1109 cujus
653 1073 706 1099 dux
733 1073 783 1099 fuit
798 1072 884 1099 Baidu

96 1128 170 1155 lilins
202 1124 310 1160 Targihi
338 1123 432 1150 fratris
457 1121 567 1152 Abakm,
591 1120 738 1154 fugientem
768 1119 884 1145 assecuti

94 1172 278 1203 trucidarunt,
295 1175 366 1196 anno
382 1167 488 1202 Hegirm
503 1166 565 1198 691,
590 1165 666 1199 cujus
681 1165 811 1192 Kalendae
827 1163 884 1190 Rin—

93 1216 220 1244 harrami
239 1216 310 1242 diem
330 1217 502 1247 occuparunt
529 1211 560 1238 2!
587 1210 749 1238 Novembris
770 1210 797 1236 in
816 1215 886 1235 anno

91 1263 196 1291 Christi
225 1261 313 1294 19.95;
342 1259 413 1286 unde
436 1258 537 1285 mensis
565 1257 650 1283 Iiabia
666 1257 811 1291 posterior,
832 1263 885 1290 quo

94 1309 207 1336 (.‘aichlu
224 1307 324 1333 dicitur
340 1305 462 1336 occisus,
479 1309 629 1330 extremam
649 1303 749 1329 Juliani
761 1302 885 1329 Februa-
900 1300 912 1337 χ’

95 1355 128 1381 rii
143 1358 171 1380 et
187 1353 306 1388 priorem
327 1351 415 1378 Martii
431 1355 538 1384 partem
556 1350 658 1376 insedit
678 1349 705 1375 in
719 1356 790 1375 anno
806 1348 885 1375 Citri—

922 200 964 226 dis
979 202 1139 233 pra'sentem
1160 197 1318 231 impendens
1341 203 1463 230 operam.
1480 195 1564 228 Cujus
1589 198 1643 221 tam
1661 202 1709 227 po-

923 246 1005 272 tentis
1019 244 1101 271 vicini
1119 243 1288 271 Andronicus
1307 243 1463 277 imperator,
1483 243 1569 275 patris
1589 240 1710 266 Michae-

923 293 957 319 lis
972 292 1134 323 imitatione,
1153 291 1267 325 gratiam
1285 290 1336 316 sibi
1363 290 1471 316 firmare
1494 288 1624 314 affinitate
1656 293 1712 313 stn-

924 338 992 370 duit,
1012 337 1093 364 filiam
1115 338 1138 363 ei
1156 336 1268 363 Mariam
1292 335 1392 362 volenti
1409 334 1614 369 despondendo,
1640 333 1711 368 quod

925 388 1016 410 narrat
1034 387 1126 410 noster
1149 390 1174 409 c.
1202 382 1247 414 27,
1275 382 1293 408 l.
1326 389 1367 408 ιιι.
1389 380 1450 407 Haec
1473 381 1549 414 longa
1569 379 1712 406 Tuctainis

925 430 993 456 bella
1013 429 1142 456 videntur
1157 430 1277 455 tenuisse
1295 427 1329 454 ab
1346 434 1416 453 anno
1433 427 1541 453 circiter
1555 426 1620 453 Chr.
1643 425 1712 452 1290

925 477 957 503 ad
980 475 1058 504 1296.

962 566 1044 593 XVII.
1069 566 1182 593 Sublato
1199 574 1214 593 e
1230 566 1319 593 medio
1343 565 1469 598 Caicbtu,
1487 572 1646 592 successore
1662 566 1712 592 Ar-

928 613 1111 647 gnn-Chanis,
1139 612 1232 643 Bainln,
1252 612 1296 646 qui
1321 619 1379 637 etim
1405 615 1591 646 oppresserat,
1611 611 1636 637 in
1655 611 1714 644 eius

929 665 958 684 se
980 658 1074 684 solium
1095 657 1215 684 intrusit.
1237 657 1288 683 Sed
1301 657 1323 683 ei
1341 657 1443 683 obstitit
1459 657 1592 688 Cazanes,
1608 657 1716 689 Argnn-

929 703 1028 730 Cbanis
1047 703 1175 735 liliorum,
1191 708 1220 729 ut
1235 703 1351 735 videtur,
1369 707 1432 729 natu
1450 703 1595 734 maximus,
1616 703 1716 728 avitum

931 753 1126 783 paternumque
1141 748 1284 782 imperiuru
1303 747 1354 774 sibi
1368 748 1452 774 armis
1468 747 1620 774 vindicans.
1638 747 1718 774 Com-

933 793 1016 821 misso
1033 795 1123 827 itaque
1138 793 1219 827 ,intcr
1236 794 1310 827 regni
1333 793 1492 820 candidatos
1515 793 1618 827 praelia,
1634 792 1716 819 Bnidn

935 839 1086 874 proditione
1100 846 1210 866 suorum
1227 839 1314 865 vietus
1330 843 1356 865 et
1373 838 1478 865 occisus
1493 838 1606 865 liberum
1620 839 1719 865 :emulo

935 886 1034 914 Catani
1055 886 1164 926 reliquit
1180 886 1336 921 imperium,
1350 891 1493 921 postquam
1511 886 1574 913 illud
1595 893 1642 920 per
1658 891 1720 913 orto

935 933 1046 960 circiter
1066 940 1173 960 menses
1207 933 1360 967 occupavit.
1393 932 1513 966 Contigit
1538 939 1610 959 mors
1636 932 1719 958 Βιῐιιιι

935 985 1029 1005 mense
1047 977 1197 1005 Dbul-Haia
1217 978 1337 1012 ejusdem
1354 978 1416 1005 anni
1436 978 1502 1012 lleg.
1520 977 1589 1012 {694,
1612 977 1662 1004 hoc
1680 983 1722 1004 est

936 1023 1008 1049 circa
1035 1022 1115 1049 finem
1133 1022 1258 1050 Octobris
1283 1027 1327 1049 aut
1343 1022 1448 1049 initium
1474 1023 1634 1050 Novembris
1658 1023 1721 1048 anni

936 1068 1001 1096 Chr.
1019 1068 1098 1095 i296.
1116 1068 1183 1095 llinc
1199 1069 1321 1103 procedit
1338 1069 1482 1104 imperium
1499 1068 1625 1100 Cazanis,
1644 1068 1723 1102 cujus

937 1114 1013 1141 dotes
1038 1114 1193 1148 praeclaras,
1211 1115 1332 1141 instituta
1347 1115 1506 1146 laudabilia,
1520 1120 1580 1142 acta
1607 1114 1722 1142 illustria

937 1161 1020 1189 effuse
1047 1163 1159 1190 laudans
1182 1166 1315 1189 memorat
1341 1161 1532 1198 Paehymeres,
1549 1171 1573 1189 ρ.
1596 1163 1621 1192 1.
1649 1163 1664 1190 1.
1687 1170 1723 1190 ιι.

938 1207 991 1235 Res
1007 1214 1086 1242 gestze
1100 1211 1140 1236 sic
1153 1211 1307 1237 summatim
1327 1211 1549 1247 perstringuntur
1565 1209 1590 1236 in
1610 1209 1724 1244 Snpple-
1758 1210 1760 1212 ⁷

917 1263 924 1275 ο
938 1258 1029 1280 mento
1043 1254 1173 1282 Chroniei
1189 1255 1396 1290 Ahnlpharagii.
1414 1252 1493 1281 Anno
1511 1254 1577 1289 lleg.
1596 1255 1658 1287 697,
1679 1255 1724 1289 qui

937 1301 1020 1334 eo-pit
1044 1308 1058 1327 a
1079 1301 1121 1328 die
1148 1301 1180 1329 19
1207 1300 1334 1328 Octobris
1353 1301 1415 1327 anni
1442 1301 1507 1327 Chr.
1525 1301 1604 1331 1197,
1633 1301 1725 1327 occiso

904 1345 914 1363 ί
938 1345 1052 1376 Niruzo,
1076 1346 1155 1381 cujus
1179 1347 1332 1381 proditione
1354 1347 1435 1373 Baititl
1456 1347 1545 1373 fuerat
1567 1353 1725 1381 oppressus,

94 1401 129 1427 sti
148 1382 230 1427 1265.
258 1399 327 1425 Puto
355 1382 476 1424 extremo
494 1395 706 1429 gArgnu-Chanis
732 1382 919 1437 principatu
938 1392 1048 1426 Ambegi
1067 1392 1223 1427 dignitatem
1242 1393 1319 1428 (erat
1338 1393 1363 1419 id
1383 1401 1480 1419 nomen
1501 1393 1615 1420 illustris
1629 1394 1655 1419 in
1675 1394 1727 1420 im-

96 1447 245 1480 eogitatntn
266 1445 300 1470 ab
316 1450 349 1470 eo
365 1443 398 1469 de
415 1442 608 1476 recuperandis
624 1441 883 1475 septentrionalibus
903 1439 921 1450 "‘
939 1438 1014 1472 pario
1031 1437 1178 1472 Mogulensi
1199 1438 1393 1473 magistratus)
1411 1447 1462 1473 qua
1487 1437 1600 1466 Nirnzns
1617 1439 1727 1466 functus

97 1494 210 1526 Europa:
233 1490 381 1526 provinciis
397 1489 465 1516 ultra
485 1488 655 1522 Bnlgariam;
681 1495 759 1521 quas,
792 1491 820 1513 ut
845 1487 921 1519 estC
938 1484 1035 1516 fuerat,
1055 1484 1191 1511 transtulit
1206 1484 1233 1511 in
1260 1484 1342 1511 Kotlu
1360 1484 1479 1517 Salium;
1495 1493 1573 1519 quem
1599 1486 1726 1513 ennidem

97 1539 223 1573 supr-rius
258 1537 358 1563 dictum
390 1544 416 1562 ιι.
435 1535 471 1567 6,
497 1534 626 1567 auspiciis
645 1533 748 1560 Kaanis
773 1532 884 1559 secundi

99 1583 294 1619 Mnguleusinm
307 1581 483 1616 imperatoris
501 1588 514 1606 a
530 1580 615 1606 Batno
631 1579 787 1613 subjugatas
802 1577 885 1612 Nega,

98 1632 136 1658 eis
167 1630 274 1656 tuendis
299 1636 312 1653 a
338 1628 422 1653 Batno
450 1625 588 1653 Persidem
613 1633 712 1652 versus
744 1625 887 1652 recedente

98 1676 254 1711 prmfertns,
282 1681 424 1708 progressu
463 1672 592 1706 temporis
624 1679 688 1699 suas
705 1671 818 1702 fecerat,
839 1671 886 1697 oh-

98 1721 222 1756 seqnium
240 1720 321 1754 821
339 1718 496 1752 imperatori
521 1717 639 1752 Mogulio
657 1724 810 1750 recusans;
828 1717 887 1743 diu-

98 1775 160 1804 que,
176 1771 256 1801 prout
271 1766 362 1792 multis
379 1765 446 1792 locis
458 1764 639 1799 Pacbymeres
649 1763 794 1798 signiﬁcat,
806 1763 886 1789 istam

99 1813 274 1840 rebellionem
300 1811 410 1844 impune
432 1810 504 1840 tulit,
535 1810 560 1835 in
587 1816 616 1835 ea
639 1808 720 1835 etiam
747 1807 887 1834 Michaelis

98 1860 178 1894 primi
196 1857 340 1890 Palmologi
362 1856 473 1889 Augusti
497 1855 628 1881 affinitate
656 1855 790 1883 ﬁrmatus,
806 1853 886 1880 ducta

100 1906 186 1940 ipsius
215 1904 268 1930 lilia
298 1902 484 1935 Enphrosyne.
517 1900 589 1927 Talis
624 1899 656 1926 ab
689 1899 888 1933 Argun-Cbane

99 1951 219 1985 suscepti
247 1949 352 1976 consilii
370 1947 514 1981 vestigium
543 1948 568 1972 in
588 1946 640 1972 fine
656 1945 887 1979 Abnlpharagiani

100 1995 228 2024 Chroniei
254 1995 377 2028 reperio,
407 1992 452 2019 ubi
482 1992 614 2025 scriptum
635 1991 734 2024 ir‘gilnr
757 1990 889 2024 :Argun-

100 2044 217 2071 Citam-nt
249 2041 359 2074 imperio
385 2039 437 2066 sibi
461 2038 579 2065 stabilito
611 2037 751 2070 unicuique
770 2036 887 2069 ﬁliarum

100 2090 286 2124 prmferturam
302 2086 417 2120 alicujus
444 2085 518 2119 regni
543 2085 586 2110 sui
599 2083 763 2109 exercituum
780 2082 888 2108 commi-

100 2137 177 2162 ιιὶςεε.
195 2133 255 2161 Filii
282 2131 492 2167 Argnn-(Zhanis
511 2130 621 2157 fuerunt
647 2129 777 2159 Cazanes,
794 2128 888 2154 Carm-

101 2187 209 2217 pantas,
228 2180 348 2207 Tnctais.
366 2179 405 2206 Ex
429 2179 469 2205 his
484 2178 606 2205 Cazanes
623 2177 730 2203 videtur
754 2177 888 2203 exercitui

102 2233 128 2254 et
144 2227 291 2262 provinci.e
312 2226 371 2252 loco
385 2225 428 2251 ubi
447 2225 559 2258 degebat
570 2224 719 2257 imperator
734 2223 892 2258 propinqua:

102 2273 277 2309 praepositus.
304 2271 370 2298 Nam
399 2275 531 2304 occupato
561 2270 753 2304 postmodum,
779 2274 808 2295 ut
830 2277 891 2296 mox

102 2321 229 2351 dicetur,
256 2327 270 2345 a
293 2318 375 2344 iiaidu
396 2317 517 2350 imperio,
538 2316 641 2350 primus
667 2315 712 2350 qui
731 2315 892 2346 obsisteret,

101 2366 222 2396 viciniae,
239 2368 453 2399 proutapparet,
475 2362 618 2392 beneficio,
635 2362 751 2388 exstitit.
770 2362 822 2388 Alii
841 2362 893 2388 duo

102 2412 219 2440 Cazanis
239 2410 337 2437 fratres
353 2410 458 2443 longius
474 2417 487 2434 a
506 2413 581 2443 patre
599 2409 726 2442 leguntur
743 2408 892 2440 amandati,

104 2457 238 2490 siquidem
251 2456 478 2489 Carmpantanem
495 2454 688 2488 l'achymeres,
703 2461 727 2487 p.
743 2453 796 2479 459
809 2453 894 2487 partis

104 2502 277 2538 posterioris,
296 2502 334 2527 ait
352 2501 501 2527 exercitum
530 2501 555 2526 in
583 2499 658 2526 ludia
675 2500 800 2526 ductasse
818 2507 825 2526 :
842 2498 896 2525 Tn-

105 2549 225 2576 etainem
241 2550 312 2575 idem
329 2547 423 2578 refert,
436 2546 522 2580 partis
538 2546 661 2580 ejusdem
681 2546 699 2571 1.
716 2553 758 2576 ιιι,
777 2553 800 2571 c.
820 2545 854 2572 26
868 2549 895 2572 et

104 2595 150 2627 27,
167 2595 287 2629 longum,
318 2593 428 2619 ditlicile
444 2598 526 2627 atque
551 2599 651 2625 anceps
665 2599 724 2618 cum
746 2591 818 2626 Noga
835 2599 894 2626 ges-

105 2643 174 2669 sisse
192 2640 303 2671 bellum,
318 2639 407 2674 quoad
422 2646 483 2665 eum
499 2638 554 2672 jam
570 2645 660 2664 senem
678 2637 735 2664 acie
758 2643 894 2671 postrema

104 2689 205 2715 victum
236 2686 336 2713 occidit
368 2685 543 2719 funditusque
568 2683 722 2719 profligavit
751 2684 893 2711 factionem

105 2735 174 2768 ejus,
190 2733 326 2760 restitutis
341 2732 457 2766 imperio
473 2731 671 2766 Mngnlensium
688 2731 825 2765 prmtentis
842 2731 894 2757 En-

106 2781 170 2807 xino
190 2788 221 2807 ex
249 2785 325 2813 parte
341 2779 454 2812 Europre
474 2778 640 2813 regionibus,
654 2785 721 2811 quas
734 2778 794 2804 inde
813 2776 892 2812 Negre

107 2826 220 2853 reneiiio
233 2824 410 2856 aiienaveral,
425 2830 452 2851 et
465 2824 498 2851 iis
514 2825 570 2858 ipse
583 2823 667 2857 patris
680 2822 828 2857 Argun—Ch
840 2823 891 2850 ~nis

902 2161 929 2190 D

939 1538 999 1557 esse
1013 1530 1136 1565 suspicor
1148 1539 1208 1558 cum
1223 1531 1423 1558 Cluttluclmimo
1439 1533 1578 1558 nominato
1595 1539 1609 1558 a
1622 1532 1728 1565 Pachy-

939 1584 1012 1603 Iuere
1029 1577 1078 1603 sub
1095 1577 1173 1604 finem
1192 1577 1271 1604 modo
1297 1578 1397 1604 laudati
1421 1586 1446 1605 e.
1478 1578 1501 1609 i,
1527 1579 1545 1610 l,
1564 1586 1600 1612 \‘l,
1627 1578 1670 1605 ubi
1699 1587 1725 1613 p.

937 1624 1000 1657 459,
1029 1630 1108 1651 vocat
1135 1624 1327 1660 Χουτ).ουχάῖμ
1357 1625 1428 1652 κατὰ
1453 1625 1499 1652 an
1522 1625 1650 1658 Εὖξεινον
1675 1626 1726 1661 ἆρ-

938 1679 1020 1705 χηντα
1034 1676 1174 1705 praetorem
1199 1673 1397 1706 provinciarum
1418 1672 1522 1707 imperii
1546 1670 1670 1707 Mogulici
1694 1674 1727 1701 ad

939 1717 1073 1745 Euxinum
1098 1718 1224 1746 sitarum.
1238 1718 1336 1745 Fuerat
1355 1719 1436 1754 822
1456 1719 1517 1751 ista,
1538 1719 1580 1754 [Ρ.
1602 1719 1665 1757 596]
1689 1720 1727 1748 uti

939 1764 1066 1796 diximus,
1080 1765 1243 1800 przefectura
1259 1764 1410 1792 Tnctainis.
1427 1765 1518 1798 Quare
1534 1767 1597 1793 hinc
1612 1767 1673 1794 licet
1688 1767 1729 1795 in-

939 1811 1071 1845 telligere,
1098 1811 1169 1838 circa
1194 1817 1320 1844 quartum
1341 1816 1388 1838 aut
1403 1813 1527 1846 quintum
1555 1813 1728 1848 principatus

937 1856 1054 1884 Cazanis
1069 1865 1170 1883 annum
1185 1857 1343 1884 Tnctainem
1357 1858 1389 1883 ad
1401 1857 1495 1884 fratris
1512 1858 1671 1892 imperantis
1684 1867 1729 1886 co~

939 1903 1063 1928 mitatum
1089 1910 1118 1928 se
1148 1902 1331 1934 transtulisse,
1358 1902 1471 1929 forsitan
1499 1911 1530 1930 eo
1549 1909 1673 1936 vocante,
1699 1908 1729 1932 ut

938 1954 1027 1973 mores
1044 1946 1102 1980 ejus
1118 1946 1288 1980 observaret,
1307 1951 1493 1982 statueretque
1524 1957 1557 1974 an
1582 1948 1679 1983 digitus
1705 1950 1728 1976 is

938 1992 1007 2019 foret
1032 1999 1112 2026 quem
1140 1992 1246 2027 imperii
1271 2000 1457 2020 successorem
1478 1994 1645 2028 designaret.
1664 1995 1729 2028 Qua:

939 2038 1063 2072 probatio
1089 2046 1185 2072 parum
1203 2046 1217 2065 e
1234 2038 1377 2066 Tnctaiuis
1395 2044 1456 2066 voto
1478 2041 1627 2068 succedens
1658 2042 1729 2069 hunc

938 2085 1053 2112 exclusit
1072 2085 1195 2120 imperio.
1212 2085 1314 2112 Scribit
1336 2086 1408 2112 enim
1433 2086 1625 2122 Pachymeres,
1658 2095 1729 2122 ςενιιο

940 2130 1060 2157 iudicato
1077 2138 1101 2157 c.
1120 2131 1144 2162 1,
1158 2130 1176 2157 1.
1191 2137 1227 2163 v1,
1239 2130 1374 2158 Cazancm
1398 2131 1423 2158 in
1443 2131 1524 2159 dubia
1542 2140 1588 2159 sua
1600 2133 1730 2162 valetudi-

944 2186 977 2205 ne
991 2178 1156 2205 succcssioni
1175 2178 1250 2212 regni
1268 2179 1467 2211 consulentem,
1489 2187 1549 2206 eum
1567 2188 1657 2208 mores
1675 2181 1730 2208 Tn-

944 2223 1052 2255 ctainis,
1065 2231 1144 2256 quem
1158 2223 1183 2250 in
1198 2224 1347 2259 propinquo
1361 2225 1483 2258 luberet,
1502 2226 1594 2253 fratris
1620 2227 1660 2253 sui
1677 2227 1732 2255 dis—

944 2270 1046 2296 similes
1061 2275 1193 2301 notasset,
1212 2271 1438 2305 Carmpantanem
1460 2272 1542 2298 alium
1562 2272 1672 2301 fratrem
1698 2283 1730 2303 ex

944 2313 1029 2344 India.
1048 2314 1092 2340 ubi
1107 2314 1239 2341 exercitui
1266 2322 1392 2349 praeerat,
1406 2324 1548 2349 evocasse,
1566 2325 1680 2352 emnqne
1697 2320 1729 2348 ad

944 2360 970 2387 id
988 2365 1117 2388 accurata
1132 2361 1304 2389 institutione
1317 2367 1497 2397 prazparatum
1522 2364 1627 2399 imperii
1645 2366 1730 2392 hatre-

945 2408 1006 2433 dem
1024 2407 1191 2441 designasse.
1208 2402 1293 2442 Igiinr
1309 2409 1448 2435 decedenti
1465 2417 1495 2436 ex
1510 2410 1632 2444 partibus
1649 2410 1731 2449 Euxi;

945 2462 980 2481 no
992 2454 1088 2481 vicinis
1104 2454 1228 2481 'fuctaini
1245 2455 1388 2483 sutIeclum
1406 2457 1431 2482 in
1448 2456 1560 2484 istarum
1578 2458 1734 2491 provincia:

946 2508 1004 2526 rum
1025 2499 1156 2534 regimine
1173 2500 1412 2539 Clititltieliainiuiri
1430 2502 1558 2533 arbitror,
1573 2510 1653 2537 queui
1669 2503 1735 2540 :illic,

946 2546 992 2572 tali
1005 2546 1094 2573 ofﬁcio
1110 2547 1193 2573 fuisse
1211 2546 1331 2574 functum
1348 2548 1459 2586 quando
1481 2554 1521 2576 est
1537 2554 1661 2579 mortuus
1677 2550 1731 2578 Ca-

946 2600 1039 2623 zanes,
1055 2592 1169 2619 aliirniat
1180 2592 1368 2629 Pachytnercs.

982 2683 1076 2711 XVI”.
1097 2685 1185 2718 Pergit
1203 2686 1378 2713 continuatur
1398 2686 1626 2720 Abuipharagiani
1647 2686 1733 2714 Chro-

946 2731 1000 2757 ιιίςὶ
1018 2734 1076 2757 acta
1097 2730 1212 2758 Cazanis
1227 2732 1352 2766 exsequi,
1376 2733 1496 2760 scribens
1512 2741 1581 2758 anno
1601 2733 1652 2759 699
1674 2741 1733 2759 mo~

947 2781 1052 2803 \‘enlem
1084 2784 1143 2802 cum
1175 2777 1295 2803 exercitu
1323 2778 1348 2804 in
1375 2778 1480 2812 Syriam
1505 2778 1637 2804 Cultlllcnt
1669 2787 1731 2806 eunt

947 2829 1108 2849 oecurrente
1135 2822 1186 2859 silhi
1211 2824 1316 2850 sultane
1333 2823 1450 2860 Aiypti.
1467 2825 1512 2859 qui
1531 2825 1678 2853 \o:ah.nnr
1701 2827 1733 2856 At
