1951 3065
241 116 294 147 873

665 115 708 145 -P.
728 114 874 147 POSSlNl
896 115 1218 146 OBSERVATIONUM
1237 116 1309 146 LIB.
1331 115 1389 146 ΙΙΙ.

1813 117 1880 150 830

242 171 325 198 Malec
347 169 380 197 Al
406 169 491 198 Naser
516 169 726 204 Moliammedcs,
749 170 903 198 conﬂixisse
923 170 1026 206 praelio,
1043 172 1063 200 Α
1079 170 1173 198 Scribit
1186 170 1365 206 Parhyuicres
1380 171 1440 198 loco
1456 179 1525 205 saepe
1541 176 1691 198 memorato
1711 172 1743 199 de
1757 171 1880 200 Cazane

241 223 358 250 rumque
381 215 472 243 lusum
496 216 522 242 in
541 216 633 251 fugam
654 216 782 249 vertisse,
811 216 873 244 dein
895 216 1027 243 Damasco

243 261 376 295 potitum;
393 261 492 296 quibus
518 261 612 294 gestis,
634 260 728 288 relicto
745 260 773 288 in
796 260 875 297 Syria
898 262 1027 296 pra-tecto

243 307 348 341 Kapiak
359 312 466 340 vocato,
487 307 513 335 in
528 308 651 343 regiones
667 307 819 336 Orientales
836 309 959 336 rediisse.
972 308 1027 336 Ha—

244 352 301 379 buit
314 359 401 379 annus
416 351 522 386 Hegirae
534 351 585 379 699
599 351 705 378 initium
724 359 738 379 a
755 351 797 379 die
811 351 846 378 28
858 351 1026 386 Septembris

242 399 305 425 anni
322 397 423 425 Christi
440 397 520 425 1299,
537 397 603 430 Quia
623 405 686 425 vero
701 398 769 430 dies,
786 405 840 432 quo
856 399 915 425 acie
938 398 1026 424 victus

242 449 284 472 est
309 445 400 472 sultan
425 443 536 478 Egypti
567 444 665 471 dicitur
688 443 743 472 illic
771 443 852 471 fuisse
879 445 1026 472 vicesimus

189 492 194 493 ⁷
241 492 374 527 septimus
389 491 483 518 Rabiat
500 491 608 524 prioris,
621 491 721 518 indicat
733 494 794 517 nota
805 490 850 517 illa
868 491 937 517 diem
953 491 1026 518 vice-

241 539 340 566 simum
356 538 505 565 secundum
522 537 624 564 mensis
638 536 793 564 Decembris
808 537 929 571 ejusdem
944 536 1024 564 Chri-

235 585 275 613 -sti
292 584 356 611 anni
375 582 543 616 1299..Quod
560 587 649 610 autem
664 583 737 610 addit
755 583 927 610 coutinuator
940 583 1024 609 Abul-

231 629 364 666 ipharagii
377 630 447 657 diem
460 630 533 657 illum
548 629 631 656 fuisse
642 629 780 662 Mercurii,
793 629 862 656 haud
872 636 1026 664 usquequa-

230 685 293 712 ‘que
305 677 429 711 quadrat,
445 675 577 710 siquidem
591 675 637 702 illo
650 675 749 703 Christi
765 682 836 702 anno
853 675 943 710 cyelus
958 676 1024 703 solis

227 724 276 751 "20
288 723 404 751 litteram
421 721 510 749 attulit
527 721 601 749 feris
620 721 715 756 priuue
731 721 846 749 indicem
868 721 900 755 Ι),
916 729 976 756 quas
989 721 1024 748 22

240 769 398 797 Decembris
414 767 485 795 diem
505 766 599 795 feriam
616 766 699 794 fuisse
716 767 821 795 tertiam
844 767 1022 795 demonstrat.

240 814 406 842 Crediderim
433 812 561 840 mendum
578 812 721 847 irrepsisse
741 813 767 839 in
783 820 921 845 numeros,
934 817 960 840 et
974 820 1022 847 pro

239 860 273 887 27
290 859 382 887 Rabies
392 858 492 894 prioris
505 857 586 886 scribi
599 863 724 893 oportere
735 857 782 892 28,
795 858 840 893 qui
851 859 910 886 dies
924 858 974 886 fuit
986 859 1021 886 εὖ

230 905 395 934 .Decembris
407 905 474 932 feria
485 904 512 932 4.
525 903 742 932 Fundamentum
763 904 828 931 mibi
841 904 881 932 sic
892 905 1020 939 opinandi

226 957 280 980 est
296 951 481 980 testimonium
505 951 642 978 oculatum
662 951 803 985 scriptoris
825 950 933 978 illorum
951 956 1020 978 tem-

237 1006 333 1034 porum
356 997 487 1034 Aytltoni.
504 997 600 1024 Exstat
620 995 702 1030 hujus
715 1004 784 1031 opus
798 996 878 1024 titulo
894 996 1021 1024 Historia:

238 1045 398 1078 Orientalis,
413 1043 491 1079 cujus
516 1050 540 1071 c.
558 1043 590 1070 Η
611 1039 776 1070 allirmat'se
798 1041 880 1069 fuisse
894 1043 1019 1070 comitem

238 1090 420 1125 expeditionis
443 1096 523 1124 quam
545 1088 680 1116 Cassam“
701 1087 752 1124 (sic
776 1088 849 1115 enim
868 1088 956 1121 vocat)
976 1096 1021 1115 rea:

240 1135 417 1163 Tartarorum
428 1126 610 1165 Christianus,
621 1141 673 1160 uua
691 1140 752 1160 cum
766 1133 874 1168 regibus
887 1133 1022 1160 Armenia

238 1185 266 1208 et
280 1180 405 1214 Georgia:
420 1179 524 1214 pariter
540 1178 714 1209 Christianis,
730 1178 851 1213 suscepit
867 1178 893 1204 in
914 1177 1020 1213 Syriam

236 1232 333 1254 contra
348 1225 579 1253 lllelecltuaserum
599 1225 732 1252 sultanem
744 1224 853 1260 [Egypti
869 1224 954 1261 Syriae
971 1225 1021 1251 do-

239 1272 399 1304 minantem,
415 1279 495 1306 quem
517 1277 544 1298 et
559 1270 653 1298 habuit
669 1270 776 1298 obviunt
794 1278 880 1305 prope
892 1269 1019 1304 ‘ilamam,

239 1318 359 1353 antiquis
382 1317 506 1345 Emesam
533 1316 643 1344 dictam.
665 1316 785 1344 Ducebat
807 1316 896 1344 sultan
927 1323 1019 1343 secum

237 1364 358 1399 equitum
370 1367 478 1391 centum
494 1362 579 1389 millia
591 1369 652 1389 cum
672 1361 777 1388 iuliuita
794 1361 916 1396 peditum
932 1361 1020 1388 multi-

240 1408 343 1436 tudine.
374 1407 511 1435 Cassanus
538 1412 628 1434 autem
655 1407 806 1433 exercitum
841 1406 1019 1434 ducentorum

239 1454 365 1486 millium,
381 1460 505 1488 magnam
525 1457 628 1486 partem
652 1452 773 1486 equitum
796 1451 922 1479 habebat.
942 1451 1021 1480 Com—

1037 837 1058 864 Β

1079 216 1120 243 liis
1135 217 1223 244 verbis
1240 226 1245 244 :
1260 216 1371 244 Vestam
1384 218 1446 251 quin
1468 218 1548 244 etiam
1563 217 1706 252 (Egi/ptum
1725 218 1879 253 cladesque

1077 261 1134 288 illic
1147 263 1279 289 Arabibus
1303 271 1355 290 non
1382 263 1448 290 leves
1465 263 1594 297 inferens,
1613 264 1690 298 longe
1705 264 1833 298 pluribus
1849 269 1877 291 et

1077 306 1240 340 gravioribus
1257 307 1312 333 sine
1333 307 1413 333 dubio
1430 308 1535 335 damnis
1556 308 1616 334 illo:
1636 309 1793 342 a/i'ecturus.
1817 310 1877 336 nisi

1075 352 1112 384 ei,
1128 360 1159 379 ne
1178 357 1325 385 penetraret
1354 353 1476 384 interius,
1493 353 1610 380 locorum
1635 355 1723 381 arenis
1744 356 1825 382 inviis
1848 360 1877 388 et

1077 404 1153 431 aquae
1180 396 1303 430 inopibus
1323 397 1377 423 late
1391 396 1579 430 squalientium
1608 398 1795 432 insuperabilis
1813 399 1875 433 dif-

1076 441 1182 475 ﬁcultas
1207 441 1361 468 obstitisset.
1393 441 1530 470 Hactenus
1561 443 1759 478 Pacliymeres;
1796 443 1876 470 unde

1076 488 1140 514 licet
1156 487 1287 522 suspicari
1308 488 1350 514 vel
1371 488 1456 522 ipsum
1474 488 1607 515 Cazanem
1626 489 1665 516 vel
1683 494 1786 523 partem
1809 489 1875 523 ejus

1076 534 1233 567 exercitus,
1265 534 1323 567 ipso
1341 534 1410 567 apud
1437 533 1569 561 llatcbum
1597 535 1703 561 interim
1731 539 1872 567 morante,

1076 579 1223 614 Egyptum
1247 583 1374 610 tentasse,
1391 584 1419 606 at
1437 580 1471 606 ob
1487 580 1709 614 impedimentum
1728 587 1873 606 memora-

1077 629 1131 652 tum
1147 629 1235 660 empto
1251 624 1400 652 abstitisse.
1418 623 1517 652 Refero
1533 626 1615 652 etiam
1631 625 1664 652 ad
1681 625 1750 652 hanc
1766 632 1871 652 secutu-

1075 669 1136 697 dam
1162 671 1359 704 expeditionem
1380 670 1424 697 illa
1443 678 1503 706 quae
1531 671 1610 705 paulo
1643 672 1767 706 superius
1792 672 1870 698 idem

1073 715 1256 751 Pacltymeres
1269 715 1385 748 dixerat,
1403 724 1500 750 nempe
1515 715 1646 743 Cazanem
1668 716 1869 751 Hierosolymis

1074 761 1206 788 hostiliter
1223 762 1359 789 admotum
1387 770 1483 795 parum
1514 762 1629 797 abfuisse
1660 763 1692 789 ab
1718 763 1782 790 urbe
1813 763 1868 789 illa

1075 812 1162 840 tanta,
1186 809 1231 835 cui
1245 809 1335 835 sultan
1353 808 1513 836 Christianis
1540 815 1634 843 ereptte
1660 809 1867 842 dominabatur,

1072 855 1257 888 expugnanda.
1267 854 1308 881 ita
1322 853 1366 881 ille
1374 854 1452 889 longe
1469 854 1642 882 verisimilius
1658 862 1738 889 quant
1749 854 1866 888 quidam

1069 898 1159 927 Latini
1179 901 1315 935 srriperes
1331 901 1404 928 citati
1421 902 1455 928 ab
1468 900 1583 928 Henrico
1592 900 1737 934 Spondano
1751 901 1776 927 in
1795 907 1867 927 con-

1072 945 1222 973 tinuatione
1230 947 1376 974 Annalium
1386 946 1493 975 Barouii
1503 954 1574 974 anno
1589 947 1689 974 Christi
1703 947 1782 979 1500,
1795 947 1865 978 n.1,

1071 991 1118 1026 qui
1134 993 1210 1019 aiunt
1226 998 1290 1020 tunc
1307 1000 1321 1019 a
1333 992 1457 1021 Cassauo
1483 992 1695 1029 Hierosolymam
1709 994 1792 1028 fuisse
1815 1002 1866 1020 ca-

1070 1043 1154 1072 ptam,
1167 1043 1192 1065 et
1205 1039 1288 1065 sacris
1304 1038 1367 1065 locis
1384 1047 1479 1073 magna
1500 1041 1666 1066 ueneratione
1676 1039 1804 1072 ciuitatis,
1823 1047 1866 1065 rc-

1072 1088 1198 1111 stauratts
1216 1089 1239 1111 et
1256 1085 1366 1112 dotatis.
1381 1084 1553 1111 habitandam
1570 1093 1718 1112 concessam
1732 1085 1867 1111 Christia-

1072 1131 1112 1157 nis
1132 1129 1262 1163 Armenia,
1276 1129 1431 1164 Georgiauis
1450 1131 1601 1166 cwterisque
1613 1139 1646 1157 ea;
1657 1131 1743 1166 Cypro
1759 1136 1784 1158 et
1798 1132 1865 1159 late»

1072 1176 1126 1203 bris
1153 1177 1361 1204 convolantibus.
1392 1176 1459 1204 Nam
1491 1177 1527 1209 id,
1548 1178 1571 1205 si
1599 1185 1661 1204 vere
1691 1177 1862 1212 contigisset,

1073 1230 1125 1250 non
1139 1222 1244 1249 videtur
1261 1228 1308 1249 aut
1321 1223 1445 1257 ignorare
1459 1224 1579 1257 potuisse
1588 1224 1729 1258 Aythonus
1744 1230 1809 1250 tunc
1823 1224 1864 1250 vi-

1072 1274 1203 1302 vens,aut
1229 1269 1256 1296 iu
1271 1269 1382 1296 historia
1393 1270 1426 1297 de
1443 1270 1486 1298 bis
1504 1270 1603 1304 scripta
1624 1270 1704 1298 silere
1723 1270 1863 1302 voluisse;

1072 1317 1099 1343 in
1118 1323 1173 1350 qua
1192 1321 1281 1343 tamen
1313 1317 1381 1343 nihil
1411 1316 1464 1344 tale
1493 1317 1636 1351 reperitur.
1656 1319 1731 1343 Auno
1762 1317 1864 1344 dehinc

1072 1360 1177 1396 llegira:
1204 1360 1255 1387 702
1273 1361 1372 1396 (pergit
1402 1361 1616 1396 supplementum
1648 1362 1864 1396 Ahulpharagii)

1071 1407 1192 1435 Cazanes
1210 1407 1301 1442 copias
1328 1408 1354 1434 iu
1373 1407 1481 1443 Syriam
1499 1407 1573 1435 misit
1590 1408 1657 1434 duce
1676 1407 1755 1434 Kotlu
1775 1408 1860 1439 Salio,

1072 1452 1130 1479 sive
1148 1456 1176 1478 ut
1192 1451 1373 1487 Paehytneres
1389 1459 1476 1483 vocat,
1496 1452 1702 1479 Chutluchaitno
1717 1460 1725 1485 ;
1754 1452 1862 1486 primus

237 1499 350 1527 missum
366 1499 450 1528 fuisse
468 1499 590 1534 praelium
612 1498 682 1528 inter
698 1498 748 1527 hos
765 1499 901 1525 exercitus
917 1498 1019 1533 Aytho-
1033 1504 1055 1536 ρ
1072 1497 1129 1525 dies
1149 1497 1228 1525 istius
1246 1497 1309 1524 anni
1329 1497 1433 1533 llegirae
1457 1498 1509 1525 702
1528 1499 1577 1526 l'uit
1595 1500 1738 1526 vicesimus
1766 1504 1862 1526 sextus

237 1553 297 1577 nus,
311 1545 355 1579 qui
369 1551 487 1580 praesens
495 1543 631 1576 interfuit,
649 1544 745 1571 asserit
756 1544 799 1570 die
816 1543 941 1571 Mercurii
956 1548 1016 1571 ante

236 1593 331 1626 festum
349 1590 514 1618 Nativitatis.
527 1589 606 1617 Cadit
618 1589 755 1625 aptissime
764 1594 827 1617 nota
839 1590 897 1617 haec
908 1590 934 1617 in
945 1591 1016 1617 dietn

235 1638 270 1665 25
288 1636 451 1668 Decembris,
468 1643 527 1670 qum
551 1635 595 1663 illo
613 1643 694 1667 anno,
710 1639 739 1662 ut
754 1640 796 1663 est
813 1636 924 1668 dictant,
948 1635 1017 1663 l'eria

236 1688 332 1719 quarta
346 1682 406 1710 fuit.
420 1682 498 1709 Addit
512 1681 653 1717 Aythoaus
666 1681 758 1716 praelio
772 1681 870 1708 victum
882 1686 910 1709 et
926 1681 1017 1716 fugere

235 1728 404 1762 compulsum
433 1727 517 1754 fuisse
542 1726 689 1759 sultanem,
714 1731 770 1753 tum
792 1726 836 1753 die
855 1725 936 1761 823
956 1731 1017 1761 pest

235 1774 376 1802 victoriam
394 1773 428 1800 45
439 1772 555 1799 deditam
570 1771 690 1799 Cassauo
708 1772 790 1799 luisse
806 1773 898 1799 urbem
920 1773 1016 1799 Dams-

236 1828 323 1851 scum,
340 1820 366 1846 in
393 1826 446 1853 qua
464 1818 601 1846 Cassauus
623 1818 779 1852 praiectum
807 1826 854 1852 pro
878 1826 907 1845 se
932 1818 1016 1855 Syrias

235 1875 296 1894 cum
315 1871 390 1901 parte
404 1865 540 1893 exercitus
556 1864 667 1899 reliquit
690 1865 833 1900 quemdam
851 1865 945 1893 ducem
964 1866 1015 1893 Sa-

235 1919 362 1940 racenum
376 1911 409 1939 ad
424 1919 452 1939 se
464 1918 480 1938 a
493 1911 599 1939 sultane
612 1910 788 1946 transfugam.
799 1912 906 1938 nomine
916 1911 1017 1945 Capra-

232 1959 316 1992 kum;
335 1959 377 1986 cui
394 1957 468 1985 dedit
482 1957 508 1984 in
526 1957 660 1984 mandatis
677 1961 706 1984 ut
719 1957 742 1984 si
756 1956 900 1984 Christiani
916 1958 949 1984 ab
963 1956 1016 1984 Oc-

233 2005 339 2032 cidente
363 2003 497 2036 venirent,
523 2003 563 2030 eis
590 2002 696 2038 Syriam
727 2002 855 2030 traderet.
881 2002 933 2029 Sed
955 2009 1014 2029 cum

233 2051 349 2085 Europae
361 2051 498 2086 principes
510 2049 551 2077 lre
565 2049 628 2076 illuc
643 2053 690 2076 aut
702 2049 840 2076 exercitus
853 2049 958 2076 mittere
971 2055 1016 2075 ηο-

232 2098 390 2133 glexisscnt,
408 2095 548 2131 Capcakus
575 2095 656 2122 rebus
677 2095 734 2122 suis
757 2094 914 2126 consulens,
930 2093 1013 2127 impeo

231 2147 302 2170 trata
325 2150 339 2168 a
357 2141 462 2169 sultane
475 2139 621 2176 transfugii
641 2140 730 2172 venia,
746 2139 852 2175 Syriam
866 2139 903 2166 illi
923 2145 1016 2165 rursus

1070 1545 1172 1572 mensis
1193 1544 1303 1579 Augusti
1329 1544 1356 1571 in
1374 1551 1446 1571 auuo
1461 1552 1521 1571 mne
1532 1549 1630 1572 nostra:
1648 1544 1764 1580 vulgaris
1780 1545 1859 1572 1502.

1068 1589 1108 1617 Et
1120 1591 1160 1618 his
1172 1598 1231 1625 qutc
1244 1589 1327 1617 refert
1336 1590 1370 1616 de
1382 1590 1475 1617 morbo
1486 1590 1601 1619 Cannis
1618 1591 1744 1618 diuturno
1757 1591 1861 1626 Pachy-

1069 1643 1167 1667 meres,
1183 1643 1294 1664 necesse
1303 1642 1344 1663 est
1357 1637 1446 1664 dicere
1460 1635 1516 1670 jam
1534 1641 1590 1664 tum
1609 1637 1682 1664 illaut
1700 1643 1859 1672 aegrotasse,

1069 1682 1153 1718 824
1160 1688 1241 1717 atque
1253 1683 1319 1710 adeo
1330 1683 1423 1710 morbo
1440 1683 1597 1718 impeditum
1612 1691 1626 1710 a
1640 1691 1687 1719 per
1697 1692 1726 1712 se
1734 1685 1858 1712 obeunda

1070 1729 1239 1762 expeditione
1262 1729 1415 1756 necessaria
1430 1728 1566 1756 hominem
1592 1729 1634 1756 cui
1660 1730 1776 1758 maxime
1793 1730 1858 1757 ﬁde.

1068 1779 1111 1801 ret
1137 1775 1196 1802 vice
1210 1783 1258 1802 sua
1289 1775 1395 1802 misisse
1423 1775 1672 1809 Chutlucbaimum,
1693 1777 1748 1804 sive
1781 1776 1856 1804 illum

1070 1821 1217 1847 evocavite
1242 1820 1365 1855 partibus
1391 1822 1647 1856 septentrionalibus
1675 1823 1745 1850 circa
1773 1823 1858 1851 Euxi-

1069 1872 1132 1892 num
1146 1884 1153 1896 ,
1173 1865 1271 1900 quibus
1288 1874 1360 1899 eum,
1387 1867 1413 1894 iu
1431 1867 1521 1894 locum
1549 1867 1658 1895 Tuctais
1675 1868 1732 1895 sive
1749 1869 1856 1896 Tuctai-

1071 1912 1122 1944 uis,
1133 1911 1215 1939 fuisse
1227 1912 1281 1946 jam
1296 1918 1374 1940 antea
1390 1913 1546 1948 pra-lectum
1561 1915 1641 1949 paulo
1658 1916 1787 1950 superius
1811 1924 1856 1943 su-

1069 1957 1248 1991 spicabamur,
1261 1958 1317 1986 sive
1328 1959 1401 1986 illum
1418 1959 1507 1987 adhuc
1523 1960 1551 1986 iu
1567 1961 1653 1988 ollicio
1671 1961 1785 1996 Atabegi
1800 1964 1856 1989 cir-

1067 2010 1100 2030 ca
1118 2010 1148 2030 se
1161 2004 1261 2037 habuit,
1280 2009 1307 2031 ct
1324 2009 1426 2032 tantuut
1442 2011 1505 2040 post
1521 2006 1604 2040 ipsius
1619 2006 1733 2033 reditum
1748 2016 1763 2034 e
1778 2007 1856 2042 Syris

1070 2050 1104 2076 ad
1134 2050 1216 2076 istaut
1232 2051 1473 2085 septentrionalem
1503 2051 1614 2078 limitem
1647 2052 1803 2086 destinavit,
1822 2061 1856 2080 ne

1067 2096 1213 2122 occasione
1227 2100 1359 2122 secuturae
1377 2095 1452 2123 brevi
1470 2097 1551 2131 (quod
1570 2097 1768 2133 praesentiebat)
1786 2106 1855 2125 mor-

1072 2140 1105 2167 tis
1124 2147 1178 2167 suai
1204 2139 1324 2172 Tuclais,
1353 2148 1432 2175 quem
1449 2142 1589 2169 exclusqu
1604 2143 1718 2176 imperio
1735 2143 1853 2176 volebat,

233 2187 355 2224 expulsis
376 2187 501 2215 Tanai-is
522 2186 648 2221 subjecit.
664 2185 727 2212 Haec
751 2185 892 2220 Aythonus
916 2185 950 2211 de
966 2184 1017 2211 hac
1031 2180 1056 2209 Ῑ)
1071 2194 1102 2214 ex
1120 2187 1180 2214 istis
1197 2187 1248 2214 sibi
1262 2188 1364 2215 dudum
1381 2189 1508 2217 obnoxiis
1523 2191 1668 2225 provinciis
1683 2199 1748 2226 opes
1760 2192 1855 2220 ducere

232 2233 421 2268 expeditione;
439 2236 498 2265 qua
512 2237 593 2266 quam
611 2230 665 2257 sint
680 2233 866 2256 consentanea
884 2228 992 2256 traditis
1004 2237 1018 2256 a

232 2279 422 2307 tontinuatore
441 2276 634 2312 Abulpharagii
650 2282 682 2302 ex
706 2274 851 2302 collatione
870 2279 952 2308 patet.
971 2274 1017 2301 Et-

231 2324 303 2352 enim
325 2323 395 2358 apud
416 2322 489 2349 hunc
506 2321 608 2354 legitur
629 2320 773 2355 Egyptios
794 2319 884 2346 audito
903 2319 1018 2347 Cazanis

232 2368 306 2396 abitu
323 2373 449 2395 reversos
462 2366 488 2394 in
503 2365 608 2402 Syriam
623 2365 715 2397 fuisse,
731 2368 758 2392 et
772 2363 898 2399 Capcako
915 2364 942 2391 in
955 2371 1018 2399 par-

233 2419 273 2441 tes
289 2420 382 2441 corum
397 2417 566 2445 transeunte,
582 2411 712 2439 Tartarus
734 2411 779 2446 qui
795 2415 874 2438 erant
893 2411 918 2437 in
936 2409 1016 2446 Syria

230 2465 261 2486 ea
288 2458 381 2486 relicta
406 2457 433 2485 in
448 2456 587 2485 Orientem
604 2456 788 2489 contendisse,
812 2460 839 2483 et
856 2454 1015 2483 Damascum

229 2506 256 2533 in
274 2503 464 2540 Egyptiorum
476 2507 638 2538 potestatem
653 2501 777 2529 rediisse.

261 2549 332 2578 XIX.
350 2552 428 2577 Auno
447 2548 554 2583 llegirae
579 2547 630 2576 700
659 2548 736 2583 cujus
763 2546 869 2575 initium
893 2545 944 2573 fuit
960 2546 1015 2573 dies

228 2601 321 2624 sextus
350 2595 471 2623 decimus
500 2593 668 2628 Septembris
686 2593 713 2620 in
730 2600 801 2620 anno
829 2598 889 2619 atrae
913 2591 1015 2618 Christi

227 2642 348 2677 vulgaris
377 2640 461 2674 l500,
490 2639 611 2668 Cazanes
639 2638 785 2666 secundam
816 2637 1013 2672 expeditionem

229 2689 304 2716 duxit
322 2688 348 2717 in
365 2687 482 2724 Syriam,
500 2686 537 2714 ait
553 2686 726 2714 continuatur
735 2684 926 2719 Abulpharagii
946 2692 952 2711 :
967 2684 1013 2711 sed

229 2743 290 2762 rum
305 2735 391 2763 tribus
405 2734 514 2762 circiter
524 2732 659 2760 mensibus
669 2731 709 2768 [Ρ.
720 2730 784 2766 597]
796 2730 922 2758 inllalebi
932 2731 1006 2757 ditio-

229 2782 308 2808 uibus
340 2779 516 2813 substitisset,
546 2787 576 2806 re
595 2779 693 2808 iniecta
710 2780 806 2807 iterum
826 2788 854 2808 se
874 2781 1011 2809 subduxit.

227 2827 265 2855 ita
283 2828 340 2855 ille.
360 2828 399 2855 Ad
421 2827 471 2854 hoc
497 2831 602 2860 tempus
633 2827 757 2861 equidem
776 2829 914 2855 retulerim
940 2828 1011 2862 quod

1070 2239 1162 2268 posset
1186 2234 1219 2261 ad
1252 2235 1389 2270 negotium
1409 2235 1616 2271 Carmpantaui,
1643 2237 1693 2264 sibi
1706 2238 1734 2264 in
1748 2245 1855 2266 succes-

1069 2279 1146 2307 sione
1159 2280 1280 2314 prmlato,
1309 2281 1509 2309 lacessentium.
1537 2282 1677 2318 Utcunque
1692 2283 1738 2317 sit,
1749 2289 1854 2311 utrum-

1069 2333 1121 2360 que
1134 2326 1236 2354 idoneis
1250 2327 1409 2354 auctoribus
1425 2328 1566 2362 discimus,
1578 2334 1605 2356 et
1621 2329 1719 2356 bellum
1732 2329 1760 2357 in
1778 2330 1854 2366 Syria

1066 2378 1117 2406 pro
1143 2372 1250 2400 Cazane
1282 2374 1397 2406 gessisse
1416 2373 1461 2400 illo
1484 2374 1540 2408 jam
1568 2380 1719 2410 aegrotante
1745 2375 1854 2403 Cbutlu-

1069 2416 1215 2449 cltaimum,
1234 2422 1261 2445 et
1278 2417 1386 2445 Cazaue
1404 2426 1455 2445 nou
1473 2418 1558 2446 multo
1577 2425 1638 2454 post
1656 2426 1762 2449 mortuo
1779 2429 1853 2449 cum-

1067 2463 1128 2489 dem
1143 2463 1299 2498 regionibus
1314 2464 1385 2492 circa
1413 2465 1548 2493 Euxinum
1565 2466 1640 2500 prius
1654 2473 1668 2493 a
1682 2466 1777 2494 Turtai
1793 2475 1853 2502 pos-

1068 2508 1150 2535 sessis
1168 2507 1320 2542 praefuisse.

1102 2552 1160 2580 XX.
1181 2553 1219 2581 De
1236 2561 1363 2583 successu
1382 2563 1463 2590 porro
1481 2555 1599 2591 Syriacae
1613 2557 1691 2592 hujus
1706 2559 1853 2591 expeditio-

1067 2599 1108 2626 nis
1120 2599 1322 2628 Cbutluchaimi
1339 2602 1378 2629 sic
1397 2601 1517 2631 breviter
1532 2603 1660 2631 collector
1676 2605 1852 2639 supplementi

1066 2645 1256 2680 Abulgltaragii
1281 2649 1371 2675 tradit.
1393 2648 1513 2676 Primum
1540 2650 1646 2684 equites
1672 2650 1763 2678 decies
1783 2652 1852 2679 mille

1064 2691 1201 2719 exercitus
1211 2691 1337 2727 Mogulici
1347 2701 1360 2720 a
1373 2695 1488 2722 ducibus
1502 2695 1641 2730 copiarum
1657 2695 1849 2731 Aigylitiartuu,

1065 2737 1137 2764 inter
1157 2745 1224 2772 quos
1250 2739 1299 2766 luit
1313 2739 1455 2774 Abulleda,
1477 2748 1555 2776 prout
1568 2741 1626 2777 ipse
1641 2747 1754 2770 testatur
1771 2744 1796 2769 iu
1814 2744 1850 2770 hi-

1064 2784 1147 2811 storia
1163 2784 1196 2811 de
1213 2784 1254 2812 bis
1274 2786 1386 2820 scripta,
1405 2786 1563 2822 {nisscproﬂ
1576 2794 1664 2822 gates,
1683 2788 1780 2815 deinde
1794 2789 1850 2815 uuis

1065 2836 1171 2857 versum
1180 2832 1325 2860 exercitum
1334 2831 1459 2867 rrlt'lUlll,
1474 2833 1594 2869 iugatum
1605 2835 1849 2870 etpessumdatam.
