1951 3065
53 182 106 214 881

708 171 1036 205 CHRONOLOGICUS.

1631 164 1685 196 88.2

53 238 132 264 Unde
161 233 292 263 credibile
316 237 357 261 est
371 232 609 261 Chutluchaimum
637 237 699 258 cum
725 227 935 263 reliquiisArit
962 227 987 254 iu
1015 233 1086 254 anno
1111 225 1218 254 Juliano
1244 224 1277 253 51
1303 224 1376 257 Maii.
1404 222 1523 264 oportuit
1556 222 1625 249 diem
1652 221 1687 249 25

52 283 195 316 copiarum
214 279 358 307 revertisse
373 279 571 313 quamprimum
588 277 621 304 ad
645 276 780 304 Cazanem
794 297 801 307 ,
829 282 844 301 a

54 337 108 363 quo
125 328 315 361 ingravescere
326 325 483 360 languorem
496 331 574 352 suum
587 323 720 351 sentiente
736 325 847 356 propter

54 381 168 401 causam
192 379 273 406 supra
302 371 449 398 indicatam
469 369 566 396 missus
579 370 611 396 ad
630 369 759 395 Arctoum
772 366 846 394 limi-

57 425 111 446 tetu
129 417 326 445 fueril.Eodetu
344 424 426 446 anno,
440 416 543 450 ilegira‘e
558 415 621 447 702,
640 415 683 442 die
698 414 730 442 15
747 414 848 440 mensis

57 464 197 493 Shavalts.
221 468 249 490 ut
268 464 306 490 ait
322 462 481 494 Jannahius.
509 462 630 491 Casanes
643 466 686 490 est
709 465 847 489 manuus.

59 513 107 539 Est
134 511 233 538 Shaval
263 511 383 538 decimus
408 510 525 537 Arabum
544 510 656 541 mensis,
684 509 761 543 cujus
777 508 848 536 diem

58 561 170 586 tertium
201 558 334 584 decimum
356 557 503 584 incurrisse
519 555 640 591 oportuit
666 556 692 582 in
717 555 787 582 diem
814 553 847 580 51

60 605 163 631 mensis
182 603 243 630 Maii
263 611 333 630 anno
350 603 414 630 Chr.
430 603 509 633 1505,
529 602 673 636 siquidem,
689 605 719 628 ut
748 605 790 628 est
807 599 850 627 di-

59 654 147 680 ctum,
167 649 294 676 Kaieuda
314 648 477 676 Muharrami
503 652 608 676 sextum
626 647 784 675 vicesimum
798 648 854 674 Au-

59 696 132 731 gusti
170 696 272 722 mensis
301 696 365 722 anni
399 695 548 729 superioris
579 694 750 722 insederant".
782 693 852 721 Hinc

61 741 178 768 deﬁnire
202 746 278 768 certo
303 748 447 775 possumus
463 740 688 772 controversiam,
706 747 766 775 qua:
783 739 853 766 inter

61 787 195 821 quosdam
216 794 278 813 mox
295 786 450 814 referendos
480 791 605 813 auctores
623 786 657 813 de
673 792 786 812 numero
806 792 855 813 att-

60 840 158 859 norum
169 832 274 866 imperii
286 831 401 859 Cazanis
414 831 542 868 agitatur.
560 831 685 864 Sienim,
697 831 768 866 quod
776 838 855 865 snpe-

60 875 131 908 ‘ius,
162 885 190 904 n.
211 877 255 909 17,
284 877 439 909 statuimus,
460 877 543 911 cmpit
567 877 688 904 Cazanes
719 877 855 910 imperare

59 923 133 949 circa
163 923 269 950 initium
296 923 457 950 Norembris
481 931 551 950 anno
568 922 670 950 Christi
689 923 769 955 1296.
796 930 855 950 mo-

59 968 135 995 riens
152 968 179 994 in
198 967 250 994 fine
267 967 330 994 Maii
360 968 423 995 anui
441 968 543 996 Christi
559 968 628 996 15ὐὸ
644 968 739 1002 utique
753 976 800 996 sex
827 969 855 995 in

60 1013 178 1047 imperio
192 1022 278 1041 annos
298 1013 468 1048 explevit,“
486 1022 593 1054 menses
610 1015 720 1049 insuper
740 1019 855 1048 septem.

60 1058 127 1086 Plus
153 1067 218 1093 ergo
231 1060 305 1093 justo
324 1060 402 1094 spatii
431 1060 547 1088 Cazanis
576 1060 738 1095 principatui
763 1060 857 1087 tribuit

62 1106 152 1133 Arabs
170 1106 350 1141 chronolngus
379 1105 540 1140 Jannabius,
557 1106 621 1133 dum
644 1113 706 1134 eum
731 1112 858 1141 regnasse

61 1150 130 1178 dicit
160 1159 242 1178 annos
257 1157 313 1179 octo
325 1157 350 1179 et
380 1160 480 1180 menses
501 1153 609 1180 circiter
624 1153 722 1180 decem.
736 1151 856 1179 Joannes

63 1195 107 1231 [P.
119 1195 181 1231 598]
191 1196 331 1228 Villanius,
342 1198 434 1228 vttt,‘c.
450 1197 492 1230 £5;
504 1198 634 1227 Sanutus.
647 1197 666 1224 ι.
683 1205 724 1228 ιιι.
736 1204 761 1230 p.
777 1197 821 1228 15,
831 1204 857 1223 c-

62 1241 91 1274 8,
109 1245 138 1267 et
151 1241 290 1275 Aythonus
312 1241 382 1268 Hist.
403 1241 560 1272 Orientalis.
577 1250 601 1269 c.
619 1242 665 1273 45,
684 1242 736 1270 etsi
760 1242 859 1270 diserte

63 1287 180 1321 spatium
198 1289 272 1321 regni
289 1287 405 1315 Cosanis
422 1295 474 1316 nan
493 1289 659 1322 exprimunt,
676 1288 798 1323 qumdam
815 1292 858 1315 ta-
874 1296 877 1300 '

67 1339 130 1359 men
156 1332 292 1360 aﬂirmant
329 1334 400 1361 unde
430 1334 499 1362 ultra
530 1335 704 1369 praescriptos
731 1341 745 1361 a
781 1333 860 1361 nobis

66 1378 169 1406 iimites
181 1379 245 1406 illud
262 1379 332 1406 haud
346 1380 454 1413 paulum
465 1379 617 1408 excessisse
628 1379 664 1407 sit
675 1387 857 1414 consequens.

68 1425 171 1460 Nempe
190 1425 243 1452 dtto
265 1426 370 1460 priores
385 1427 461 1454 aiunt
484 1425 600 1460 cmpisse
631 1425 706 1452 illum
725 1426 859 1460 imperare

68 1477 140 1497 anno
151 1469 252 1497 Christi
264 1469 344 1502 1291,
358 1473 385 1497 et
396 1470 538 1505 Aythnnus
549 1469 652 1497 obitqu
663 1469 783 1503 ejusdem
794 1477 860 1496 cou-

68 1515 121 1544 fert
143 1516 170 1543 in
194 1523 294 1543 annum
309 1515 408 1543 Christi
432 1516 509 1548 1504,
529 1523 561 1544 ex
578 1516 676 1550 quibus
692 1515 859 1543 inferendum

67 1567 142 1590 esset
156 1569 218 1588 eum
234 1561 302 1589 ultra
316 1568 412 1588 novem
424 1561 517 1595 plenos
528 1568 614 1588 annos
630 1560 786 1595 Mogulense
803 1560 892 1605 illI--c

68 1609 174 1642 perium
196 1607 309 1635 rexisse.
329 1606 382 1635 Sed
392 1607 427 1634 de
453 1614 516 1634 vera
534 1606 598 1634 sede
611 1606 774 1640 epocharum
797 1605 855 1632 initi

69 1660 85 1680 a
95 1653 204 1681 Gazane
215 1654 382 1687 principatus
397 1657 424 1680 et
438 1653 533 1682 mortis
546 1653 626 1680 obitas
639 1652 734 1684 tutius,
747 1652 853 1687 opinor,

68 1701 191 1728 creditur
210 1700 342 1727 Arabibtts
361 1699 443 1734 825
466 1699 681 1734 chronographis
706 1706 786 1734 qualn
812 1702 858 1725 aut

67 1746 195 1782 Aythono
213 1746 330 1774 Armeno
346 1751 392 1773 aut
408 1746 525 1774 Villanio
549 1750 577 1773 et
597 1745 700 1773 Sanuto
719 1745 858 1780 Europreis

68 1792 258 1827 scriptoribus,
266 1792 412 1825 praesertim
420 1799 481 1820 cum
489 1791 857 1829 adArabumcht-onologiam

68 1846 99 1866 se
112 1839 297 1865 accommodet
308 1838 392 1865 nostri
408 1836 583 1871 Pachymeris
594 1837 710 1868 assertio
720 1842 858 1870 mortuum

70 1884 203 1912 Casanem
220 1883 379 1910 adit-mantis
393 1891 452 1911 cum
465 1883 498 1910 ad
520 1890 566 1910 rex
580 1891 663 1911 annos
684 1883 858 1916 imperasset;

70 1930 154 1964 quod.
170 1930 192 1956 si
210 1930 243 1956 de
261 1929 339 1955 annis
355 1928 470 1962 expletis
484 1929 585 1963 agitur,
601 1927 774 1956 exactissime
784 1928 856 1959 scri-

70 1980 146 2009 ptum
161 1979 214 2002 est.
239 1973 302 2009 Ejus
324 1975 369 2008 qui
381 1974 478 2001 Cazaui
493 1974 624 2004 successit
640 1980 738 2000 nmuen
763 1974 801 2000 sic
817 1973 858 2001 cf-

71 2020 123 2047 l’ert
131 2019 281 2047 Januahius
300 2028 307 2046 :
324 2018 505 2054 Giyatltoddiu
517 2018 719 2047 Chodabrmdult
737 2018 859 2046 illo/tam-

69 2065 139 2096 παρά,
154 2064 227 2098 ﬁlius
243 2065 358 2099 Arguuis
373 2065 423 2098 filii
437 2064 545 2098 Abagte.
564 2063 696 2092 Abulfeda
711 2067 739 2091 et
751 2063 856 2092 Ahmed

72 2110 128 2137 Ebn
144 2109 266 2143 Yuseph,
287 2111 396 2144 propius
416 2111 448 2136 ad
467 2109 643 2144 Pachymeris
663 2108 857 2145 Carmpantan,

70 2155 259 2184 Cltorbandam
287 2156 358 2182 hunc
391 2155 540 2190 principem
572 2155 718 2189 appellant.
747 2155 772 2182 ls
799 2159 859 2190 post

71 2201 325 2230 fratrisdecessoris
342 2201 422 2229 funus
437 2202 479 2229 tlie
493 2201 529 2229 25
558 2200 715 2228 Dhul-Haite
731 2201 859 2229 solemni-

70 2247 122 2274 bus
143 2246 313 2276 caaremoniis
325 2246 515 2280 inauguratus,
528 2253 576 2280 pro
590 2245 690 2274 Chattis
710 2246 788 2274 titulo
803 2254 861 2277 ma-

68 2293 176 2328 joribus
189 2292 289 2318 usitato
304 2292 407 2323 Atiar‘tu
423 2299 453 2323 se
468 2292 520 2318 dici
537 2292 632 2325 voluit,
648 2300 708 2325 qua:
724 2300 773 2320 vox
792 2297 860 2324 teste

70 2339 206 2367 Jannabio
225 2346 350 2373 magnum
381 2339 566 2372 imperatorem
594 2339 739 2373 significat.
759 2339 860 2366 Vereor

73 2394 106 2413 ne
123 2386 251 2414 mendum
268 2386 303 2414 sit
317 2385 387 2419 apud
403 2384 577 2419 Jannabium,
593 2386 638 2412 ubi
655 2385 858 2412 coronatiouem

71 2432 286 2466 Cartupautanis
311 2432 355 2459 die
371 2432 407 2459 ‘25
431 2431 593 2460 Dltul-liaiw
618 2431 861 2459 celebra-tamenn-

74 2478 125 2505 [ει-ι
142 2478 168 2507 in
193 2485 292 2506 annum
309 2476 412 2512 llegim
424 2477 487 2509 705,
505 2478 555 2505 hoc
567 2481 610 2504 est
632 2476 658 2504 in
675 2484 792 2504 mensem
806 2476 864 2503 fere

74 2525 199 2559 quintum
212 2523 344 2550 decimtnn
360 2531 374 2549 a
391 2523 544 2550 decessoris
558 2522 645 2553 obitu,
667 2521 739 2555 quod
764 2529 860 2556 parum

74 2574 116 2596 est
128 2568 287 2601 verisimile,
308 2569 459 2603 praesertim
474 2576 548 2600 cum,
569 2572 597 2594 ut
613 2567 799 2602 Pachymeres
820 2567 861 2594 vi-

75 2617 154 2643 detur
170 2613 333 2648 signiﬁcare.
352 2621 406 2641 non
431 2613 518 2642 solum
546 2613 703 2648 designatus
720 2620 734 2639 a
755 2612 864 2640 Cazaue

75 2663 165 2689 adhuc
191 2661 297 2689 vivente
312 2660 393 2688 fuerit
406 2660 501 2689 unicus
527 2659 613 2686 hazrcs
641 2659 758 2693 imperii,
773 2659 820 2686 sed
836 2664 864 2684 et

74 2708 129 2743 jam
148 2713 205 2734 tum
227 2706 252 2732 iu
267 2706 467 2739 possessionem
483 2705 559 2740 regni
577 2704 688 2732 missus.
707 2703 734 2731 Id
753 2711 796 2731 me
821 2705 862 2730 iu-

76 2754 146 2780 vitat
163 2752 196 2779 ad
212 2751 374 2780 credendum
396 2754 489 2778 eodem
518 2758 573 2785 quo
594 2755 636 2777 est
653 2749 775 2778 Calaues
789 2757 864 2777 mor-

77 2803 139 2826 tuus
155 2805 238 2828 anno,
254 2796 301 2824 sed
317 2797 403 2824 altero
415 2796 471 2825 iere
486 2800 547 2832 Post
572 2803 676 2828 mense,
703 2802 800 2831 nempe
822 2795 865 2822 die

76 2845 112 2873 23
137 2843 310 2875 Dlml-ilaiaa.
339 2849 499 2874 coronatum
534 2843 771 2877 Carmpantnnnm.
797 2841 864 2868 Cum

78 2896 170 2919 autem
189 2890 247 2921 dies
264 2890 295 2917 15
311 2890 446 2922 Sharalis,
463 2890 572 2917 ubiums
590 2890 650 2916 vita:
666 2888 793 2919 tlazanis,
808 2887 865 2914 fuc—

903 274 971 301 Dhul
990 273 1064 300 llaia:
1078 273 1142 300 anni
1173 272 1295 307 ejusdem
1308 277 1473 299 concurrere
1489 277 1550 296 cum
1574 269 1608 295 29
1624 267 1687 295 Julii

903 320 969 350 anni
982 319 1082 347 Christi
1098 319 1181 348 1505.
1207 317 1296 346 Vitam
1312 322 1339 348 et
1363 316 1544 351 principatum
1560 314 1702 355 produxit-

902 366 1085 400 Carmpantan
1102 372 1187 402 usque
1204 364 1236 392 ad
1249 371 1347 391 annutn
1370 361 1475 397 llegirte
1493 360 1556 391 7l6,
1572 367 1625 395 quo
1644 359 1688 386 vi-

902 417 967 439 vere
995 409 1076 438 simul
1103 415 1131 438 et
1149 411 1285 447 imperare
1301 407 1381 438 desiit
1394 406 1495 434 mensis
1522 404 1689 432 Ramadanis

902 456 946 484 die
961 456 1007 486 37.
1031 455 1120 490 Caspii
1143 462 1230 483 annus
1252 453 1355 488 llegirte
1375 452 1425 480 716
1455 459 1469 478 a
1483 451 1527 479 die
1551 451 1586 478 26
1600 448 1689 478 Martii

903 504 967 531 anni
992 502 1093 530 Christi
1112 501 1190 531 1216.
1212 499 1286 528 Unde
1313 497 1477 525 Ramadanis
1495 497 1596 524 mensis
1620 496 1690 523 Ara-

903 548 967 576 bum
997 548 1060 574 noni
1075 547 1130 574 dies
1145 547 1179 574 27
1194 544 1321 573 coiucidit
1341 551 1402 570 cum
1426 543 1469 570 die
1482 542 1515 569 15
1536 541 1703 568 Decembris.

904 593 1023 629 ejusdem
1055 592 1117 620 anni
1144 590 1244 619 Christi
1275 589 1353 617 1516.
1384 585 1577 618 Carmpantani
1609 584 1690 612 δυσυ-

906 643 965 666 ctus
988 643 1029 665 est
1053 635 1272 667 Bahadur-Cau,
1303 642 1369 670 puer
1396 634 1521 661 undectm
1547 639 1692 662 annorum,

907 691 960 719 quo
987 683 1137 718 imperante
1164 681 1281 717 quisque
1318 679 1506 715 praefectorum
1545 677 1692 713 p'roviuciis

907 736 953 757 eas
963 729 1013 756 sibi
1025 728 1086 763 jure
1097 732 1223 762 supremo
1239 731 1378 762 coeperunt
1393 731 1532 760 usurpare.
1552 723 1629 751 Unde
1643 724 1701 750 hoc.

908 775 1040 803 moriente
1057 773 1139 811 (quod
1152 773 1263 813 contigit
1286 779 1357 800 anno
1371 771 1475 807 Hegirte
1493 770 1556 803 756,
1570 770 1616 804 qui
1637 776 1694 796 cce-

908 822 948 858 pit
960 822 994 849 ab
1004 821 1115 856 Augusti
1129 821 1161 848 21
1174 821 1236 848 anni
1249 820 1351 848 Christi
1361 819 1440 854 1555)
1453 815 1694 847 Bahadur-Chane,

911 870 1030 904 inquam.
1045 869 1192 897 decedente
1206 867 1295 896 nullus
1310 867 1438 902 deinceps
1458 871 1501 893 est
1523 870 1632 893 creatus
1642 864 1695 890 itu-

905 921 1015 952 perator
1030 915 1227 950 Mogulensium
1240 934 1248 945 .
1265 918 1338 943 tanta
1355 913 1400 941 illa
1415 913 1541 947 dynastis
1561 911 1588 938 in
1602 914 1694 944 partes

905 963 1024 991 minutas
1041 961 1126 989 fracta
1145 966 1172 990 et
1185 961 1290 995 penitus
1300 959 1442 996 dissipata.

942 1018 1079 1046 Hactenus
1110 1019 1217 1045 brevem
1245 1016 1388 1052 synopsim
1426 1013 1552 1044 dedimus
1589 1012 1702 1047 imperii.

906 1066 1043 1102 Mogulici;
1068 1066 1139 1100 quod
1154 1065 1187 1092 ab
1213 1072 1284 1091 anno
1299 1063 1402 1092 Christi
1432 1062 1502 1090 ηοξ
1527 1062 1561 1089 ad
1592 1068 1694 1088 annum

906 1112 1008 1140 Christi
1037 1112 1115 1143 1555,
1133 1119 1181 1145 per
1205 1117 1290 1138 annos
1319 1110 1380 1141 155.
1407 1110 1458 1137 sub
1483 1107 1704 1142 imperatoribus-

908 1156 1053 1188 undecim,
1094 1155 1290 1190 Gingizchane,
1332 1155 1438 1186 Kaane,
1483 1152 1702 1188 Cayuc-Chanc,

907 1201 1067 1233 Munkakao,
1084 1201 1187 1234 Abaka,
1198 1201 1330 1232 Ahmcde,
1346 1199 1558 1235 Argun-Chane,
1569 1197 1704 1229 Caicbtn,

908 1247 1026 1278 Catane,
1039 1246 1249 1281 Carmpautane,
1267 1245 1511 1278 Bahadur-Chane,
1527 1243 1634 1278 magnis
1648 1250 1700 1277 per,

908 1295 1001 1322 Asiam
1012 1294 1091 1322 rebus
1105 1294 1188 1329 gestis
1209 1293 1348 1321 inclaruit.

1138 1374 1224 1413 323
1251 1373 1366 1402 CAPUT
1395 1371 1464 1400 vttt.

910 1442 1031 1478 Origines
1051 1442 1155 1476 imperii
1171 1442 1334 1470 Ottomam'ci
1355 1449 1371 1478 tt
1385 1441 1547 1475 Pachymere
1570 1441 1700 1468 indicata:

1120 1477 1275 1504 distinctius
1294 1476 1484 1510 .explt'cantur.

945 1546 965 1574 l.
988 1546 1023 1574 Ut
1040 1553 1132 1581 regum
1155 1544 1297 1579 quibusin
1323 1543 1454 1570 interiore
1466 1542 1530 1570 Asia
1551 1549 1696 1570 commune

908 1600 1004 1620 nomen
1018 1589 1168 1627 presbyteri
1183 1589 1296 1618 Joannis
1318 1589 1379 1622 fuit,
1403 1594 1509 1616 vastum
1535 1592 1562 1616 et
1587 1588 1630 1615 diu
1648 1587 1699 1615 iiu-

907 1637 1127 1670 rensimperinm
1156 1635 1281 1670 Mogulici
1299 1639 1394 1662 exortu
1420 1634 1538 1661 deletum
1570 1637 1632 1666 est,
1662 1637 1699 1659 ita

908 1683 996 1718 ipsutu
1013 1681 1173 1717 Mogulicum
1198 1688 1295 1716 magna
1310 1688 1342 1708 ex
1357 1684 1434 1715 parte
1451 1680 1478 1707 in
1492 1679 1694 1708 Ottotnanicum

907 1729 1016 1761 deiecit,
1032 1728 1178 1756 rebellione
1191 1727 1270 1763 primi
1288 1727 1368 1761 hujus
1380 1725 1532 1754 fundatoris
1542 1725 1700 1757 Ottomaui,

907 1783 986 1811 quem
1004 1774 1047 1809 [Ρ.
1061 1773 1125 1809 599]
1144 1777 1236 1800 noster
1250 1772 1431 1809 Pachymcres
1447 1774 1590 1800 Atmanetn
1607 1771 1698 1799 nomi-

909 1815 964 1854 nat,
993 1825 1087 1848 contra
1112 1820 1248 1848 Cazanem
1276 1823 1302 1847 et
1326 1818 1552 1852 Carmpanlauem
1579 1818 1699 1852 primum

909 1866 1040 1900 impunita
1071 1872 1238 1896 remanente,
1257 1865 1319 1891 inde
1336 1864 1438 1892 sensim
1463 1863 1648 1891 invalesceutc
1669 1863 1697 1889 iu

906 1912 1008 1947 justutn
1022 1911 1106 1938 instar
1123 1911 1200 1945 regni
1216 1910 1329 1945 proprii,
1343 1910 1469 1937 auctibus
1483 1914 1574 1944 postea
1586 1913 1700 1942 stupen-

909 1957 953 1984 dis
972 1964 1058 1992 usque
1072 1956 1106 1984 ad
1122 1956 1333 1985 exstinctionem
1348 1955 1454 1990 imperii
1470 1955 1583 1982 Romani
1599 1954 1698 1981 Orien-

910 2002 971 2033 talis
990 2007 1017 2030 et
1039 2002 1113 2037 regni
1127 2001 1336 2030 Mamalucorum
1360 2001 1387 2028 in
1406 2000 1523 2036 Egypto
1549 1999 1701 2034 profecturi

911 2048 938 2075 in
965 2052 1096 2075 terrorem
1116 2047 1240 2082 Europa),
1265 2047 1307 2074 cui
1334 2047 1462 2078 minatur.
1489 2046 1621 2081 hodieque
1638 2046 1701 2072 titti-

910 2101 1005 2121 versae.
1018 2092 1103 2127 llujus
1116 2100 1191 2123 novas
1208 2092 1338 2127 dynastis:
1354 2092 1435 2127 quasi
1449 2091 1593 2123 cunabula,
1612 2091 1701 2118 obiter

912 2147 926 2166 a
943 2140 1108 2175 Pachymere
1128 2139 1282 2173 perstricta,
1298 2139 1438 2168 nesciente
1449 2138 1556 2166 scilicet
1572 2138 1598 2165 in
1616 2145 1701 2172 quan-

911 2190 966 2212 tam
990 2192 1023 2213 ex
1040 2184 1082 2212 his
1103 2183 1146 2211 illa
1164 2183 1262 2212 molem
1286 2183 1357 2211 foret
1374 2183 1528 2210 immaniter
1551 2183 1702 2210 crescendo

913 2236 1079 2262 surrectura,
1114 2236 1203 2264 operas
1233 2229 1348 2264 pretium
1362 2227 1427 2260 duxi
1447 2228 1622 2256 considerare
1656 2228 1702 2255 hie

915 2276 994 2312 paulo
1020 2275 1161 2309 attentius,
1177 2280 1204 2303 et
1226 2275 1344 2310 epochas
1371 2275 1507 2310 originum
1543 2274 1656 2301 istarum
1673 2274 1700 2301 in

914 2323 1054 2358 principiis
1085 2330 1180 2356 parum
1210 2321 1356 2353 notabiles,
1382 2328 1414 2348 ex
1437 2320 1576 2355 inopinato
1602 2320 1701 2347 deinde

915 2376 1042 2396 successu
1069 2371 1233 2394 momentum
1248 2370 1276 2393 et
1297 2364 1486 2393 aestimationis
1511 2364 1638 2391 tueritttm
1654 2371 1703 2390 na-

914 2420 983 2445 ctas,
1004 2414 1060 2441 suis
1074 2418 1168 2440 exacte
1183 2413 1249 2440 locis
1265 2413 1357 2447 (igere.

948 2470 980 2498 ll.
997 2469 1139 2497 Otlimanis
1155 2468 1213 2496 sive
1227 2467 1364 2495 Ottomeni
1389 2475 1475 2503 genus
1497 2467 1621 2495 historici
1634 2467 1702 2494 Ara-

915 2517 962 2544 bes
976 2515 1113 2543 deducunt
1124 2521 1138 2544 e
1151 2515 1266 2548 quodam
1279 2513 1403 2541 Solimon
1419 2513 1519 2547 S/talto,
1532 2520 1612 2548 quem
1625 2513 1701 2539 aiunt

915 2562 985 2589 circa
1010 2568 1114 2588 annum
1140 2559 1244 2595 Hegirm
1259 2559 1322 2591 611,
1346 2559 1423 2594 cujus
1441 2559 1491 2586 fuit
1514 2559 1622 2586 initium
1637 2557 1702 2584 Maii

915 2607 972 2634 dies
988 2606 1022 2633 15
1039 2607 1064 2633 in
1080 2605 1180 2632 Christi
1196 2612 1270 2631 anno
1292 2604 1372 2638 12H,
1388 2604 1528 2639 praefuisse
1553 2603 1702 2637 provincia:

916 2651 1005 2678 Persis
1021 2650 1162 2685 subjectae,
1189 2657 1248 2684 qua:
1264 2650 1415 2676 vocabatur
1430 2648 1542 2678 Maban.
1571 2648 1620 2675 llic
1640 2655 1701 2674 cum

916 2707 930 2726 a
959 2688 1153 2731 Moguieusium
1178 2696 1308 2730 potentia,
1327 2701 1391 2723 tunc
1415 2695 1464 2722 sub
1489 2695 1576 2729 primo
1592 2693 1701 2720 illorum

917 2746 1079 2779 imperatore
1103 2742 1289 2777 Giugizchane
1318 2741 1514 2776 irruptionibus
1538 2740 1565 2768 in
1591 2745 1702 2767 omnem

917 2795 1019 2825 partem
1049 2787 1254 2819 vehementibus
1266 2787 1333 2815 ﬂues
1356 2786 1495 2820 dilatante,
1528 2785 1598 2813 tueri
1622 2792 1701 2812 suam

917 2837 1103 2870 prafecturam
1119 2834 1276 2868 desperaret
1289 2840 1377 2870 posse,
1403 2832 1558 2860 convasatis
1576 2838 1637 2868 qua:
1651 2838 1703 2866 po-

918 2884 968 2911 luit
983 2882 1100 2916 auferre,
1110 2882 1311 2917 assumptisque
1322 2886 1427 2912 secum,
1438 2887 1489 2915 qua
1504 2887 1520 2908 e
1534 2877 1702 2917 principibus
