1951 3065
72 174 124 204 .‘85

733 175 1067 206 CllllONOLOGlCUS.

1644 173 1697 203 856

69 230 230 257 bellantibus
249 230 331 257 risum
350 235 523 265 opportunum
542 237 579 258 est
599 232 716 267 refugere
734 233 767 259 ad
787 233 861 260 tlau-
876 243 896 269 Α
913 234 982 268 quod
999 234 1123 268 superius
1140 232 1344 266 exscripsimus.
1369 232 1538 266 Ortogrulem
1554 230 1701 257 Othnaau's

68 284 124 303 τινα
141 277 305 311 castellaque
321 278 447 304 montium
459 298 466 309 ,
483 282 507 304 et
524 278 584 304 inde
600 279 685 305 vicina
701 279 860 306 incursando

69 327 147 356 rapto
164 331 196 348 ac
211 323 308 356 prwdis
323 323 419 349 victum
434 331 559 358 qtttrrere.
577 323 637 350 Haec
651 324 707 354 ille.
722 332 782 358 qua!
796 325 861 359 quin

68 368 225 402 Ortogrulis
249 368 356 396 familiae
377 369 543 396 conveniant
567 369 752 404 Karaiaptagae
777 379 862 405 prope

68 422 149 441 arces
164 414 268 441 Roman
279 424 301 441 is
315 415 342 441 in
356 415 455 442 finibus
468 416 586 443 Persidis
599 417 749 448 collocalte,
762 425 862 451 negare

68 469 152 488 nemo
167 461 268 494 poterit
278 481 284 490 .
298 461 342 494 qui
359 462 509 495 przesertim
525 463 673 489 attenderit
687 463 719 489 ad
735 463 779 489 hic
793 463 863 489 iudi-

68 511 159 534 catam
175 508 235 539 eius
249 507 420 534 aversionem
437 515 452 534 a
466 507 597 535 Tocharis
611 509 782 536 invasoribus
797 510 863 536 Pcr-

69 553 157 583 sidis.
176 553 274 587 quibus
292 561 325 579 tte
342 561 438 587 parere
455 558 597 587 cogeretur
613 555 864 581 Soliman-Shahus

70 598 227 634 Ortogrulis
254 604 341 633 pater,
368 600 433 626 inde
461 600 552 627 relicta
583 601 720 634 provincia
748 600 862 635 fugerat.

70 645 154 672 Addit
171 647 262 672 statim
279 644 460 680 Pachymcres
479 645 662 680 prmsidiarios
681 646 864 673 Romanarum

70 692 191 724 arcium,
204 696 342 726 utcunque
366 692 439 725 agris
464 692 591 718 multatos
616 696 643 718 et
668 692 764 726 praedae
788 697 865 727 parte

71 737 206 772 spoliatos
222 737 387 771 imprudenti
404 738 516 763 avaritia
533 736 673 764 Michaelis
690 738 769 771 primi
785 745 800 764 e
816 738 866 764 Pa-

72 783 194 818 lzeologis
211 783 383 818 imperatoris
394 804 401 815 ,
418 783 583 810 abstinuisse
598 783 707 817 quidem
724 784 758 810 ab
775 783 867 811 incur—

71 830 159 856 sando
174 829 242 856 lines
256 829 383 861 hostium,
396 829 468 863 quod
482 833 561 855 antea
575 828 721 856 utilissime
733 829 865 863 fecerant,

73 882 166 902 tamen
180 883 257 902 arces
270 875 336 909 ipsis
348 875 507 901 commissas
519 873 572 901 fide
583 874 718 901 constanti
733 875 864 906 tenuisse.

914 283 1016 313 patrem
1034 279 1134 305 obiisse
1154 284 1225 304 anno
1241 277 1344 312 llcgira:
1357 277 1466 312 687.qui
1481 284 1512 303 ex
1531 283 1605 310 parte
1621 276 1695 303 Coin-

913 322 978 349 cftl‘t
992 330 1051 349 cum
1065 330 1136 348 anno
1160 322 1241 348 Chrls
1256 322 1261 347 i
1278 321 1488 356 l'288,inclytutn
1501 321 1605 348 bellicis
1631 328 1693 346 sur--

914 368 1047 400 cessibus,
1065 367 1099 395 de
1116 367 1239 394 Romana
1254 367 1383 394 videlicet
1398 367 1500 394 Persici
1515 366 1609 393 limitis
1625 366 1695 392 mili-

915 414 951 441 tia
967 415 1068 446 rclath,
1083 415 1184 449 quippe
1197 422 1257 448 quae
1270 415 1325 448 jam
1346 417 1404 440 tum
1421 421 1435 439 a
1453 417 1560 446 recepta
1571 412 1605 439 de
1622 412 1696 438 Lati-

913 459 1265 495 nisConstantinopoli,hoc
1277 463 1318 486 est
1329 459 1362 485 ab
1376 458 1453 485 anuis
1468 461 1540 483 retro
1548 457 1697 487 sexdecim.

913 505 1048 532 debilitari
1062 505 1138 532 valde
1159 510 1289 539 coeperat.
1301 505 1391 537 Quare
1402 502 1552 530 succedens
1568 502 1698 536 Ortogruli

915 551 1032 578 Othman
1043 551 1114 578 filius
1125 551 1291 586 aliquotjam
1307 555 1362 577 tum
1373 550 1467 577 habuit
1479 549 1536 575 loca
1553 549 1585 575 de
1600 548 1700 575 Roma—

915 596 958 624 nis
975 605 1055 623 manu
1072 598 1260 632 parta,quibus
1273 598 1349 632 plura
1377 596 1532 629 major-aque
1557 599 1699 629 postquam

915 650 1046 669 annorum
1073 643 1188 677 plurium
1201 643 1328 669 rontinua
1359 641 1486 668 felicitate
1501 640 1533 667 ad
1558 647 1699 675 paternam

915 688 1102 723 Karaiaptagre
1125 688 1269 722 adiecisset
1291 689 1435 719 ditionem,
1449 687 1560 713 sultuuis
1575 686 1701 721 denique.

917 734 967 761 hoc
982 739 1023 761 est
1037 735 1156 768 supremi
1172 735 1312 769 principis,
1341 742 1439 761 nomen
1466 732 1537 760 haud
1568 735 1703 762 dubitavit

916 787 1058 814 usurpare,
1076 780 1143 806 tueri
1160 787 1189 806 se
1205 779 1271 806 illud
1289 787 1367 814 posse
1382 788 1505 815 sperans.
1513 782 1599 817 [lujus
1611 782 1703 817 prima:

917 831 948 851 ac
962 824 1038 858 quasi
1053 823 1259 851 fundamentalis
1272 825 1384 858 epochze
1411 825 1574 854 Ottomanici
1599 827 1682 861 imper
1696 826 1703 852 i

917 869 1009 896 sedem
1043 877 1076 896 ex
1107 875 1172 896 Vero
1200 869 1227 895 in
1261 869 1355 896 ordine
1394 874 1545 905 temporum
1587 876 1704 898 statuere

72 921 196 955 quandiu
223 928 320 947 annum
347 920 494 954 pensiones
520 920 552 947 ad
575 920 677 947 rictum
705 921 867 949 necessariae

923 919 1039 942 nostrum
1065 920 1117 948 cst,
1130 915 1200 949 quod
1225 913 1329 942 edicere
1356 916 1516 942 conabimur
1542 923 1621 951 comp
1637 917 1705 943 ratis

73 967 196 1002 praebita:
212 967 278 1001 ipsis
293 974 307 993 e
325 966 389 993 fisco
405 971 467 993 sunt
483 975 490 993 :
508 967 556 993 has
571 974 636 993 vero
652 966 718 1001 ipsis
735 968 864 1001 suppedi-

75 1013 127 1040 tari
145 1012 261 1039 desiisse
279 1016 340 1046 post
358 1017 474 1039 mortem
493 1012 650 1043 Michaelis.
667 1012 725 1039 solo
739 1012 794 1047 jam
811 1013 867 1039 An-

74 1059 191 1086 dronico
209 1059 372 1092 imperante,
392 1058 433 1094 [P.
452 1058 516 1093 60l]
537 1058 639 1085 diserte
657 1062 752 1085 noster
768 1059 867 1085 asserit

75 1105 129 1131 \ol.
146 1104 181 1136 ll,
197 1112 223 1138 p.
238 1103 301 1135 268,
318 1104 363 1131 ubi
379 1104 492 1131 alterum
507 1104 591 1138 829
607 1104 704 1138 fontem
720 1104 867 1131 enat-vatia-

74 1151 116 1176 nis
134 1149 239 1183 imperii
257 1148 340 1176 fuisse
357 1149 453 1175 scribit
469 1149 660 1182 parcimoniam
677 1149 752 1183 plene
767 1149 869 1176 solven-

75 1195 172 1221 darum
188 1201 221 1220 ex
237 1194 289 1228 ﬁde
307 1194 471 1228 pensionum,
491 1202 549 1228 qua:
567 1193 746 1228 prazsidiariis
765 1195 868 1221 arcium

76 1241 103 1266 in
121 1240 207 1266 limite
223 1240 335 1266 sitarum
355 1240 417 1266 olim
437 1244 543 1267 statuite
561 1241 663 1274 [uerunt
682 1241 707 1266 in
725 1242 867 1267 mercedem

77 1293 163 1320 opera:
184 1285 326 1317 militaris,
348 1285 414 1312 adeo
434 1286 492 1311 illic
515 1285 548 1311 ad
571 1294 736 1312 communem
759 1286 870 1313 tutelam

79 1333 244 1359 necessarily.
265 1331 313 1358 lla!
330 1332 444 1366 maligne
461 1340 529 1358 nunc
544 1332 791 1366 suppeditabantur,
809 1341 872 1359 ava-

79 1379 142 1405 ritia
160 1379 344 1412 pra’feclorum
361 1379 510 1412 erogationi
527 1380 644 1411 pecunia!
662 1379 791 1412 publicat,
808 1387 873 1414 quo.

79 1431 137 1449 rum
155 1423 339 1458 opponebatur
356 1424 433 1450 lucris
451 1424 519 1456 quod
538 1432 583 1458 per
599 1429 702 1451 astulas
720 1425 872 1458 frustratio-

80 1477 142 1495 num
164 1474 235 1495 artes
254 1469 421 1503 diﬂ'tmdenda
444 1470 611 1502 pra’tertibua
631 1470 713 1502 vafris
734 1471 872 1498 solutionis

79 1515 121 1541 die
139 1515 243 1540 miseris
261 1515 388 1541 militibus
420 1515 623 1541 subtra/trbatur
641 1516 750 1549 "etiam
768 1517 872 1543 sudoris

81 1566 104 1586 ct
118 1561 267 1594 sanguinis.
282 1560 320 1587 ita
337 1561 381 1587 ille
397 1560 448 1592 ibi;
464 1561 508 1594 qui
526 1565 552 1587 et
569 1561 660 1587 multis
677 1561 792 1589 inferius
807 1563 872 1589 locis

81 1605 218 1640 signiﬁcat
233 1613 287 1632 non
302 1607 358 1640 jam
374 1606 462 1633 solum
479 1615 526 1640 per
543 1607 673 1634 fiscalium
690 1608 874 1636 calumniosas

83 1651 208 1683 fraudes,
224 1652 270 1679 sed
287 1652 378 1679 edicto
392 1653 451 1687 ipso
466 1660 498 1680 ac
513 1653 592 1686 jussu
609 1654 711 1680 diserto
727 1654 874 1680 Andronici

82 1697 195 1733 Augusti
210 1698 356 1732 pensiones
367 1701 394 1724 ct
406 1702 612 1726 auctoramenta
625 1699 779 1726 istiusmodi
791 1699 876 1727 fuisse

82 1745 245 1770 interversa.
266 1743 343 1770 Unde
360 1745 515 1771 necessario
530 1745 645 1778 contigit
661 1746 764 1773 arcium
781 1752 875 1773 custo'

82 1790 154 1817 diam
177 1789 288 1825 negligi.
309 1798 340 1816 ac
361 1791 490 1824 quasdam
513 1790 634 1825 ipsarum
656 1791 683 1818 in
705 1792 821 1818 militum
843 1800 875 1819 cx

84 1841 159 1872 parte
182 1835 300 1862 Persidis
322 1837 473 1863 contrarias
496 1837 621 1864 Romano
642 1838 720 1864 limiti
744 1838 876 1865 stationes

83 1882 265 1909 obtinentium
289 1882 382 1909 venire
403 1887 580 1916 potestatem.
603 1883 739 1910 Sustinuit
759 1883 876 1917 quodam

85 1918 210 1963 tempore
225 1929 311 1956 labem
328 1930 399 1956 illan!
415 1937 446 1956 ac
462 1929 568 1956 ruinam
585 1928 647 1956 felix
665 1929 751 1956 Alexii
768 1928 876 1955 Philan-

86 1975 214 2009 thropeni
239 1983 286 2009 per
309 1976 367 2002 illos
392 1980 494 2002 tractus
517 1975 623 2007 militia,
645 1975 753 2002 circiter
774 1983 875 2001 annntn

84 2021 185 2047 Christi
209 2020 287 2050 1295.
311 2021 457 2048 Andronici
483 2022 525 2053 l5,
550 2029 582 2048 eo
606 2021 679 2048 missi
704 2029 764 2047 cum
787 2021 877 2047 valido

85 2066 218 2096 exercitu.
236 2072 315 2101 prout
332 2067 393 2094 fuse
410 2073 502 2094 narrat
520 2067 711 2103 l‘acltymcres,
728 2068 746 2094 l.
764 2076 804 2099 ttt,
821 2069 874 2095 vol.

87 2111 107 2138 ll
118 2130 126 2143 ,
143 2120 168 2138 ε.
184 2112 217 2144 9,
233 2113 281 2139 sed
300 2117 443 2147 postquam
460 2114 482 2140 is
499 2114 633 2140 rebellans
648 2122 661 2141 a
680 2115 821 2142 Libadario
835 2119 876 2142 est

86 2165 245 2192 oppressus,
259 2163 285 2185 et
300 2157 398 2190 l’ersm,
414 2159 459 2193 qui
476 2161 527 2186 sub
541 2168 574 2186 eo
590 2160 771 2187 militaverant
782 2181 788 2192 ,
806 2161 876 2188 male

86 2203 195 2229 multati
214 2204 313 2230 reversi
332 2204 458 2235 domum,
474 2209 500 2231 ct
516 2213 596 2231 causa
613 2206 697 2232 cladis
714 2206 875 2233 ulciscenda:

915 960 1033 988 Arabum
1048 961 1273 996 chronologorum
1287 965 1314 988 et
1327 962 1411 987 nostri
1429 961 1606 996 Pachymeris
1629 962 1705 988 testi—

916 1007 1023 1033 moniis.
1036 1006 1129 1033 Refert
1146 1007 1335 1041 Pachymercs,
1355 1014 1381 1040 p.
1394 1006 1455 1038 527,
1475 1008 1616 1034 Atmanem
1630 1007 1707 1033 inva-

917 1050 998 1077 luisse
1007 1045 1103 1085 opibus
1111 1051 1236 1085 adjuncta
1245 1050 1382 1077 sibimanu
1393 1051 1539 1078 fortissima
1547 1053 1553 1077 l
1564 1051 1705 1079 ellatorum

918 1096 1111 1123 acerrimorum
1125 1096 1207 1130 83o
1226 1103 1241 1123 e
1259 1095 1452 1131 Paphlagonia,
1466 1100 1493 1123 et
1508 1097 1601 1124 obsistt
1611 1105 1640 1124 rc
1654 1097 1705 1124 sibi

918 1147 1044 1167 conatum
1068 1140 1234 1167 Muzalonem
1247 1139 1397 1168 Romanum
1410 1141 1506 1168 ducent
1528 1143 1585 1168 acie
1609 1142 1707 1169 vicisse

919 1194 1003 1221 prope
1024 1186 1210 1214 Nicomediam
1221 1187 1350 1223 Bithyniae
1360 1182 1628 1222 metropolim,quam
1640 1188 1703 1214 inde

920 1233 1014 1259 urbem
1025 1233 1098 1259 velut
1111 1233 1249 1260 obsessam
1263 1234 1349 1268 campi
1365 1234 1491 1262 dominus
1506 1235 1631 1262 tenuerit.
1645 1235 1708 1262 lbcc.

922 1279 1142 1312 cont'gissecirca
1151 1279 1259 1313 Bapheu
1265 1285 1289 1305 m
1302 1287 1385 1314 prope
1392 1279 1575 1307 Nicomediam
1582 1280 1626 1307 die
1635 1280 1708 1307 vice—

921 1322 989 1349 sima
1001 1323 1114 1357 septima
1126 1324 1226 1350 mensis
1234 1323 1299 1350 Julii
1313 1325 1412 1352 diserte
1422 1325 1602 1359 Puclqmeres
1614 1325 1708 1352 tradit:

924 1375 1025 1394 annum
1040 1377 1072 1395 ex
1101 1369 1172 1396 serie
1193 1376 1281 1395 rerum
1297 1369 1427 1396 verisimil
1442 1374 1482 1396 ter
1496 1369 1661 1396 atiirmamus
1679 1371 1704 1396 in

924 1412 1037 1448 Synopsi
1056 1414 1125 1440 hunc
1139 1415 1223 1441 l'u’sse
1249 1414 1349 1440 Christi
1376 1414 1458 1447 1999;
1489 1415 1611 1449 sequenti
1642 1415 1710 1442 1500

918 1460 1038 1493 'putarim
1047 1461 1169 1487 evenisse
1178 1460 1247 1493 quod
1259 1464 1351 1487 noster
1364 1465 1465 1492 narrat,
1475 1468 1501 1494 [ν.
1515 1460 1577 1492 415,
1588 1451 1656 1487 videi
1669 1466 1711 1487 ct-t

924 1505 1052 1540 quasdam
1069 1507 1203 1533 Roazanus
1216 1507 1308 1540 copias
1327 1507 1395 1533 dure
1411 1506 1527 1540 quodin]
1555 1506 1647 1538 Saturo,
1676 1509 1710 1533 ab

926 1551 1089 1585 imperatore
1102 1552 1135 1578 ad
1147 1560 1206 1579 eam
1223 1552 1348 1578 tuendam
1366 1552 1530 1585 provinciam
1547 1552 1639 1583 mis:o,
1656 1554 1711 1578 col-

887 1588 908 1615 C
927 1596 1009 1624 lectas
1036 1598 1070 1624 ab
1099 1599 1213 1624 Atinam:
1238 1598 1379 1624 occidione
1398 1598 1481 1624 fuisse
1505 1598 1617 1625 deletas:
1639 1597 1712 1624 L'nda

927 1645 1009 1670 victor
1034 1643 1131 1671 Atman
1159 1643 1328 1679 progrediens
1350 1643 1519 1670 Belocomam
1541 1644 1630 1679 (vcrlia
1648 1649 1713 1671 sunt.

928 1689 1115 1723 Pachytneris)
1134 1689 1253 1716 insiliens
1273 1690 1299 1716 vi
1312 1689 1395 1723 capit,
1412 1695 1435 1716 et
1452 1689 1488 1714 ibi
1501 1693 1615 1721 repertos
1631 1689 1714 1715 intrr-

928 1735 998 1769 fecit.
1016 1734 1074 1768 Ipse
1088 1741 1174 1761 autem
1194 1736 1327 1762 immensis
1349 1735 1440 1768 apibus
1462 1743 1493 1761 ea
1505 1735 1604 1761 clausis
1624 1735 1721 1761 muni-'

929 1782 997 1808 tione
1038 1783 1137 1815 potitus
1167 1782 1296 1815 pra'dit'es
1328 1782 1388 1808 inde
1419 1786 1457 1809 est
1496 1781 1611 1808 habitus.
1640 1782 1718 1808 Arri:

928 1828 1021 1862 quippe
1047 1828 1120 1854 illius
1146 1828 1313 1854 munimentis
1346 1828 1397 1854 situ
1416 1832 1440 1854 et
1469 1832 1527 1854 arte
1552 1826 1646 1854 validis
1681 1828 1721 1854 αα-

928 1876 1043 1909 (Ῑιιωείιιυ
1067 1875 1183 1909 pecunia!
1199 1875 1346 1902 custodiam
1361 1883 1435 1907 usus,
1460 1883 1568 1909 magnos
1586 1874 1637 1901 sibi
1659 1874 1716 1901 t/te-
1747 1887 1751 1891 λ

928 1927 1033 1952 sattros,
1057 1919 1125 1946 unde
1138 1920 1199 1946 belli
1215 1929 1245 1946 ac
1261 1920 1425 1954 principatus
1442 1920 1573 1952 expulit-et
1586 1925 1714 1953 sumptus,

929 1973 1019 1992 secure
1036 1966 1156 1992 conditos
1172 1966 1206 1991 ad
1227 1973 1334 1991 manum
1359 1965 1462 1992 habuit.
1492 1965 1595 1991 [larum
1621 1973 1717 1999 mugiat

928 2019 991 2045 pars
1003 2011 1189 2038 calamitatum
1201 2011 1227 2037 in
1240 2010 1353 2037 Prusam
1363 2010 1530 2042 redundavit,
1542 2010 1579 2036 sic
1589 2011 1717 2036 nudulant

927 2057 1088 2090 possessione
1103 2058 1163 2090 agri
1175 2056 1216 2082 sui
1232 2056 1334 2082 etiutra
1345 2063 1478 2082 murorum
1490 2055 1618 2082 ambitum
1638 2056 1718 2082 reda-

928 2106 1070 2133 clum,elc.
1084 2100 1128 2136 [P.
1142 2100 1207 2136 602]
1217 2100 1278 2128 llaec
1288 2100 1467 2136 Pachymcres
1478 2108 1485 2132 ;
1495 2108 1554 2135 qua:
1568 2100 1634 2127 satis
1645 2102 1719 2128 e'are

927 2148 982 2174 indi
1000 2151 1046 2174 ant
1057 2148 1233 2174 mutationem
1248 2147 1300 2174 hoc
1308 2152 1428 2181 tempore
1442 2146 1468 2173 in
1479 2147 1595 2173 Almone
1607 2146 1716 2178 lactant,

927 2194 1002 2229 quasi
1028 2202 1043 2221 e
1063 2194 1166 2228 privato
1191 2194 1217 2220 in
1233 2193 1411 2228 principalem
1427 2197 1537 2220 statum.
1562 2193 1719 2220 -Audiamus

86 2253 113 2276 et
133 2249 233 2276 fiducia
254 2249 353 2275 nullius
373 2249 440 2276 satis
458 2250 553 2276 validae
572 2258 725 2278 oceursuraa
745 2252 874 2278 Romamn
893 2259 913 2286 ι)
925 2239 980 2274 iam
994 2238 1151 2266 Arabas'm
1164 2246 1261 2273 “mg'w
1273 2245 1407 2286 mnsam“
1417 2238 1718 2286 anlmmmo‘hmfmel"

86 2295 236 2329 potentiae,
261 2294 494 2328 Philanthropeno
517 2302 596 2328 quem
621 2304 704 2322 unutn
728 2296 876 2323 timuerant

86 2345 192 2370 amoto,
212 2340 322 2366 art-ibus
343 2339 398 2374 jam
420 2339 526 2366 cunctis
549 2340 626 2374 potiti
649 2340 826 2368 licentissime
849 2341 878 2367 in

87 2386 227 2420 subjectus
242 2385 356 2419 imperio
370 2385 495 2420 regiones
512 2386 609 2419 passim
627 2386 803 2413 inundarunt.
822 2386 877 2413 lloe

88 2437 222 2458 memorat
237 2430 417 2466 Pachymeres
429 2451 435 2462 ,
453 2431 471 2457 l.
488 2439 517 2458 nt
529 2452 535 2461 ,
551 2431 603 2458 vol.
621 2432 642 2458 ll
654 2452 662 2463 ν
677 2439 702 2459 c.
719 2432 751 2458 ll
762 2452 768 2463 ,
783 2436 809 2458 et
824 2439 878 2458 cm-

88 2477 161 2511 pisse
176 2477 285 2503 videtur
297 2477 331 2502 ab
348 2484 419 2502 anno
434 2476 498 2503 Chr.
517 2477 594 2508 1297,
610 2477 714 2512 itnpcrii
728 2477 877 2504 Andronici

89 2523 138 2555 15‘,
154 2523 266 2549 durassr.
281 2530 347 2547 vero
361 2521 418 2548 sine
434 2522 647 2553 intermissione,
663 2522 717 2549 imo
732 2531 792 2549 cum
807 2527 879 2549 Ωιι-ο-

88 2568 209 2595 cioribus
226 2567 343 2595 subinde
360 2569 493 2594 malorum
510 2569 664 2602 augtncntis
677 2589 683 2600 ,
700 2577 785 2603 usque
801 2569 834 2595 ad
852 2568 880 2594 ft-

88 2622 150 2640 nem
169 2614 249 2647 hujus
266 2613 408 2645 llistorize,
426 2614 585 2649 intelligitur
601 2622 634 2641 ex
651 2614 880 2648 frctptcntissimis

88 2668 120 2687 ea
134 2660 168 2687 de
182 2667 210 2686 re
224 2659 310 2685 nostri
328 2658 448 2686 historici
463 2659 583 2694 querelis
596 2667 626 2686 ac
640 2659 880 2686 latnontationibus

88 2714 138 2740 per
155 2710 271 2733 cunctos
290 2705 350 2732 fere
367 2710 566 2740 consequentes
585 2705 666 2740 hujus
686 2705 776 2740 operis
797 2705 882 2732 libros

88 2749 203 2784 sparsis.

145 2834 177 2861 ν.
217 2835 313 2862 Ex'his
340 2840 412 2868 patet
426 2844 505 2871 quam
529 2844 712 2865 consentauee
725 2837 758 2864 ad
782 2840 883 2864 nostra:

91 2881 173 2916 hujus
187 2880 308 2908 historia:
322 2883 480 2910 memoriam
501 2883 618 2911 Arabum
635 2884 746 2912 annales
762 2883 882 2912 rcfcrant

927 2293 942 2313 e
956 2286 1085 2321 toparcha
1098 2285 1282 2320 Karaiaplagac
1293 2289 1320 2312 et
1349 2284 1461 2319 simplici
1474 2289 1580 2319 satrapa
1604 2284 1719 2311 sultanis

928 2342 976 2362 seu
990 2333 1108 2368 supremi
1122 2332 1223 2359 domini
1241 2339 1339 2358 nomen
1365 2331 1437 2358 asciv
1451 2338 1494 2358 sse
1522 2338 1593 2357 almo
1614 2330 1725 2364 llegiraa-

929 2379 991 2406 699.
1002 2378 1086 2413 llujus
1098 2378 1160 2404 anni
1174 2385 1234 2404 cum
1249 2376 1376 2403 Kalendae
1390 2375 1554 2402 Muharrami
1569 2375 1722 2403 insederint

929 2425 1000 2452 diem
1013 2425 1047 2451 28
1068 2422 1342 2458 Septembrisluliani
1366 2423 1393 2448 In
1416 2429 1487 2449 anno
1515 2422 1614 2449 Christi
1639 2422 1723 2450 1299.

930 2476 957 2498 et
967 2478 1046 2505 quam
1059 2477 1268 2497 mcmoravnnus
1283 2477 1297 2496 e
1309 2469 1472 2504 Pachyunre
1494 2468 1645 2495 Beloiomm
1674 2476 1721 2494 ex—

930 2516 1059 2551 pugnatio
1076 2515 1109 2542 ad
1131 2522 1198 2542 men
1208 2522 1238 2542 es
1258 2514 1368 2541 aestivos
1395 2513 1557 2549 pertinuisse
1584 2512 1719 2544 vdeatur,

931 2562 1136 2597 intelligendum
1158 2560 1320 2594 relinquitur
1336 2567 1452 2594 regnare
1479 2560 1636 2597 Atinaucm,
1664 2558 1722 2585 sine

934 2609 987 2635 ulla
999 2608 1053 2642 jam
1089 2606 1306 2634 dissimulatione
1319 2606 1480 2633 vocabulum
1508 2605 1612 2639 imperii
1634 2605 1721 2639 palam

935 2654 1105 2688 usurpando,
1115 2653 1232 2687 cmpisse
1246 2659 1318 2678 anno
1331 2651 1431 2678 Christi
1450 2650 1527 2679 l500.
1544 2650 1622 2684 idque
1639 2649 1664 2675 in
1680 2648 1724 2675 Bi-

934 2699 1024 2734 thynia
1040 2699 1073 2726 ad
1091 2699 1184 2725 urbem
1201 2697 1325 2730 Prusam,
1341 2705 1420 2732 quam
1437 2696 1516 2730 paulo
1531 2699 1589 2730 post
1604 2694 1629 2720 ei
1640 2695 1724 2720 fuisse

933 2744 1082 2779 subiectam
1109 2742 1257 2770 tributaria:
1280 2741 1355 2776 pacis
1379 2741 1500 2773 nomine,
1522 2747 1614 2767 revera
1646 2738 1722 2765 ded:-

935 2790 1007 2817 tioue
1019 2796 1050 2816 ac
1064 2789 1233 2822 subiectione
1248 2788 1337 2822 plena,
1350 2787 1438 2814 innuit
1454 2786 1642 2821 Pachymercs,
1659 2784 1723 2811 dum

935 2837 974 2864 sic
986 2836 1057 2863 scrib
1070 2841 1090 2869 ι,
1102 2844 1128 2871 p.
1139 2835 1189 2862 597
1204 2845 1210 2862 ;
1228 2833 1316 2860 I’rusa
1332 2835 1388 2868 ipsa
1404 2831 1601 2859 calamitatibus
1615 2830 1725 2857 subacta

937 2882 1084 2918 ingentibus
1105 2889 1189 2909 mttere
1205 2889 1220 2908 a
1233 2879 1319 2906 Persis
1347 2883 1488 2905 numerato
1503 2877 1613 2904 immani
1641 2876 1722 2910 pretio
