1951 3065
226 148 277 180 837

667 156 699 186 P.
722 156 870 187 POSSlNl
892 157 1215 192 OBSERVATIONUM
1237 164 1308 194 LIB.
1333 164 1390 195 ΙΙΙ.

1798 169 1853 201 888

229 208 348 234 ilttti't‘dm
361 208 446 242 pacis,
462 216 509 243 pro
528 217 600 241 vera,
617 218 695 245 quam
712 212 878 239 mendacibus
899 214 1012 246 promit-
1026 218 1048 245 A
1063 217 1193 246 lectorem
1209 220 1346 248 ntantissat
1358 221 1418 248 loco
1445 229 1582 257 apponere
1599 223 1849 253 considerationem

229 255 265 280 tis
286 260 463 288 ostentarant,
487 263 561 290 pace.
579 256 616 283 Ita
634 257 689 284 ille.

278 299 319 326 Vl.
349 299 410 327 Hmc
426 305 579 328 tamennon
594 309 626 329 eo
641 302 719 329 traho
732 308 761 330 ιιι
773 304 926 331 existimem
947 305 1014 332 Pru-

227 349 283 371 satn
297 345 402 373 Atmani
421 346 476 381 jam
500 351 555 373 ttnn
572 347 644 382 regni
662 348 794 384 principio
814 349 892 384 plene
906 357 1014 384 posses-

226 399 294 419 sam.
310 400 370 418 cum
384 400 441 419 eam
457 393 567 427 quidam
583 395 700 421 Arabum
715 394 766 422 sub
794 395 876 422 linem
909 399 1013 422 tantum

225 442 288 464 vine
301 437 433 470 Atmanis,
449 438 556 472 quidam
579 439 689 467 nonnisi
707 444 768 475 post
793 441 853 475 ejus
879 441 982 468 obitum
998 448 1013 468 a

226 485 242 510 ti
257 485 282 510 io
297 484 357 517 ejus
372 488 398 510 et
410 492 569 512 successore
579 484 704 513 Urchanc
720 487 829 521 penitus
842 487 1013 522 subjugatam

226 530 344 557 tradant.
365 529 462 557 Verum
477 539 538 558 cum
556 538 614 557 eam
630 532 723 559 urbem
738 533 845 560 arcibus
871 533 1014 560 undecun-

225 584 276 609 que
295 584 308 602 a
324 583 353 603 se
371 577 503 610 possessis
514 577 629 604 cinctam
645 582 672 605 et
688 579 848 614 vectigalem
857 579 889 605 ad
907 578 1012 605 libitum

226 622 348 653 haberet,
366 629 443 655 (ηιμιο
459 623 566 648 interim
581 623 673 650 animo
686 623 858 658 ferebatejus
873 624 1015 658 seingres-

225 675 256 694 su
272 668 424 699 exclusum,
439 675 518 702 quem
540 668 593 695 sibi
609 676 641 695 ac
662 669 719 695 suis
746 668 904 704 aliquando,
921 674 949 696 ut
971 677 1014 696 res

225 718 282 739 tum
297 721 326 740 se
342 705 495 744 “habebant,
511 713 596 740 libere
609 714 782 747 pandendum
813 720 888 742 certa
913 723 1015 750 priesu-

226 759 317 785 mebat
342 766 400 793 spe.
420 758 448 784 In
465 759 516 786 huc
538 759 619 793 igitur
634 759 819 792 incumbebat,
839 766 869 787 ut
895 761 951 796 agri
983 769 1015 789 ac

225 805 371 838 provincia:
386 803 468 837 illius,
483 811 580 838 nempe
592 804 724 840 Bithynia:
738 806 882 838 universa',
898 806 948 833 sibi
964 807 1013 833 do-

225 850 338 877 minium
350 853 495 880 assereret,
512 849 584 883 quod
599 850 818 884 consequebatur
841 851 950 878 arcibus
961 850 1015 885 pri-

224 896 329 929 mariis,
342 899 370 922 et
385 895 456 922 unde
470 895 576 922 urbium
590 903 746 930 magnarum
762 897 834 923 salus
845 901 872 923 et
884 897 1015 924 securitas
1031 901 1051 928 ε

224 940 306 976 831
326 940 469 975 penderet,
485 941 652 976 ocelipandis
666 946 693 968 et
705 941 874 969 validissimo
888 941 1014 976 prasidio

225 987 359 1019 tenendis,
375 987 445 1014 sicut
466 986 548 1014 modo
560 994 621 1014 eum
650 987 767 1014 vidimus
783 988 809 1014 in
822 987 963 1014 Belocoma
975 987 1014 1014 fe—

223 1035 303 1066 cisse,
320 1033 349 1060 in
366 1041 418 1067 qua
433 1033 525 1060 claves
540 1032 634 1060 Prusae
649 1034 761 1068 reperit;
779 1034 816 1060 uti
845 1039 873 1061 et
896 1033 1013 1061 Nicalam

222 1079 273 1106 sibi
288 1079 448 1113 subjugasse
480 1079 557 1105 visus
571 1082 613 1105 est
636 1083 714 1113 capta
729 1083 756 1106 et
782 1080 839 1107 suis
854 1079 1015 1107 ﬁrmissimis

222 1124 308 1159 t'opiis
322 1125 425 1151 insessa
440 1124 591 1151 Tricoccia.
607 1124 665 1157 Qua
677 1124 711 1152 de
737 1133 767 1152 re
787 1125 864 1160 juvat
889 1130 1012 1152 nosuum

225 1169 269 1195 hic
282 1168 474 1203 Pachymercm
489 1169 595 1201 audire,
610 1177 637 1203 p.
655 1170 718 1203 657,
728 1171 892 1198 scribentem
904 1171 930 1197 in
942 1171 1015 1198 hunc

224 1214 335 1241 modum
354 1224 360 1242 :
378 1214 458 1242 Circa
473 1214 594 1241 Nica'am
616 1216 685 1241 man
703 1224 768 1242 sane
793 1215 848 1243 loco
871 1224 910 1243 res
926 1222 1012 1250 erant,

222 1263 335 1287 Almana
356 1265 451 1287 cuncta
476 1260 530 1286 illic
561 1265 653 1295 agente
686 1261 844 1295 ferenteque.
877 1263 916 1289 Ac
933 1262 1014 1296 paulo

221 1310 282 1340 post
303 1315 309 1333 ξ
330 1306 423 1340 Itaque
453 1306 579 1340 infestant
603 1307 748 1332 exercitum
779 1321 813 1327 —-
842 1308 1014 1340 venientibus,

222 1350 319 1378 Atman
351 1351 474 1378 credidit.
497 1350 634 1378 Hactenus
663 1350 855 1387 Pachymeres,
880 1361 913 1380 ex
937 1354 1015 1388 cujus

223 1397 324 1431 triplici
341 1396 422 1423 modo
433 1402 583 1423 memorata
599 1397 757 1424 narratione
770 1405 860 1425 rermn
877 1399 910 1426 ab
924 1399 1016 1425 Atma-

223 1451 268 1475 ue,
283 1443 315 1469 ad
326 1442 510 1469 Nicomediam
525 1443 596 1470 victo
610 1442 759 1476 Muzalonc,
774 1444 806 1471 ad
835 1445 946 1472 Prusam
968 1453 1014 1474 ca-

222 1495 268 1523 pta
286 1488 441 1520 Belocoma,
458 1489 491 1516 ad
501 1489 615 1516 Nicaeam
630 1495 782 1524 expugnata
793 1491 931 1518 Tricuccia
967 1500 1014 1527 ge-

223 1541 338 1569 starum,
352 1534 527 1562 manifestum
547 1541 588 1562 est
601 1536 728 1563 habuisse
743 1537 818 1564 illum
837 1538 864 1564 in
881 1542 1015 1572 potestate

222 1582 376 1608 universam
390 1581 552 1616 Bithyniam,
565 1581 652 1608 tribus
663 1581 716 1608 illis
728 1582 866 1616 primariis
877 1583 937 1618 ejus
952 1591 1014 1617 pro-

220 1627 319 1655 vincia:
335 1627 458 1660 urbibus,
474 1627 525 1654 etsi
548 1635 601 1654 non
627 1628 707 1662 plene
735 1619 878 1662 posses-sis,
908 1629 1006 1656 saltem

223 1674 341 1708 undique
354 1681 369 1700 τ
383 1673 541 1704 rcumdatis,
561 1678 588 1701 et
602 1674 673 1700 lenta
686 1674 725 1701 sic
736 1674 880 1701 obsidione
892 1683 953 1701 cum
971 1675 1015 1701 in-

220 1719 299 1746 terim
315 1726 364 1753 pro
387 1718 461 1745 libito
486 1720 630 1746 macerand
644 1727 657 1746 s
671 1723 697 1746 ct
711 1727 798 1753 prcun
811 1728 825 1746 a
852 1720 1010 1752 multandis,

222 1769 278 1792 tum
294 1764 411 1798 denique
434 1765 531 1792 certiss
544 1773 587 1792 me
618 1765 758 1793 trahendis
789 1766 840 1792 sub
861 1766 1012 1792 absolutum

222 1813 412 1846 integrumque
436 1810 597 1837 dominium.
621 1811 726 1845 ldqnud
758 1819 812 1837 non
828 1811 877 1845 ipsi
905 1811 985 1845 quide
998 1820 1012 1838 ιι

220 1857 318 1892 obtig‘t
340 1856 458 1883 Atmani.
477 1855 575 1883 Verum
590 1856 660 1883 illius
673 1856 760 1884 lueres
771 1862 799 1884 et
819 1857 892 1884 ﬁlius
907 1857 1013 1885 Urclta-

220 1912 280 1936 nes,
295 1909 375 1938 quem
391 1901 608 1934 Cautacuzenus,
625 1903 645 1929 l.
657 1911 696 1935 ill,
707 1910 731 1930 c.
748 1904 775 1935 9,
787 1907 888 1930 statum
919 1903 945 1932 in
960 1911 1014 1937 qtto

220 1957 282 1977 ιίιιι)
302 1953 377 1983 pater
390 1947 509 1975 moriens
524 1948 684 1982 reliquerat,
699 1949 855 1983 exprimens
875 1954 1013 1982 satrapam

221 1994 370 2023 Orientalis
381 1993 410 2022 lii
428 1993 650 2029 hyuiacappellat,
664 1994 739 2021 brevi
749 2001 777 2022 se
790 1994 923 2030 Bithyniae
933 1994 1015 2021 totius

221 2042 370 2077 pi‘ilN‘ipl‘lll
382 2041 509 2072 ostendit.
523 2039 620 2072 Prusa,
630 2039 785 2067 Nicomedia
797 2045 824 2067 et
835 2039 924 2067 Nica-a
934 2040 1014 2075 plane

221 2087 345 2120 domitis,
359 2092 501 2121 postquam
537 2087 600 2114 buic
628 2087 728 2113 ultima:
759 2085 924 2120 periclitanti
949 2093 1014 2120 sup-

223 2134 310 2168 petias
324 2132 496 2160 Andronicus
523 2133 616 2167 junior
647 2139 795 2159 accnrreus
828 2132 952 2166 repulsus
986 2136 1013 2158 et

223 2179 382 2207 vulneratus
399 2180 424 2206 in
443 2179 545 2206 feruore
566 2179 688 2207 secessit.
700 2178 785 2213 Cujus
800 2186 896 2213 pugna:
912 2187 944 2205 ac
955 2178 1014 2205 vul-

1064 264 1181 291 duorum
1205 271 1328 293 veterum
1354 268 1602 303 oraculorumJjua'.
1615 277 1663 304 per
1682 271 1739 297 ha‘c
1760 271 1850 298 fuisse

1064 316 1168 345 patrata
1182 313 1287 340 eventis
1302 321 1355 340 non
1375 314 1514 342 immerito
1524 315 1596 342 credi
1614 320 1714 350 potest;
1729 316 1755 343 id
1777 317 1852 350 quod

1063 364 1096 384 eo
1113 357 1204 385 minus
1218 359 1337 386 alienum
1351 360 1385 387 ab
1404 361 1456 388 huc
1486 363 1544 389 loco
1562 361 1631 390 forte
1664 363 1756 394 fuerit,
1779 363 1854 398 quod

1064 411 1158 432 eorum
1171 405 1285 432 alterum
1295 411 1336 433 est
1348 406 1516 441 implicatum
1528 415 1590 435 eum
1604 410 1757 438 rationibus
1768 411 1853 437 chro-

1064 451 1197 486 nologicis
1210 452 1384 487 quibusdam,
1401 461 1532 481 numeros
1548 462 1563 481 a
1578 455 1657 482 nobis
1674 456 1717 483 hic
1728 457 1853 484 subduc-

1066 501 1106 524 tos
1137 502 1211 524 recto
1241 498 1346 533 positos
1374 499 1479 527 calculo
1493 501 1710 530 adstrneutibus.
1744 503 1854 530 Becitat

1065 543 1191 578 antiquus
1209 545 1325 578 scriptor
1346 546 1481 576 Zosimus,
1493 547 1668 575 historiarum
1696 548 1715 574 Ι.
1731 557 1761 577 ιι,
1785 548 1851 583 Ετγο

1065 590 1157 617 tlirtea:
1178 590 1219 618 vel
1243 591 1386 626 Epirotica:
1404 593 1513 628 Sibyllae
1529 593 1580 621 huc
1596 595 1754 623 vaticinium
1771 605 1778 624 :

1101 647 1137 685 Ai]
1152 649 1212 675 τότε
1231 648 1352 675 Βιθυνῶν
1367 651 1448 683 γαῖαν
1465 651 1543 677 λύκοι
1558 652 1702 685 οἰκήσουσι

1101 683 1414 725 Ξηγρςιὲπιφρεσέγᾳ-ισι
1431 693 1439 700 θ
1455 687 1524 725 nali:
1536 687 1559 712 δ’
1577 683 1740 725 ἐπὶὃήαετᾳι
1756 689 1831 725 ἀρχὴ

1101 717 1256 752 Ἀνδράσιν,
1278 719 1302 745 οἳ
1322 719 1457 752 Βύζαντος
1478 717 1536 753 ἕδος
1551 717 1784 751 κατανάιετάωσιί

1095 763 1177 824 ῧ32
1194 764 1263 791 Tunc
1292 765 1464 800 Bithynorum
1489 771 1586 794 terram
1616 769 1672 801 lupi
1697 770 1856 797 habitabant

1128 801 1196 824 tuiuo
1211 801 1322 824 consilia
1335 809 1343 824 :
1352 802 1472 824 celeriter
1484 807 1569 824 arium
1587 805 1746 824 εηηργι-ρηίοι
1759 805 1855 824 [mrum

1128 801 1196 825 tviuu
1211 801 1322 826 consilia
1333 802 1472 833 ;celeriter
1484 807 1571 830 autem
1587 805 1746 836 superreniet
1758 805 1856 831 horum

1605 837 1782 873 [principatus

1106 866 1176 895 Viri;
1188 869 1233 903 qui
1249 868 1377 904 Byzantia
1392 871 1478 898 totum
1498 866 1627 900 intoluni'.

1068 926 1153 960 llujus
1169 930 1298 954 eventum
1308 928 1458 962 prophetiae
1468 934 1583 957 conatur
1591 931 1716 958 lusimus
1726 931 1858 967 adaptare

1064 975 1135 1001 mtati
1151 974 1322 1002 Constantini
1338 979 1366 1002 et
1383 977 1578 1004 restaurationi
1594 982 1676 1012 atque
1701 979 1857 1013 amplifica-

1066 1019 1132 1046 tioni
1147 1027 1194 1054 per
1212 1027 1275 1047 eum
1293 1020 1373 1048 factm
1382 1021 1768 1058 Byzantii.Quamrecte.ipse
1782 1026 1857 1052 \itiC‘

1065 1065 1119 1098 rit;
1137 1074 1189 1092 nun
1212 1066 1285 1093 enim
1299 1067 1364 1094 satis
1379 1072 1490 1101 apparet
1502 1069 1567 1102 quid
1583 1069 1634 1096 ista
1652 1070 1755 1096 mentio
1777 1069 1858 1102 Ιιιηο-

1066 1120 1123 1138 rum
1135 1112 1287 1146 Bithyniam
1298 1113 1473 1140 habitantium
1487 1122 1548 1141 cum
1563 1114 1738 1142 exornatione
1753 1114 1859 1150 Byzan-

1066 1158 1129 1185 tina:
1149 1159 1223 1185 urbis
1244 1166 1389 1186 commune
1411 1159 1518 1186 habeat.
1532 1159 1657 1186 Dicamus
1676 1159 1800 1186 noslicct
1814 1167 1860 1186 ac-

1067 1204 1266 1231 commodatius
1285 1205 1317 1231 ad
1331 1205 1451 1239 speciem
1468 1206 1524 1231 veri
1535 1226 1542 1237 ,
1554 1213 1603 1240 per
1623 1205 1750 1240 Sibyllam
1764 1205 1861 1232 divino

1065 1250 1179 1277 amatam
1196 1251 1304 1285 spiritu,
1320 1255 1394 1278 tanto
1413 1256 1476 1278 ante
1490 1252 1532 1278 his
1547 1251 1631 1278 fuisse
1645 1252 1858 1286 pranuutiatmn

1065 1296 1157 1322 verbis
1178 1301 1303 1322 exortum
1320 1295 1487 1324 Otlomanlci
1503 1297 1610 1331 imperii
1638 1304 1653 1322 a
1683 1297 1861 1331 praedonibus

1065 1344 1151 1370 avidis
1162 1348 1189 1370 et
1204 1344 1297 1378 lupina
1309 1345 1460 1371 voracitate
1471 1352 1502 1372 ac
1524 1345 1686 1372 crudelitate
1700 1345 1823 1380 praeditis
1832 1346 1858 1371 in

1066 1390 1190 1425 Bithynia
1207 1390 1322 1422 fundati,
1346 1391 1388 1417 cui
1403 1398 1455 1417 non
1469 1391 1554 1417 multo
1569 1395 1630 1425 post
1645 1396 1766 1425 tempore
1795 1400 1861 1418 suc-

1065 1436 1193 1463 cumbere
1205 1435 1316 1462 dt-beret
1336 1435 1489 1471 Byzantina:
1507 1435 1581 1463 urbis
1594 1436 1860 1471 imperantispoten-

1067 1483 1102 1508 lia
1114 1487 1139 1509 et
1149 1483 1287 1516 splendor.
1302 1482 1451 1510 barbariem
1465 1484 1594 1518 deinceps
1609 1483 1746 1510 servitutis
1762 1483 1858 1518 jugum

1066 1528 1256 1562 gravissimum
1267 1532 1292 1554 et
1302 1529 1539 1563 probrusissimum
1548 1527 1740 1555 laturae.Gr;eci
1751 1527 1858 1562 Byzan-

1026 1564 1049 1596 (ἶ
1068 1573 1115 1599 ιὶιιί
1131 1573 1157 1599 iu
1178 1581 1284 1608 pmnam
1302 1574 1377 1608 impii
1393 1577 1419 1600 et
1442 1574 1590 1608 pertinacis
1605 1573 1639 1600 ab
1656 1573 1774 1600 Ecclesia
1802 1573 1858 1600 liu—

1065 1626 1145 1645 mana
1160 1619 1281 1645 munium
1297 1624 1383 1646 matre
1414 1619 1478 1646 inde
1493 1626 1578 1652 usque
1594 1627 1608 1645 a
1620 1618 1708 1645 Photii
1723 1620 1858 1652 tempori-

1065 1665 1116 1692 bus
1127 1666 1280 1692 continuati
1294 1666 1459 1697 schismatis,
1474 1666 1568 1692 duram
1584 1665 1714 1700 {Latinis
1722 1665 1859 1692 Constan-

1067 1713 1208 1745 ti|t0p0litu
1227 1720 1274 1746 per
1288 1716 1448 1738 annosmto
1464 1719 1545 1746 supra
1564 1712 1763 1746 quinquagmta
1780 1712 1857 1738 oliti-

1066 1758 1195 1785 ueu‘ibus
1210 1759 1369 1784 servitutem
1384 1759 1456 1792 pas.~i
1473 1757 1593 1789 fuerant;
1606 1766 1637 1785 ex
1657 1767 1709 1792 qua
1725 1759 1858 1792 proiecis-

1065 1811 1094 1832 se
1117 1804 1165 1830 visi
1178 1807 1250 1834 sunt.
1261 1803 1325 1830 dum
1336 1812 1367 1830 ea
1380 1804 1485 1830 liberati
1499 1803 1612 1830 Romani
1623 1812 1696 1838 papa:
1710 1804 1857 1838 primatum

1065 1854 1242 1885 agnoverunt.
1261 1850 1295 1876 At
1310 1850 1354 1876 ubi
1371 1848 1394 1875 Μ
1407 1849 1500 1876 chaele
1515 1849 1594 1876 istius
1615 1850 1769 1877 concordiae
1793 1858 1859 1878 auc-

1067 1902 1124 1923 tore
1135 1901 1253 1927 mortuo,
1266 1895 1336 1923 (ilius
1345 1896 1403 1930 ejus
1414 1896 1587 1923 Andronicus
1595 1896 1716 1930 pessimo
1725 1897 1857 1929 consilio,

1065 1951 1123 1977 qum.
1139 1947 1213 1976 pater
1226 1942 1403 1969 saluberrime
1413 1947 1545 1970 statuerat
1554 1943 1723 1973 resciutleus.
1736 1950 1765 1969 se
1780 1951 1860 1970 suus-

1065 1996 1117 2022 que
1132 1989 1228 2015 iterum
1245 1996 1259 2014 a
1277 1989 1341 2015 sede
1355 1987 1429 2014 Petri
1452 1989 1652 2015 contumaciter
1669 1989 1787 2023 abrupit,
1801 1994 1859 2016 sta-

1067 2034 1113 2060 tim
1143 2034 1188 2061 Dei
1218 2034 1314 2061 ultoris
1339 2034 1511 2068 providentia
1539 2035 1690 2069 pra‘parari
1718 2040 1803 2068 crept
1832 2041 1860 2062 et

1064 2080 1165 2107 sensim
1183 2080 1209 2106 in
1226 2079 1348 2115 Bithynia
1362 2087 1542 2107 conerescere
1569 2078 1742 2107 Ottomauiea
1762 2085 1858 2116 tyran-

1065 2125 1119 2156 uis.
1134 2133 1148 2152 a
1160 2133 1211 2160 qua
1239 2125 1305 2153 diris
1316 2126 1490 2153 continenter
1504 2125 1627 2153 cladibus
1651 2125 1778 2161 ηας-11³ιί
1807 2127 1859 2162 By—

1066 2171 1176 2200 zantini.
1190 2179 1251 2198 cum
1266 2171 1376 2199 tninime
1386 2170 1587 2206 resipiscerent,
1602 2172 1648 2198 sed
1660 2172 1744 2207 magis
1757 2180 1819 2207 mag
1829 2180 1858 2198 s-

222 2225 294 2252 ueris
308 2225 645 2253 meminitCnnlacuzenus
658 2224 699 2260 ῘΡ.
716 2224 789 2260 605.]
801 2226 818 2251 Ι.
837 2233 867 2257 ιι,
878 2233 902 2252 c.
915 2225 940 2257 7,
953 2225 1012 2252 inde

1068 2226 1119 2252 que
1140 2226 1165 2244 ιιι
1190 2217 1286 2245 lueresi
1299 2225 1330 2244 ac
1343 2218 1491 2245 schismate
1506 2218 1729 2248 obﬁrmarentur,
1753 2218 1777 2243 vi
1797 2223 1857 2244 tan-

221 2276 342 2300 secutarn
363 2277 453 2299 tamen
469 2272 566 2298 Nicteae
581 2271 746 2299 deditionem
773 2279 866 2306 parum
896 2272 1012 2299 candide

220 2319 409 2351 dissimulans,
423 2326 505 2354 quam
517 2317 635 2353 ingenue
653 2317 772 2344 fatentur
784 2318 928 2353 Gregoras,
941 2319 959 2346 Ι.
974 2328 1010 2351 ix,

219 2371 247 2393 ct
260 2367 411 2392 Phrantzes
421 2373 447 2393 c.
459 2364 487 2396 Ξ,
498 2365 515 2391 l.
531 2372 550 2397 ι,
566 2369 596 2391 ut
605 2364 728 2391 omittam
741 2364 811 2391 idem
825 2364 927 2392 diserte
940 2365 1012 2391 aliir-

219 2417 327 2441 manles
344 2411 446 2438 Arabas
462 2410 697 2445 scriptores.inter
712 2418 780 2443 quos
794 2418 891 2437 otnnes
910 2418 1010 2437 come-

218 2459 261 2485 nit
288 2457 417 2484 huicntid
433 2463 460 2483 et
475 2455 552 2482 Izm'k
568 2455 619 2490 (sic
634 2455 670 2482 illi
697 2455 884 2483 Nicomediam
911 2462 940 2483 et
963 2455 1011 2482 Ni-

219 2511 302 2531 creant
310 2502 465 2531 nominant)
476 2501 510 2528 ab
523 2500 652 2528 Urchane
662 2499 808 2527 0thmauis
819 2500 873 2526 tilio
884 2504 945 2534 post
955 2508 1010 2534 pa—

221 2550 271 2577 tris
281 2555 394 2575 utortem
408 2553 502 2582 raptas
514 2547 608 2575 fuisse.
621 2546 744 2574 Brusiam
759 2554 824 2573 vero
836 2546 882 2579 (ita
896 2546 1009 2573 Prusam

219 2595 368 2630 appellant)
391 2594 500 2628 quidam
516 2594 622 2620 illorum
646 2592 773 2619 Otbtnani
791 2592 880 2618 adhuc
897 2592 1008 2622 viventi,

219 2642 262 2669 alii
279 2650 313 2668 cu
327 2645 435 2667 mortuo
452 2639 568 2668 Urchani
599 2639 718 2666 deditam
746 2638 832 2665 aiunt.
863 2638 928 2665 Fato
946 2647 1009 2666 vero

220 2688 344 2714 iunctum
361 2687 527 2714 Otlimanem
539 2693 636 2712 milites
653 2685 671 2712 ii
693 2693 790 2720 magno
805 2693 940 2712 consensu
956 2691 1010 2713 tra-

219 2734 287 2759 dunt
310 2740 382 2759 anno
412 2731 518 2766 ilcgirae
549 2730 610 2762 7‘26,
642 2730 718 2765 cujus
733 2729 783 2757 fuit
800 2730 907 2757 initintn
923 2730 1009 2758 diesS

199 2808 202 2811 λ
220 2778 377 2806 Decembris
399 2777 462 2805 anni
477 2776 580 2804 (Jhrtsti
603 2776 682 2807 1525,
696 2776 765 2803 adeo
781 2780 809 2803 ut
835 2784 907 2802 mors
938 2775 1007 2803 0th-

218 2825 306 2852 tuanis
321 2825 348 2851 in
363 2831 464 2852 annum
488 2823 590 2851 Christi
606 2822 675 2850 1526
693 2823 818 2850 videatur
844 2823 1006 2851 differenda.

274 2870 330 2897 Vll.
361 2870 498 2898 llactenus
513 2869 593 2898 dictis
604 2868 685 2897 liceat
703 2869 768 2897 mihi
785 2877 832 2904 per
855 2869 1003 2905 benignum

1066 2265 1128 2291 tletn
1145 2273 1215 2292 swva
1230 2264 1332 2292 subacti
1348 2264 1381 2291 ab
1399 2272 1451 2291 uno
1462 2271 1495 2291 ex
1512 2264 1637 2291 Atmanis
1650 2265 1858 2291 successoribus

1063 2310 1214 2337 Mahomele
1236 2310 1366 2343 secundol
1389 2318 1460 2337 anno
1479 2309 1545 2337 Chr.
1568 2309 1649 2341 “55.
1670 2310 1857 2345 capaivitatem

1063 2357 1225 2392 Babylonica
1254 2357 1455 2384 Judaiornmco
1479 2357 1639 2386 tristiorem.
1665 2357 1736 2391 quod
1757 2357 1857 2392 Cyrum

1063 2405 1164 2432 nullum
1179 2404 1224 2439 qui
1237 2412 1295 2432 eam
1317 2404 1405 2431 solvat
1427 2407 1599 2438 exspectant,
1617 2403 1743 2430 ducentis
1759 2403 1816 2438 jam
1832 2409 1858 2431 et

1061 2450 1132 2485 quod
1160 2450 1280 2477 exr-urrit
1311 2448 1583 2476 anuisinl‘elicissimt
1613 2448 1726 2475 tolerant
1742 2468 1750 2479 .
1776 2448 1857 2475 ﬁdem

1062 2497 1165 2531 ingenti
1189 2504 1240 2523 suo
1259 2496 1332 2522 luctu
1356 2495 1511 2522 sancientcs
1528 2494 1664 2530 Sibyllini,
1687 2495 1760 2529 quod
1784 2499 1858 2521 retu<

1062 2542 1153 2573 limus.
1170 2541 1286 2569 oraculi.

1098 2589 1152 2616 Vll.
1180 2588 1256 2615 Aliud
1282 2589 1316 2615 de
1339 2587 1383 2614 his
1404 2587 1537 2614 habemus
1563 2587 1712 2621 suspicioni
1739 2587 1858 2615 fictionis

1061 2637 1172 2664 minimc
1186 2636 1333 2663 obnoxium
1347 2635 1518 2665 vaticinium,
1532 2635 1633 2668 quippe
1645 2635 1716 2668 quod
1731 2634 1757 2661 in
1778 2643 1858 2662 Sacro

1060 2691 1087 2712 ct
1105 2684 1239 2711 canonico
1270 2683 1339 2710 libro
1368 2682 1520 2709 clarissime
1544 2681 1664 2716 legatur,
1691 2682 1856 2716 Apocalypsi

1061 2731 1088 2757 S.
1105 2729 1267 2757 Joannian
1279 2738 1309 2755 ea
1323 2728 1387 2755 Novi
1406 2727 1571 2754 Testamenti
1587 2727 1740 2762 prophetia,
1760 2734 1858 2755 eventa

1061 2776 1260 2809 cumplectente
1280 2775 1416 2809 pr.rcipna
1432 2782 1522 2801 rerum
1537 2781 1596 2808 qua:
1613 2781 1627 2800 a
1648 2773 1750 2800 Christi
1765 2782 1856 2801 resur~

1060 2822 1182 2850 rectione
1209 2826 1235 2848 rt
1260 2822 1347 2855 prima
1378 2819 1538 2847 ftitidatione
1567 2818 1694 2845 ECClcsize
1721 2819 1755 2845 al
1788 2819 1858 2845 hanc

1061 2876 1144 2904 usque
1172 2868 1245 2896 diem
1277 2867 1323 2895 Dei
1354 2875 1466 2902 regnum
1492 2866 1640 2893 attinentcs
1670 2866 1855 2900 contigerunt,
