1951 3065
86 162 137 192 88‘

745 156 974 190 Clll’tONOLOG
982 155 1070 185 ICUS

1326 118 1357 153 Γ
1415 122 1418 124 -
1472 118 1476 119 7
1674 144 1731 176 890

86 221 148 250 p0~t
161 223 231 247 .unm
244 217 451 250 persecutiones
461 218 655 252 imperatorum
667 217 707 252 [1⁷.
719 215 888 251 ϐῡηυιίυηι-
902 214 925 243 Α
939 211 1073 238 vocabulo
1086 209 1255 243 desigualam
1268 193 1396 242 Cybelen,
1407 212 1467 241 qua:
1482 202 1577 231 eadem
1597 201 1684 252 Tellus
1699 207 1727 229 et

88 262 174 288 btata:
192 267 253 288 sunt
269 270 283 289 a
301 270 325 289 ε’.
344 264 418 290 121111
431 263 475 293 '20,
493 265 519 290 in
533 265 585 291 huc
600 264 654 298 jutn
673 273 719 298 per
733 262 883 297 symbolum

87 308 256 343 alligatiouis
285 309 393 336 Satauze
423 315 531 345 tempus
559 310 624 337 illud
648 310 812 336 describitur
831 315 885 342 quo

88 355 289 382 Constantinus
309 376 317 388 ,
354 356 426 383 victo
459 361 487 384 et
521 357 612 384 occiso
645 356 759 386 Licinio,
780 353 884 389 imperii

89 399 209 426 Rmuani
247 401 327 433 plene
362 407 479 435 poti-us.
522 402 721 429 liberalissimis
753 406 779 428 et
809 401 884 436 quasi

91 446 307 479 triumphalibus
356 447 453 474 edictis
499 449 658 484 religionem
702 448 884 476 Christianam

91 489 197 516 studuit
216 498 325 518 ornare.
356 491 410 518 l-ta
436 492 524 519 edicta
550 493 700 520 recitantur
731 493 765 520 ab
798 492 885 519 Euse-

92 535 147 566 bio,
174 536 268 578 lib._tr
297 536 333 563 De
354 539 404 564 ritu
437 537 614 571 Constantini,
649 547 664 566 a
688 546 748 573 cap.
782 538 817 566 25
851 538 884 565 ad

91 581 138 608 6t).
171 583 199 609 ltt
232 583 329 610 horum
361 592 415 611 uno
451 585 522 619 (tria
552 586 624 612 enim
652 586 756 620 sunt),
787 593 885 620 nempe

92 628 175 662 833
193 629 218 654 in
232 628 375 664 Rescripta
399 630 432 657 ad
460 631 620 664 Eusebium,
637 639 662 659 c.
681 632 716 659 45
734 632 884 665 descripto.

94 682 148 707 quo
176 674 327 708 imperatur
342 682 372 703 ut
389 677 513 704 ecclesiae
535 676 754 705 Christianorunt
784 677 885 712 ubiqtte

96 725 208 754 sumptu
234 721 343 755 publico
368 722 547 755 aedium-mur,
573 723 603 750 ﬁt
631 724 759 751 distincta
783 724 887 751 mentio

95 765 231 796 draconis,
245 773 325 799 quem
349 767 393 794 hic
405 768 524 796 Joannes
548 769 660 804 ligatum
682 773 824 796 memorat.
842 769 886 796 Sic

95 811 168 837 enirn
186 811 240 838 illic
255 812 454 840 Constantinus
469 814 610 848 loquitur:
625 815 693 841 Νυνὶ
710 815 737 841 δὲ
753 815 802 849 τῆς
815 815 887 841 ἐλευ-

96 857 191 891 θερίας
210 858 402 894 ἀποδοοεὶσης,
420 860 465 886 καὶ
478 860 533 892 ι’11οῦ
548 861 694 895 δράκοντος
711 861 817 887 ἐκείνου
831 861 885 888 ἀπὸ

95 903 143 936 τῆς
165 903 220 928 τῶν
237 904 336 930 κοινῶν
353 904 516 939 διοικήσεως
529 906 576 932 τοῦ
598 907 666 932 Θεοῦ
680 906 727 933 τοῦ
755 907 885 941 μεγίστου

97 948 226 983 προνοίᾳ,
246 949 371 985 ἡμετέρᾳ
387 950 410 976 δ’
426 951 565 988 ὑπηρεσίᾳ
581 952 775 986 ἐκδιωχθέντος
786 961 794 968 ·
807 953 886 980 Nunt:

97 999 187 1021 autent
217 994 340 1022 libertate
367 997 482 1030 reddita,
505 1002 528 1024 et
544 1001 658 1025 dracone
672 999 718 1025 illo
738 998 884 1033 (Licinium

98 1040 190 1066 innuit
207 1039 365 1068 idololatriae
383 1043 580 1077 promotoretn)
608 1043 639 1070 ab
658 1045 886 1071 administratione

98 1094 187 1112 rerum
213 1086 262 1118 Dei.
277 1089 388 1114 maximi
402 1090 567 1123 providentia
586 1094 610 1116 et
627 1095 716 1117 nostra
742 1091 886 1118 ntirtislerio

97 1134 210 1168 deiecto.
227 1134 406 1169 Contigerunt
423 1136 474 1164 ista
494 1137 565 1164 circa
579 1137 681 1165 Christi
704 1146 805 1165 artrmm
822 1137 886 1166 520.

98 1179 163 1207 Inde
180 1188 228 1214 per
239 1181 312 1208 mille
326 1189 414 1209 annos
427 1182 453 1208 in
463 1183 540 1217 plena
554 1184 725 1218 possessione
737 1185 828 1211 liberae
839 1192 886 1219 pa-

98 1226 137 1253 cis
166 1226 238 1253 intra
257 1226 403 1261 itnperittm
431 1229 586 1255 Romanum
615 1229 770 1257 Christiana
792 1230 887 1265 religio
910 1222 933 1265 ’ἑξ

99 1272 273 1310 permansit,’
287 1281 386 1308 nempe
402 1281 488 1308 usque
510 1275 542 1302 ad
558 1283 660 1302 annum
680 1275 780 1303 Christi
806 1262 886 1308 159:0,

98 1325 153 1352 quo
167 1323 300 1352 tempore.
315 1323 344 1345 ut
358 1319 485 1353 vidimus,
500 1321 647 1348 Otltmanes
659 1322 770 1349 exitiale
784 1322 885 1350 Christi
916 1309 923 1314 ’

100 1363 224 1398 religioni
241 1363 366 1392 fundavit
379 1365 535 1399 imperium,
555 1366 731 1394 ltrtlissimam
748 1368 888 1394 Maltunte-

101 1409 133 1436 tis
156 1409 382 1444 superstitionem
400 1411 467 1438 orbe
483 1411 569 1438 ferme
588 1416 643 1439 toto
665 1417 886 1447 [.ropagatnrurn,

99 1464 131 1483 ex
159 1464 212 1490 qua
238 1464 293 1482 nott
318 1458 409 1484 minus
441 1457 498 1484 fere
526 1458 572 1485 Dei
595 1466 678 1494 regno
693 1459 886 1486 detrimentum

99 1510 180 1537 quam
196 1510 228 1529 ex
246 1502 430 1530 int-alescente
445 1511 477 1531 ac
501 1504 616 1531 subnixa
633 1504 695 1531 olim
718 1513 811 1540 regum
828 1505 888 1539 opi-

100 1548 150 1574 bus
178 1547 331 1574 idololatria
359 1547 463 1574 illatum
497 1548 549 1574 est.
573 1548 692 1575 Accessit
716 1549 787 1575 circa
817 1548 888 1575 idem
905 1552 924 1581 ε

101 1599 209 1628 tempus
236 1586 379 1628 emergens
398 1593 514 1620 \Viclelii
544 1594 671 1626 haeresis,
701 1594 727 1620 in
754 1595 888 1621 Joannem

99 1639 200 1667 deinde
221 1639 287 1672 llus,
301 1639 465 1671 Lutherum,
495 1640 637 1667 Calvinum
657 1640 777 1674 aliosque
792 1648 891 1675 propa-

99 1693 171 1724 gata.
186 1688 309 1722 Denique
321 1688 394 1715 circa
406 1688 476 1714 idem
496 1692 603 1723 tempus
619 1689 723 1716 semina
740 1693 803 1717 sunt
817 1689 890 1722 jacta

101 1735 172 1770 longi
187 1734 344 1769 schismatis
361 1739 422 1768 post
436 1734 539 1761 obitum
554 1734 677 1769 Gregorii
695 1734 729 1762 Xl
742 1743 788 1769 per
803 1743 891 1762 artrtos

101 1789 184 1815 supra
204 1781 345 1815 sexaginta
372 1781 502 1807 [tentante
518 1781 591 1806 sedis
614 1782 816 1812 auctoritatem,
837 1789 890 1815 qua

101 1831 216 1854 eatenus
242 1825 436 1852 ecclesiasticae
467 1825 632 1852 rnonarcltiae
660 1826 733 1852 salus
761 1831 889 1858 steterat,

101 1871 334 1908 perniciosissimo
350 1871 550 1898 labefactaturi.
572 1870 632 1897 llaac
653 1871 733 1897 simul
759 1872 808 1898 tria
822 1872 891 1898 mala

101 1918 248 1945 ntillesimo
271 1921 395 1945 vertente
422 1921 484 1952 post
503 1925 596 1951 pacem
613 1925 627 1943 a
653 1917 833 1945 Constantino
844 1918 891 1944 da-

101 1970 155 1991 tam
172 1971 246 1991 anno
260 1963 423 1995 exorientia,
440 1963 576 1990 solutione
594 1963 670 1997 pritts
687 1962 759 1998 ligati
785 1962 892 1990 Satanae

100 2019 115 2037 a
131 2014 227 2037 sancto
238 2015 300 2037 vate
311 2010 501 2045 designantur.
514 2009 540 2036 ld
556 2017 630 2041 vero,
643 2010 713 2044 quod
724 2010 756 2035 ad
771 2016 890 2036 nostram

100 2056 214 2091 proprie
243 2063 299 2082 rem
329 2055 438 2086 attinet,
456 2056 588 2082 astruitur
605 2064 637 2082 ex
666 2064 699 2083 eo
719 2056 789 2090 quod
811 2056 891 2083 Turci

101 2102 267 2130 Ottornanici
278 2102 312 2129 ab
327 2102 456 2129 omnibus
470 2102 606 2130 habentur
619 2102 733 2137 originis
746 2102 891 2137 Scythicae.

100 2150 210 2185 Scythae
222 2153 312 2176 autem
336 2155 368 2175 ex
381 2147 476 2184 Magog
492 2149 613 2176 secundo
635 2148 690 2176 lilio
704 2147 812 2183 Japheti
834 2157 892 2176 mc-

101 2200 208 2227 rnorato
219 2195 288 2222 Gen.
305 2203 330 2225 x.
348 2195 376 2227 ὃ,
393 2194 534 2230 propagati
549 2195 620 2222 haud
633 2195 716 2222 dubie
731 2195 891 2222 creduntur.

102 2243 175 2270 ldern
202 2248 284 2276 porro
308 2241 402 2276 Magog
420 2240 477 2276 Cog
489 2249 597 2276 quoque
614 2241 703 2268 dictus
725 2248 774 2276 per
790 2249 891 2275 apoco-

102 2297 167 2324 pen.
194 2291 327 2323 occupata
358 2287 472 2315 coloniis
495 2287 593 2323 Lydia,
621 2287 708 2323 Gyges
735 2287 891 2315 Graecorum

101 2335 201 2363 litteris
221 2334 376 2369 appellatus
400 2333 494 2361 fuerit.
512 2335 582 2361 Hine
598 2334 713 2366 Plinius,
729 2334 747 2361 l.
768 2343 794 2367 ν,
809 2343 833 2362 c.
847 2335 892 2366 Ξῖ),

102 2381 269 2416 Hierapolim
289 2381 374 2416 Syrize
399 2380 499 2408 dictam
525 2388 539 2407 ξι
569 2379 642 2415 Syris
658 2380 750 2415 Mogog
767 2385 892 2411 testatur,

101 2429 232 2455 nimirum
251 2427 380 2462 quoniam
393 2435 425 2454 ea
441 2427 549 2458 civitas,
574 2430 603 2454 ut
614 2427 693 2454 docet
714 2427 850 2454 Lucianus
866 2426 894 2453 li-

103 2475 152 2502 bro
171 2474 209 2501 De
234 2475 282 2501 dea
305 2474 397 2508 Syria,
427 2481 441 2500 a
469 2473 635 2500 Deucalione
667 2472 821 2500 Promethei
837 2472 894 2499 sitc

104 2521 206 2557 Magogi
223 2525 270 2548 aut
284 2521 352 2555 ῦυεί
371 2521 436 2552 lilio,
460 2519 622 2556 Scytharum
639 2524 762 2552 auctore,
777 2521 810 2547 sit
829 2528 895 2547 con-

103 2567 170 2595 dita.
188 2567 254 2598 Qua:
270 2566 312 2593 his
326 2566 450 2602 adiungit
465 2565 586 2593 Joannes
601 2566 634 2592 de
648 2567 715 2593 actis
729 2566 785 2600 ϐας
800 2571 826 2592 t-t
844 2567 895 2593 Ma-

103 2621 154 2649 gog
169 2621 292 2648 magnam
311 2613 411 2639 habent
423 2620 485 2640 eum
500 2614 618 2640 narratis
631 2613 665 2640 de
679 2613 761 2648 gestis
774 2614 895 2640 011011111-

104 2659 229 2686 nieorum
258 2658 412 2693 principum
446 2659 663 2686 similitudinem.
699 2659 821 2686 l’ritnum
855 2661 894 2686 ait

105 2706 297 2740 congregandos
311 2705 350 2744 Vin
380 2707 499 2740 prwlium
515 2726 522 2735 ,
549 2715 660 2741 quarunt
680 2714 804 2733 nunterus
827 2707 892 2733 sicut

102 2759 192 2778 arente
204 2751 296 2780 maris.
312 2759 418 2778 morutn
433 2752 548 2779 istorum
564 2752 682 2779 innueus
698 2751 893 2779 numerosissi-

103 2805 162 2824 mos
183 2797 306 2824 arrnattdi
321 2799 469 2826 exercitus.
492 2799 574 2826 Addit
593 2804 617 2825 et
633 2799 805 2826 ascenderunt
816 2806 894 2831 super

102 2844 271 2870 latitudinem
293 2849 381 2871 terrtv.
411 2846 515 2878 Europa
542 2845 655 2880 originis
669 2845 768 2872 (ἕτερον
792 2851 892 2871 nomen

103 2894 143 2918 ut
161 2898 193 2917 ex
212 2889 290 2925 εὗρος
321 2889 430 2919 latitudo
447 2897 474 2919 et
502 2891 546 2924 51,2,
565 2892 630 2924 ὀπός
647 2897 716 2920 terra
733 2900 741 2919 :
758 2899 820 2918 nam
842 2890 893 2917 hoc

937 262 1023 284 mater
1044 263 1151 291 magna,
1169 254 1240 289 apud
1268 258 1375 281 veteres
1394 251 1530 280 videmus.
1545 248 1623 277 Unde
1637 249 1726 281 inopes

936 304 1081 332 defunctos
1096 302 1256 336 insepultos,
1270 301 1317 335 qui
1331 305 1404 327 terra
1429 301 1534 330 carent,
1553 295 1683 332 Virgilius
1699 295 1726 321 in

936 359 962 377 vt
978 350 1042 377 .En.
1060 353 1140 376 vocat
1157 348 1202 375 illo
1218 355 1298 375 versu
1316 355 1323 373 :

939 417 1002 443 "rec
1025 417 1108 442 outnis
1126 423 1205 450 quam
1229 413 1313 440 cernis
1336 413 1411 446 inops
1433 406 1726 479 inhumataquettttlrba

1642 450 1689 474 es;

1642 450 1689 474 est;

936 524 963 548 et.
977 519 1113 546 Ausonius
1127 519 1154 544 irt
1180 517 1293 544 Masrlla
1306 516 1340 543 de
1353 515 1463 542 ossibus
1485 511 1682 546 insepultorum
1699 511 1726 537 in

936 565 1023 600 campi
1043 563 1349 599 superﬁciejacentium
1365 571 1373 589 :

935 612 1019 647 834
1034 611 1187 646 ΙηῘΙειιΡηιιε
1200 610 1290 644 jaceat
1319 610 1409 642 inopes
1431 616 1509 642 super
1524 615 1586 634 arva
1606 610 1727 633 catervas.

937 657 1021 693 Igitur
1045 657 1177 683 transitus
1205 654 1444 682 Ottontauidarum
1474 654 1502 680 in
1529 653 1663 686 Europam
1684 649 1728 677 his

937 703 1026 730 verbis
1044 702 1178 729 innuitur.
1197 700 1221 727 Is
1235 700 1351 735 primum
1371 698 1520 733 contigisse
1536 697 1570 724 ab
1593 695 1729 722 Arabibus

937 749 1054 778 traditur
1066 755 1138 774 anno
1155 746 1259 780 Hegirze
1275 745 1338 777 758,
1361 744 1407 779 qui
1422 751 1493 778 perte
1509 748 1586 770 totus
1599 741 1727 770 eo'urcidil

937 803 999 823 cum
1020 802 1093 820 anno
1113 792 1215 819 Chri~ti
1232 791 1314 820 1557,
1329 790 1432 824 quippe
1449 797 1511 816 cum
1527 788 1642 822 creperit
1657 795 1671 814 a
1684 787 1728 814 die

938 841 973 868 2:”)
989 839 1147 866 Decembris
1164 838 1228 865 anni
1247 837 1348 863 Christi
1367 836 1445 863 1556.
1461 836 1538 862 Τ11110
1554 834 1627 861 enim
1651 834 1728 868 jussu

901 884 922 913 Β
939 886 1072 915 Urchanis
1096 886 1167 912 ﬁlius
1183 884 1266 918 hujus
1286 883 1438 910 Solimanes
1463 881 1586 908 connexis
1611 880 1729 906 trabibus

938 933 1026 967 copias
1054 932 1080 958 in
1106 931 1235 959 (.‘rn'ciam
1253 929 1371 964 trajecit,
1387 934 1411 955 ct
1438 936 1508 954 anno
1527 927 1644 962 sequenti
1661 926 1729 960 cepit

937 979 1027 1005 urbem
1042 977 1205 1010 Callipolim.
1227 975 1314 1002 \‘erba
1334 979 1398 1002 sunt
1415 973 1618 1001 eontinuatoris
1644 972 1729 999 Abul-

938 1024 1096 1059 pbaragiani
1111 1021 1253 1049 Chronici.
1270 1021 1346 1054 Quod
1361 1026 1450 1047 atttem
1468 1027 1501 1046 ex
1519 1019 1582 1045 Asia
1599 1014 1729 1044 in'Euro-

938 1078 1011 1105 pain,
1030 1077 1126 1103 nempe
1140 1067 1400 1102 septentrionalem,
1415 1066 1447 1092 ad
1459 1065 1611 1099 Callipolim
1624 1064 1731 1090 πει-111άί

938 1116 1047 1147 dicitur,
1073 1119 1146 1142 recte
1166 1113 1283 1149 quadrat
1308 1113 1342 1140 ad
1368 1111 1521 1139 naturalem
1543 1111 1649 1138 situm:
1667 1118 1729 1137 1111111

937 1171 1002 1191 vere
1018 1162 1093 1190 Maro
1110 1161 1221 1196 scripsit
1240 1169 1247 1188 :

974 1228 1087 1255 Mundus
1098 1231 1125 1254 ut
1136 1227 1171 1253 ad
1185 1225 1318 1261 Scythiam
1339 1225 1494 1259 Ripteasqrte
1506 1224 1606 1251 arduus
1622 1229 1693 1249 arcu

974 1263 1127 1297 Consurgit,
1142 1266 1194 1288 etc.

939 1329 1032 1365 Pergit
1047 1329 1090 1364 [Ρ.
1108 1328 1174 1363 605]
1204 1335 1282 1354 sacer
1303 1331 1378 1354 vates
1404 1326 1557 1362 adiungens
1583 1325 1617 1353 de
1630 1324 1686 1360 Gog
1704 1330 1732 1352 et

940 1375 1044 1410 Magog.
1062 1375 1114 1401 hoc
1126 1378 1168 1400 est
1183 1372 1281 1400 Turcis
1297 1372 1478 1400 Ottomanicis
1497 1381 1502 1398 :
1523 1371 1556 1398 Et
1572 1371 1731 1398 circuieram

941 1428 1032 1448 castra
1045 1424 1206 1446 sanctorum.
1222 1418 1287 1445 Voci
1302 1424 1391 1444 castra
1408 1418 1435 1444 itt
1461 1416 1612 1452 originibus
1631 1416 1732 1443 Grazcis

940 1465 1089 1498 respondet
1106 1464 1268 1499 παρεμϐολή
1288 1463 1377 1490 locqu
1390 1463 1556 1498 singularem
1572 1463 1729 1498 designans.

939 1513 996 1547 Ego
1013 1520 1060 1546 per
1075 1517 1162 1537 castra
1183 1514 1334 1536 sanctorum
1354 1513 1454 1536 terram
1481 1513 1603 1535 sanctam
1622 1513 1650 1535 et
1669 1507 1732 1534 llic—

943 1558 1103 1592 rosolymatll
1122 1555 1255 1590 intelligo.
1274 1560 1312 1581 tot
1334 1553 1554 1581 Christianorum
1578 1553 1663 1581 sacris
1686 1561 1734 1580 ex-

941 1602 1127 1639 peditionibus
1141 1606 1167 1628 et
1181 1601 1288 1628 bellicis
1306 1600 1475 1628 facinoribus
1487 1599 1627 1634 quaesitam
1643 1603 1671 1625 et
1686 1598 1733 1624 ditt

941 1657 1108 1685 possessam.
1120 1647 1196 1674 Hanc
1208 1646 1380 1674 Ottomauica
1393 1646 1514 1680 potentia
1526 1644 1665 1671 circumiit
1674 1645 1735 1670 ἐκύ-

942 1695 1055 1727 κὶωσεν,
1074 1693 1148 1720 1111110
1163 1692 1291 1727 (Egypto,
1307 1691 1370 1717 hinc
1380 1690 1443 1717 Asia
1457 1689 1637 1723 majori,indc
1653 1689 1735 1715 Plite-

942 1741 1003 1767 niee
1018 1740 1162 1774 Cyproque
1177 1737 1329 1772 occnpatis,
1347 1742 1375 1764 ut
1388 1737 1444 1771 jam
1457 1743 1491 1763 ne
1510 1735 1579 1763 adiri
1594 1735 1702 1770 quidem
1718 1743 1734 1762 a

942 1785 1055 1820 privatis
1072 1791 1153 1811 caust
1174 1783 1322 1819 religiOuis,
1333 1782 1385 1810 n'si
1401 1787 1493 1817 empto
1509 1782 1543 1809 ab
1558 1782 1625 1817 ip‘is
1642 1787 1734 1808 trans-

942 1831 1001 1861 itu,
1026 1829 1121 1864 possit.
1143 1830 1272 1856 Ultimum
1304 1827 1544 1855 Ottomanidarum
1571 1828 1677 1853 facinus
1705 1826 1734 1852 S.

942 1876 1060 1903 Joannes
1077 1876 1119 1902 his
1130 1875 1222 1902 verbis
1241 1873 1368 1907 exprimit
1384 1881 1390 1899 :
1409 1872 1443 1899 Et
1472 1873 1577 1907 cupient
1602 1873 1734 1899 civitatem

942 1921 1078 1948 dilectam.
1099 1920 1228 1953 Quantam
1249 1921 1306 1946 lucc
1328 1919 1443 1953 intelligi
1470 1918 1557 1953 possit
1583 1919 1634 1945 alia
1655 1926 1734 1952 quam

942 1967 1207 2002 Constantinopolis.
1238 1975 1252 1994 a
1271 1967 1426 1994 Multamete
1449 1966 1570 1993 secundo
1595 1974 1640 1992 an.
1668 1965 1697 1992 Cl
1709 1972 1734 1992 ι’.

946 2015 1012 2042 14ἲὶ5
1028 2019 1190 2049 expugnata,
1206 2019 1233 2041 et
1251 2013 1285 2040 ab
1298 2014 1357 2048 ejus
1376 2012 1584 2040 successoribus
1603 2013 1735 2038 hactenus

944 2070 993 2098 pro
1007 2061 1114 2096 imperii
1130 2061 1295 2087 Ottomanici
1311 2059 1440 2094 primaria
1452 2059 1516 2086 sede
1535 2059 1646 2085 habita?
1666 2057 1737 2084 Dile-

943 2113 1012 2135 ctum
1030 2111 1120 2138 vocat,
1133 2107 1197 2142 quia
1210 2114 1269 2134 eam
1282 2106 1411 2133 fundator
1426 2104 1622 2132 Constantinus
1636 2112 1689 2130 nott
1708 2108 1737 2130 ut

943 2156 1059 2192 patriam
1087 2155 1114 2181 itt
1130 2162 1183 2189 qua
1199 2157 1272 2181 esset
1288 2158 1368 2179 natus
1394 2151 1536 2182 amaverit,
1554 2150 1601 2178 sed
1618 2150 1736 2177 naturali

945 2203 999 2230 situ
1015 2207 1041 2229 ct
1068 2201 1261 2236 prmstanlibus
1276 2200 1337 2232 ejus
1352 2198 1414 2226 coeli
1432 2206 1465 2225 ac
1489 2198 1539 2224 soli
1558 2197 1669 2224 dotibus
1684 2204 1738 2231 pra:

945 2247 1052 2276 eunetis
1065 2245 1196 2279 delegerit
1218 2250 1245 2271 et
1260 2243 1398 2274 dilexerit,
1419 2242 1510 2269 sedem
1529 2241 1555 2267 in
1572 2249 1602 2268 ea
1624 2240 1737 2267 Romani

944 2293 1081 2320 collocans
1095 2289 1201 2325 imperii
1212 2293 1240 2316 ct
1256 2289 1357 2316 veteris
1376 2287 1469 2314 Roma:
1483 2286 1656 2321 splendoreut
1675 2292 1737 2312 cum

943 2348 1021 2367 novre
1038 2339 1132 2365 Romae
1147 2337 1260 2364 nomine
1271 2336 1297 2362 in
1310 2343 1368 2362 eam
1385 2333 1562 2361 transferens.
1576 2333 1614 2360 lta
1626 2337 1738 2366 utraque

945 2391 998 2414 tant
1022 2380 1131 2420 Sibylla:
1146 2390 1228 2417 quam
1246 2382 1273 2409 S.
1299 2380 1414 2408 Joannis
1439 2379 1583 2414 prophetia
1603 2378 1737 2406 excidium

944 2432 1004 2458 urbi
1044 2428 1284 2463 Constantinopoli
1316 2435 1330 2454 a
1359 2427 1446 2454 'domo
1477 2426 1650 2454 Ottomauiea
1690 2426 1738 2452 dc<

944 2475 1053 2503 nttntiat
1070 2484 1076 2501 :
1093 2475 1152 2501 hinc
1178 2481 1243 2500 vero
1267 2473 1294 2500 id
1315 2472 1359 2499 illa
1382 2472 1441 2507 plus
1471 2471 1547 2500 facit,
1578 2474 1608 2497 ut
1632 2475 1739 2504 tempt‘I

945 2521 1138 2549 iuralescent’s
1171 2519 1410 2547 Ottontanidarum
1452 2517 1583 2552 potentiae
1611 2517 1739 2544 distincte

944 2570 1050 2604 prodat.
1068 2569 1244 2596 millesimum
1256 2567 1360 2594 scilicet
1375 2573 1477 2592 attntttn
1494 2573 1509 2592 a
1526 2572 1593 2600 pace
1605 2572 1654 2599 per
1666 2563 1738 2590 Con-

945 2616 1094 2644 stantinum
1107 2614 1238 2642 Ecclesiis
1255 2614 1328 2640 data.

982 2661 1114 2695 Deinceps
1126 2660 1205 2690 nihil,
1222 2659 1332 2694 opinor,
1349 2657 1552 2693 cltrouologiczc
1566 2663 1656 2691 operae
1667 2655 1738 2682 circa

944 2705 1119 2741 Pachymeris
1151 2704 1300 2731 Historiam
1325 2707 1451 2737 superest
1473 2702 1558 2733 aliud,
1576 2701 1629 2728 nisi
1648 2705 1678 2728 ut
1697 2707 1739 2727 res

944 2752 996 2779 hac
1017 2751 1137 2778 secunda
1156 2755 1232 2785 parte
1247 2750 1273 2776 iu
1288 2757 1320 2776 ea
1336 2754 1511 2779 memoratas,
1532 2747 1604 2774 sicut
1617 2745 1644 2772 in
1656 2745 1739 2780 priori

946 2798 1071 2830 fecimus,
1094 2797 1152 2824 suis
1179 2796 1258 2823 annis
1277 2795 1432 2830 assignatas
1446 2799 1473 2821 et
1491 2799 1627 2828 expansas
1654 2792 1680 2818 in
1702 2796 1736 2818 ta-

945 2844 1036 2871 bulam
1054 2843 1149 2871 lectori
1171 2848 1378 2877 proponamus;
1405 2839 1449 2867 cui
1463 2840 1501 2867 rei
1529 2842 1740 2874 caputsequens

947 2889 1038 2922 operis
1053 2889 1179 2917 ultirnunt
1201 2886 1395 2920 impendimus.
