1951 3065
75 163 128 195 917

629 165 857 197 DESCRIPTIO
876 166 1159 198 AUGUSTEONIS.

1643 173 1698 204 918

314 328 740 396 ΓΕΩΡΓΙΟΥ
781 330 955 396 ΤΟΥ
995 327 1466 397 ΠΑΧΥΜΕΡΗ

756 451 1026 496 ΕΚΦΡΑΣΙΣ

226 546 447 634 ΤΟΥ
512 546 1418 637 ΑΥΓΟΥΣΤΕΩΝΟΣ
1471 543 1510 579 (η

240 770 728 852 GEORGII
816 774 1550 857 PACHYMEIUE

395 916 819 976 DESCRIPTIO
864 918 1389 979 AUGUSTEONIS.

572 1027 700 1059 (Banduri,
711 1027 847 1061 Imperium
861 1027 987 1061 orientale,
1002 1033 1062 1055 tom.
1073 1030 1093 1061 Ι,
1108 1036 1133 1062 p.
1151 1029 1218 1062 tu.)

113 1180 152 1208 Τδ
169 1181 215 1207 τοῦ
237 1180 304 1207 Θεοῦ
328 1181 480 1216 τέμενος,ὴ
504 1180 600 1215 Σοφία,
617 1181 730 1214 πολλαῖς
752 1181 803 1217 μὲν
818 1182 865 1208 καὶ

953 1181 1099 1216 Templum
1128 1180 1187 1214 Dei,
1205 1180 1310 1217 Saphia
1333 1181 1451 1216 dictum,
1471 1183 1557 1212 multa
1577 1185 1708 1220 variaque

78 1227 263 1258 παντοδαπαῖς
276 1228 336 1258 ταῖς
361 1227 436 1259 ἐντὸς
454 1227 590 1262 ὼράῖσται
617 1228 731 1263 χάρισι·
754 1227 867 1260 πολλαῖς

77 1274 107 1300 δέ
119 1282 152 1308 γε
167 1274 215 1301 καὶ
235 1275 293 1304 ταῖς
310 1274 386 1305 ἐκτὸς
400 1274 624 1301 κεκαλλώπισται
635 1283 643 1290 ι
657 1275 704 1301 καὶ
716 1274 819 1301 τούτων
837 1275 868 1302 τὺ

78 1320 186 1355 θαῦμα,
203 1322 328 1356 κρεῖττον
342 1320 358 1355 ἢ
374 1320 464 1354 λέγειν
474 1328 481 1336 ·
495 1320 537 1347 ὃτι
547 1322 594 1347 καὶ
610 1322 674 1356 σιγῇ
696 1320 797 1355 μᾶλλόν
809 1321 867 1348 ἐστι

79 1367 135 1397 τοῖς
163 1367 246 1402 ὁρῶσι
274 1367 328 1392 τῶν
354 1365 499 1401 θεαμάτων
524 1367 716 1402 κατατρυφᾷν,
737 1365 754 1401 ἦ
778 1366 868 1400 λόγοις

78 1411 210 1445 διεξιέναι
223 1413 257 1438 τὰ
278 1412 325 1438 καὶ
340 1412 436 1446 λόγους
451 1412 550 1443 αὐτοὺς
575 1412 786 1446 ὑπερϐαίνοντα.
801 1412 868 1439 Οὐδὲ

78 1458 133 1493 γὰρ
156 1459 230 1491 ὅιπαξ
247 1459 327 1494 μόνον
346 1459 362 1494 ἢ
379 1458 504 1494 δεύτερον
519 1459 535 1493 ἦ
552 1459 600 1484 καὶ
620 1459 779 1490 πλειστάκις
793 1459 867 1485 ἔστιν

80 1505 170 1531 ἰδόντα
186 1505 272 1531 ταῦτα
286 1504 334 1531 καὶ
351 1504 409 1539 μεθ’
426 1505 579 1540 ὑπερϐολῆς
600 1504 786 1540 θαυμάσαντα,
802 1506 869 1539 ἀγα-

79 1552 134 1586 πᾷν
150 1559 157 1564 ·
175 1550 232 1577 ἀλλ’
248 1552 309 1578 ὅσον
325 1551 357 1577 ἄν
372 1559 414 1582 τις
424 1551 471 1577 καὶ
482 1551 588 1586 βλέποι,
603 1552 703 1586 μᾶλλον
715 1551 850 1586 θαυμάζει
862 1560 868 1567 ·

78 1599 125 1625 καὶ
150 1598 214 1624 τότε
229 1599 339 1633 πρῶτον
363 1598 429 1633 ὁρᾷν
454 1598 573 1632 ἡγεῖται,
596 1598 640 1624 ὅτε
654 1598 701 1624 καὶ
726 1598 869 1633 παραστὰς

79 1645 201 1680 ἐντρυφᾷ
217 1646 273 1676 τοῖς
286 1644 430 1679 θεάμασιν,
448 1646 472 1672 sl
486 1645 533 1672 καὶ
555 1644 687 1676 πολλάκις
700 1643 753 1672 εἶδέ
774 1653 804 1671 τε
821 1645 869 1672 καὶ

78 1690 249 1726 τεθαύμακε.
273 1691 341 1726 Περὶ
355 1691 421 1725 γοῦν
445 1691 540 1718 τούτου
556 1691 634 1718 τόσον
653 1692 747 1727 ἀπέχω
767 1691 867 1726 λέγειν,

79 1737 142 1762 ὅσον
160 1737 207 1763 καὶ
231 1736 386 1771 ἄφθεγκτον
398 1737 496 1768 κάλλος
513 1737 634 1772 ἠγοῦμαι
658 1739 738 1764 τοῦτο
752 1738 799 1765 καὶ
816 1747 869 1773 μυ-

80 1783 190 1809 στικόν·
209 1783 257 1810 καὶ
272 1784 286 1809 δ
310 1783 370 1818 Θεῷ
397 1783 470 1819 μόνῳ
492 1784 602 1819 πρέπει,
631 1783 710 1811 τοῦτο
735 1784 870 1819 δευτέρως

79 1828 141 1855 κατ’
154 1829 273 1864 ἐμαυτὸν
285 1829 357 1864 ἔχειν
373 1829 503 1861 πιστεύω,
516 1830 547 1856 τὸ
560 1830 631 1856 θεῖον
643 1829 722 1856 τοῦτο
735 1830 782 1856 καὶ
798 1830 870 1866 ἱερὸν

80 1876 215 1910 σκήνωμα
227 1884 234 1892 ”
247 1876 285 1908 ὡς
300 1876 380 1911 εῑπερ
395 1877 468 1902 ἐστὶν
480 1877 509 1902 ὲν
522 1877 720 1911 inponam-cor;
734 1877 807 1908 ναοῖς
822 1885 872 1903 κα-

80 1923 182 1949 τοικεῖν
207 1922 253 1947 τδν
279 1921 357 1953 Θεὸν.
384 1922 477 1949 τοῦτον
504 1919 576 1948 εἶναι
602 1923 651 1949 καὶ
682 1922 763 1956 μόνον
789 1923 871 1949 αὑτὸν

82 1967 279 1994 ἁπάντωντῶν
304 1968 356 1994 ὑπὸ
381 1967 466 2002 ἥλιον.
488 1968 536 1994 Ὃν
560 1967 582 1994 δ’
609 1966 666 1993 ἔστι
697 1966 804 2002 βλέπειν
829 1966 872 1993 ἐπ’
897 1972 899 1974 '

81 2015 216 2050 ἀριστερᾷ
231 2014 277 2040 τὸν
289 2013 357 2040 νεὼν
372 2013 502 2040 εἰσιοῦσιν
517 2013 547 2046 ἐξ
563 2013 691 2048 ἀρμογῆς
702 2012 784 2041 λίθων
797 2014 872 2041 ῑστά-

83 2069 163 2095 μενον
181 2060 269 2092 κίονα,
282 2062 329 2087 καὶ
340 2060 385 2086 τὸν
400 2060 443 2085 ἐπ’
455 2058 537 2086 αὑτοῦ
550 2059 706 2094 ἀνδριάντα,
722 2059 873 2094 τολμητέον

80 2107 172 2134 δἰΰναι
190 2108 246 2138 τοῖς
267 2106 368 2140 λόγοις,
392 2107 439 2133 καὶ
463 2105 549 2132 ταῦτα
575 2105 809 2140 παραστῆσαι,τῷ
829 2105 867 2140 μὴ

80 2155 172 2185 ἰδόντι,
189 2153 304 2179 καθόσον
320 2150 374 2179 οἷόν
387 2161 427 2179 τε.
443 2152 520 2186 Ἔχει
535 2152 589 2188 γὰρ
604 2149 655 2179 ὧδὲ
676 2161 726 2188 πη,
742 2153 779 2184 ὡς
794 2153 808 2179 ὁ
823 2152 867 2179 λό-

80 2209 127 2235 γος
142 2199 282 2232 διέξεισιν,

117 2291 228 2320 Αὕλεὼν
242 2290 271 2323 ἐξ
288 2291 402 2325 ἀρχαίου
420 2290 459 2326 τῷ
480 2291 544 2326 θείῳ
557 2291 644 2326 τούτῳ
659 2292 711 2326 νεῷ
726 2292 869 2327 οἰκοδομή-

81 2347 149 2374 μασι
164 2337 304 2372 δημοσίοις
318 2337 548 2372 περι-τετείχισται
559 2345 567 2354 ·
585 2334 616 2364 οὗ
635 2337 716 2372 μέσον
732 2338 745 2363 ό
761 2338 868 2371 Αὐγου-

80 2385 167 2412 στεὼν
189 2384 315 2411 ἵσταται·
331 2385 379 2410 καὶ
406 2384 479 2410 ἐστιν
501 2381 587 2416 οὗτος,
602 2384 759 2418 Αὐγούστου
783 2385 870 2419 στήλη

85 2431 287 2462 ’1ουστινιανοῦ,
304 2432 343 2463 είς
361 2431 443 2466 τιμὴν
465 2431 560 2466 ἐκείνῳ
578 2431 716 2464 σταθεῖσα,
734 2431 798 2467 ἄρτι
813 2432 868 2458 τῶν

79 2479 151 2504 κατὰ
167 2478 280 2512 Περσῶν
298 2479 387 2504 πόνων
410 2477 630 2512 ὑπανακύψαντι.
650 2479 755 2513 Βάθρον
769 2479 800 2504 ὲκ
815 2478 868 2513 γῆς

116 2546 155 2580 (Il
171 2546 339 2579 ’Έκφρασις
357 2545 411 2573 τοῦ
427 2545 671 2581 Αὐγουστεῶνος.
698 2547 865 2580 Augusteum

79 2580 275 2614 amplissimum
303 2581 399 2607 atrium
420 2581 478 2612 fuit,
492 2582 638 2615 porticibus
656 2582 865 2612 circmmlutuut,

79 2625 110 2644 ac
126 2615 250 2642 vestibuli
262 2616 346 2642 vicem
361 2617 485 2649 praestitit
497 2616 598 2649 Magum
611 2617 745 2643 Eoi-iusim.
764 2616 799 2643 De
811 2617 866 2643 Au-

80 2656 212 2684 gusteone
234 2658 279 2677 seu
293 2652 326 2677 de
347 2651 472 2678 columna
496 2656 523 2678 et
543 2657 631 2678 statua
646 2653 763 2686 equestri
781 2651 864 2678 Justi-

81 2686 153 2712 uiani
183 2686 329 2722 [ominatur
353 2687 509 2722 Anonymus
530 2691 629 2722 noster
651 2687 689 2722 [in
713 2686 866 2720 Palrologia

81 2725 148 2758 Laur.
177 2720 270 2758 CXXII
287 2741 293 2751 ,
323 2726 395 2758 posti
411 2721 556 2758 Psellum];
583 2720 701 2749 Zonaras
725 2730 785 2758 pag.
808 2723 864 2753 52,

81 2754 206 2791 Zozimus
222 2756 268 2782 lib.
286 2764 317 2787 ιι,
335 2761 361 2782 et
377 2757 516 2783 Ccdrenus
529 2754 586 2791 ἰιιιί
609 2758 710 2788 subdit,
726 2754 801 2783 hanc
825 2764 872 2783 co-

81 2789 199 2816 lumnam
223 2799 255 2817 ex
269 2791 367 2823 tegulis
380 2792 458 2818 :ereis
470 2789 593 2824 Cbuh'es,
610 2799 671 2819 cum
693 2792 719 2819 in
736 2791 871 2819 seditione

84 2825 291 2852 Vlctoriatorum
301 2826 505 2860 conﬂugrasset,
519 2827 669 2854 confectam
684 2834 762 2854 esse:
777 2826 806 2853 '0
822 2835 871 2853 πε-

83 2860 110 2894 ρὶ
132 2859 214 2886 αὐτὸν
232 2860 278 2887 τὸν
294 2860 372 2888 κίονα
395 2859 499 2895 ίχαλκὺς
519 2861 602 2893 ἅπας,
619 2862 742 2896 κέραμος
761 2860 794 2896 ἦν
809 2862 868 2888 διά-

82 2903 182 2929 χρυσος
197 2895 246 2930 τὴν
264 2896 369 2922 εἴσοδον
387 2896 433 2922 τοῦ
445 2896 578 2923 παλατίου
596 2895 804 2924 Κωνσταντίνου
817 2897 862 2923 τοῦ

919 1228 994 1255 intus
1005 1231 1121 1255 ornatur
1140 1227 1367 1262 pulchritudine;
1383 1229 1479 1257 multis
1493 1229 1559 1258 item
1570 1231 1708 1260 extrinse-

919 1281 969 1301 cus
993 1274 1078 1308 i’ulget
1105 1274 1303 1302 ornamentis:
1327 1282 1389 1310 quae
1415 1275 1452 1302 ita
1479 1276 1616 1305 mirabilia
1642 1282 1708 1305 sunt

919 1324 949 1346 ut
970 1327 1084 1354 prorsus
1099 1320 1223 1347 enarrari
1245 1326 1396 1356 nequeant.
1426 1321 1522 1349 Tantis
1545 1322 1619 1350 enim
1644 1331 1707 1358 spe-

919 1364 1035 1392 ctaculis
1048 1365 1113 1392 licet
1129 1365 1222 1400 potius
1240 1373 1302 1393 cum
1317 1367 1429 1394 silentio
1454 1367 1518 1399 frui,
1539 1376 1621 1403 quam
1645 1376 1709 1396 ver-

919 1411 963 1439 bis
975 1419 1007 1438 ea
1017 1419 1170 1444 recensere,
1178 1419 1238 1447 quae
1246 1420 1354 1440 omnem
1364 1420 1521 1440 sermonem
1529 1421 1707 1449 exsuperant.

920 1458 1014 1493 Neque
1037 1459 1111 1486 enim
1129 1460 1226 1491 semel,
1245 1464 1294 1487 aut
1317 1460 1370 1492 bis,
1389 1465 1437 1487 aut
1464 1461 1569 1495 pluries
1586 1461 1645 1488 haec
1663 1461 1708 1488 vi-

920 1505 1029 1532 dentem
1044 1511 1140 1541 stupor
1153 1513 1216 1532 cum
1230 1505 1370 1540 voluptate
1389 1507 1556 1541 conjuuctus
1570 1511 1687 1540 occupat
1699 1515 1706 1539 ;

922 1552 970 1579 sed
991 1556 1095 1586 quanto
1114 1552 1201 1587 magis
1219 1552 1355 1585 intuetur,
1372 1556 1451 1579 tanto
1472 1552 1569 1587 majori
1587 1553 1708 1579 admira-

923 1597 998 1625 tione
1019 1597 1126 1632 capitur
1145 1606 1152 1624 ι
1172 1605 1204 1624 ac
1219 1597 1286 1625 licet
1310 1597 1473 1632 plerumque
1489 1597 1590 1625 viderit
1604 1602 1633 1624 et
1651 1598 1709 1624 mi—

920 1648 997 1671 ratus
1013 1643 1060 1675 sit,
1076 1649 1142 1670 tunc
1157 1651 1186 1671 se
1202 1643 1321 1678 primum
1336 1643 1430 1671 videre
1446 1648 1524 1678 putat
1538 1651 1601 1670 cum
1618 1644 1710 1670 denuo

920 1692 1055 1719 accedens
1070 1696 1110 1718 tot
1124 1691 1297 1719 mirabilibus
1313 1691 1478 1719 delectatur.
1496 1691 1533 1719 De
1550 1691 1598 1719 illo
1614 1697 1708 1726 itaque

920 1739 1057 1767 disserere
1080 1746 1114 1766 eo
1140 1738 1228 1773 magis
1245 1738 1382 1770 abstineo,
1398 1738 1471 1772 quod
1489 1738 1706 1765 inenarrabilem

921 1790 988 1821 puto
1014 1785 1142 1812 decorem
1160 1785 1236 1812 illum
1255 1785 1412 1820 mysticum,
1435 1784 1483 1819 qui
1500 1785 1548 1812 uni
1567 1785 1621 1812 Deo
1636 1792 1710 1811 com-

922 1831 992 1865 petit
1019 1839 1026 1857 :
1053 1839 1116 1857 nam
1141 1830 1265 1858 divinum
1283 1835 1311 1858 et
1327 1838 1435 1857 sacrum
1452 1830 1519 1857 illud
1546 1830 1710 1858 tabernacu-

921 1877 990 1909 lum,
1017 1878 1154 1904 secundas
1179 1877 1232 1904 hac
1258 1877 1285 1903 in
1312 1882 1390 1912 parte
1418 1876 1544 1904 obtinere
1570 1877 1708 1903 existimo.

923 1922 1001 1956 Quod
1022 1922 1043 1950 si
1063 1922 1122 1950 ﬁeri
1147 1927 1239 1958 posset
1257 1928 1286 1949 ut
1316 1923 1389 1949 Deus
1404 1923 1432 1949 in
1454 1922 1619 1950 manulactis
1641 1927 1693 1949 lem

923 1967 977 2002 plis
1005 1967 1153 1999 habitaret,
1180 1968 1231 1994 hoc
1246 1967 1304 1994 fore
1331 1973 1398 2002 puto
1424 1967 1476 1994 sub
1500 1968 1557 1994 sole
1581 1976 1665 1995 unum
1684 1969 1710 1994 in

925 2020 980 2048 quo
1004 2018 1174 2041 versaretur.
1197 2014 1337 2041 Audacius
1354 2018 1445 2041 tamen
1463 2014 1618 2040 columnam
1637 2015 1711 2042 illam

927 2068 990 2088 cum
1015 2060 1140 2094 imposita
1157 2063 1246 2087 statua
1263 2059 1423 2087 describere
1439 2061 1592 2095 aggrediar,
1607 2069 1668 2095 qua:
1682 2061 1709 2088 iu

922 2106 1056 2142 templutu
1088 2106 1257 2133 intrantibus
1285 2106 1317 2132 ad
1345 2106 1439 2132 laevam
1467 2106 1579 2137 visitur,
1611 2106 1713 2142 lapillis

922 2153 992 2180 mira
1015 2157 1073 2180 arte
1095 2153 1246 2187 compactis
1264 2152 1372 2182 vestita.
1399 2157 1429 2179 ut
1446 2153 1478 2179 iis
1499 2153 1545 2187 qui
1563 2161 1617 2179 non
1637 2153 1714 2180 vide-

925 2200 982 2227 rint
1005 2207 1054 2234 pro
1076 2199 1205 2226 facultate
1219 2199 1374 2234 depingam.
1393 2199 1431 2226 lta
1452 2207 1518 2226 vero
1540 2206 1568 2226 se
1586 2199 1669 2226 habet
1685 2205 1713 2226 ut

924 2247 969 2274 hic
984 2251 1136 2273 enarratur.

960 2291 1067 2319 Atrium
1092 2291 1175 2325 hujus
1189 2290 1278 2318 divini
1305 2291 1399 2325 templi
1417 2291 1451 2318 ab
1466 2292 1580 2326 antiquo
1597 2291 1715 2326 publicis

925 2338 1051 2365 aediliciis
1064 2338 1301 2373 circumcingitur.
1316 2338 1343 2364 in
1357 2339 1435 2374 cujus
1450 2338 1540 2366 medio
1553 2339 1714 2373 Augusteon

925 2385 1054 2419 erigitur,
1086 2384 1138 2411 hoc
1162 2388 1216 2417 est,
1242 2389 1333 2411 statua
1360 2384 1510 2411 Iustiniani
1541 2384 1657 2420 Augusti
1686 2385 1714 2411 in

924 2431 982 2466 ejus
1006 2431 1139 2458 honorem
1159 2435 1224 2457 tunc
1243 2435 1347 2462 erecta,
1373 2438 1435 2458 cum
1461 2431 1563 2458 Persici
1583 2431 1644 2458 belli
1673 2431 1714 2458 la-

924 2478 1043 2504 boribus
1060 2477 1223 2512 perfunctus
1238 2484 1367 2504 reversus
1383 2481 1425 2504 est
1441 2485 1448 2504 :
1466 2477 1543 2504 Basis
1559 2482 1650 2504 autem
1666 2485 1714 2503 co-

923 2547 1042 2580 μεγάλου
1063 2545 1195 2578 βασιλέως
1209 2545 1414 2576 ἐπικαλύπτων,
1430 2546 1492 2581 ἥτις
1512 2546 1558 2572 καὶ
1573 2546 1653 2580 μέχρι
1665 2547 1712 2572 τοῦ

921 2582 968 2608 νῦν
983 2582 1079 2615 Χαλκῆ
1099 2581 1346 2615 προσαγορεύεται.
1359 2581 1409 2608 [Εδ
1426 2587 1513 2607 uittam
1537 2589 1621 2611 0mm.
1643 2583 1711 2613 quod

920 2617 991 2643 circa
1005 2617 1154 2643 column/un
1172 2621 1220 2644 ext.
1238 2617 1327 2650 legula
1343 2617 1394 2649 fuit
1412 2618 1546 2645 inaurata,
1565 2617 1713 2650 ingressum

920 2652 1013 2684 palatii
1027 2651 1200 2679 Constaulini
1211 2650 1301 2683 Magni
1319 2652 1485 2684 imperalmia
1504 2657 1652 2683 mmet/ens.
1668 2651 1713 2685 qui

920 2695 1001 2722 usque
1012 2695 1079 2714 nunc
1092 2686 1188 2722 Qhalue
1199 2687 1358 2719 appellatur.
1368 2687 1501 2714 Caeterum
1517 2687 1584 2712 hanc
1597 2690 1712 2722 statuam

920 2728 1074 2756 equestrem
1101 2721 1246 2749 Justiuiani
1279 2723 1406 2756 graphice
1434 2723 1545 2748 omnino
1569 2721 1713 2753 descripsit

927 2755 1073 2792 Procopius
1087 2757 1132 2785 lib.
1150 2765 1157 2783 l
1173 2756 1210 2783 De
1228 2757 1315 2791 redi];
1329 2755 1393 2792 cup.
1412 2757 1455 2786 Η,
1474 2764 1504 2782 ex
1521 2763 1619 2792 coqui-1
1633 2755 1714 2788 quid-

925 2793 989 2826 quid
1013 2790 1039 2820 iu
1054 2794 1122 2819 hanc
1138 2800 1193 2819 rem
1219 2793 1320 2819 habent
1340 2790 1431 2819 caeleri
1445 2793 1600 2824 scriptores.
1615 2790 1715 2826 hausi-,-

925 2825 1000 2855 runt.
1014 2829 1079 2861 Quae,
1096 2827 1218 2861 Prompii
1243 2827 1390 2860 descriptio
1408 2835 1468 2854 cum
1484 2827 1519 2853 sit
1534 2825 1700 2861 longiuscul'}

922 2867 948 2889 et
960 2859 1080 2895 ejusdem
1091 2862 1151 2890 libri
1169 2859 1256 2889 facilis
1268 2863 1364 2897 cuique
1378 2863 1467 2897 copia,
1477 2861 1627 2889 consultoa
1638 2859 1715 2887 uol-is

921 2898 1067 2926 omittitur.
