1951 3065
234 152 286 184 919

833 157 995 188 GEORGII
1015 158 1256 188 PACHYMERE

1823 158 1888 191 920

230 210 332 237 lumnas
352 217 366 236 a
389 215 461 238 terra
482 211 618 247 exsurgit,
642 216 747 247 septem
757 221 790 240 ex
807 221 944 240 marmore
961 213 1023 240 albo

1078 215 1208 251 ὑπανέχει
1225 217 1270 242 τὸν
1291 215 1379 242 κίονα.
1398 215 1434 242 Τδ
1448 215 1476 242 δὲ
1497 215 1608 251 βάθρον,
1635 216 1769 251 κλίμακες
1787 218 1886 253 μέχρι

233 256 364 289 gradibus
380 257 517 285 instructa
531 266 538 286 :
555 259 565 293 (
578 266 671 286 verum
689 263 746 286 tres
761 259 907 286 inferiores
922 259 1024 294 gradus

234 302 335 337 injuria
352 308 508 337 temporum
529 305 557 331 in
580 309 683 332 terram
697 305 822 339 depressi
840 306 936 339 sunt;)
961 314 1024 340 gra-

233 349 284 375 dus
299 356 390 376 autem
408 349 523 378 inferius
538 350 661 383 latiores,
677 351 852 385 angustiores
873 351 1020 386 superius:

232 403 322 429 neque
342 396 376 423 ab
392 404 447 423 uno
462 397 563 428 solum,
583 396 630 424 sed
649 404 663 423 a
681 402 801 432 quatuor
816 397 961 430 lateribus,
980 405 1023 424 se-

231 442 354 468 cundum
385 443 568 478 quadranguli
595 443 711 478 ﬁguram
740 443 841 478 gradus
872 443 1021 475 habentur,

231 489 333 522 quibus
349 489 481 516 adscendi
508 494 609 524 potest,
633 490 723 516 donec
741 490 773 516 ad
790 490 900 524 planum
922 497 1022 524 perve-

231 534 351 562 niatur:
378 540 406 562 et
432 528 567 563 hactenus
593 536 705 571 quidem
727 536 840 571 planum
867 542 952 570 esset,
967 537 1022 564 nisi

231 581 382 615 quodpiam
413 582 476 609 istic
501 583 650 611 aedificium
677 591 710 610 ex
738 583 873 611 lateribus
899 588 927 609 ct
945 583 1022 610 calce

233 633 423 655 constructum
444 629 551 660 fuisset.
567 635 686 664 quatuor
702 630 893 657 columnarum
907 630 935 657 in
957 630 1023 657 toti—

232 674 294 699 dem
319 674 426 708 angulis
450 668 628 710 conspectum
645 677 805 710 praeferens.
824 676 875 703 etsi
893 683 958 702 vere
975 683 1024 704 co-

234 720 333 747 lumutc
352 729 405 747 non
430 721 495 753 sint,
519 722 565 748 sed
583 722 776 749 columnarum
795 723 913 757 specivm
933 723 1023 750 solum

231 772 434 799 reprarsentent
449 776 455 793 ε
472 775 534 794 nam
561 768 589 794 in
614 767 762 802 superﬁcie
786 770 956 795 marmorum
982 773 1024 796 ta-

231 812 303 840 bula
330 814 504 848 adaptantur,
526 823 587 849 qua;
617 815 692 843 intus
717 815 899 850 pyromachas
918 815 1023 850 lapides

233 865 402 896 conlegam;
420 865 450 888 ut
474 869 508 888 ex
528 869 593 893 uno,
618 862 665 896 qui
691 869 741 896 per
768 867 877 896 tempus
902 862 1023 889 tabulam

233 905 335 936 amisit,
361 906 487 934 ediscere
513 907 589 934 licet.
607 907 726 935 {Ediﬁcii
755 908 842 935 forma
869 908 897 934 in
920 909 1023 935 cubum

232 953 399 980 concinnata
414 957 477 986 est;
493 953 529 980 ita
543 958 584 986 ut,
596 962 629 980 ex
641 954 716 981 senis
730 954 795 981 cubi
809 954 1021 990 superﬁciebus,

231 1004 351 1034 quatuor
373 1007 388 1027 e
412 1000 547 1027 lateribus
579 1001 685 1035 posita»,
718 1001 832 1028 totidem
867 1001 1023 1036 porticibus

231 1050 377 1073 ornentur.
406 1046 476 1074 lluic
501 1046 618 1074 aedilicio
640 1048 712 1075 basis
739 1048 794 1074 alia
821 1055 856 1074 ex
882 1056 1023 1075 marmore

233 1093 298 1120 albo
311 1093 473 1127 imponitur,
491 1093 536 1120 isti
553 1093 652 1125 altera,
682 1094 746 1120 huic
772 1093 853 1121 tertia
871 1102 879 1120 :
898 1094 941 1121 his
964 1101 1025 1120 nm-

234 1140 319 1168 nibus
333 1145 432 1175 quarta
454 1139 610 1172 circularis,
626 1148 659 1167 ex
671 1140 855 1167 marmoribus
878 1140 1023 1172 confecta;

233 1189 271 1215 ita
291 1193 320 1214 ut
344 1192 401 1214 tres
420 1188 532 1221 quidem
555 1187 702 1214 latitudine
728 1187 788 1214 aliae
813 1188 874 1214 aliis
900 1187 1024 1214 minores

234 1240 263 1261 et
282 1234 458 1269 angustiores
483 1234 548 1266 sint,
576 1239 675 1269 quarta
702 1241 767 1261 vero
788 1234 814 1260 in
835 1234 969 1261 circulum
988 1234 1024 1261 sit

233 1280 397 1312 composita,
422 1284 504 1314 atque
529 1280 605 1306 basin
626 1279 730 1307 tribuat
754 1280 889 1307 columnae
904 1287 1024 1306 consen~

234 1331 353 1353 taneam.
370 1326 432 1354 istic
449 1327 580 1353 fundatur
594 1326 735 1358 columna,
749 1327 816 1353 olim
841 1327 966 1361 quidem,
994 1330 1024 1353 ut

233 1377 360 1403 narrant,
386 1372 463 1399 vario
483 1377 511 1399 et
531 1372 658 1399 Temesio
682 1380 737 1400 tere
755 1373 854 1400 vestita
874 1380 880 1404 ;
897 1373 981 1407 quod,
1000 1372 1023 1399 si

233 1418 303 1446 ﬁdes
319 1419 442 1445 narranti
460 1419 606 1450 habeatur,
622 1424 736 1454 argento
752 1427 805 1446 non
823 1419 940 1446 multum
957 1426 1024 1446 con-

233 1464 356 1491 cederet.
372 1463 452 1490 Nunc
469 1468 562 1490 autem
579 1463 651 1490 nuda
664 1464 779 1490 omnino
793 1469 896 1494 manet.
910 1468 939 1491 ut
955 1471 1018 1499 pos-

234 1510 271 1537 sit
287 1510 406 1544 quisque
429 1509 535 1544 lapides
555 1510 616 1544 ejus
644 1517 804 1543 numerare,
821 1517 853 1538 ac
869 1510 1024 1545 deprehen-

1075 262 1123 289 καὶ
1148 263 1175 294 ἐς
1189 262 1259 288 ἑπτὰ
1284 262 1420 297 βαθμίδας
1445 262 1545 297 λευκῆς
1562 262 1709 298 μαρμάρου
1733 263 1888 295 ἀνῳκοδό-

1077 318 1177 344 μηνται
1194 310 1239 343 (τὰ
1255 310 1282 336 δὲ
1295 310 1369 336 κάτω
1379 309 1435 335 τῶν
1449 308 1600 344 βαθμίδων,
1617 309 1698 344 μέχρι
1714 310 1762 336 καὶ
1777 311 1810 341 ἐς
1826 311 1886 342 τὰς

1074 357 1159 390 τρεῖς,
1184 355 1256 382 οὕτω
1271 355 1317 382 τοῦ
1333 356 1432 391 χρόνον
1457 355 1696 390 καινοτομοῦντος,
1719 357 1800 382 κάτω
1823 356 1885 390 γῆς

1075 401 1278 435 κατωρὺχαται)
1292 402 1348 427 ἀπὸ
1369 401 1484 432 πλατέος
1503 400 1550 427 τοῦ
1563 400 1640 427 κάτω
1656 401 1696 432 είς
1712 401 1812 427 στενὸν
1831 401 1885 436 λή-

1074 455 1171 480 γουσαι
1185 456 1192 462 ·
1207 447 1276 482 πλὴν
1297 448 1345 473 οὑκ
1361 447 1407 481 ἀφ’
1428 447 1487 474 ὲνδε
1509 446 1621 482 μέρους,
1639 446 1707 473 ἀλλὰ
1731 448 1883 482 πανταχό-

1075 493 1120 520 θεν
1147 494 1218 520 κατὰ
1240 495 1332 529 σχῆμα
1360 495 1549 528 τετράγωνον·
1566 495 1603 525 ὡς
1626 494 1788 521 ἀνασαίνειν
1823 495 1882 529 μὲν

1075 540 1208 572 κάτωθεν,
1224 540 1322 567 ὁπόθεν
1335 550 1377 572 τις
1390 540 1529 575 βούλοιτο⁸
1547 538 1607 566 εἶτα
1623 540 1653 566 δὲ
1675 541 1819 576 καταντᾷν
1836 541 1882 570 εἰς

1074 585 1256 620 ἀγχώμαλον·
1281 585 1332 612 κᾶν
1351 584 1385 620 ἦν
1407 586 1453 612 καὶ
1486 586 1550 612 ἰδεῖν
1577 584 1705 610 ἐπίπεδον
1728 584 1813 610 τοῦτο
1843 584 1881 610 δι’

1074 633 1145 664 ὅλου,
1164 634 1188 659 εἰ
1210 633 1246 667 μή
1266 641 1292 658 τι
1317 633 1359 658 ἐπ’
1377 632 1460 659 αὑτοῦ
1484 631 1513 664 ἐξ
1527 630 1614 665 ὀπτῆς
1633 631 1746 657 πλίνθου
1770 639 1803 657 τε
1827 632 1882 657 καὶ

1074 679 1183 706 τιτάνου
1204 678 1375 713 οἰκοδόμημα
1398 678 1614 708 κατεσκεύαστο,
1634 677 1746 712 τετράσι
1765 677 1819 711 μὲν
1837 676 1880 707 ὡς

1077 726 1142 752 ίδεῖν
1162 725 1233 752 κατὰ
1250 725 1351 759 γωνίας
1381 724 1430 755 τὰς
1452 725 1512 755 ίσας
1537 725 1608 750 κίοσι
1633 723 1828 757 συνεχόμενον,
1843 723 1877 748 οὐ

1077 772 1131 807 μὴν
1144 771 1172 798 δὲ
1189 771 1236 798 καὶ
1262 770 1351 797 κίοσιν
1371 769 1512 804 ἄντικρυς.
1529 768 1600 801 πλὴν
1617 768 1678 794 ὅσον
1706 767 1769 793 ίδεῖν
1781 775 1789 782 ·
1807 767 1876 792 ἑπι-

1076 818 1160 853 πολῆς
1189 817 1244 852 γὰρ
1273 816 1377 848 πλάκες
1403 816 1558 850 μαρμαίρων
1586 813 1784 848 έξυφασμέναι,
1804 813 1876 843 τοὺς

1075 865 1150 896 ἐντὸς
1163 864 1327 898 πυρομάχας
1341 863 1432 894 λίθους
1444 861 1676 897 συγκρύπτουσιν,
1688 859 1727 890 ὡς
1740 859 1803 885 ἔστι
1817 867 1876 893 μα-

1075 910 1132 936 θεῖν
1154 911 1186 937 Ex
1210 910 1286 944 μιᾶς,
1313 908 1504 942 ἀποϐαλούσης
1524 906 1564 942 τῷ
1582 907 1670 942 χρόνῳ
1686 906 1736 939 τὴν
1755 905 1853 932 πλάκα
1865 913 1872 919 ·

1075 958 1122 983 καὶ
1139 956 1169 983 τὸ
1185 955 1233 982 τοῦ
1260 955 1480 990 οἰκοδομήματος
1493 953 1586 988 σχῆμα
1608 953 1647 982 εις
1663 952 1747 978 κὺὃον
1766 952 1875 979 ἀποτε-

1074 1004 1229 1038 τόρνευται,
1245 1002 1298 1029 τῶν
1311 1001 1341 1034 ἓξ
1354 1000 1493 1027 ἐπιπέδων
1504 999 1538 1026 τὰ
1552 1000 1623 1026 κατὰ
1634 998 1664 1025 τὺ
1677 998 1794 1031 πλάγιον
1809 997 1875 1023 τέτ-

1075 1058 1145 1083 ταρα
1166 1050 1257 1080 στοαῖς
1274 1044 1527 1082 καλλυνομένωνθ)
1544 1044 1686 1078 τέσσαρσιέ
1703 1043 1828 1070 ’Ᾱνωθεν
1842 1042 1872 1068 δὲ

1075 1091 1183 1127 τούτου,
1201 1096 1281 1122 πάλιν
1300 1095 1377 1130 βάσις
1403 1094 1484 1128 ἑτέρα
1509 1091 1656 1127 μαρμάρου
1681 1090 1798 1123 λευκῆς·
1820 1090 1872 1114 καὶ

1075 1143 1153 1174 αὖθις
1169 1143 1213 1168 ἐπ’
1227 1142 1312 1175 αὐτῆς
1328 1141 1395 1174 ἄλλη
1410 1148 1417 1155 ⁸
1441 1139 1486 1174 ἐφ’
1502 1136 1535 1174 ἦς
1551 1138 1598 1166 καὶ
1613 1137 1692 1171 τρίτη
1704 1145 1711 1151 ·
1733 1137 1779 1162 καὶ
1794 1134 1870 1169 ζώνη

1075 1198 1116 1220 τις
1132 1189 1179 1214 ἐπὶ
1201 1187 1315 1218 ταύταις
1342 1187 1398 1213 ἀπὸ
1425 1184 1580 1221 μαρμάρων
1603 1183 1721 1218 τετάρτη
1735 1190 1742 1196 ·
1759 1181 1798 1212 ὡς
1820 1181 1871 1212 τὰς

1075 1237 1150 1269 τρεῖς
1166 1235 1213 1270 μὲν
1230 1234 1283 1260 ἀπὸ
1301 1233 1417 1264 πλατέος
1431 1233 1478 1258 καὶ
1493 1231 1594 1261 ταύτας
1609 1228 1754 1261 είς-στενὸν
1767 1236 1872 1254 καταν-

1075 1282 1134 1316 τᾷν,
1148 1281 1197 1314 τὴν
1212 1281 1235 1306 δ’
1249 1279 1293 1306 ἐπ’
1317 1280 1412 1310 αὑταῖς
1433 1278 1522 1313 ζώνην
1538 1276 1717 1306 κυκλοῦσθαι,
1730 1275 1777 1301 καὶ
1797 1273 1870 1300 διδό-

1076 1336 1121 1355 ναι
1137 1327 1174 1362 τῷ
1201 1326 1290 1360 στύλῳ
1314 1325 1362 1360 τὴν
1389 1325 1468 1359 βάσιν
1489 1323 1674 1358 ἁρμόζουσαν.
1696 1319 1840 1348 Ἐντεῦθεν
1857 1319 1871 1345 ὁ

1077 1373 1171 1403 στύλος
1188 1372 1398 1408 ἐπῳκοδόμηται
1411 1379 1417 1387 ι
1434 1371 1518 1396 πάλαι
1533 1370 1591 1403 μὲν,
1609 1369 1646 1399 ὼς
1663 1367 1811 1401 ἀκούομεν.
1826 1375 1872 1392 κε-

1077 1419 1252 1453 καλυμμένος
1268 1417 1383 1452 ποικίλῳ
1400 1417 1523 1451 τεμεσίῳ
1538 1415 1631 1450 χαλκῷ
1645 1423 1651 1428 ·
1668 1414 1694 1440 εί
1710 1414 1737 1440 δὲ
1757 1421 1872 1440 πιστευ-

1076 1467 1137 1494 τέον
1149 1466 1187 1501 τῷ
1203 1466 1320 1499 λέγοντι,
1334 1465 1364 1491 οὐ
1383 1464 1473 1500 πολλῷ
1496 1464 1542 1489 καὶ
1561 1462 1683 1498 ἀργύρου
1697 1461 1801 1488 δέοντι·
1821 1459 1869 1486 νῦν

1077 1513 1104 1540 δὲ
1117 1512 1220 1548 γυμνὸς
1234 1512 1266 1548 ,τὸ
1280 1511 1410 1547 παράπαν
1432 1510 1611 1545 φαινόμενος·
1627 1509 1665 1540 ὡς
1689 1506 1869 1542 ἀριθμεῖσθαι

234 1558 302 1585 dere
331 1557 520 1592 Pyromachas
544 1564 616 1587 esse.
641 1558 894 1592 commissurasque
924 1565 1024 1591 cogno-

1078 1561 1124 1586 καὶ
1139 1559 1201 1590 τοὺς
1215 1558 1304 1589 λίθους
1318 1557 1400 1584 αὑτοῦ
1416 1558 1453 1591 (5)
1468 1557 1572 1587 ὁπόσοι,
1590 1556 1637 1582 καὶ
1648 1555 1688 1582 ὅτι
1705 1554 1868 1588 πυρομάχαι

234 1611 324 1630 scere.
341 1602 485 1637 Habetque
502 1602 654 1630 circulares
667 1603 780 1630 ordines
794 1611 827 1630 ex
844 1603 933 1638 lapide
947 1604 1021 1635 albo,

233 1651 262 1677 iu
285 1649 455 1681 longitudine
468 1649 602 1675 columna:
614 1649 671 1683 pari
688 1649 839 1676 interstitio
855 1649 1021 1684 disjunctos,

235 1695 283 1729 qui
298 1695 333 1721 ad
350 1694 445 1721 decem
466 1702 583 1721 numero
599 1698 663 1721 sunt
682 1703 688 1721 :
709 1694 772 1721 hinc
789 1694 858 1721 alios
873 1694 1024 1723 circularcs

235 1742 347 1768 ordines
362 1749 395 1768 ex
409 1749 546 1767 marmore
565 1741 638 1772 albo,
655 1741 702 1768 sed
718 1741 736 1767 ii
750 1741 875 1776 contigui
890 1745 972 1774 sunt;
986 1741 1024 1768 ita

236 1793 267 1815 ut
280 1789 417 1816 secundus
434 1789 535 1823 primo.
551 1789 650 1815 tertius
663 1789 784 1815 secundo
800 1789 947 1823 impositus
964 1789 1001 1815 sit
1014 1809 1021 1819 .

238 1840 266 1863 et
285 1836 325 1862 sic
341 1836 472 1870 deinceps
497 1843 584 1870 usque
601 1836 634 1863 ad
660 1844 776 1863 nonum.
799 1834 898 1862 Verum
927 1836 944 1863 ii
970 1844 1024 1863 non

237 1882 379 1917 aequaliter
411 1882 437 1909 iu
467 1885 608 1910 structura
635 1890 664 1909 se
691 1882 805 1914 habent,
831 1883 879 1910 scd
907 1883 1023 1910 latiores

237 1929 371 1964 gradatim
388 1933 462 1961 sunt,
478 1933 507 1957 ut
530 1928 605 1955 basin
634 1929 760 1956 latiorem
782 1929 911 1963 imposito
934 1929 1024 1956 ordini

236 1979 376 2010 praestent,
398 1974 443 2009 qui
458 1974 583 2001 decimus
607 1981 706 2002 novem
728 1974 791 2003 aliis
808 1974 960 2007 incumbit;
986 1974 1022 2001 ita

237 2024 267 2048 ut
291 2028 342 2048 nec
356 2021 406 2048 ista
435 2029 498 2056 pars
516 2020 639 2056 perfecto
664 2028 781 2051 numero
804 2026 905 2048 careat.
936 2020 1026 2055 Hujus

237 2075 303 2095 vero
321 2067 421 2102 lapidis
444 2068 532 2095 forma
551 2067 658 2105 quadra
673 2071 732 2100 est;
760 2076 856 2095 verum
873 2068 900 2094 in
927 2068 1027 2095 mediis

236 2113 369 2141 lateribus
378 2113 588 2140 commissuram
603 2113 725 2145 exhibet,
741 2113 778 2140 ita
795 2119 824 2140 ut
838 2113 917 2141 line-.e
936 2113 1026 2149 frangi

237 2160 435 2190 vidcantur.ct
456 2160 584 2186 fracturae
608 2159 748 2193 lapidibus
771 2160 969 2195 obsignentur;
993 2168 1027 2187 ac

238 2213 337 2242 praeter
354 2207 415 2234 illos
440 2210 558 2236 talltum.
577 2211 650 2232 totus
676 2206 746 2240 lapis
770 2206 798 2233 iu
824 2207 944 2234 circuitu
970 2214 1027 2234 aute

239 2254 375 2288 operitur.
390 2253 431 2282 Ab
451 2253 517 2279 hinc
532 2256 624 2281 autem
640 2252 739 2279 artifex
753 2252 898 2280 aedilicium
916 2258 1026 2281 contra—
1041 2243 1067 2273 Ῑ)

240 2301 310 2328 heus
332 2299 449 2328 densum
472 2298 591 2333 lapidem
606 2298 749 2333 imposuit,
774 2299 839 2327 huic
861 2307 927 2326 vero
942 2299 1027 2327 alium

239 2346 356 2374 minoris
377 2346 592 2380 circumquaque
619 2345 783 2378 latitudinis,
801 2346 848 2381 qui
872 2354 1029 2380 congruen-

240 2398 296 2420 tcm
311 2400 383 2428 equo
396 2392 483 2419 basim
497 2391 627 2427 prmbeat:
645 2399 699 2418 non
713 2391 795 2419 modo
808 2391 882 2419 enim
899 2391 1028 2419 columna

241 2439 416 2466 latitudinem
436 2438 592 2474 expetebat.
608 2443 638 2466 ut
668 2446 729 2474 quae
755 2439 882 2473 imposita
898 2443 963 2465 sunt
979 2438 1027 2465 [1r-

240 2485 313 2512 mius
337 2484 601 2516 cousistcrent,scd
625 2484 707 2512 etiam
726 2485 870 2519 angustius
895 2491 1028 2512 cacumen

239 2531 428 2563 desiderabat,
454 2535 485 2558 ut
500 2530 642 2566 opiﬁcium
658 2531 819 2566 impositum
834 2531 924 2558 oculis
939 2530 1028 2557 unde-

239 2585 349 2612 quaque
375 2581 492 2612 pateret.
520 2578 613 2612 Equus
641 2583 733 2604 autem
760 2585 854 2604 ameus
884 2582 936 2610 ost,
958 2577 1029 2603 miro

239 2623 356 2652 artilicio
379 2623 548 2655 clabomtus,
568 2629 620 2650 nec
645 2623 745 2658 dignus
768 2622 843 2655 quia
858 2628 1028 2657 pratereun-

238 2670 315 2696 tibus
339 2669 508 2705 negligatur.
526 2668 637 2697 etiamsi
650 2669 713 2702 quis
729 2667 835 2702 pluries
858 2668 885 2695 in
899 2668 944 2695 die
960 2668 1031 2695 istac

237 2721 372 2744 transeat.
389 2716 475 2749 Quem
485 2716 508 2743 si
527 2715 698 2750 spectaveris
714 2715 790 2742 dicas
806 2723 872 2742 sane
890 2716 916 2742 in
934 2723 1026 2742 acrem

237 2769 265 2792 et
291 2769 404 2791 ventum
430 2771 542 2790 cursum
567 2762 697 2798 dirigere,
721 2767 804 2798 atque
828 2762 861 2789 ad
885 2762 1026 2791 Orientem

277 2866 316 2896 (2)
338 2864 586 2900 Καλλυνομένων.
607 2865 675 2892 Ειιίι.
693 2865 771 2896 male,
786 2864 999 2899 musmonem.

1078 1606 1188 1638 ειδέναι,
1204 1606 1251 1632 καὶ
1264 1605 1339 1635 ὅπως
1353 1604 1520 1639 ἁρμόζονται
1535 1611 1540 1617 ·
1560 1602 1629 1638 ἔχων
1653 1603 1701 1628 καὶ
1717 1600 1806 1632 ζώνας
1820 1600 1868 1634 τῆς

1079 1653 1164 1685 αὐτῆς
1180 1651 1280 1685 λευκῆς
1296 1650 1382 1682 λίθου,
1404 1650 1476 1676 κατὰ
1491 1649 1537 1675 τὸν
1563 1649 1687 1682 κάλαμον
1698 1655 1704 1662 ·
1722 1646 1792 1681 πλὴν
1808 1647 1868 1672 ὅσον

1078 1700 1108 1725 τὸ
1125 1699 1180 1725 ἴσον
1197 1699 1263 1733 πρὸς
1279 1697 1394 1731 ἀλλήλας
1412 1696 1458 1722 τοῦ
1475 1696 1655 1730 διαστήματος
1675 1694 1798 1729 ἔχουσαι,
1819 1694 1867 1728 μέ-

1080 1754 1125 1780 χρι
1149 1745 1195 1771 καὶ
1219 1743 1330 1774 δεκάδος
1355 1744 1494 1777 προΐασιν.
1515 1741 1656 1768 Ἐντεῦθεν
1682 1740 1761 1767 ἄλλαι
1786 1739 1867 1771 ζῶναι

1081 1792 1228 1827 μαρμάρου
1244 1790 1355 1825 λευκῆς,
1383 1790 1452 1815 ἀλλὰ
1483 1789 1604 1823 συνεχεῖς
1637 1784 1726 1818 αῦται,
1755 1787 1868 1820 δευτέρα

1081 1839 1126 1865 ἐπὶ
1138 1837 1244 1873 πρώτῃ,
1257 1837 1302 1863 καὶ
1318 1837 1395 1872 τρίτη
1410 1835 1455 1862 ἐπὶ
1467 1836 1591 1870 δευτέρᾳ,
1604 1833 1651 1860 καὶ
1667 1834 1777 1868 ἑφεξῆς,
1791 1833 1868 1867 ἄχρις

1081 1884 1159 1912 ἐννέα
1172 1884 1327 1918 διήκουσαι·
1344 1883 1414 1918 πλὴν
1432 1883 1481 1909 οὑκ
1499 1881 1528 1914 ἐξ
1549 1882 1607 1908 ῐσου
1623 1881 1672 1916 τὴν
1688 1879 1868 1914 ὲποικοόομὴν

1080 1931 1190 1966 ἔχουσαι
1206 1930 1304 1962 πᾶσαι,
1319 1929 1377 1955 ἀλλ’
1391 1929 1438 1956 ἐπὶ
1451 1928 1481 1955 τί,
1498 1927 1666 1961 πλατύτερον
1681 1926 1866 1960 ἀνοιγόμεναι,

1081 1977 1162 2013 βάσιν
1180 1974 1235 2003 οἷον
1258 1976 1368 2010 εὐρεῖαν
1394 1975 1433 2010 τῷ
1450 1975 1617 2009 ἐπικειμένῳ
1635 1973 1818 2008 παρέχουσαι·
1839 1972 1868 1998 τὸ

1081 2023 1103 2049 δ’
1121 2024 1195 2049 ἐστὶν
1223 2023 1269 2048 ἐπὶ
1286 2023 1344 2050 ταῖς
1370 2021 1448 2047 ἐννέα
1465 2020 1565 2052 ζώναις
1582 2021 1612 2046 τὸ
1636 2019 1759 2051 δέκατον,
1785 2018 1822 2049 ὡς
1837 2018 1868 2044 ἂν

1081 2071 1128 2096 καὶ
1142 2068 1220 2094 τοῦτο
1236 2067 1319 2102 μέρος
1333 2067 1370 2101 μὴ
1385 2067 1507 2100 στεροῖτο
1520 2066 1569 2100 τῆς
1581 2065 1628 2091 τοῦ
1642 2063 1759 2100 ἀριθμοῦ
1771 2063 1869 2089 τελειό-

1080 2124 1172 2150 τητος.
1195 2113 1231 2140 Τὸ
1253 2114 1283 2140 δὲ
1307 2113 1399 2148 σχῆμα
1422 2112 1468 2138 τοῦ
1493 2111 1567 2138 λίθου
1593 2111 1776 2145 τετράγωνον,
1803 2109 1868 2135 ἀλλὰ

1082 2162 1152 2188 κατὰ
1165 2161 1199 2187 τὰ
1214 2160 1284 2195 μέσα
1301 2159 1452 2192 συνιζάνον,
1463 2159 1500 2189 ὡς
1519 2156 1574 2184 οἷον
1590 2158 1638 2188 τὰς
1660 2156 1792 2192 γραμμὰς
1808 2157 1868 2182 κλᾶ-

1084 2208 1156 2240 σθαι,
1174 2209 1221 2234 καὶ
1235 2207 1318 2239 λίθοις
1336 2205 1516 2241 σημειοῦσθαι
1533 2208 1581 2237 τὰς
1599 2205 1720 2236 κλάσεις,
1735 2205 1782 2230 καὶ
1797 2202 1868 2235 παρὰ

1080 2255 1192 2286 τούτους
1212 2255 1260 2281 καὶ
1287 2253 1396 2288 μόνους,
1417 2252 1511 2287 χαλκῷ
1528 2253 1559 2278 τὸ
1581 2252 1636 2278 πᾶν
1661 2250 1708 2278 τοῦ
1731 2251 1805 2276 λίθου
1821 2259 1867 2276 κα-

1081 2302 1231 2329 λύπτεσθαι
1251 2301 1389 2338 γύρωθεν.
1419 2300 1561 2327 Ἐντεῦθεν
1584 2299 1663 2331 αὖθις
1689 2299 1866 2326 συστέλλωνὸ

1081 2349 1206 2384 τεχνίτης
1223 2348 1253 2374 τὺ
1277 2347 1459 2383 οίκοδόμημα,
1489 2348 1582 2382 τίθησι
1607 2347 1679 2373 λίθον
1703 2348 1803 2382 παχὺν,
1824 2350 1867 2373 καὶ

1081 2396 1125 2421 ἐπ’
1149 2395 1224 2430 αὑτῷ
1249 2394 1361 2430 ἕτερον,
1383 2394 1452 2429 πρὸς
1476 2394 1558 2421 αὑτὸν
1583 2394 1634 2429 μὲν
1661 2393 1865 2427 ἐλαττούμενον,

1082 2442 1179 2476 ἱκανὴν
1193 2441 1221 2467 δὲ
1238 2441 1317 2476 βάσιν
1332 2441 1372 2475 τῷ
1387 2441 1464 2475 ἵππῳ
1475 2441 1590 2467 διδόντα.
1608 2441 1645 2467 Οὐ
1659 2441 1740 2474 μόνον
1751 2440 1804 2474 γὰρ
1817 2440 1866 2466 ἔδει

1083 2487 1201 2518 πλάτους
1217 2488 1256 2522 τῷ
1272 2486 1371 2521 στόλῳ,
1397 2486 1546 2520 ἀσφαλείας
1564 2485 1645 2520 χάριν
1662 2486 1717 2511 τῶν
1731 2485 1867 2518 ἐπικειμέ-

1081 2543 1144 2564 νων,
1163 2533 1230 2560 ὰλλὰ
1254 2532 1390 2568 ἑτέρωθεν
1412 2534 1459 2560 καὶ
1483 2532 1652 2566 στενότητος,
1670 2531 1707 2562 ὼς
1722 2531 1755 2557 ἂν
1772 2540 1867 2556 παντα-

1082 2580 1158 2615 χόθεν
1181 2581 1307 2615 ἀρίδηλον
1361 2581 1391 2606 τὺ
1409 2580 1587 2614 ἐπικείμενον
1611 2579 1762 2613 τέχνασμα,
1781 2577 1815 2604 Τὸ
1829 2578 1865 2607 δὲ.

1082 2625 1164 2656 ἵππος
1183 2626 1241 2652 ἐστὶ
1259 2625 1387 2660 χαλκοῦς,
1397 2625 1563 2659 θαυμαστῶς
1575 2623 1622 2651 τοῦ
1637 2624 1780 2658 σχήματος
1790 2623 1865 2658 ἒχων,

1085 2673 1132 2698 καὶ
1146 2671 1246 2706 ἥκιστα
1262 2671 1435 2706 παρορᾶσθαι
1451 2672 1508 2701 τοῖς
1521 2670 1666 2706 παριοῦσιν
1687 2670 1772 2702 ᾇξιος,
1788 2670 1809 2695 εί
1824 2670 1864 2696 καὶ

1083 2717 1214 2748 πολλάκις
1233 2725 1275 2748 τις
1300 2717 1348 2752 τῆς
1366 2717 1474 2752 ἡμέρας
1498 2717 1588 2742 ἐκεῖσε
1614 2716 1767 2750 διέρχοιτο·
1787 2716 1865 2745 εῖποις

1081 2764 1114 2791 ἂν
1129 2764 1213 2792 αὑτὸν,
1225 2763 1342 2798 βλέπων,
1356 2763 1424 2798 πρὸς
1439 2763 1541 2798 ἄνεμον
1550 2762 1658 2799 τρέχειν
1672 2761 1809 2797 ὁρμῶντα,
1822 2763 1863 2788 καὶ

276 2901 314 2934 (3)
332 2900 383 2926 Ital
405 2900 474 2934 τοὺς
495 2901 599 2934 λίθους
617 2901 721 2928 αὐτοῦ.
742 2901 884 2935 l‘crperam
904 2909 929 2927 ιιι
943 2900 1024 2934 Edit..

1078 2901 1088 2926 ‘t
1103 2900 1165 2931 τοὺς
1183 2900 1273 2931 λίθους
1287 2899 1371 2935 αὐτῷ.
