1951 3065
142 125 195 160 921

691 129 920 159 DESCRIPTIO
939 130 1220 161 AUGUSTEONlS.

1715 121 1768 155 922

136 185 187 220 τῆς
205 183 273 220 πρὸς
289 184 422 221 ἀνατολὴν
438 185 585 214 ἅπτεσθαι.
601 186 696 218 Οὕτως
712 187 766 221 ἄρα
782 186 813 212 τὸ
827 187 875 221 τῆς
887 196 930 213 κε-

984 189 1062 215 ferri.
1090 189 1177 220 Caput
1195 188 1231 213 ita
1259 187 1454 213 concinnatum
1480 189 1522 212 est
1549 189 1578 211 ut
1595 183 1767 211 ferocitatem

138 231 227 266 φαλῆς
240 231 450 265 ἐσχημάτισται,
468 231 505 263 ὡς
523 232 766 268 ἀνασεσοόημένην
783 230 864 264 εἶναι,
882 235 929 261 καὶ

139 277 207 311 πρὸς
226 277 328 313 βορῤᾶν
343 279 442 313 μικρὸν
457 279 704 312 παρεγκλίνουσαν.
717 279 809 311 Οὕτως
824 280 852 306 αί
868 281 928 314 χαί-

137 332 183 350 ται
199 325 247 351 καὶ.
268 325 328 350 ὅσαι
345 324 437 359 τρίχες
451 326 483 358 τῇ
498 324 604 360 κεφαλῇ
621 325 808 360 ἐμπεφύκασι,
828 326 928 360 φυγοῦ-

142 378 187 396 σαι
203 370 233 395 τὸ
248 369 368 400 εὔθετον,
385 370 579 404 διεγείρονται,
594 371 642 397 καὶ
666 371 734 405 πρὸς
749 371 850 405 ἄνεμον
865 371 928 397 παί-

142 415 246 447 ζουσιν.
264 416 296 441 Ει
310 415 338 441 δέ
352 424 402 441 που
419 416 466 442 σὺν
482 415 566 451 ταύτῃ
591 417 640 443 καὶ
653 417 699 443 τὸν
714 417 859 451 ἀριστερὸν
875 417 927 443 τῶν

140 459 314 494 ἐμπροσθίων
331 461 396 492 ἴδοις
411 461 509 492 ποδῶν,
525 461 583 491 πῶς
600 462 669 488 κατὰ
690 462 754 494 γόνυ
768 462 927 496 κυρτοῦται,

141 506 190 532 καὶ
215 504 269 532 τῶν
291 506 379 533 ἄλλων
396 507 600 542 ὲρηρεισμένων
615 508 655 539 εις
675 508 727 541 γῆν
749 508 831 539 αὐτὸς
848 509 928 542 μόνος

140 552 275 587 ᾐώρηται,
301 553 388 583 εῐποις
402 553 435 579 ἂν
452 553 585 579 κινεῖσθαι
603 553 635 587 δὴ
655 553 701 580 xat
718 553 753 580 τὰ
776 553 878 588 ἄψυχα.
895 553 928 580 Et

142 598 170 624 δὲ
185 599 230 624 καὶ
246 598 354 634 χαλινὸν
373 599 470 633 ἔφερεν
489 600 534 625 ἐπὶ
552 600 695 634 στόματος,
711 599 749 630 ὡς
766 599 839 634 ἔχειν
854 601 930 627 είκά-

143 643 200 675 ζειν
215 643 245 669 τὸ
261 644 345 670 πάλαι
358 645 403 670 τὸν
419 644 508 678 ὀρθῶς
523 645 719 679 σκοπούμενον,
734 645 846 680 θάτερον
861 645 929 672 ὑπο-

143 691 230 716 νοοίτο
245 690 326 723 δυοῖν¹
347 690 363 725 ἢ
380 690 418 725 τῷ
437 691 534 726 ῥυτῆρι
558 691 720 726 ἀγχόμενον,
745 691 882 726 κροαίνειν
897 692 929 718 ὲκ

143 735 205 770 βίας
221 735 260 770 τῷ
273 736 442 771 ὲμπροσθίῳ,
457 737 473 771 ἦ
489 737 541 772 μὴν
555 737 706 772 ἀνιέμενον,
727 737 812 768 οὕτως
832 738 929 763 ἐπιτα-

143 782 234 817 χύνειν
253 783 287 809 τὰ
309 783 358 818 τῆς
375 783 499 817 πορείας,
519 783 556 814 ὡς
581 784 618 818 μὴ
640 783 752 817 φθάνειν
767 783 861 810 τοῦτον
880 784 930 818 τῆς

142 828 193 861 γῆς
218 828 361 860 ἅπτεσθαι,
378 829 425 855 καὶ
445 829 612 864 προφθάνειν
627 830 671 855 τὴν
693 829 815 855 δπισθεν.
835 828 929 860 Οὕτως

142 859 196 909 ἀρα
217 875 248 901 ἐκ
269 875 423 909 πνεύματός
446 859 519 906 τίνος
540 876 685 911 ὲγκαρδίου
712 876 834 911 ἐμφύτου
861 859 928 911 πρὸς
946 859 965 886 Β

139 919 189 954 τὴν
215 919 304 954 ὁρμὴν
335 920 382 946 καὶ
409 919 443 947 τὰ
471 919 570 954 στέρνα
601 920 641 955 τῷ
667 920 729 956 ζώῳ
758 921 928 955 εὐρύνονται,

141 965 179 996 ὡς
207 966 399 1000 ἐπισημαίνειν
425 967 473 992 καὶ
498 966 532 993 τὰ
557 967 703 1002 οἰδήματα.
719 967 812 999 Οὕτως
837 967 930 1002 ἀκμά-

142 1011 226 1042 ζουσα
250 1011 266 1045 ἡ
292 1011 360 1046 οὐρὰ
381 1011 504 1046 ὄπισθεν,
523 1013 552 1038 οὐ
582 1013 654 1039 κατὰ
678 1013 777 1048 τρόπον
803 1015 928 1048 κειμένη,

141 1056 200 1083 ἀλλ’
213 1053 268 1083 οἷον
282 1057 491 1092 ἀνεγηγερμένη
509 1057 540 1084 τὸ
564 1059 683 1094 πρῶτον,
703 1057 762 1086 εἶτα
779 1059 929 1095 καθιεμένη

142 1104 218 1138 παρὰ
228 1103 313 1134 πόδας
326 1105 354 1134 ὲς
366 1104 427 1138 γῆν.
443 1104 514 1139 Ὅρα
525 1105 552 1131 δὲ
565 1106 613 1132 καὶ
627 1107 673 1132 τὸν
689 1106 821 1140 ἐπιϐάτην
837 1106 930 1138 εὐθὺς,

143 1149 258 1175 ἱππότου
274 1149 397 1184 δρομέως
422 1150 518 1185 ἔχοντα
537 1150 678 1185 σχήματα,
693 1151 740 1177 καὶ
762 1152 825 1182 τοὺς
845 1151 930 1182 πόδας

143 1195 219 1230 παρὰ
237 1195 358 1230 πλευρὰν
375 1196 510 1230 ἑκατέραν
526 1195 660 1231 διέχοντα.
676 1197 707 1224 Εἰ
722 1197 749 1223 δέ
769 1205 800 1230 γε
815 1200 861 1224 καὶ
878 1198 928 1231 έμ-

143 1241 228 1270 σάδας
244 1241 426 1277 φοροίητάλλσ
442 1241 567 1272 εἰκάσαις
580 1241 613 1268 ἂν
627 1242 708 1268 αὑτὸν
722 1241 931 1276 ιπιγαννυμένῳ

142 1287 182 1321 τῷ
195 1287 271 1321 ἵππῳ
289 1289 335 1313 καὶ
353 1287 539 1322 κυδρουμένῳ,
553 1287 594 1313 ὅτι
610 1288 656 1313 καὶ
676 1287 738 1320 δίχα
753 1287 867 1321 κέντρου
883 1288 930 1313 καὶ

145 1334 257 1368 μύωπος
283 1333 383 1364 ἱκανῶς
410 1333 511 1359 ἀνυστὰ
526 1334 549 1359 οἱ
575 1333 608 1359 τὰ
631 1332 678 1359 τοῦ
695 1332 796 1368 δρόμου
820 1334 867 1358 καὶ
881 1332 930 1367 τῆς

142 1379 318 1413 προθέσεως·
341 1379 387 1405 καὶ
413 1379 499 1409 οὕτως
515 1378 696 1414 ἀτημελήτως
713 1379 744 1411 ξοί
763 1378 841 1409 πόδες
854 1378 931 1412 ἐχου-

143 1434 196 1458 σιν,
214 1425 284 1452 ὥστε
299 1426 389 1451 δοκεῖν
410 1425 506 1455 αὐτοὺς
523 1424 567 1458 ὑφ’
582 1425 673 1450 αὐτῶν
693 1424 863 1458 κρατεῖσθαι,
884 1423 930 1450 τοῦ

142 1471 293 1507 καρδιακοῦ
309 1470 482 1505 ὲξημμένους
503 1472 663 1505 κινήματος,
682 1470 766 1505 μηδὲν
781 1469 930 1504 συνεχομέ-

980 234 1121 265 exhibeat,
1152 238 1181 261 at
1204 233 1237 260 ad
1265 233 1429 267 Aquilonem
1460 238 1609 265 parumper
1636 229 1766 256 declinet.

980 279 1059 306 Iubae
1081 283 1108 305 et
1128 279 1218 306 :trines
1244 279 1327 313 capiti
1355 279 1492 305 haerentes
1518 276 1706 310 incompositi,
1734 276 1766 301 ad

980 328 1092 350 ventum
1117 323 1211 350 ludere
1235 323 1374 350 videntur.
1403 322 1480 355 Quod
1502 323 1523 349 si
1541 322 1574 348 ad
1593 322 1651 348 hzec
1669 322 1767 348 irevum

980 371 1148 398 anteriorem
1171 370 1269 404 pedem
1286 369 1475 404 conspexeris,
1498 376 1511 394 a
1533 375 1603 402 genu
1620 375 1767 394 recurvum

980 426 1012 445 ac
1031 418 1131 444 nexum
1153 417 1292 446 advertas,
1312 416 1349 442 ita
1364 420 1394 442 ut
1410 415 1473 442 aliis
1496 419 1598 441 terram
1615 414 1767 448 prementi-

981 464 1033 491 bus
1049 464 1106 498 ipse
1121 463 1197 490 solus
1215 469 1365 496 suspensus
1380 461 1416 488 sit
1434 470 1440 487 ι
1462 469 1493 487 ac
1510 464 1589 494 putes
1606 460 1688 486 etiam
1706 459 1767 484 ina-

980 510 1083 537 nimata
1111 509 1224 536 m0veri.
1244 508 1322 542 Quod
1339 508 1361 535 si
1390 515 1509 542 unquam
1538 507 1643 534 frenum
1670 507 1696 532 in
1721 513 1767 531 ore

980 555 1109 582 habuerit
1134 555 1228 590 (quod
1247 562 1313 582 sane
1336 554 1400 581 olim
1414 553 1543 580 habuisse
1561 553 1668 587 putabit
1691 552 1766 585 quis—

980 602 1043 637 quis
1065 605 1139 628 recte
1155 601 1383 635 coniectaverit),
1403 600 1567 626 alterutrum
1588 605 1653 625 sane
1677 598 1768 631 suspi-

981 646 1051 673 ceris
1063 667 1070 678 ,
1086 650 1134 672 aut
1149 645 1276 672 faucibus
1300 645 1469 671 habenarum
1486 643 1512 670 vi
1530 643 1689 671 constrictis
1706 651 1767 669 sese

980 698 1083 726 equum
1098 691 1218 727 arrigere
1229 712 1236 723 ,
1254 694 1302 717 aut
1315 690 1412 718 laxatis
1433 690 1548 717 habenis
1563 694 1617 716 tam
1633 690 1768 716 concitato

981 745 1064 765 cursu
1084 737 1161 769 ferri,
1178 743 1206 764 ut
1222 745 1272 771 pes
1291 738 1413 764 anterior
1431 741 1533 764 terram
1550 744 1603 763 non
1619 737 1768 771 contingat,

981 784 1174 818 posteriorque
1192 783 1352 818 praeveniat.
1378 783 1416 810 lta
1444 790 1557 810 veroex
1580 783 1677 816 spiritu
1702 789 1770 816 quo-

981 830 1042 856 dam
1067 830 1176 856 interno
1198 835 1226 856 et
1244 828 1362 855 naturali
1384 828 1448 862 equi
1473 833 1586 862 pectora
1607 827 1768 856 dilatantur.

981 879 1011 902 ut
1036 875 1120 902 etiatn
1148 875 1288 902 musculos
1313 875 1444 901 observes
1466 882 1473 906 ;
1497 874 1537 901 sic
1563 874 1650 901 cauda
1675 874 1769 908 vigore

981 923 1061 956 plena
1087 922 1228 953 cernitur,
1258 925 1289 948 ut
1315 928 1370 947 non
1398 921 1517 948 demissa
1546 920 1695 952 concidat;
1721 920 1769 946 scd

980 968 1057 1001 quasi
1073 972 1166 994 erecta
1183 967 1314 1001 primum,
1341 966 1441 993 deinde
1458 966 1574 993 remissa
1590 966 1623 992 ad
1642 965 1727 1000 pedes
1742 970 1770 991 et

981 1014 1015 1042 ad
1045 1019 1146 1041 terratn
1176 1014 1279 1040 efﬂuat.
1310 1013 1338 1040 ln
1364 1021 1500 1040 sessorem
1526 1020 1593 1040 vero
1622 1011 1770 1039 confestim

980 1059 1077 1086 oculos
1085 1057 1208 1093 adjicias,
1218 1058 1340 1086 cursoris
1351 1058 1454 1093 equitis
1466 1058 1582 1085 fortnam
1594 1057 1770 1089 referentem.

981 1113 1012 1132 ac
1027 1104 1112 1139 pedes
1126 1104 1159 1131 ad
1178 1108 1325 1140 utrumque
1340 1105 1412 1131 latus
1427 1105 1641 1132 distendcntem.
1656 1103 1770 1130 Etiamsi

981 1159 1048 1179 vero
1067 1151 1226 1179 calcaribus
1241 1152 1393 1179 instructus
1408 1154 1462 1185 sit;
1479 1156 1508 1179 at
1521 1151 1614 1179 statim
1639 1150 1771 1186 conjicias

981 1206 1015 1225 ex
1033 1198 1096 1232 equi
1122 1198 1265 1225 alacritate
1279 1202 1308 1225 et
1333 1198 1447 1230 ferocia.
1475 1198 1563 1232 ipsum
1579 1197 1639 1224 sine
1660 1195 1772 1223 stimulo

982 1252 1061 1279 posse
1086 1244 1260 1278 propositum
1284 1251 1396 1270 cursum
1419 1244 1564 1279 perlicere.
1580 1243 1667 1270 Pedes
1680 1247 1771 1269 autem

982 1290 1019 1317 ita
1045 1290 1216 1324 negligenter
1239 1290 1384 1324 compositi
1409 1289 1549 1321 videntur,
1578 1294 1607 1316 ut
1633 1293 1724 1315 tamen
1741 1295 1771 1315 se

982 1335 1034 1369 ipsi
1062 1335 1233 1365 contineant.
1250 1339 1277 1361 et
1303 1342 1336 1361 ex
1353 1335 1412 1369 ipso
1429 1335 1521 1362 cordis
1547 1338 1622 1360 mottt
1647 1333 1703 1368 regi
1721 1341 1774 1366 pu-

983 1386 1089 1414 tentur,
1117 1382 1191 1409 nulla
1220 1381 1353 1409 scandula
1379 1389 1429 1416 pro
1455 1388 1530 1408 more
1557 1380 1673 1408 suﬂ'ulti.
1704 1379 1771 1407 Nam

982 1435 1054 1461 equo
1074 1427 1175 1454 insidet
1194 1430 1282 1454 audax
1297 1426 1416 1462 juvenis,
1435 1431 1508 1453 lotus
1522 1426 1648 1453 sublimis
1665 1433 1696 1452 ac
1710 1432 1774 1459 pro-

983 1473 1028 1499 cul
1056 1473 1222 1507 inspectanti
1243 1472 1344 1499 similis
1365 1481 1371 1498 :
1390 1472 1432 1498 vir
1455 1479 1531 1502 sane,
1555 1471 1601 1498 sed
1624 1470 1769 1500 imberbis,

141 1527 204 1550 νους
226 1519 255 1550 ἔξ
270 1518 425 1552 ὲφεστρίδος
450 1517 521 1543 κατὰ
546 1517 576 1543 τὸ
601 1517 727 1551 σύνηθες.
751 1516 930 1550 Ἑπικάθηται

985 1519 1064 1553 cujus
1081 1526 1160 1546 coma
1186 1526 1201 1545 a
1224 1517 1316 1544 fronte
1342 1517 1471 1548 detonsa,
1495 1524 1565 1551 pone
1584 1524 1651 1542 vero
1668 1523 1718 1542 nec
1738 1515 1770 1541 ad

142 1565 197 1600 γὰρ
209 1564 248 1599 τῷ
261 1564 336 1599 ἵππῳ
349 1563 468 1598 θαρρῶν,
481 1563 597 1597 ἱππότης
610 1563 744 1594 νεανικὸς,
757 1563 817 1593 ὅλος
830 1563 932 1597 μετάρ-

142 1620 210 1643 σιος,
230 1612 276 1637 καὶ
293 1610 391 1641 ἐοικὼς
410 1609 521 1643 μακρὰν
538 1609 683 1644 βλέποντι·
702 1609 770 1644 ἀνὴρ
785 1609 816 1635 οὐ
833 1609 933 1644 τριχώ-

143 1666 185 1684 σει
202 1657 278 1691 φίλος
293 1656 327 1682 τὰ
345 1655 412 1690 πρὸς
426 1655 549 1689 ὑπήνην·
566 1655 617 1684 τὰς
631 1654 653 1681 δ’
667 1655 720 1681 ἀπὸ
736 1655 858 1688 κεφαλῆς
874 1655 933 1689 τρί-

141 1712 192 1739 χας
201 1705 210 1714 '
222 1702 406 1737 ἀπεθριμένος
425 1701 474 1735 μὲν
485 1701 518 1727 τὰ
531 1701 559 1732 ἐς
576 1701 702 1735 μέτωπον
713 1709 720 1716 ·
730 1700 763 1726 τὰ
776 1700 798 1726 δ’
809 1700 932 1733 ὄπισθεν,

141 1749 202 1776 οὐδὲ
227 1749 307 1783 μέχρι
324 1747 449 1782 αὐχένος,
473 1747 536 1773 ὅσον
556 1748 602 1773 καὶ
620 1747 701 1774 αὑτὸν
716 1747 832 1781 ὁρᾶσθαι
847 1747 934 1782 κουρᾷ

141 1795 283 1831 χαίροντα.
300 1791 363 1820 Οἶον
385 1794 413 1819 δὲ
434 1794 481 1819 καὶ
500 1793 531 1819 τὸ
556 1793 602 1819 ἐπὶ
628 1793 749 1828 κεφαλῆς
765 1793 875 1828 κράνος,
895 1793 933 1824 ὡς

143 1842 227 1876 μηδὲν
253 1839 464 1872 έπικαλύπτιιν,
490 1839 538 1866 καὶ.
563 1839 613 1874 τὴν
639 1839 776 1874 φοροῦντα
809 1840 932 1874 κοσμεῖν.

141 1887 210 1915 Οὐδὲ
225 1888 281 1921 γὰρ
311 1885 383 1912 κατὰ
410 1886 513 1917 πλάτος
533 1885 690 1911 ἐπίκειται⁸
709 1885 770 1912 οὐδέ
801 1894 832 1919 γε
861 1885 934 1912 κατὰ

141 1933 241 1960 κύκλον
269 1932 519 1967 ἀποτετόρνευται·
535 1932 593 1958 ἀλλ’
620 1932 683 1958 ὅσον
701 1932 750 1966 μὲν
767 1931 882 1966 ,ἐγγίζει
898 1934 932 1967 τῇ

141 1978 260 2013 κεφαλῇ,
278 1977 411 2012 στέφανος
427 1975 499 2004 εἶναι
517 1977 601 2010 δοκεῖ,
619 1978 773 2013 κροτάφους
795 1979 933 2014 περιγρά-

141 2034 199 2061 ιρων
217 2025 246 2056 ἐξ
264 2024 323 2050 ἴσου
341 2024 388 2050 καὶ
411 2024 547 2059 μέτωπον.
568 2025 604 2051 Τὸ
620 2024 642 2050 δ’
659 2024 785 2051 ἐντεῦθεν
804 2025 852 2051 καί.
864 2025 931 2057 ἄνω,

141 2070 234 2105 ἡρέμα
256 2070 328 2096 κατὰ
345 2069 432 2105 μῆκος
455 2070 608 2102 ἐκτέταται,
621 2071 668 2098 καὶ
690 2071 719 2103 ἐς
736 2071 804 2098 πολὺ
820 2071 931 2106 φθάνον,

140 2117 230 2152 πτερὰ
243 2118 275 2151 τῇ
295 2117 398 2151 κεφαλῇ
417 2117 561 2151 χρυσαυγῆ
581 2117 686 2150 γίνεται
698 2126 705 2133 ·
722 2117 769 2144 καὶ
792 2117 823 2144 τὸ
838 2119 932 2153 χρῆμα

140 2166 188 2193 καὶ
205 2165 234 2196 ὲς
248 2165 297 2199 ἐμὲ
310 2162 344 2199 ἦν
356 2164 486 2198 ἀκέραιον
497 2171 505 2177 ·
520 2164 622 2198 ἀνέμου
637 2164 665 2190 δέ
680 2172 744 2190 ποτε
767 2164 932 2196 πνεύσαντος

985 1565 1086 1593 collum
1117 1572 1205 1600 usque
1231 1564 1405 1596 demittitur;
1430 1568 1459 1590 ut
1474 1563 1596 1590 :estimes
1618 1563 1693 1588 illum
1710 1567 1772 1588 ton-

984 1619 1050 1639 sura
1072 1611 1213 1638 delectari.
1230 1610 1392 1645 Cujusmodi
1414 1615 1507 1637 autem
1523 1610 1612 1644 galea,
1627 1617 1688 1644 quae
1703 1608 1771 1634 nihil

984 1657 1094 1692 obtegat
1111 1660 1139 1683 et
1156 1656 1279 1691 equitem
1294 1654 1431 1683 exornet?
1445 1659 1543 1690 meque
1557 1654 1630 1681 enim
1647 1654 1689 1680 vel
1703 1653 1773 1680 lati—

985 1703 1108 1730 tudinem
1123 1702 1243 1734 obtinet,
1262 1702 1305 1729 vel
1327 1706 1409 1736 caput
1425 1701 1631 1732 circumcludit,
1648 1700 1695 1727 sed
1720 1707 1773 1734 qua

979 1739 1067 1784 .capiti
1081 1748 1246 1776 admovetur
1263 1756 1373 1776 cornuae
1393 1748 1493 1775 similis
1514 1753 1569 1779 est,
1594 1751 1719 1781 tempora
1745 1751 1773 1773 et

984 1795 1102 1822 frontem
1128 1794 1299 1828 :equabiliter
1324 1794 1557 1821 circumscribetts
1581 1802 1587 1820 :
1611 1793 1676 1820 hinc
1706 1800 1772 1819 vero

984 1849 1102 1876 superne
1114 1841 1217 1868 sensim
1234 1840 1406 1875 longitudine
1421 1840 1591 1870 extenditur.
1614 1844 1641 1866 et
1656 1839 1772 1865 multum

984 1894 1130 1922 assurgens
1151 1887 1178 1912 in
1197 1894 1300 1921 pennas
1318 1885 1464 1913 deant-atas
1478 1894 1492 1912 a
1509 1886 1630 1912 culmine
1650 1886 1750 1912 desiuit
1765 1896 1772 1913 :

984 1941 1046 1968 qua:
1057 1933 1090 1959 ad
1107 1940 1198 1960 meum
1213 1939 1301 1966 usque
1316 1937 1424 1966 tempus
1438 1936 1552 1958 δθΐνὶὶιω
1565 1936 1629 1958 sunt
1653 1941 1660 1958 ἶ
1675 1940 1771 1958 νογιιιη

984 1979 1098 2006 reﬂante
1122 1978 1367 2005 vehementissimo
1390 1982 1472 2004 vento
1487 1977 1549 2004 diue
1572 1985 1671 2011 pennte
1686 1977 1773 2004 colla-

983 2033 1039 2060 psa:
1063 2029 1127 2051 sunt
1147 2033 1153 2051 :
1175 2032 1235 2058 qua:
1267 2028 1332 2050 tunc
1360 2023 1440 2058 longe
1461 2024 1579 2058 majores
1605 2023 1668 2049 visa:
1697 2027 1771 2054 sunt,

984 2079 1065 2106 quam
1082 2079 1143 2098 cum
1162 2075 1246 2104 caput
1268 2075 1436 2097 exornarem
1457 2074 1507 2096 :et
1522 2069 1655 2096 hactenus
1669 2069 1695 2095 in
1712 2069 1772 2096 the-

985 2126 1067 2145 sauro
1080 2117 1208 2144 Ecclesiae
1225 2117 1375 2144 reconditae
1399 2117 1539 2143 videntur.
1556 2115 1664 2150 Corpus
1681 2120 1772 2142 autent

986 2163 1125 2190 strictiore
1143 2170 1195 2189 nec
1208 2162 1349 2196 superﬂue
1363 2162 1514 2188 exundanti
1533 2163 1625 2188 tttnica
1640 2161 1774 2188 interiore

141 2211 276 2243 ἐξαισίου,
296 2211 457 2247 ῥιπτοῦνται
477 2209 525 2237 δύο
542 2211 631 2246 πτερά
644 2219 651 2226 ·
666 2211 712 2237 καὶ
738 2211 800 2237 τότε
817 2211 930 2245 μέγιστα

989 2209 1116 2241 vcstitur,
1139 2209 1249 2243 qualem
1278 2213 1386 2243 gestant
1411 2207 1520 2242 equites
1542 2207 1676 2233 cultiores
1691 2215 1697 2232 :
1714 2214 1774 2240 qua:

142 2257 232 2292 πολλῷ
252 2259 308 2289 τοῖς
335 2257 436 2293 ὁρῶσιν
465 2258 639 2293 ὲφαίνετο,ἢ
670 2257 787 2284 καθόσον
813 2259 931 2293 ὁρῶνται

140 2303 297 2337 κοσμοῦντα
309 2303 360 2337 τὴν
377 2303 500 2337 κεφαλήν
512 2311 518 2318 ·
532 2302 550 2330 ἃ
564 2303 596 2336 δὴ
607 2304 654 2330 καὶ
671 2304 698 2334 ὲς
709 2303 789 2338 δεῦρο
805 2305 881 2335 παρὰ
894 2304 933 2339 τῷ

140 2348 189 2383 τῆς
205 2348 358 2383 ἐκκλησίας
381 2349 500 2383 ταμιείῳ
515 2348 797 2384 ἁποτεθησαύρισται.
817 2349 932 2376 Ἐσταλ-

141 2404 187 2421 ται
209 2396 237 2422 δὲ
252 2397 298 2422 καὶ
323 2395 354 2421 τὸ
371 2396 461 2430 σῶμα,
479 2395 555 2427 ὲντδς
575 2396 625 2430 μὲν
645 2396 675 2422 οὐ
691 2398 806 2431 περιττῇ
820 2405 873 2423 τινι
887 2398 934 2423 καὶ

143 2442 363 2476 περιστευομένῃ
382 2442 474 2477 στολῇ,
491 2443 550 2468 ἀλλ’
564 2442 624 2468 οἵαν
649 2443 782 2478 εὐσταλὴς
802 2443 835 2469 ἂν
851 2443 934 2469 ἱππό-

142 2497 190 2522 της
204 2488 381 2523 ἀμπίσχοιτο,
399 2489 503 2515 ἄνωθεν
518 2488 578 2523 μὲν,
602 2488 681 2524 μόλις
700 2489 746 2514 καὶ
763 2490 791 2519 ἐς
810 2488 932 2523 ἀγκῶνα,

142 2533 265 2561 κάτωθεν
288 2535 328 2566 δὲ,
350 2535 414 2569 περὶ
430 2535 534 2568 γόνατα
559 2535 726 2569 φθάνουσαν.
752 2535 885 2570 Ἀνῆπται
905 2536 933 2562 δὲ

142 2579 189 2605 καὶ
204 2579 326 2613 μανδύαν
351 2579 438 2611 ἐκτὸς,
458 2580 567 2615 στολὴν,
586 2579 623 2611 ὦς
646 2589 740 2615 φησιν,
762 2581 910 2616 ’Λχίλλειον
924 2590 931 2596 ·

141 2623 157 2658 ἢ
172 2623 218 2650 καί
232 2632 294 2649 τινα
309 2623 486 2652 καλύπτουσα
501 2625 556 2652 τῶν
568 2625 671 2661 μερῶν,
685 2625 814 2652 κάκεῖθεν
829 2626 875 2653 ἐπὶ
887 2627 933 2653 τὸν

139 2668 284 2704 ἀριστερὸν
301 2666 378 2702 ὦμον
401 2670 577 2706 ἐπικειμένη,
593 2671 692 2705 φθάνει
720 2672 765 2697 καὶ
784 2672 867 2706 μέχρι
883 2673 933 2706 τῆς

139 2714 186 2740 τοῦ
211 2715 297 2742 ῐππου
319 2714 403 2748 ίξύος,
425 2716 491 2742 πολύ
507 2724 537 2742 τε
561 2717 645 2752 μέρος
660 2716 862 2751 περιλαμὸανει
878 2717 932 2743 τῶν

139 2760 263 2793 ὄπισθεν,
280 2759 330 2787 καὶ
342 2762 456 2796 περιττὴ
472 2761 663 2796 περικέχυται.
685 2762 717 2788 Al
735 2761 826 2794 μέντοι
841 2763 933 2797 χεῖρες

140 2808 178 2843 τῷ
192 2807 335 2844 ἀνδριάντι
354 2808 403 2834 οὐκ
425 2808 604 2842 ἀσχολοῦνται
621 2809 686 2844 περὶ
707 2808 751 2833 τὸν
768 2807 861 2839 ἵππον,
878 2809 933 2836 οὐδ’

140 2854 200 2880 ὅσον
216 2856 262 2881 καὶ
278 2852 380 2880 ἰθύνειν
395 2855 548 2890 ίππηλᾰιτου
566 2855 664 2888 τρόπον
678 2855 766 2881 δοκεῖν
777 2864 783 2870 ·
802 2856 868 2883 ἀλλὰ
883 2856 932 2891 τήν

986 2263 1106 2290 superne
1121 2255 1164 2281 vix
1178 2255 1302 2281 cubitum
1321 2254 1442 2288 attingit,
1462 2254 1531 2280 infra
1553 2261 1617 2280 vero
1632 2254 1664 2280 ad
1685 2261 1773 2288 genua

985 2301 1156 2329 extenditur.
1185 2300 1313 2328 Exterius
1342 2304 1433 2326 autem
1462 2299 1573 2333 pallium
1602 2299 1774 2334 adjuttgitut‘.

985 2348 1059 2383 quod
1084 2347 1236 2375 Achilleam
1262 2346 1360 2374 stolam
1388 2350 1559 2380 nuncupant.
1577 2345 1616 2372 Ea
1641 2353 1704 2372 vero
1722 2346 1775 2371 aii-

986 2402 1055 2429 quas
1073 2394 1199 2428 corporis
1215 2399 1306 2429 partes
1331 2393 1476 2427 obtegens,
1501 2397 1583 2426 atque
1607 2392 1671 2419 hinc
1687 2392 1714 2418 in
1730 2392 1775 2419 la:-

986 2449 1052 2467 vnm
1077 2440 1223 2467 bumerutn
1249 2441 1376 2472 collecta,
1402 2448 1489 2474 usque
1514 2439 1548 2466 ad
1574 2439 1683 2466 lumbos
1708 2440 1772 2472 equi

986 2487 1128 2521 pertingit,
1149 2491 1177 2514 et
1201 2494 1326 2521 magnam
1353 2486 1538 2520 posteriorum
1562 2491 1666 2521 partetn
1691 2493 1774 2513 occu—

986 2541 1054 2568 pans
1071 2533 1144 2567 large
1162 2532 1270 2559 difﬂuit.
1299 2531 1396 2559 Manus
1422 2540 1489 2559 vero
1513 2537 1612 2559 statuze
1640 2540 1694 2558 non
1719 2536 1774 2558 tra-

986 2579 1087 2606 ctando
1111 2586 1143 2606 ac
1167 2578 1321 2612 dirigendo,
1339 2585 1479 2604 scssorutn
1498 2585 1583 2608 more,
1601 2585 1673 2612 equo
1689 2585 1773 2603 occu-

985 2631 1086 2660 pantur
1096 2633 1103 2658 ;
1113 2625 1160 2652 sed
1172 2625 1296 2652 dextram
1320 2624 1433 2658 quidem
1447 2624 1540 2658 erigit.
1552 2624 1631 2658 quasi
1646 2622 1772 2649 martiali

984 2672 1102 2707 quodam
1133 2678 1323 2706 generosaque
1354 2678 1436 2697 sensu
1467 2674 1496 2697 et
1523 2670 1616 2696 animo
1646 2668 1773 2695 hostibus

985 2718 1102 2753 gratiicr
1129 2718 1336 2744 iutcrminctur.
1355 2717 1458 2743 Verum
1483 2723 1536 2742 non
1551 2722 1584 2742 ex
1600 2715 1720 2741 amentia
1743 2717 1772 2741 ct

986 2765 1081 2791 insana
1107 2763 1221 2790 audacia
1244 2762 1374 2798 quadam,
1395 2767 1424 2788 ut
1446 2761 1582 2796 quispiam
1609 2760 1770 2787 arbitretur.

985 2810 1052 2837 Nam
1074 2811 1139 2837 hera
1164 2817 1261 2836 manus
1277 2809 1341 2836 huic
1365 2808 1488 2835 oecurrit
1502 2807 1668 2842 suspicioni,
1689 2814 1771 2841 atque

987 2856 1075 2884 virum
1099 2857 1132 2884 ab
1155 2864 1186 2884 ca
1208 2856 1287 2890 plane
1310 2853 1434 2882 defendit
1451 2857 1478 2881 et
1498 2859 1602 2882 tuetur.
1627 2853 1771 2888 Siquidem
