1951 3065
70 145 123 178 925

501 147 551 177 DE
573 146 834 177 PROCESSIONE
874 147 1057 177 SPlRlTUS
1078 148 1225 178 SANCTI.

1653 146 1707 176 9‘26

65 207 95 235 δὲ
118 206 218 241 ἔθεμεν
238 205 384 239 πρότερον.
406 204 436 230 Et
456 202 502 231 οῦν
529 212 571 237 τις
601 204 668 240 φαίη
685 204 728 231 διὰ
746 205 773 232 τί
790 214 856 231 καυ-
873 226 878 237 Α

931 204 986 231 rius
1014 205 1202 238 supponimus.
1240 203 1268 230 Si
1299 203 1362 238 quis
1407 202 1499 238 itaque
1533 203 1706 237 interroget.

69 253 164 280 στικόν
179 252 238 279 ἐστι
252 252 283 278 τὸ
299 251 355 286 πῦρ
372 251 546 283 καυστικῶς;
564 251 595 278 οὗ
619 251 700 278 καλὸν
713 251 864 285 ἀπολογεῖ-

70 301 149 332 σίλαι,
168 299 236 325 διότι
261 297 334 324 καίει
355 297 384 323 τὸ
404 297 493 331 ξύλον.
520 297 673 332 Ἐνδέχεται
689 298 744 333 γὰρ
761 298 809 324 καὶ
825 296 863 333 μὴ

68 345 159 372 καίειν
180 345 211 371 τδ
227 344 305 377 ξύλον
320 344 351 370 τὸ
373 343 438 378 πῦρ,
458 343 520 378 μηδ’
537 344 660 379 ἐνεργεῖν
673 344 734 379 ἔχον
748 344 798 380 τὴν
814 352 865 378 φυ-

70 391 151 424 σικὴν
166 391 292 425 δύναμιν.
308 390 410 422 Διττῶς
428 390 494 423 γοῦν
511 390 668 425 ἁμαρτάνει
692 392 707 417 ὁ
732 390 864 426 τοιαύτην

71 439 164 465 αἰτίαν
180 437 276 468 τιθεὶς,
292 436 331 471 τῷ
347 445 377 464 τε
399 436 454 471 γὰρ
471 436 585 471 ὕστερον
603 437 695 471 λέγειν
712 437 798 463 αἴτιον
816 436 864 463 τοῦ

73 484 222 519 προτέρου,
239 483 286 509 καὶ
306 482 345 517 τῷ
359 482 389 509 τδ
403 483 579 518 ἐνδεχόμενον
596 482 633 517 μὴ
655 480 737 514 εἶναι,
752 481 798 509 τοῦ
813 490 866 516 φυ-

73 528 160 560 σικῶς
176 529 223 555 καὶ
241 528 270 562 ἐξ
298 528 424 563 ἀνάγκης
442 527 531 558 ὄντος.
562 527 592 554 Εἰ
609 527 637 554 δέ
651 536 692 559 τις
716 527 867 562 ἐρωτήσειε

73 576 118 603 διὰ
129 574 156 602 τί
169 575 241 602 καίει
257 575 289 602 τὸ
303 575 359 609 πῦρ
375 574 408 601 τὰ
426 574 510 608 ξύλας
525 574 636 608 εὔλογον
648 574 803 601 ἀποδιδόναι
818 573 868 609 τὴν

73 621 175 651 αἰτίαν,
191 621 233 647 ὄτι
251 620 398 647 καυστικόν
413 620 471 646 ἐστι
488 620 570 653 φύσει
589 619 619 646 τὸ
634 619 702 655 πῦρ.
725 619 827 646 Τούτου
839 619 869 646 δὲ

73 668 98 693 εἰ
113 667 209 702 ζητοίη
227 666 310 694 πάλιν
320 666 350 692 τὸ
366 666 463 698 αἴτιον,
475 665 516 691 ὅτι
529 665 589 697 πῶς
604 665 752 692 καυστικὸν
766 665 797 691 τὸ
811 665 867 701 πῦρ

75 714 172 748 oderat;
191 713 257 741 ἄλλο
273 721 315 745 τις
331 713 465 748 πρότερον
479 713 628 745 ὲννοήσειε,
645 713 692 739 καὶ
713 711 744 738 οὺ
762 711 803 744 τὸ,
828 712 869 739 ὅτι

76 760 150 787 καίει
168 760 203 787 τὰ
222 759 300 792 ξύλα.
322 759 408 786 Τοῦτο
430 759 485 794 γὰρ
501 758 606 794 ἐδείχθη
622 759 669 785 καὶ
684 758 806 794 ὕστερον,
822 759 871 784 καὶ

77 806 256 842 ἐνδεχόμενον
273 806 311 842 μὴ
327 806 462 841 γίνεσθαι.
486 805 549 838 Πῶς
564 804 610 832 οῦν
637 806 668 832 τὸ
686 805 724 841 μὴ
746 805 871 840 γίνεσθαι

74 853 252 888 ἐνδεχόμενον
263 872 271 885 ,
291 854 336 879 καὶ
354 853 385 880 τὸ
403 852 516 888 ὕστερον
536 852 585 879 τοῦ
603 852 694 886 φύσει.
710 853 758 879 καὶ
776 852 872 888 προτέ-

76 909 126 935 ρου
143 899 233 926 αἴτιον
248 900 282 926 ἂν
308 899 363 934 eti);
388 899 470 926 Ἀλλὰ
489 899 571 934 τυχὸν
596 899 742 926 αἰτιάσαιτ’
767 899 812 930 ἂν,
830 899 871 926 ὅτι

75 947 246 982 λεπτομερὲς
263 946 293 973 τδ
310 947 442 981 στοιχεῖον
462 947 510 973 καὶ
533 945 675 980 εὐκίνητον
701 946 792 981 φύσει.
818 946 872 972 Καὶ

75 995 119 1021 ὅτι
143 994 312 1029 διεγερτικδν
336 993 444 1020 ἔνδοθεν
468 993 537 1027 πρὸς
562 992 657 1026 ἔξαψιν
671 993 803 1026 .φυσικώς
823 994 871 1027 τῆς

77 1040 177 1078 ῥώμης
193 1041 326 1076 ὠκύτητι,
349 1039 397 1066 καὶ
411 1039 451 1074 τῷ
475 1039 650 1074 λεπτομερεῖ,
670 1039 717 1066 καὶ
733 1039 872 1074 δραστικῷ

76 1087 128 1121 τῆς
145 1086 268 1120 φύσεως,
295 1086 342 1112 καὶ
360 1084 465 1112 τοιαῦθ’
478 1085 572 1120 ἕτερα.
592 1084 672 1111 Οὕτω
689 1084 736 1112 καὶ
760 1084 807 1111 ἐπὶ
826 1083 872 1111 τοῦ

77 1132 264 1168 προκειμένου
292 1131 451 1167 ζητήματος
486 1131 624 1166 ὲννοήσειέ
655 1140 698 1163 τις
732 1131 873 1166 τολμήσας

78 1178 174 1214 μικρῷ
188 1179 261 1213 λόγῳ
276 1178 310 1204 τὰ
332 1178 439 1212 μεγάλα
456 1178 643 1213 σταθμᾶσθαι.
660 1178 693 1205 Et
715 1178 768 1212 γὰρ
785 1178 872 1213 ὑπερ-

76 1226 185 1262 χρόνως
204 1225 253 1260 μὲν
268 1225 380 1259 Πνεῦμα
396 1224 461 1251 Υίοῦ
485 1224 515 1251 τὺ
541 1225 654 1258 Πνεῦμα
669 1225 699 1250 τὸ
722 1224 812 1258 ἅγιον,
827 1225 874 1250 καὶ

77 1273 137 1298 ἐστι
148 1280 190 1303 τε,
209 1272 257 1298 καὶ
270 1271 397 1305 λέγεται,
411 1270 513 1296 δίδοται
526 1269 554 1296 δὲ
566 1270 704 1305 ὲγχρόνως
716 1271 774 1302 τοῖς
788 1269 874 1302 ἀξίοις

78 1318 157 1353 παρὰ
168 1317 217 1344 τοῦ
232 1317 298 1344 Υίοῦ
314 1317 360 1343 καὶ
375 1318 536 1352 χορηγεῐται
548 1317 579 1343 τὸ
594 1317 718 1351 Πνεῦμα,
732 1317 876 1352 ὁμολογού-

81 1373 165 1399 μενον
182 1363 378 1398 ἀναμφιὸὀλως
406 1362 501 1396 παντὶ,
526 1363 564 1394 ὡς
587 1362 618 1389 τὸ
635 1363 804 1398 ὑπέρχρονον
827 1363 875 1390 τοῦ

79 1411 214 1447 ὲγχρόνου
231 1411 376 1445 πρότερον,
398 1410 445 1436 καὶ
461 1410 490 1435 τὸ
511 1409 593 1444 φύσει
609 1409 659 1444 τῆς
676 1410 827 1444 ἐνεργείας.
844 1411 876 1437 Εἰ

79 1459 147 1492 γοῦν
173 1466 216 1489 τις
241 1457 346 1492 ζητοίη,
369 1456 413 1483 διὰ
440 1456 466 1483 τί
483 1457 643 1491 χορηγεῖται
661 1458 718 1488 τοῖς
736 1457 822 1490 ἀξίοις
846 1457 877 1484 τὺ

81 1506 199 1539 Πνεῦμα
216 1505 294 1541 παρὰ
304 1504 353 1531 τοῦ
367 1504 450 1536 Υἱοῦ;
466 1503 578 1538 εὔλογος
592 1505 608 1539 ἡ
622 1504 787 1538 ἀπάντησις,
803 1504 876 1530 Διότι

915 257 999 286 quare
1017 250 1086 284 ignis
1106 250 1233 277 facultate
1251 250 1300 276 sibi
1318 250 1409 276 innata
1429 249 1545 276 adurat?
1566 256 1620 276 non
1637 257 1710 276 recte

916 297 977 331 quis
1002 296 1191 330 responderet,
1214 295 1287 330 quod
1314 295 1412 331 lignum
1436 295 1546 322 adurit:
1563 295 1620 322 fieri
1637 296 1710 322 enim

918 347 1018 377 potest,
1037 347 1066 369 ut
1084 342 1155 376 ignis
1175 341 1276 375 lignum
1293 349 1346 368 non
1363 342 1469 374 adurat,
1488 349 1538 368 nec
1554 347 1627 377 agat,
1647 341 1710 368 licet

918 388 1073 415 facultatem
1092 388 1241 415 naturaletn
1257 387 1283 414 id
1299 387 1398 414 habeat
1414 388 1521 422 agendi.
1550 387 1583 414 Et.
1597 387 1712 421 duplici-

919 440 960 463 ter
974 440 1078 469 peccat,
1091 435 1136 469 qtti
1151 434 1306 470 pradictarn
1319 441 1430 460 causam
1445 434 1568 467 assignat
1582 441 1590 460 :
1604 433 1712 467 etquod

918 481 1054 516 posterius
1067 488 1178 507 causam
1190 480 1294 507 diceret
1305 479 1464 510 anterioris.
1477 484 1514 510 et,
1528 479 1598 513 quod
1613 486 1666 506 non
1679 479 1712 505 sit

919 528 946 555 id
968 527 1041 562 quod
1060 527 1119 554 ﬁeri
1143 531 1245 562 potest,
1263 526 1335 553 illius
1353 526 1425 560 quod
1445 526 1604 552 naturaliter
1618 530 1712 562 etne-

919 561 1039 601 cessario
1055 578 1107 600 est.
1125 561 1229 606 Siquis
1256 578 1321 599 vero
1341 571 1504 606 postularit,
1531 578 1616 604 quare
1644 561 1715 604 ignis

920 620 1019 648 adurat
1037 618 1130 655 ligna?
1155 619 1296 653 responsio
1319 626 1367 645 nec
1395 619 1497 645 absona
1524 617 1625 650 fuerit,
1642 617 1715 652 quod

921 673 1018 695 natura
1034 674 1082 693 sua
1098 666 1169 701 ignis
1183 665 1282 692 adurit.
1299 664 1415 699 Hujusce
1429 668 1532 695 autem,
1547 663 1569 690 si
1584 663 1645 697 quis
1659 670 1717 689 rur—

921 722 980 742 sum
997 720 1106 741 causam
1124 712 1278 740 sciscitatus
1292 711 1385 743 fuerit,
1401 711 1539 745 quomodo
1553 710 1623 745 ignis
1639 714 1718 736 natu-

922 768 952 788 ra
969 767 1017 787 sua
1034 759 1152 786 adurat?
1166 758 1238 785 aliud
1252 757 1391 792 quidpiam
1405 757 1494 791 potius
1507 757 1568 791 quis
1580 755 1718 790 excogita-

922 807 1004 839 verit,
1019 810 1112 833 etnon
1129 805 1192 835 hoc,
1207 806 1277 839 quod
1296 804 1367 837 ligna
1382 805 1489 830 adurat.
1507 802 1565 830 Hoc
1583 802 1669 834 enim,
1689 806 1719 828 ut

923 851 1103 882 ostendimus,
1116 850 1252 884 posterius
1262 855 1303 876 eSt
1314 853 1340 876 et
1352 853 1440 882 potest
1456 847 1525 880 ﬁeri,
1536 853 1564 874 ut
1579 855 1631 874 non
1644 851 1716 882 agat.

924 897 1050 932 Quanam
1077 897 1170 931 itaque
1194 896 1310 927 ratione,
1327 895 1398 928 quod
1418 894 1474 922 fieri
1492 899 1593 929 potest,
1618 898 1647 920 ιιι
1664 901 1718 920 non

926 944 984 974 ﬁat.
1005 947 1032 970 et
1043 942 1114 977 quod
1129 941 1264 977 posterius
1275 945 1318 968 est
1330 940 1412 973 illius,
1426 940 1497 974 quod
1511 945 1606 966 natura
1618 947 1666 966 sua
1677 944 1720 966 est

924 995 952 1018 et
968 991 1041 1025 prius
1057 997 1139 1016 causa
1152 988 1254 1015 fuerit?
1278 987 1310 1013 Et
1324 986 1394 1014 forte
1409 986 1491 1013 etiam
1508 985 1570 1012 illud
1588 985 1719 1018 adducet,

925 1038 997 1072 quod
1013 1036 1179 1063 elementum
1193 1035 1309 1068 partiutn
1327 1033 1460 1060 tenuitate
1475 1031 1584 1067 polleat,
1601 1036 1628 1059 et
1638 1031 1719 1062 facili

925 1088 999 1111 mutu
1012 1087 1106 1110 natura
1121 1089 1169 1109 sua
1183 1081 1302 1112 cieatnr;
1317 1085 1344 1106 et
1357 1079 1430 1113 quod
1443 1079 1550 1106 interne
1560 1078 1721 1105 naturaliter

925 1130 1031 1157 ruboris
1045 1128 1198 1159 velocitate,
1215 1132 1243 1153 et
1255 1125 1450 1161 particularum
1469 1125 1612 1156 tenuitate,
1630 1128 1658 1152 et
1673 1132 1722 1150 na-

926 1179 994 1202 tura;
1009 1172 1221 1204 eﬂicacitate,~ad
1233 1170 1432 1198 incendendum
1449 1177 1494 1197 res
1509 1169 1637 1201 concitet,
1646 1173 1673 1195 et
1681 1169 1721 1194 si-

925 1220 1012 1248 milia.
1029 1219 1091 1247 Pari
1108 1219 1212 1245 ratione
1226 1223 1254 1244 et
1268 1218 1294 1244 in
1313 1217 1452 1251 proposita
1467 1216 1620 1250 quastione
1641 1222 1724 1249 argu-

926 1266 1095 1294 mentabitur
1105 1265 1252 1299 quispiam,
1263 1264 1366 1290 audens
1379 1262 1478 1297 pusillo
1491 1262 1615 1289 discursu
1630 1260 1724 1295 ingen-

927 1314 965 1342 tia
986 1311 1087 1340 metiri.
1106 1310 1242 1345 Namque,
1258 1309 1280 1336 si
1299 1313 1363 1336 ante
1384 1314 1506 1342 tentpora
1525 1307 1644 1341 Spiritus
1663 1305 1722 1333 Filii

928 1359 1045 1394 Spiritus
1056 1362 1168 1386 sanctus
1181 1361 1208 1383 et
1221 1360 1300 1383 estet
1312 1355 1424 1386 dicitur,
1434 1355 1516 1381 datur
1531 1361 1597 1380 vero
1612 1353 1638 1380 in
1655 1357 1724 1380 tem-

927 1415 993 1442 porc
1010 1405 1099 1441 dignis
1111 1413 1125 1432 a
1138 1404 1217 1436 Filio,
1233 1408 1261 1430 et
1272 1402 1464 1436 suppeditatur
1474 1400 1603 1434 Spiritus.
1615 1401 1641 1426 in
1655 1407 1723 1426 con-

931 1457 1004 1482 fesso
1030 1461 1090 1481 esse
1107 1452 1199 1482 debet.
1221 1450 1280 1477 sine
1297 1449 1351 1476 ullo
1372 1448 1455 1475 dubio
1470 1447 1541 1482 apud
1559 1455 1666 1478 omnes,
1686 1447 1725 1478 id,

929 1501 998 1536 quod
1014 1505 1078 1526 ante
1093 1503 1216 1532 tempora
1231 1501 1282 1529 est,
1298 1503 1341 1528 eo,
1359 1495 1431 1529 quod
1448 1494 1474 1520 in
1490 1498 1612 1527 tempore
1627 1497 1679 1523 est,
1695 1495 1725 1518 et

81 1553 140 1580 ἐστι
156 1537 198 1585 τε,
215 1537 265 1578 καί
290 1551 401 1584 λέγεται
427 1537 540 1586 Πνεῦμα
558 1537 633 1578 Υῑοῦ,
657 1537 761 1577 Ἐκείνο
781 1552 834 1586 γὰρ
849 1551 878 1577 τὸ

931 1547 1001 1582 qttod
1014 1550 1112 1573 natttra
1127 1550 1178 1575 est.
1194 1542 1269 1576 prius
1281 1549 1342 1568 esse
1357 1541 1415 1575 ipsa
1427 1539 1545 1566 actione.
1560 1538 1588 1565 Si
1603 1537 1663 1571 quis
1674 1537 1726 1563 ita-

82 1601 181 1633 αἴτιον,
193 1599 272 1626 τοῦτο
289 1598 318 1626 δὲ
339 1599 369 1625 τδ
382 1599 515 1626 αἰτιατόν,
530 1598 561 1624 Εἰ
573 1597 602 1624 δὲ
619 1597 702 1625 πάλιν
713 1597 817 1632 ζητοίη,
833 1597 878 1624 διὰ

82 1647 110 1675 τί
121 1649 181 1674 ἐστι
195 1646 242 1672 καὶ
257 1646 368 1679 λέγεται
385 1644 498 1679 Πνεῦμα
513 1643 581 1670 Υίοῦ
598 1644 612 1670 ὁ
625 1644 817 1679 Παράκλητος,
829 1644 879 1671 οὐκ

83 1693 144 1720 ἔστι
155 1692 248 1726 λέγειν
264 1691 329 1723 τινὶ,
343 1692 384 1718 ὅτι
398 1691 465 1717 διότι
484 1692 541 1722 τοῖς
554 1689 641 1722 ἀξίοις
658 1691 735 1725 παρὰ
751 1691 798 1717 τοῦ
813 1691 878 1718 Υίοῦ

83 1741 115 1766 τὸ
128 1739 243 1772 Πνεῦμα
260 1739 432 1774 χορηγεῖται.
449 1736 535 1763 Τοῦτο
551 1736 605 1772 γὰρ
623 1736 746 1770 ὕστερον,
764 1738 812 1764 καὶ
834 1737 880 1772 ἐγ-

82 1794 193 1823 χρονον,
212 1786 260 1812 καὶ
283 1785 327 1811 διὰ
347 1784 427 1810 τοῦτο
449 1783 581 1810 αἰτιατόν.
609 1783 731 1818 Ἀμαθὴς
752 1783 844 1809 τοίνυν
862 1784 879 1818 ὴ

83 1833 245 1867 ἀπόκρισις,
257 1830 288 1857 τὸ
301 1830 323 1857 δ’
337 1831 468 1865 ἐρώτημα
487 1828 611 1861 εὔλογον.
627 1829 683 1855 Καὶ
697 1830 727 1855 οὐ
749 1829 814 1864 περὶ
831 1829 880 1856 τοῦ

85 1880 128 1906 ὃτι
145 1878 178 1904 τὸ
194 1876 308 1912 Πνεῦμα
324 1877 375 1911 μέν
388 1876 448 1901 ἐστι
468 1874 515 1901 τοῦ
544 1874 612 1901 Υίοῦ
634 1874 823 1909 ὑπερχρόνως,
840 1874 881 1900 δι-

84 1924 161 1950 δοται
177 1922 205 1948 δὲ
222 1921 372 1956 ὲγχρόνως,
388 1919 649 1955 ἀμφισϐητήσομεν,
668 1919 738 1945 ἀλλὰ
753 1919 819 1954 περὶ
833 1919 881 1946 τοῦ

85 1969 127 1996 ὅτι
143 1968 174 1995 τὸ
190 1967 304 2002 ὕστερον
325 1966 373 1993 τοῦ
390 1966 536 2001 προτέρου,
559 1965 608 1992 καὶ
630 1965 661 1991 τὺ
685 1965 815 2000 ἓγχρονον
835 1964 882 1992 τοῦ

87 2015 259 2050 ὺπερχρόνου
285 2013 450 2048 αἰτιώμεθα.
474 2013 564 2048 Ὅπερ
591 2011 832 2039 ἁδύνατον.Ὣστε
859 2014 883 2039 εἰ

89 2063 126 2098 μή
143 2063 220 2088 ἐστιν
232 2061 321 2088 αῐτιον
334 2060 365 2086 τὸ
377 2059 557 2095 χορηγεῖσθαι
569 2060 601 2085 τὸ
615 2059 728 2093 Πνεῦμα
743 2059 819 2094 παρὰ
834 2058 882 2085 τοῦ

87 2109 155 2136 Υίοῦ
181 2109 239 2139 τοῖς
265 2107 362 2139 ἀξίοις.
385 2106 438 2133 Τοῦ
456 2104 527 2133 εἶναι
546 2107 593 2133 καὶ
616 2105 745 2140 λέγεσθαι
770 2105 884 2140 Πνεῦμα

89 2155 166 2185 Υἱοῦ,
183 2153 308 2188 καθάπερ
325 2152 421 2187 ἀμέλει
438 2152 484 2178 καὶ
505 2152 552 2178 τοῦ
570 2151 684 2187 πατρὸς.
702 2151 766 2178 ἄλλο
786 2161 813 2178 τι
836 2151 886 2186 ζη-

88 2202 189 2236 τητέον
206 2200 302 2226 τούτου
317 2200 347 2225 τὸ
361 2199 447 2225 αἴτιον
462 2199 519 2230 τοῖς
541 2198 638 2231 ἀξίοις,
657 2198 742 2230 ὅντως
762 2198 812 2232 τῆς
826 2207 884 2224 τοι-

929 1602 982 1629 qtte
999 1591 1188 1626 interrogabit,
1206 1593 1319 1624 propter
1336 1587 1400 1622 quid
1417 1585 1506 1621 dignis
1525 1584 1643 1619 Spiritus
1660 1591 1728 1617 sup-

931 1640 1066 1674 peditetur
1083 1646 1097 1665 a
1114 1637 1202 1664 Filio?
1221 1644 1273 1662 non
1291 1635 1350 1661 sine
1369 1634 1474 1661 ratione
1491 1630 1702 1665 respondebitur
1718 1637 1726 1655 :

933 1685 1003 1719 Quia
1018 1689 1070 1716 est,
1085 1688 1112 1710 et
1128 1683 1227 1710 dicitur
1243 1681 1361 1714 Spiritus
1377 1678 1456 1711 Filii;
1473 1677 1539 1704 illud
1558 1675 1630 1702 enim
1646 1682 1728 1701 causa

931 1737 984 1765 est,
1000 1731 1051 1758 hoc
1066 1730 1191 1758 eﬂ'ectus.
1208 1728 1285 1762 Quod
1299 1728 1320 1754 si
1331 1728 1429 1754 iterum
1442 1728 1546 1760 quaeret
1559 1733 1565 1750 :
1577 1724 1667 1755 Quare
1676 1722 1729 1748 Pa-

933 1779 1053 1806 racletus
1066 1777 1168 1803 dicitur
1178 1780 1205 1802 et
1217 1780 1259 1802 est
1276 1773 1393 1807 Spiritus
1406 1771 1485 1798 Filii?
1500 1772 1603 1797 absoae
1616 1776 1728 1802 respon-

933 1824 1019 1856 debit,
1036 1823 1057 1850 si
1070 1822 1132 1857 quis
1143 1821 1262 1849 dixerit:
1280 1819 1356 1853 Quod
1393 1817 1481 1851 dignis
1499 1824 1512 1842 a
1528 1815 1597 1843 Filio
1612 1815 1730 1849 Spiritus

933 1869 1124 1904 suppeditatur
1139 1875 1147 1894 :
1165 1867 1218 1893 hoc
1230 1867 1304 1893 enim
1321 1863 1457 1898 posterius
1472 1867 1524 1892 est.
1538 1861 1651 1895 tempori
1666 1860 1731 1887 sub-

932 1914 1037 1949 iacens,
1051 1913 1168 1947 ideoque
1181 1910 1305 1938 cﬁ‘ectus.
1327 1909 1432 1936 lnsulsa
1447 1908 1539 1941 itaque
1550 1906 1602 1932 erit
1615 1913 1731 1938 respou-

934 1961 985 1994 sio,
1005 1961 1070 1987 licet
1084 1957 1263 1991 interrogatio
1277 1964 1337 1983 cum
1354 1955 1459 1981 ratione
1475 1953 1546 1980 facta
1568 1952 1614 1979 sit.
1634 1951 1667 1978 Et
1681 1958 1730 1978 nos

936 2014 989 2034 non
1009 2004 1203 2036 dubitabimus,
1221 2002 1354 2037 Spiritum
1370 2007 1431 2027 esse
1445 1998 1506 2026 Filii
1517 2003 1580 2025 ante
1595 2002 1728 2031 tempom,

936 2050 1162 2087 suppeditarique
1176 2050 1210 2076 ab
1227 2047 1322 2075 eodem
1340 2047 1366 2074 in
1383 2051 1515 2079 tempore,
1533 2044 1579 2071 sed
1595 2043 1666 2077 quod
1682 2051 1730 2069 an-

937 2099 1045 2128 terioris
1070 2097 1218 2133 posterius,
1246 2099 1273 2122 et
1299 2092 1370 2128 quod
1386 2092 1411 2119 in
1425 2097 1558 2125 tempore,
1574 2089 1644 2116 illius
1657 2089 1730 2122 quod

937 2151 1001 2173 ante
1015 2150 1138 2179 tempora
1153 2147 1206 2174 est,
1235 2148 1347 2168 causam
1366 2139 1515 2166 faciamus:
1534 2137 1604 2170 quod
1620 2136 1731 2162 ontuiuo

940 2192 1000 2220 ﬁeri
1024 2190 1130 2225 nequit.
1151 2189 1242 2222 Quare
1257 2187 1280 2214 si
1297 2184 1485 2220 suppeditandi
1504 2182 1624 2216 Spiritus
1635 2189 1650 2208 ιι
1664 2180 1733 2207 Filio

89 2227 177 2283 αῦτης
206 2246 358 2281 ζητήσεως.
371 2245 402 2272 Et
417 2245 445 2271 δὲ
467 2227 516 2271 δεῖ*
531 2227 693 2280 τι-τολμᾷν,
712 2227 752 2270 ὅτι
835 2244 878 2271 τοῦ

936 2238 1036 2273 dignis,
1056 2245 1109 2264 non
1130 2240 1172 2263 est
1186 2242 1280 2267 eausa,
1293 2232 1363 2268 quod
1379 2232 1426 2261 sit.
1439 2235 1465 2257 et
1483 2230 1592 2257 dicatur
1615 2227 1734 2261 Spiritus

91 2294 158 2321 Υἱοῦ
171 2294 203 2319 ὲκ
219 2293 266 2319 τοῦ
280 2291 387 2326 Harpe;
402 2290 554 2326 προοδικῶς
569 2291 628 2317 ἐστι
645 2290 674 2316 τὸ
691 2290 805 2324 Πνεῦμα
819 2310 826 2322 ,
842 2291 888 2316 καὶ

91 2341 136 2367 διὰ
162 2339 213 2374 τὴν
238 2338 358 2372 φυσικὴν
382 2337 522 2371 μεσιτείαν
539 2336 585 2363 τοῦ
608 2336 684 2368 Υἰοῦ,
705 2336 739 2362 δι’
754 2333 788 2371 ἦς
808 2335 839 2362 τό
859 2345 889 2362 τε

94 2384 239 2420 μονογενὲς
256 2382 423 2417 φυλάττεται
443 2382 468 2408 οι
481 2403 488 2414 ,
501 2382 548 2408 καὶ
563 2381 594 2407 τὸ
610 2382 724 2415 Πνεῦμα
738 2381 786 2407 τοῦ
808 2380 837 2412 ἐξ
850 2381 890 2406 αἱ-

92 2432 151 2458 τίου
167 2431 214 2457 τοῦ
232 2430 339 2464 Πατρὺς
351 2427 422 2455 εἴναι
436 2430 486 2455 οὐκ
498 2428 673 2463 ἀπείργεται.
691 2428 723 2454 'H
738 2427 792 2463 γὰρ
806 2428 850 2454 διὰ
861 2427 890 2453 τὸ

94 2477 124 2511 ἐξ
140 2474 171 2504 οὗ
188 2477 276 2503 αἰτίου
292 2476 370 2508 ἐστὶ,
384 2475 432 2502 καὶ
447 2476 478 2501 οὐ
492 2475 554 2502 καθ1
575 2475 660 2509 αὐτὴν
676 2475 796 2501 ἵσταται.
817 2473 850 2500 Ἢ
863 2474 891 2500 δὲ

95 2526 130 2558 ἐξ
143 2525 224 2558 ἱκανὴ
243 2525 301 2549 ἐστι
320 2522 388 2558 πρὸς
403 2523 433 2548 τὸ
448 2522 510 2548 ὅθεν
527 2521 574 2548 καὶ
598 2521 678 2556 μόνον
699 2521 809 2556 δηλοῦν,
824 2521 892 2556 πρὸς

94 2572 122 2598 δὲ
137 2571 186 2606 τὴν
202 2570 333 2605 δευτέραν
344 2569 509 2603 ἀπάντησιν,
523 2568 584 2603 τὴν,
602 2568 643 2594 ὅτι
655 2567 692 2598 ὡς
704 2567 849 2602 ὁμοούσιον
861 2567 891 2593 τὸ

95 2617 212 2652 Πνεῦμα
234 2615 272 2650 τῷ
294 2615 349 2649 fit]:
366 2614 476 2649 λέγεται
500 2614 612 2648 Πνεῦμα
634 2613 680 2639 τοῦ
703 2613 780 2639 Υἰοῦ.
800 2612 894 2644 Οὕτως

96 2663 164 2698 ἡμῖν
178 2662 289 2697 ῥητέον.
305 2660 337 2686 Εἰ
352 2659 496 2694 ὁμοούσιον
513 2659 544 2685 τὸ
562 2658 618 2693 φῶς
630 2660 663 2694 τῇ
676 2659 776 2685 ἀκτῖνι.
794 2659 894 2692 Ἀμφω

97 2710 153 2744 γὰρ
169 2709 228 2742 ἃμα
245 2709 277 2734 ἐκ
291 2706 340 2733 τοῦ
364 2706 452 2741 ἡλίου,
477 2706 523 2732 καὶ
544 2706 602 2740 φῶς
620 2705 670 2739 μὲν
693 2705 801 2736 ἀκτῖνος
820 2705 896 2738 λέγε-

98 2763 155 2788 ται,
167 2754 296 2789 καθάπερ
313 2753 410 2787 ἀμέλει
429 2753 475 2780 καὶ
497 2751 584 2788 ἡλίου.
614 2751 702 2781 Ἄκτὶς
717 2751 745 2777 δὲ
761 2750 850 2784 φωτὸς
864 2750 894 2776 οὑ

99 2800 219 2835 λέγεται,
254 2800 279 2825 εί
313 2797 352 2833 μὴ
378 2797 596 2833 διεσταλμένως,
616 2797 705 2831 φωτὸς
728 2795 894 2830 παρεκτική.

101 2847 238 2883 Ζητητέον
261 2846 311 2881 τὴν
338 2845 430 2872 αἰτίαν
452 2844 500 2872 τοῦ
528 2843 615 2874 οὕτως
638 2843 711 2878 ἔχειν
734 2841 832 2875 ταῦτα,
849 2842 896 2868 καὶ

102 2892 242 2928 λέγεσθαι,
259 2891 396 2928 Ζητητέον
410 2891 500 2919 τοίνυν
522 2890 569 2917 ἐπὶ
584 2889 638 2917 τῶν
651 2890 780 2917 τοιούτων
794 2887 824 2915 τὸ
838 2888 897 2915 ὲπι-

941 2286 1013 2317 Filii,
1033 2284 1260 2319 quemadmodum
1275 2282 1408 2309 duntaxat
1417 2284 1444 2306 et
1455 2278 1561 2310 Patris,
1578 2277 1628 2304 alia
1644 2275 1736 2309 hujus-

942 2339 972 2358 ce
987 2338 1071 2358 causa
1086 2329 1130 2361 iis,
1145 2329 1192 2362 qui
1207 2335 1270 2354 vere
1285 2326 1359 2361 digni
1374 2330 1437 2352 sunt
1451 2325 1502 2351 hac
1515 2323 1677 2357 quaestione,
1694 2321 1735 2347 in-

942 2377 1074 2412 qttirenda
1091 2381 1143 2403 est.
1158 2374 1192 2401 Et
1204 2374 1228 2401 si
1244 2373 1347 2407 aliquid
1365 2371 1518 2398 audendum
1535 2374 1587 2399 est.
1599 2368 1671 2402 quod
1689 2374 1736 2400 per

944 2423 1040 2450 Filium
1061 2429 1093 2448 ex
1114 2421 1195 2447 Patre
1224 2418 1415 2454 progrediatur
1440 2415 1569 2449 Spiritus,
1586 2419 1613 2440 et
1628 2416 1736 2447 propter

943 2469 1093 2496 naturalem
1112 2466 1174 2494 Filii
1191 2466 1385 2496 interventum,
1400 2470 1446 2497 per
1462 2469 1542 2496 quem
1557 2461 1595 2488 illi
1611 2458 1737 2493 unigeni-

944 2519 999 2542 tttut
1013 2516 1199 2544 conservatur,
1232 2511 1352 2545 Spiritus
1369 2509 1451 2537 Patre
1468 2515 1539 2540 esse,
1576 2511 1704 2539 tauquam
1721 2511 1736 2530 τι

944 2569 1026 2588 causa
1037 2569 1091 2588 non
1106 2558 1264 2594 impeditur.
1279 2557 1342 2588 Per,
1356 2555 1429 2583 enim
1441 2563 1471 2582 ex
1486 2554 1576 2588 aliqua
1588 2559 1669 2580 causa
1685 2555 1737 2582 est,

946 2615 996 2635 nec
1013 2615 1061 2642 per
1077 2614 1106 2634 se
1122 2605 1259 2633 subsistit.
1278 2603 1536 2634 Verumtamen,ex,
1552 2600 1618 2627 satis
1634 2607 1664 2625 se
1682 2599 1738 2632 ipsa

946 2655 1090 2688 solumque
1107 2653 1289 2683 demonstrat,
1313 2650 1387 2677 unde
1403 2648 1505 2682 aliquid
1521 2648 1566 2674 sit.
1586 2647 1625 2672 Ad
1643 2652 1740 2672 secun-

947 2701 1009 2728 datu
1027 2703 1117 2726 autent
1132 2697 1349 2732 responsionem,
1364 2703 1423 2731 quae
1438 2699 1507 2726 erat,
1522 2692 1663 2728 Spiritum.
1681 2696 1741 2717 tan-

949 2754 1029 2781 quam
1047 2745 1170 2781 ejusdem
1189 2749 1293 2771 naturaa
1317 2750 1377 2770 cum
1393 2741 1474 2773 Filio,
1491 2740 1544 2766 dici
1568 2738 1629 2765 Filii
1654 2737 1741 2770 Spiri-

948 2798 1016 2824 tum,
1031 2793 1066 2819 ita
1092 2793 1292 2819 occurrendum
1320 2795 1372 2818 est.
1391 2789 1420 2816 Si
1434 2787 1555 2822 ejusdem
1573 2790 1676 2812 naturae
1699 2788 1742 2810 t-st

948 2842 1039 2868 lumen
1054 2848 1115 2868 cum
1130 2840 1217 2873 radio,
1228 2845 1378 2873 utrumque
1389 2836 1461 2864 enim
1479 2833 1559 2864 simul
1573 2840 1605 2860 cx
1617 2831 1676 2859 sole
1686 2835 1740 2862 est,

949 2894 976 2916 et
990 2887 1082 2915 lumen
1099 2887 1209 2923 quidem
1224 2885 1293 2914 radii
1310 2884 1418 2917 dicitur,
1440 2878 1670 2918 quemadmodum
1686 2876 1743 2906 sci-
