1951 3065
91 129 143 160 933
813 126 978 155 NOTlTlA.
1671 131 1726 162 934

90 195 150 221 pag.
165 185 295 220 TS'Iseqq.
311 184 364 212 Sed
384 185 418 211 ab
435 184 528 211 eodem
544 183 654 211 Labbco
672 182 708 218 (It)
721 187 748 210 et
768 181 870 216 Theop.
887 182 1039 217 Raynando
1056 182 1085 218 (ί)
1107 189 1190 218 atque
1209 184 1355 212 Vincentio
1381 184 1519 213 Richardo
1536 185 1584 222 (ne)
1599 187 1727 214 observa-

92 239 147 260 tum
165 233 226 266 fuit,
245 232 316 258 illam
336 239 389 258 non
398 238 458 258 esse
474 229 694 261 Melochitae.sed
706 229 803 256 librmn
821 229 929 255 tertium
942 230 1087 257 Annalium
1101 230 1240 258 Michaelis
1252 231 1354 267 Glycze,
1373 240 1387 258 a
1399 240 1461 266 pag.
1480 232 1533 260 204
1555 234 1619 260 edit.
1634 233 1727 269 chiac

91 286 178 314 usque
194 279 229 306 ad
254 278 319 309 215,
346 278 390 304 ubi
411 277 511 304 Galerii
529 276 685 304 Maximiani
702 276 793 303 infelix
809 275 899 303 obitus
914 277 1207 312 describitur(ann.).
1222 277 1293 304 Idem
1310 279 1459 306 arbitratur
1474 278 1580 308 Fabric.
1593 289 1673 315 supra
1697 282 1724 309 in

93 326 146 352 vol.
157 325 215 359 VII,
225 334 252 359 p.
262 324 326 357 420,
341 329 409 351 sect.
428 324 473 356 ‘28,
485 324 534 351 sub
545 324 591 350 lin.
603 331 629 358 p.
643 323 707 356 468,
724 327 790 350 sect.
801 323 847 354 41,
858 323 956 357 impriu
970 325 991 350 is
1008 324 1034 350 in
1050 324 1102 350 vol.
1115 324 1185 355 XIII,
1204 333 1231 359 ιι.
1247 325 1299 352 629
1311 333 1353 360 sq.
1370 326 1402 352 de
1417 327 1596 360 scriptoribus
1617 327 1662 355 Gr.
1674 336 1687 354 a
1697 328 1723 356 Ι.

92 373 211 400 Meursio
230 372 321 404 editis,
343 379 369 398 n.
390 371 434 404 M,
447 371 480 398 de
495 370 604 397 Meursii
619 370 685 397 edit.
702 369 808 396 Theod.
826 369 989 402 Metochitae,
1004 370 1091 405 Lugd.
1114 371 1144 399 Β.
1163 371 1242 399 1618.
1255 372 1281 404 ι,
1298 373 1368 399 unde
1383 374 1508 400 reducam
1535 375 1562 400 h.
1581 375 1597 401 Ι.
1616 382 1646 401 ea
1665 383 1724 409 quae

91 419 200 446 Fabric.
214 418 364 446 adnotavit.
387 427 395 443 ι
410 417 437 444 In
450 417 575 448 Athenis,
595 417 693 451 pergil.
710 417 831 448 Batavis,
846 424 904 450 quae
921 417 991 443 16235
1007 417 1129 444 viderunt
1142 418 1241 450 lucem,
1273 427 1297 452 p.
1314 418 1375 451 197,
1394 418 1528 447 Meursius
1544 420 1617 448 inter
1628 427 1722 455 parata

91 474 106 491 ει
127 473 157 493 se
170 466 203 492 ad
222 465 381 496 editionem,
399 463 680 492 memoratTheodori
694 463 847 490 Metochitae
864 462 1048 490 Historiarum
1062 465 1146 492 libros
1161 470 1291 498 quatuor,
1310 473 1372 491 cum
1390 467 1516 492 versione
1530 471 1557 493 et
1586 468 1668 500 notis,
1696 474 1724 495 et

91 511 184 539 Grmre
204 520 266 539 cum
286 510 567 538 animadversionibus
577 510 634 537 suis
651 509 772 536 Athenaei
791 509 956 541 Meo/tunica,
980 510 1134 543 Apollodori
1158 511 1331 538 Poliorcetica
1344 531 1351 542 ,
1382 511 1444 538 Julii
1473 512 1594 539 Africani
1614 513 1722 547 Cestos,

91 559 229 586 Meletium
251 557 288 585 De
302 563 399 584 natura
415 557 548 588 hominis;
567 556 820 590 llarpocrationem,
838 562 861 583 et
879 556 973 583 Grrece
988 557 1106 591 denique
1123 565 1154 584 ac
1168 557 1264 585 Latine
1277 557 1454 584 Menandrum
1471 560 1606 586 rhetoretn
1623 560 1661 587 De
1685 561 1724 587 di-

92 606 189 632 visione
203 612 344 631 causarum
362 605 389 631 in
403 612 494 638 genere
521 603 737 630 demonstrativo.
754 602 824 629 Nihil
838 603 933 630 horum
952 603 986 630 ab
1002 603 1049 630 illo
1068 608 1188 637 tempore
1204 609 1310 631 constat
1326 604 1426 631 editum
1444 613 1505 632 esse
1528 613 1542 632 ει
1577 606 1694 634 Meursio
1709 616 1717 636 ;

91 659 160 686 quos
172 657 262 678 autem
277 656 356 678 vocat
370 650 550 677 Historiarum
564 649 700 677 Theodori
719 649 784 676 Met.
802 651 896 680 libros,
915 651 964 677 hos
979 649 1072 677 Graece
1089 650 1191 685 pridem
1207 650 1341 678 habemus
1354 651 1476 685 vulgatos
1492 653 1586 686 postid
1617 657 1723 687 tempus

93 702 143 727 sub
155 701 264 727 nomine
278 698 524 733 Michaelis-Glycze
537 698 694 729 Annalium,
711 698 744 725 dc
759 699 857 732 quibus
876 698 930 725 disi
953 697 1005 725 vol.
1025 698 1068 730 Vl,
1095 706 1121 733 p.
1136 698 1197 726 156.
1220 697 1286 734 [voL
1302 698 1357 730 Vll.
1374 706 1398 733 p.
1413 699 1466 726 468
1491 707 1548 734 seq.
1565 708 1627 727 nov.
1640 701 1721 738 cdit.]

91 748 149 776 Non
168 756 230 776 vero
246 748 370 783 Glycam,
384 748 430 774 sed
446 747 618 775 Theodorum
632 755 694 774 esse
711 746 817 774 illorum
831 750 982 778 auctorem,
997 746 1132 774 Meursius
1147 747 1284 780 persuasit
1305 747 1359 774 sibi
1384 755 1418 774 ex
1440 755 1491 775 ms.
1511 747 1617 780 codice,
1650 750 1723 776 unde

90 798 171 824 etiam
187 796 319 824 Henricus
335 796 470 828 Ernstius,
482 795 530 823 lib.
547 803 566 822 n
582 795 810 827 Observationum,
823 803 882 830 cap.
895 795 940 825 56.
951 803 1010 830 pag.
1031 795 1092 827 161,
1109 805 1118 821 ε
1136 795 1280 822 Annalium
1295 801 1391 822 auctor
1405 797 1477 830 quod
1495 804 1548 824 non
1562 799 1598 824 sit
1609 797 1723 825 Michael

90 845 199 880 Glycas,
217 849 397 880 cognomento
414 844 534 878 Siculus,
554 844 600 871 sed
617 843 779 872 Theodorus
789 843 946 875 Metochita,
961 844 996 870 cl.
1010 843 1146 871 Meursius
1168 843 1313 871 manifesto
1330 844 1519 878 deprehendit,
1535 845 1581 878 qui
1603 846 1722 873 Annales

90 894 163 927 ipsos
181 900 214 920 ex
230 901 280 919 ms.
292 892 428 920 auctiores
443 891 492 919 Gr.
503 896 530 919 et
543 891 603 920 Lat.
618 892 643 919 in
661 892 749 919 lucem
762 892 879 919 emittet.
899 902 909 918 ι
931 892 984 919 Pro
994 892 1087 919 eadem
1099 892 1236 919 sententia
1248 892 1347 920 militat
1359 892 1515 926 Christoph.
1531 893 1604 920 Frid.
1622 893 1723 921 Boden-

91 942 214 976 hurgius,
230 946 300 969 rect.
315 940 453 975 Gymnasii
469 940 666 973 Beroliuensis,
683 941 710 967 in
727 940 795 968 diss.
812 941 850 967 De
863 941 994 968 Theodori
1015 940 1164 967 illatae/litae
1179 941 1295 975 scriptis.
1322 941 1430 972 νοθείας
1453 943 1529 976 vulgo
1541 943 1716 976 insimulatis,

91 991 193 1017 inserta
207 989 387 1017 Miscellaneis
402 988 549 1024 Lipsiens.,
560 993 627 1017 tom.
644 989 675 1021 ll,
689 997 715 1024 p.
725 989 761 1016 25
779 997 838 1024 seq.
854 989 926 1016 Idem
943 994 1070 1023 testatur,
1081 997 1162 1016 manu
1176 995 1323 1016 exaratum
1340 997 1369 1017 se
1394 989 1497 1017 habere
1509 990 1646 1018 Theodori
1665 992 1721 1019 Me-

91 1038 201 1065 tochita‘.
220 1037 355 1073 Χρονικδν
364 1038 419 1064 ἀπὸ
434 1037 552 1069 κτίσεως
566 1037 671 1072 κόσμου
681 1037 781 1070 διεξιὸν
793 1038 857 1073 περί

952 1037 964 1063 ὗ
979 1037 1095 1072 οὖρανοῦ
1109 1039 1156 1064 καὶ
1168 1037 1218 1072 τῆς
1229 1038 1293 1072 γῆς,
1306 1046 1333 1064 κ.
1352 1047 1377 1064 τ.
1393 1038 1419 1065 λ.
1437 1038 1510 1065 illum
1521 1039 1606 1074 ipsum
1619 1039 1722 1066 scilicet

91 1087 225 1119 codicem,
238 1094 270 1114 ex
287 1094 342 1121 quo
355 1086 489 1114 Meursius
502 1086 643 1113 historiam
662 1086 733 1114 illam
751 1086 849 1120 publici
866 1086 937 1120 juris
951 1085 1041 1113 facere
1056 1086 1152 1117 voluit,
1168 1091 1194 1112 et
1206 1093 1285 1118 quem
1311 1085 1411 1112 laudati
1441 1085 1621 1119 Bodenburgii
1645 1090 1721 1113 ante-

90 1135 192 1162 cessori
204 1135 432 1163 donavitSamuel
453 1133 644 1162 Pufendorlius
655 1154 662 1166 ,
681 1134 724 1161 cui
740 1134 854 1161 aliorum
868 1135 1073 1168 posthumorum
1090 1133 1303 1161 Meursianorum
1316 1134 1461 1161 editionem
1472 1134 1611 1161 debemus.
1627 1143 1637 1160 ι
1651 1134 1718 1161 Hac-

91 1188 169 1210 tenus
181 1182 332 1210 Fabricius.
350 1182 422 1210 ldem
438 1182 601 1217 Bodenburg
620 1187 717 1210 contra
736 1182 884 1209 Meursium
901 1189 950 1216 pro
975 1182 1079 1209 Theod.
1095 1182 1157 1208 Met.
1171 1182 1195 1208 id
1213 1187 1289 1216 urget
1309 1187 1496 1216 argumentum
1508 1203 1516 1214 ,
1536 1190 1639 1209 rnorem
1665 1190 1721 1209 tum

90 1230 148 1258 fere
161 1230 257 1264 fuisse,
273 1235 302 1258 ut
317 1231 378 1258 novi
397 1231 546 1264 scriptores
560 1231 593 1258 ab
610 1230 672 1258 aliis
685 1230 743 1265 jam
761 1231 872 1264 tradita,
891 1231 1010 1265 ipsorum
1036 1238 1144 1264 quoque
1169 1231 1257 1258 verbis
1292 1230 1443 1257 insererent
1465 1231 1585 1264 scriptis.
1609 1231 1644 1258 At
1665 1236 1721 1258 tum

90 1279 199 1313 quidem
211 1278 315 1306 Theod.
331 1278 418 1306 Mct.a
433 1279 548 1307 crimine
560 1279 641 1314 plagii
658 1279 761 1306 absolvi
775 1279 844 1306 haud
860 1279 969 1314 poterit.
985 1278 1065 1306 Joan.
1082 1284 1172 1306 autem
1189 1278 1329 1306 Fabric.in
1344 1278 1525 1306 Histor.Bibl.
1539 1287 1604 1312 sine,
1620 1280 1637 1308 Ι.
1653 1288 1677 1313 c.
1694 1288 1721 1315 p.

89 1327 154 1360 262,
166 1328 296 1363 legendos
315 1328 488 1355 commendat
500 1327 635 1355 Placcium
653 1327 690 1354 De
711 1328 843 1362 pseudon,
858 1335 886 1363 q.
899 1327 962 1359 518,
979 1327 1050 1359 443;
1067 1326 1216 1359 Olearium,
1244 1327 1318 1355 Bibl.
1337 1327 1453 1361 Eccles“
1484 1331 1554 1362 part.
1571 1335 1600 1360 ιι,
1619 1335 1644 1362 p.
1659 1328 1723 1361 195,

91 1381 117 1403 et
134 1375 263 1403 Crenium
281 1377 307 1402 in
326 1376 393 1403 diss.
405 1375 432 1408 2,
453 1375 485 1402 de
500 1376 580 1411 furib.
594 1375 699 1408 librar.,
716 1383 742 1409 p.
755 1375 802 1402 26.
820 1375 922 1411 (ιωιι.)

128 1423 295 1460 [Specimina
310 1431 417 1456 operum
435 1423 566 1450 Theodori
582 1423 742 1456 Metachitte,
760 1430 821 1457 quat
837 1424 894 1450 insc

952 1427 1043 1451 mtur:
1069 1423 1330 1459 ’Υπομνηματισμοὶ
1354 1424 1402 1451 καὶ
1427 1424 1598 1459 Σημειώσεις
1620 1433 1722 1460 γνωμι-

91 1472 150 1505 καὶ,
163 1472 265 1499 ecodd.
282 1479 349 1499 mss.
374 1471 485 1499 Lutetize
506 1471 673 1498 Parisiorum
687 1471 713 1498 in
727 1471 793 1499 bibl.
808 1471 881 1506 regia
893 1476 921 1499 et
942 1472 1053 1499 Coislin.
1071 1472 1102 1499 S.
1120 1472 1298 1499 Germanensi
1322 1473 1469 1499 asservntis
1485 1480 1547 1499 cum
1565 1474 1723 1507 praefatione

90 1523 117 1545 et
131 1518 202 1545 nolis
213 1519 329 1553 primum
339 1518 446 1552 vulgata
465 1517 577 1544 abJano
590 1517 683 1546 Bloch.
701 1518 815 1546 Havnial.
831 1518 911 1550 1790,
926 1518 953 1546 8.
966 1518 1075 1554 (litat).
1094 1519 1122 1546 In
1149 1518 1225 1553 praef.
1242 1518 1370 1546 Blochius
1390 1520 1423 1546 de
1450 1520 1608 1547 cadentibus
1625 1520 1723 1548 litteris

90 1564 203 1597 Grecis,
219 1569 273 1590 tum
284 1565 317 1590 de
328 1563 472 1592 Theodoro
488 1564 550 1591 Met.
565 1565 688 1599 exponit,
702 1565 815 1599 ejusque
828 1565 936 1599 scriptis
949 1565 1032 1592 editis
1044 1570 1070 1592 ct
1086 1565 1204 1598 ineditis,
1227 1565 1384 1600 singulatim
1399 1573 1443 1597 eo,
1469 1565 1548 1599 cujus
1574 1566 1721 1600 sperimina

90 1611 185 1642 edidit,
203 1612 338 1645 quodque,
355 1611 382 1638 in
394 1611 446 1638 120
459 1611 552 1638 titulos
564 1611 742 1645 descriptum,
771 1619 824 1638 non
841 1619 860 1639 et

953 1619 1055 1638 tersum
1075 1619 1088 1637 λ
1110 1611 1292 1638 Miscellaneis
1321 1610 1458 1638 Theodori
1488 1612 1568 1639 dictis
1595 1614 1723 1646 operibus

90 1656 352 1684 contra-Fabricium
364 1657 495 1684 ostendit.
512 1657 641 1684 Exhibuit
655 1663 745 1684 autem
763 1657 822 1692 ejus
838 1658 973 1693 opusculi,
988 1658 1066 1693 cujus
1084 1657 1174 1693 plures
1185 1658 1266 1685 codd.
1278 1663 1413 1691 recenset,
1430 1658 1498 1685 duos
1510 1659 1650 1686 l‘arisinos
1663 1660 1723 1694 ipse

91 1704 220 1737 inspexit,
234 1707 262 1730 et
276 1703 395 1738 capitum
411 1703 531 1730 omnium
548 1709 707 1738 argumenta
722 1707 749 1730 et
760 1704 817 1731 loca
833 1705 945 1737 selecta,
959 1709 987 1731 ut.
1005 1705 1038 1731 de
1051 1704 1165 1740 Synesio
1180 1703 1282 1739 Cyren.
1296 1703 1324 1730 ln
1342 1705 1426 1736 calce,
1446 1712 1472 1738 p.
1483 1704 1531 1731 161
1558 1713 1614 1739 seq.
1633 1713 1648 1733 e
1662 1707 1722 1733 cod.

91 1750 276 1777 Escorialcnsi
289 1758 303 1776 a
322 1749 535 1777 Moldenhauero
553 1751 752 1784 suppeditalam
770 1752 930 1786 particulam
949 1759 974 1779 c.
999 1751 1031 1778 16
1063 1751 1146 1786 (unde
1166 1751 1222 1786 jatn
1235 1757 1295 1785 pag.
1313 1749 1345 1777 61
1375 1758 1390 1778 e
1404 1751 1484 1778 codd.
1496 1751 1582 1779 Paris.
1598 1752 1722 1787 quaedam

91 1796 212 1832 dederat)
232 1797 266 1825 de
280 1795 395 1824 Philone
407 1796 501 1824 Iudaeo
512 1797 646 1825 exhibuit.
663 1796 785 1833 (Beca).]

636 1877 743 1914 Sertpta
760 1878 891 1906 Theodori
907 1879 1056 1907 Meroe/tina
1071 1880 1182 1907 inedita.

130 1950 151 1977 l.
169 1947 239 1984 Περὶ
250 1947 419 1983 νεωτερικῆς
435 1947 602 1983 κακοηθείας
615 1947 652 1974 De
668 1947 740 1974 mala
760 1949 900 1975 recentiori

951 1949 1152 1975 consuetudine.
1169 1948 1206 1975 De
1222 1949 1271 1976 hoc
1287 1948 1355 1975 libro
1372 1948 1527 1975 adscribam
1538 1948 1721 1978 testimonium

91 1996 172 2031 graeci
184 1995 300 2022 hominis
309 1994 585 2027 doctissimiﬁicolai
599 1995 730 2022 Comneni
756 1995 922 2029 Papadopoli
943 1994 1316 2030 Prwnotionumntystagog.,
1327 2003 1353 2029 p.
1371 1995 1388 2022 9
1403 1994 1618 2029 :lnterplurima
1628 2004 1724 2023 manu.

92 2048 181 2069 menta
210 2047 265 2069 tum
290 2042 429 2076 capientite
445 2047 500 2068 tum
511 2041 679 2074 eruditionis,
694 2041 768 2076 queis
791 2042 831 2068 vir
845 2042 886 2068 llic
900 2041 979 2075 plane
992 2042 1086 2068 doctus
1097 2041 1227 2069 Graeciam
1243 2047 1362 2069 nostram
1373 2041 1433 2075 jam
1452 2049 1516 2075 pene
1529 2044 1564 2067 ad
1579 2047 1724 2069 extremam

91 2095 273 2125 paupertatem
289 2090 461 2116 scientiarum
478 2089 611 2115 redactam
625 2090 700 2114 auxit
715 2093 791 2121 atque
805 2089 909 2120 ditauit,
923 2089 1058 2123 potissime
1072 2088 1224 2115 laudandus
1236 2093 1272 2115 est
1291 2096 1387 2114 aureus
1403 2088 1507 2114 libellus
1524 2089 1726 2124 περὶςνιωτερι-

91 2138 142 2172 κῆς
160 2135 336 2170 κακοηθείας,
349 2143 425 2169 quens
444 2140 535 2162 nostra
549 2139 625 2162 (etate
637 2134 750 2161 latinum
761 2135 822 2169 fecit
837 2135 979 2162 Arcudius.
1000 2134 1042 2162 lbi
1054 2135 1124 2162 enim
1134 2136 1171 2162 ita
1181 2135 1213 2162 de
1223 2135 1308 2162 sacris
1323 2135 1454 2161 institutis
1468 2136 1640 2162 recentiorum
1654 2143 1725 2163 more

92 2183 226 2216 corruptis
238 2181 430 2217 facundissime
454 2182 586 2215 queritur,
610 2187 635 2208 ut
655 2186 772 2208 trecenta
791 2182 900 2208 vulnera
921 2181 960 2216 (η)
977 2180 1102 2209 Ecclesitr
1120 2190 1136 2208 ιι
1154 2181 1354 2215 corruptoribus
1369 2181 1447 2207 illam
1465 2182 1633 2209 demonstret.
1654 2181 1726 2209 Loca

91 2230 193 2265 passim
207 2237 241 2256 ex
261 2230 311 2256 hoc
322 2229 390 2255 libro
405 2229 473 2256 idem
489 2228 642 2255 Comnenus
657 2235 771 2262 utraque
788 2229 879 2262 lingua
895 2229 994 2260 adfert,
1011 2234 1039 2255 ut
1052 2237 1113 2263 pag.
1127 2228 1265 2260 165,195.
1279 2227 1344 2256 225.
1360 2228 1424 2257 520.
1450 2227 1512 2257 406,
1527 2227 1580 2255 414
1593 2234 1621 2255 et
1651 2228 1727 2268 alibi,

91 2278 138 2304 sed
155 2277 289 2310 integrum
309 2276 349 2302 vel
361 2274 455 2302 Graece
471 2275 603 2309 prodiisse
615 2275 655 2301 vel
670 2275 823 2302 versionem
841 2275 913 2302 Petri
926 2276 1036 2302 Arcndii
1054 2275 1155 2303 vidisse
1172 2275 1271 2306 lucem.
1283 2275 1349 2302 mihi
1365 2275 1501 2301 hactenus
1516 2275 1725 2309 incompertum.

130 2323 163 2350 ll.
177 2322 302 2349 Historia
315 2330 400 2348 sacrae
416 2322 496 2348 libros
511 2323 588 2353 duos,
599 2327 629 2349 et
646 2321 956 2356 Constantinopolitanae
972 2330 1058 2348 unum
1070 2322 1166 2349 habuit
1181 2321 1302 2349 Joannes
1312 2321 1452 2349 Meursius
1466 2326 1493 2348 et
1524 2321 1623 2355 publici
1656 2321 1728 2355 juris

91 2370 229 2397 facturum
241 2376 271 2396 se
290 2369 418 2403 promisit
433 2371 458 2394 in
477 2368 556 2395 Praef.
571 2369 603 2394 ad
616 2377 694 2395 suum
713 2369 900 2396 Metochitam.
920 2368 1151 2395 Videnturautem
1166 2368 1192 2395 hi
1205 2373 1260 2395 tres
1279 2368 1363 2396 fuisse
1375 2376 1408 2395 ex
1421 2369 1474 2395 illis
1483 2368 1573 2402 λόγοις
1589 2367 1726 2395 Theodori

91 2416 245 2444 Metochitaa
257 2415 346 2441 deum
364 2420 386 2441 et
400 2419 458 2441 acto
473 2416 505 2441 de
515 2415 599 2441 variis
609 2416 743 2448 materiis,
761 2416 808 2443 sed
826 2415 962 2450 praecipue
976 2415 1009 2442 ad
1023 2414 1170 2442 Historiam
1184 2416 1217 2441 de
1229 2415 1293 2442 vilis
1306 2414 1472 2442 Sanctorum
1483 2419 1511 2442 et
1525 2415 1557 2441 ad
1574 2413 1725 2441 Historiam

91 2463 198 2497 imperii
210 2461 263 2489 ΟΡ.
283 2465 309 2488 et
327 2461 412 2496 ipsius
425 2462 499 2488 nrhis
515 2460 598 2488 CPol.
613 2462 823 2496 pertinentibus,
841 2462 886 2496 qui
903 2467 1047 2489 servantur
1060 2462 1086 2488 in
1103 2461 1320 2494 bild._C:esarea,
1334 2462 1474 2496 ipsoillius
1488 2469 1555 2493 aevo,
1572 2465 1727 2488 attestatur

91 2510 265 2541 Lambecius,
282 2517 368 2542 vu,p.
387 2508 438 2535 154
451 2507 488 2543 (o)
502 2509 691 2543 pereleganter
707 2514 820 2536 exarata
840 2509 866 2536 in
882 2509 1052 2541 membrana,
1069 2513 1097 2536 et
1105 2517 1138 2536 ex
1152 2509 1251 2543 quibus
1263 2508 1321 2535 loca
1340 2508 1429 2536 adfert
1441 2508 1590 2535 Reinoldns
1608 2507 1727 2534 Delmius

92 2556 120 2584 S.
135 2557 154 2584 l.
168 2557 194 2584 in
210 2556 282 2583 notis
298 2555 331 2582 ad
347 2555 476 2583 martvria
493 2555 599 2582 Gosmte
607 2560 634 2582 et
649 2554 797 2589 Damianl.,
813 2563 875 2591 pag.
891 2563 969 2588 lVllt,
995 2563 1027 2582 ex
1044 2555 1168 2582 oratione
1181 2555 1214 2583 de
1226 2555 1351 2582 laudibus
1365 2554 1461 2582 Nicaeae
1475 2555 1560 2586 urbis.
1587 2559 1614 2581 et
1642 2554 1725 2581 altera

128 2656 164 2692 (k)
174 2655 297 2683 Labbeus
309 2654 437 2688 adGlycte
446 2653 571 2686 Annales,
581 2654 682 2687 Paris.,
696 2654 776 2688 1660,
787 2655 881 2691 fol.,p.
941 2656 1023 2683 missa
1038 2655 1115 2689 nujus
1126 2653 1260 2688 epistolis,
1274 2654 1301 2680 in
1330 2654 1442 2682 Deliciis
1467 2655 1642 2686 eruditorum,
1666 2653 1725 2680 Flo-

128 2693 153 2719 4.
938 2695 1007 2718 rent.
1029 2689 1107 2719 1756,
1121 2697 1147 2719 n.
1161 2689 1205 2719 12,
1224 2690 1250 2716 in
1265 2690 1359 2716 eadem
1376 2696 1501 2716 νυμειιιιι·
1521 2689 1660 2719 opinione.
1690 2689 1724 2715 At

91 2689 160 2719 361'
855 2689 861 2691 ’

953 2695 1007 2718 erit.
1029 2689 1205 2724 1736.13.12,
1224 2690 1250 2716 in
1265 2690 1359 2716 eadem
1376 2696 1501 2716 νυμειιιιι·
1521 2689 1660 2723 opinione.
1690 2689 1723 2715 At

128 2727 160 2762 (Ι)
174 2726 349 2762 Raynandtts,
368 2724 404 2752 De
421 2725 496 2752 bonis
528 2729 553 2752 et
579 2725 658 2752 mulis
676 2724 762 2758 libris,
780 2725 881 2760 Lugd.,
938 2734 989 2762 non
1001 2726 1066 2752 vidit
1079 2725 1257 2762 Bodenburgii
1275 2725 1519 2762 defensionem,__in
1534 2731 1584 2762 qua
1610 2731 1640 2750 ea
1652 2731 1724 2762 "qua:

92 2759 173 2791 1655.
190 2759 257 2795 4ζι).
279 2760 340 2788 156.
825 2759 834 2760 ί

953 2762 1058 2791 .amins,
1089 2760 1157 2787 alios
1195 2765 1317 2792 secutus,
1347 2767 1442 2787 contra
1468 2759 1615 2786 Meursium
1642 2759 1723 2790 dixit.

128 2799 175 2830 (ιη)
193 2797 343 2823 Richardns
358 2797 390 2822 ad
404 2796 558 2823 Mattliaeum
572 2795 755 2823 Cantacuzen.
768 2797 795 2822 in
811 2795 884 2823 Can-
936 2796 991 2830 jam
1009 2797 1053 2822 dm
1076 2797 1160 2823 diluta
1170 2801 1241 2823 sunt.
1260 2795 1370 2830 (ΗΑκι.)

94 2833 177 2858 ticum
192 2831 369 2861 canticorum,
387 2831 467 2858 Boii].
493 2831 572 2862 1624,
585 2831 631 2867 fol.
650 2838 715 2867 pag:
741 2831 802 2858 150.
828 2831 864 2867 μ(

741 2831 802 2858 150.
828 2831 883 2867 μυ.
975 2832 1014 2864 (u)
1034 2831 1202 2867 Postremum
1212 2835 1254 2867 est
1267 2832 1305 2867 Vde
1322 2830 1493 2867 garrulitate.

93 2875 201 2901 ιμιομιο
222 2867 366 2894 Lamiusin
389 2868 497 2894 dissert.
526 2868 559 2894 de
589 2865 672 2894 Mich.
690 2865 788 2901 'Glyca,
817 2865 863 2902 pra

690 2865 788 2901 Glyco,
817 2865 884 2902 [ἡπ-
977 2868 1013 2900 (ο)
1028 2867 1089 2893 Sive
1101 2874 1127 2901 p.
1141 2866 1202 2893 350.
1216 2866 1318 2893 Kollar.
1333 2865 1442 2899 (ΝΛΜ.)
