1951 3065
103 100 158 133 9M

827 95 996 132 ΝΟΤΠΊᾸ.

1680 103 1734 136 9ιὲ

140 160 194 186 vn'.
211 158 331 193 Πότερον
348 157 461 192 ἄμεινον
479 156 617 193 ἀνθρώπῳ
633 157 664 184 τὸ
686 157 815 192 γενέσθαι
830 157 847 192 ἢ
862 157 892 184 τὸ

980 157 1024 184 58.
1046 157 1178 185 Meliusne
1191 158 1228 186 sit
1243 152 1348 186 homini
1362 164 1433 191 esse,
1447 162 1530 193 quam
1546 164 1599 186 non
1613 160 1695 188 esse?
1707 166 1735 188 et

104 205 144 240 μὴ
159 204 301 239 γενέσθαι,
318 204 365 231 καὶ
380 204 422 231 ὅτι
435 205 548 240 ἄμεινον
559 205 591 232 τὸ
611 204 750 244 γενέσθαι.

139 251 190 278 νθ’.
208 251 270 278 Ὀτι
296 251 365 278 πολὺ
393 251 461 287 παρ’
485 251 643 287 ἀνθρώποις
660 250 691 277 τὸ
716 249 895 286 περιαυτολο-

100 299 174 332 γείν.

140 343 172 376 ξ’.
191 344 253 370 Ὄτι
268 343 382 379 ἄπορον,
400 343 506 376 εί,ἕστι
529 353 571 376 τις
594 343 750 379 ἀνθρώποις
766 341 895 374 καθάπαξ

102 390 210 425 γαλήνη
228 390 300 417 κατὰ
316 391 380 421 τοὺς
396 390 555 425 λογισμούς.

139 437 191 469 ξω.
208 438 270 463 Ὀτι
292 436 343 463 οὐκ
367 436 421 470 ἔξω
446 437 527 471 λόγου
554 436 712 462 παντάπασι
742 435 844 467 δόξειεν
861 434 894 461 ἂν

82 479 84 485 ’
102 480 175 509 εἶναι
194 483 229 508 τὰ
245 482 299 508 τῶν
321 482 491 517 Ἐφεκτικῶν
515 482 733 515 ἐναντιουμένων
751 481 818 514 πρὸς
843 481 895 506 πᾶ-

104 537 157 555 σαν
169 528 335 562 κατάληψιν,
350 529 397 554 καὶ
411 529 453 555 ὅτι
475 528 524 554 καὶ
548 527 662 554 Πλάτων
677 526 722 553 καὶ
744 525 893 562 Σωκράτης

79 576 84 583 ’
102 575 191 610 ἀρχὰς
203 576 243 605 εἰς
257 574 330 601 τοῦτ’
342 574 457 601 ἔδωκαν.

141 620 190 655 ξβν.
206 621 276 655 Περὶ
295 621 350 647 τῶν
375 621 573 654 ἐμπιπτόντων
588 620 742 656 πράγμασι,
759 620 814 647 τῶν
844 618 893 653 μέν

103 667 148 693 διὰ.
165 667 358 701 φιλόπραγμον
381 665 448 701 ἦθος
465 665 577 700 φαῦλον,
597 666 652 692 τῶν
664 666 693 693 δὲ
713 666 757 692 διὰ
772 665 893 701 ἀμαθίαν

103 714 153 740 καὶ
168 713 339 748 ἀπρονόητον
353 712 405 747 τὴν
421 711 517 748 τύχην.

140 800 190 834 ξγ’.
207 800 274 835 Περὶ
294 800 347 826 τῶν
362 800 490 833 ἐλπίδων,
505 801 554 828 καὶ
577 801 619 827 ὅτι
641 799 744 833 τρόπον
763 799 815 834 μέν
831 807 894 825 τινα

945 203 1019 239 quod
1034 208 1146 238 praestet
1156 211 1228 232 esse.

981 249 1026 277 59.
1047 249 1124 283 Quod
1141 250 1270 285 frequens
1284 251 1320 278 sit
1334 251 1407 286 apud
1421 251 1557 285 homines,
1571 257 1601 280 ut
1615 253 1735 281 libenter

945 295 980 323 dc
993 303 1021 322 se
1035 301 1063 323 et
1076 296 1160 324 rebus
1173 296 1231 324 suis
1245 297 1403 331 loquantur.

981 341 1026 368 60.
1048 341 1166 369 Dubium
1188 350 1260 375 esse,
1281 349 1316 370 an
1338 350 1458 379 unquam
1480 345 1616 372 serenitas
1631 346 1733 374 mentis

945 384 1031 421 plena'
1041 387 1199 415 hominibus
1215 388 1346 424 obtingat.

981 431 1024 458 6|.
1045 433 1122 466 Quod
1148 441 1203 460 non
1225 441 1424 470 usquequaque
1444 435 1570 464 videatur
1589 444 1604 464 a
1628 437 1734 464 ratione

944 476 1064 504 alienum
1077 478 1262 508 admittendas
1272 480 1461 518 Scepticorum
1473 483 1654 517 obiectiones,
1667 491 1736 518 quas

945 522 1020 549 omni
1040 524 1210 558 perceptioni
1228 531 1388 560 opponunt,
1405 531 1433 554 et
1451 527 1523 562 quod
1540 528 1618 556 Plato
1635 535 1666 556 ac
1684 529 1735 556 So-

946 573 1035 595 crates
1049 569 1183 604 principia
1197 570 1231 597 ad
1249 571 1303 599 hoc
1316 573 1575 607 suppeditaverunt.

982 613 1028 641 6‘3.
1051 614 1089 642 De
1104 614 1138 641 iis
1150 615 1199 650 qui
1213 617 1332 652 negotiis
1346 625 1376 645 se
1398 619 1536 654 objiciunt
1549 621 1606 648 sive
1620 625 1734 655 propter

944 660 1075 688 vitiosum
1089 669 1192 689 morem
1206 662 1347 690 hominum
1361 664 1458 692 alienis
1471 672 1500 692 se
1512 665 1736 700 admiseentium,

945 706 1003 733 sive
1026 707 1063 734 ob
1088 707 1198 735 illorum
1222 709 1380 742 inscitiam,
1402 710 1461 738 sive
1483 711 1653 746 inopinatam
1678 713 1735 741 [υτ-

946 755 1051 780 tunam.

983 801 1029 829 63.
1049 801 1086 828 De
1103 809 1151 836 spe
1162 821 1170 832 ,
1185 807 1214 829 et
1229 802 1302 836 quod
1319 803 1374 839 jam
1392 804 1429 831 sit
1445 812 1490 832 res
1506 805 1665 835 horninibus
1683 807 1738 834 uti-

102 845 324 881 βιωφελέοτατον
349 844 505 879 ἀνθρώποις
527 845 557 872 τὸ
585 845 648 872 κατ’
673 844 760 877 αὑτὰς
785 844 893 879 χρῆμα,

968 848 1049 875 ssima
1077 848 1129 875 'am
1145 847 1247 875 iterum
1264 850 1346 876 noxia
1360 853 1389 877 et
1403 850 1565 886 rejicieuda.

103 893 206 925 τρόπον
228 892 257 918 δέ
269 890 320 917 τιν’
335 888 414 923 αὖθις
431 891 561 923 καθάπαξ
585 891 734 926 νεμεσητὸν
758 891 806 917 καὶ
829 897 895 917 κατ-

101 938 290 973 ιγνωσμένον.

140 984 188 1017 ξδ’.
205 985 266 1011 Ὅτι
289 984 398 1018 ἣδιστον
421 982 579 1019 ἀνθρώποις
599 983 629 1010 ὲν
643 984 701 1015 τοῖς
720 983 833 1014 οἰκείοις
848 983 896 1009 καὶ

105 1029 216 1066 συνήθει
231 1030 358 1065 διατριϐῇ
375 1029 465 1056 ὁτιοῦν
479 1030 612 1065 πράττειν
632 1029 663 1056 εὖ
679 1030 728 1056 καὶ
748 1028 893 1064 τιμᾶσθαι.

141 1121 188 1153 ξε’.
205 1120 267 1147 Ὀτι
282 1119 414 1152 πολλάκις
426 1119 494 1146 ἔνιοι
511 1119 700 1154 συμπίπτουσι
717 1120 774 1150 τοῖς
789 1118 895 1146 ἑαυτῶν

103 1167 224 1202 δόγμασι
242 1166 292 1193 καὶ
311 1166 432 1201 κρίσεσι,
446 1165 494 1192 καὶ
517 1165 645 1192 ὀλλυνται
667 1164 746 1200 δίκης
763 1166 894 1200 σφέτερα.

140 1262 196 1294 ξς¹.
213 1260 275 1287 Ὅτι
293 1259 366 1291 τινές
383 1258 438 1285 εισι
451 1258 545 1292 ταχεῖς
560 1256 700 1284 πιστεύειν
720 1257 754 1292 τῇ
773 1256 893 1292 Προνοίᾳ

105 1307 150 1334 διὰ
171 1307 206 1334 τὰ
228 1305 381 1340 φαινόμενα
400 1303 473 1331 κατὰ.
497 1304 576 1336 λόγον
598 1304 724 1338 ἀπαντᾷν
747 1304 804 1334 τοῖς
826 1310 896 1338 χρη-

105 1354 178 1382 στοῖς
193 1361 224 1378 τε
249 1352 298 1378 καὶ
310 1352 441 1386 πονηροῖς
455 1350 488 1377 ὲκ
510 1349 557 1376 τοῦ
571 1349 732 1384 προχείρου,
753 1349 800 1375 καὶ
818 1346 897 1380 αὖθις

105 1399 234 1425 ἀπιστεῖν
247 1399 281 1431 τῇ
297 1388 474 1432 Προνοίςίδιὰ
485 1395 616 1422 τάναντία
634 1395 752 1426 τούτοις.

141 1443 190 1478 ξιτ.
207 1443 270 1470 Ὅτι
296 1442 458 1477 θαυμασίως
472 1441 604 1472 πολλάκις
628 1440 709 1467 εἴωθε
731 1441 792 1472 ταῖς
817 1440 897 1474 μεγί-

105 1499 185 1522 σταις
211 1489 328 1523 πράξεσι
353 1488 400 1514 καὶ
426 1487 568 1522 εὐτυχίαις
594 1487 711 1521 τάχιστα
736 1486 897 1512 ἀκολουθεῖν

983 979 1029 1007 64.
1050 976 1128 1013 Quod
1143 980 1376 1015 iucundissimum
1393 981 1430 1009 sit
1447 981 1551 1009 homini
1570 983 1596 1009 in
1614 983 1672 1010 suis
1689 990 1738 1012 nc-

946 1026 1028 1061 gotiis
1046 1031 1074 1053 et
1089 1031 1222 1054 consueto
1239 1027 1300 1054 vitae
1318 1035 1429 1063 genere,
1444 1029 1635 1064 qualecunque
1653 1030 1737 1057 etiam

946 1071 1014 1099 illud
1030 1072 1077 1104 sit,
1093 1073 1163 1100 bene
1178 1077 1207 1099 et
1221 1080 1282 1100 cum
1300 1074 1404 1101 honore
1419 1082 1476 1101 rem
1492 1082 1598 1110 gerere.

983 1117 1028 1145 65.
1048 1117 1244 1152 Saepenumero
1259 1119 1368 1154 aliquos
1383 1119 1525 1147 adversari
1541 1121 1599 1148 suis
1614 1121 1736 1155 ipsorum

947 1163 1126 1198 opinionibus
1147 1165 1321 1199 acljudiciis,
1340 1170 1369 1193 et
1390 1166 1501 1200 propria
1519 1167 1581 1202 jura
1603 1167 1739 1195 interver-

949 1212 1016 1235 tere.

985 1254 1030 1282 66.
1050 1254 1129 1287 Quod
1157 1255 1242 1290 aliqui
1274 1255 1353 1283 facile
1379 1256 1494 1284 credant
1516 1257 1739 1292 Providentiam,

948 1308 1010 1328 cum
1025 1301 1121 1328 vident
1138 1301 1165 1328 in
1183 1302 1309 1335 praesenti
1327 1302 1406 1329 bonis
1423 1306 1450 1330 et
1467 1303 1545 1330 malis
1561 1304 1598 1331 ita
1616 1304 1693 1338 iicri,
1710 1311 1741 1332 ut

948 1351 1092 1374 merentur
1107 1355 1115 1374 :
1129 1347 1176 1374 alii
1193 1347 1313 1375 vicissim
1329 1355 1384 1375 non
1401 1349 1516 1376 credant
1530 1350 1566 1377 ob
1583 1350 1658 1378 hisce
1674 1358 1741 1378 con-

948 1393 1043 1420 traria.

983 1439 1027 1466 67.
1049 1438 1126 1472 Quod
1141 1440 1242 1474 szepins
1257 1441 1347 1468 solent
1364 1445 1426 1475 post
1441 1441 1575 1470 maximas
1591 1450 1636 1470 res
1650 1448 1740 1477 gestas

948 1489 976 1512 et
992 1485 1130 1512 fortunam
1150 1486 1365 1520 pulcherrimam
1384 1487 1452 1515 mira
1470 1489 1625 1516 mutatione
1642 1489 1742 1516 celeri-

103 1536 330 1571 δυσπραγήματα
356 1533 465 1570 χαλεπὰ
493 1533 542 1560 καὶ
573 1533 658 1568 μηδὲν
684 1529 767 1568 ἧττον
793 1532 894 1558 ἀνυπο-

968 1538 990 1557 :r
1001 1531 1079 1566 sequi
1094 1531 1247 1559 infortunia
1259 1531 1421 1563 gravissima
1431 1537 1461 1561 et
1473 1540 1527 1561 non
1541 1534 1635 1562 minus
1649 1535 1741 1570 inspe-

104 1583 200 1611 γόητα.

135 1592 267 1664 ἓηῖὊτι
290 1627 341 1654 οὐκ
357 1626 433 1653 ἐστιν
455 1625 524 1657 ὅλως
545 1625 575 1651 ὲν
602 1624 758 1660 ἀνθρώποις
773 1624 896 1659 ὁμοφρο-

105 1683 184 1702 cum.

141 1683 191 1752 23:.
208 1717 271 1746 Ὅτι
287 1717 356 1744 πολὺ
376 1715 486 1743 νοσοῦσι
497 1715 558 1746 ταῖς
574 1714 776 1750 προσπαθείαις
788 1713 896 1750 ἄνθρω-

105 1775 164 1799 ποι,
180 1765 228 1792 καὶ
245 1764 296 1791 οὐκ
311 1762 399 1799 ὀρθῶς
414 1761 526 1796 ὁρῶσιν.

141 1815 174 1839 d.
191 1812 253 1838 Ὀτι
278 1812 404 1845 χρήσιμα
431 1808 467 1834 τὰ
495 1809 527 1834 ἐκ
548 1808 597 1835 τοῦ
627 1807 824 1843 μαθηματικοῦ
848 1808 896 1833 καὶ

105 1856 296 1894 γεωμετρικοῦ
313 1857 362 1891 τῆς
387 1854 547 1889 φιλοσοφίας
563 1854 651 1885 εἴδους
665 1854 710 1880 διὰ
726 1854 762 1880 τά
784 1863 815 1880 τε
828 1854 897 1880 ἄλλα

106 1905 222 1932 πλεῖστα
236 1903 274 1938 τῷ
289 1901 340 1937 βίῳ
351 1903 396 1928 καὶ
408 1900 454 1927 διὰ
468 1900 502 1926 τὰ
518 1900 572 1927 τῶν
588 1899 750 1935 μηχανικῶν
762 1899 842 1935 ἔργα.

142 1995 193 2023 οα’.
211 1995 280 2030 Περὶ
294 1994 481 2028 Πλουτάρχου,

141 2043 194 2077 οβ’.
212 2040 319 2076 Θεωρία
334 2041 373 2071 είς
387 2040 417 2065 τὸ
430 2039 507 2072 ἔπος,
525 2038 567 2070 τὸ,
592 2038 671 2066 Adda
685 2037 815 2070 βιώσας.

142 2135 195 2166 ογ⁴.
212 2132 244 2159 Εἰ
262 2131 446 2165 προσίσταται
460 2127 500 2163 τῷ
512 2128 714 2163 Χριστιανικῶς
729 2128 780 2163 ζῇν
802 2127 832 2154 τὸ
849 2135 899 2162 με-

947 1584 976 1604 ra
980 1582 1005 1603 ta
1010 1597 1017 1603 .

981 1621 1026 1649 68.
1047 1622 1126 1656 Quod
1142 1623 1257 1651 omnino
1272 1630 1328 1651 non
1344 1629 1387 1652 est
1402 1624 1475 1652 inter
1489 1623 1616 1653 homines
1633 1627 1740 1654 animo—

948 1676 1009 1696 rum
1024 1674 1053 1696 et
1067 1669 1232 1704 opinionum
1245 1670 1405 1698 concordia.

984 1715 1029 1742 69.
1049 1715 1127 1748 Quod
1142 1716 1292 1750 plurimum
1306 1716 1434 1744 laborant
1446 1716 1572 1745 homines
1584 1714 1740 1752 alleclibus,

948 1769 999 1788 nec
1012 1762 1078 1789 satis
1093 1767 1168 1789 recte
1181 1762 1286 1790 vident.

983 1807 1028 1835 70.
1048 1807 1127 1840 Quod
1151 1816 1184 1835 ex
1209 1809 1400 1838 mathematica
1423 1814 1451 1838 et
1474 1812 1640 1846 geometrica
1664 1816 1742 1847 parte

948 1853 1131 1888 philosophia:
1148 1855 1282 1883 utilitates
1297 1856 1422 1890 plurimae
1439 1857 1597 1885 redundent
1613 1858 1640 1885 in
1657 1859 1741 1885 vitam

949 1900 1097 1927 humanam
1109 1920 1117 1933 ,
1133 1905 1192 1927 tum
1207 1901 1278 1933 aliae.
1293 1905 1352 1928 tum
1367 1909 1428 1937 qua:
1443 1902 1471 1930 in
1487 1903 1620 1938 operibus
1634 1904 1744 1931 mecha-

948 1947 1019 1974 nicis
1032 1947 1253 1981 conspiciunturi

986 1993 1029 2020 7i.
1050 1993 1088 2020 De
1105 1993 1262 2020 Plutarcho.

985 2040 1030 2067 72.
1051 2039 1206 2074 Disputatio
1225 2039 1260 2067 de
1281 2039 1356 2068 dicto
1377 2049 1386 2068 :
1408 2040 1460 2074 Qui
1481 2040 1545 2070 bene
1567 2042 1657 2075 latuit,
1679 2039 1744 2070 bene

949 2087 1024 2114 ὑὶπὶι.

986 2133 1031 2160 73.
1050 2132 1122 2160 Num
1141 2132 1308 2161 Christiania
1325 2133 1388 2161 vitae
1407 2139 1540 2169 repugnet
1558 2135 1652 2163 vivere
1671 2136 1744 2164 inter

108 2180 144 2206 τὰ
156 2178 262 2205 πολλῶν
277 2177 326 2212 ζῇν
345 2177 392 2203 καὶ
407 2177 437 2202 ἐν
463 2175 572 2206 πολλοῖς
590 2175 736 2209 πράγματι
763 2174 823 2209 ζῇν.
837 2174 894 2210 [75-

968 2180 1055 2208 nultos
1070 2184 1100 2207 et
1113 2180 1207 2208 multis
1223 2180 1394 2216 implicatum
1408 2188 1469 2208 esse
1484 2182 1612 2216 negotiis.

109 2227 141 2254 8i
163 2225 257 2252 omisit
277 2223 331 2259 BL]

144 2272 190 2299 06’.
208 2271 270 2297 Ὀτι
280 2270 310 2296 τὸ
325 2270 363 2305 μὴ
380 2268 448 2303 μετὰ
459 2267 565 2294 πολλῶν
579 2267 653 2302 βιοῦν
668 2267 840 2302 πραγμάτων
855 2267 900 2293 εὑ-

109 2318 204 2346 κολίαν
219 2318 298 2352 φέρει
312 2317 352 2348 είς
366 2316 416 2349 Ιτὴν
431 2315 549 2350 τήρησιν
564 2313 618 2341 τῶν
634 2313 684 2348 τῆς
699 2314 899 2348 Χριστιανικῆς

109 2366 252 2396 εὐσεῦείις
268 2364 402 2398 νομίμων.

144 2411 191 2439 σε’.
207 2412 268 2438 ’Ότι
291 2411 339 2437 καὶ
364 2411 421 2441 τοῖς
450 2409 782 2444 ὲγκοινοπολιτευομένοις
810 2408 900 2440 ἔξεστι

110 2459 203 2490 καλῶς
221 2457 296 2494 βιοῦν
308 2459 341 2492 τῇ
354 2458 437 2492 ἁρετῇ
453 2457 500 2483 καὶ
514 2457 570 2487 τοῖς
583 2456 633 2490 τῆς
651 2456 807 2486 θεοσεόείας
822 2454 901 2489 νομί-

133 2514 185 2531 οις.

112 2513 199 2582 Mog.
221 2549 251 2575 El
276 2548 414 2583 γαμητέον
439 2549 523 2578 ἐστὶν.
543 2547 560 2582 ἢ
585 2547 633 2582 μὴ,
659 2547 714 2578 τοῖς
740 2545 901 2581 ἐπιμέλειαν

111 2595 204 2630 ἐχουσι
219 2595 265 2620 καὶ
280 2594 411 2630 φροντίδα.
423 2593 473 2628 τῆς
486 2592 546 2619 κατ’
565 2593 665 2627 ἀρετὴν
682 2591 765 2626 ζωῆς.

145 2685 194 2718 oC’.
212 2685 274 2711 Ὀτι
292 2685 373 2711 παντὶ
387 2685 480 2720 τρόπῳ
498 2682 537 2718 τῷ
553 2681 684 2717 πολιτικῷ
707 2682 900 2717 ἀντιποιητέον

109 2730 160 2764 τῆς
177 2730 301 2765 εἰρήνης⁸

146 2784 198 2809 οη.
212 2775 274 2801 Ὀτι
293 2775 341 2802 καὶ
364 2775 434 2811 1πρὸς
448 2774 480 2802 τὸ
505 2774 635 2810 πολεμεῖν
656 2773 901 2809 παρασκευαστέον

112 2821 150 2856 τῷ
164 2821 305 2857 πολιτικῷ.

987 2267 1033 2296 74.
1054 2269 1134 2302 Quod
1149 2273 1206 2295 non
1221 2268 1316 2296 multis
1330 2267 1491 2303 impeditum
1505 2268 1599 2296 vivere
1614 2270 1745 2304 negotiis,

952 2316 1105 2343 faciliorem
1124 2315 1220 2342 reddat
1234 2315 1399 2343 Christiana:
1414 2315 1526 2351 pietatis
1542 2322 1746 2352 praceptorum

952 2362 1187 2389 observationem.

990 2409 1035 2437 75.
1054 2409 1132 2442 Quod
1153 2408 1238 2436 etiam
1258 2408 1456 2444 rempublicam
1475 2409 1636 2444 gerentibus
1653 2416 1682 2437 et
1700 2417 1748 2437 ne-

953 2456 1024 2491 gotia
1041 2455 1104 2482 vitm
1120 2455 1283 2482 curantibus
1300 2456 1437 2490 integrum
1454 2462 1514 2488 est,
1532 2456 1645 2491 probam
1661 2457 1747 2484 vitam

952 2501 1056 2529 ducere
1069 2501 1256 2536 virtutemque
1271 2508 1303 2528 ac
1319 2501 1427 2536 pietatis
1442 2501 1534 2528 colere
1550 2508 1695 2537 praecepta.

990 2548 1032 2575 76.
1054 2547 1133 2574 Num
1167 2547 1325 2582 conjugium
1347 2546 1498 2574 ineundum
1518 2547 1565 2579 sit,
1588 2555 1694 2580 necne,
1714 2549 1748 2576 iis

952 2595 1054 2630 quibus
1071 2601 1144 2621 cura;
1162 2593 1294 2628 cordique
1314 2598 1357 2620 est
1375 2593 1527 2620 secundum
1547 2592 1658 2620 virtutis
1678 2601 1750 2628 pne-

953 2642 1086 2675 scriptum
1103 2640 1208 2667 virere.

989 2687 1035 2714 77.
1055 2686 1132 2720 Quod
1149 2686 1223 2713 oumi
1241 2685 1324 2713 modo
1341 2693 1393 2720 pax
1410 2685 1539 2713 sectanda
1554 2685 1590 2712 sit
1603 2686 1663 2712 viro
1677 2693 1750 2712 rem-

954 2733 1092 2768 publicam
1108 2732 1225 2767 gerenti.

992 2777 1035 2803 78.
1056 2776 1136 2809 Quod
1154 2776 1226 2804 idem
1245 2777 1329 2804 etiam
1346 2777 1380 2804 ad
1398 2777 1500 2805 bellum
1519 2777 1671 2806 instructus
1688 2784 1749 2804 esse

955 2821 1063 2849 debeat.
