1951 3065
109 152 162 184 951
845 156 1010 186 NOTlTIA.
1328 187 1332 191 ,
1683 152 1734 182 958

109 217 137 236 ν.
153 207 234 244 uot.].
256 208 362 236 Titulus
381 214 423 236 est
446 217 453 236 :
477 210 624 244 Σύνταγμα
647 209 718 236 κατὰ
735 210 867 244 στοιχεῖον
884 210 941 236 τῶν
960 209 1241 244 ὲμπεριειλημμένων
1260 207 1374 235 ἀπασῶν
1395 207 1552 234 ὑποθέσεων
1573 208 1630 239 τοῖς
1653 209 1736 241 ἱεροῖς

109 256 160 281 καὶ
190 255 273 286 θείοις
305 256 413 286 κανόσι,
447 256 564 290 πονηϐἑν
591 264 620 282 τε
646 256 704 290 ἅμα
729 256 776 282 καὶ
804 255 935 282 συντεθὲν
963 256 1001 290 τῷ
1029 257 1058 282 ὲν
1087 254 1276 290 ἱερομονάχοις
1301 254 1436 288 ἐλαχίστῳ
1457 253 1590 288 Ματθαίῳ
1616 253 1654 289 τῷ
1669 255 1738 280 Βλα-

109 301 199 336 στάρῃ
211 309 218 316 ·
236 300 382 335 Syntogina
399 302 601 335 alpitabcticum,
619 310 669 335 qua
686 301 733 328 sub
754 301 850 334 titulis,
866 301 1016 328 litterarum
1029 302 1120 327 ordine
1141 301 1260 335 digestis.
1279 309 1320 327 res
1336 308 1436 332 omnes,
1456 308 1515 335 quae
1529 301 1556 326 in
1570 300 1654 326 sacris
1672 299 1732 326 diri-

114 347 209 380 nisqne
225 347 652 382 rationibusIconipre/ieuduutur.
664 348 771 374 collatis
785 348 866 374 etiam
883 347 981 382 legibus
998 347 1125 378 civilibus,
1137 346 1273 380 (utAlexii
1283 346 1423 377 Coutneui,
1433 354 1459 379 p.
1475 346 1527 373 125
1540 347 1572 380 (‘)
1583 353 1589 377 ;
1602 345 1737 372 Constan-

111 392 161 418 tini
182 392 437 427 Porphyrogenettn,
451 402 476 427 p.
494 393 557 426 252,
572 393 643 426 258;
662 392 782 425 Novella,
804 401 830 427 p.
846 393 899 425 98;
919 398 946 420 et
960 398 1032 420 tonio
1049 393 1166 423 ttuiouis,
1187 400 1213 426 p.
1231 391 1282 424 6.1;
1300 391 1399 418 Leonis
1417 392 1492 426 δίῳ..
1517 400 1542 426 p.
1567 392 1612 423 31,
1632 391 1676 423 52,
1692 391 1738 422 61,

110 436 157 467 62.
173 437 217 469 61,
235 437 278 470 66,
296 438 422 472 75,104;
439 439 566 472 Heraclii,
579 439 668 474 p.98;
685 439 816 466 Mauuelis
830 439 972 471 Comucui,
985 439 1060 473 p.19,
1075 439 1123 466 101
1137 447 1144 472 ;
1161 439 1321 470 Andronici,
1336 446 1361 472 p.
1379 438 1452 471 258;
1470 438 1567 470 Alexii,
1581 445 1607 471 p.
1623 437 1666 469 76,
1681 437 1736 469 98;

111 483 207 509 lsaacii
225 483 332 518 Angeli,
348 492 375 519 p.
392 484 423 511 81
437 493 444 518 ;
464 490 490 512 et
503 483 649 513 Iustiniani
670 485 795 519 passim),
809 485 937 516 exposita:
959 489 1031 516 sunt,
1045 493 1072 519 p.
1092 484 1185 511 1-272.
1202 484 1232 511 In
1247 483 1408 510 l’rtcfalione
1422 483 1545 518 pluribus
1557 484 1664 511 disserit
1680 483 1738 510 Bla-

111 534 203 566 stares
217 529 250 556 de
267 529 377 563 scriptis
391 531 458 565 ipsis
471 535 498 558 et
514 531 700 564 scriptoribus,
717 538 748 558 ex
766 530 863 565 quibus
877 530 1024 565 Syntagma
1037 538 1116 557 suum
1130 531 1302 558 concinnavit.
1316 539 1322 556 :
1336 530 1368 556 de
1380 530 1530 556 rationibus
1544 530 1738 563 apostolorum,

114 575 148 600 de
166 575 270 609 synodo
285 574 503 610 Carthaginiensi
518 577 568 604 sub
583 577 612 604 S.
630 577 776 612 Cypriano,
788 577 821 604 dc
838 576 966 611 Dionysio
977 577 1056 604 Alex.
1073 570 1307 611 cujus‘epistolam
1328 575 1360 602 ad
1379 575 1513 602 Novatum
1528 575 1620 610 presb.
1640 575 1740 603 Itoma-

116 628 182 646 uum
213 620 310 654 all‘crt;
342 622 376 648 de
414 623 517 657 synodo
536 623 718 656 Autiochena,
745 623 779 650 de
810 623 884 650 Petri
903 623 982 649 Alex.
1002 622 1170 656 canonibus;
1208 622 1242 649 de
1277 623 1389 656 synodis
1411 621 1566 656 Ancyran-t,
1600 621 1741 649 Neocnsa-

113 666 209 698 riensi,
224 667 343 700 Niczena,
355 669 526 697 Autiochena
547 671 681 703 secunda,
695 671 861 703 Sardiccusi,
880 670 1046 703 Laodicena;
1063 671 1098 698 de
1115 671 1265 698 canonihus
1285 670 1334 697 SS.
1355 671 1510 702 Athanasii,
1531 671 1620 697 Basilii
1639 671 1739 705 Magni,
1777 662 1786 671 ’

113 712 237 747 Gregorii
253 713 383 749 Nysseni;
404 715 436 742 de
453 717 554 751 synodo
570 716 721 752 Gangrensi
741 722 766 745 et
780 717 833 745 (ΣΡ.
847 717 906 744 sive
925 717 1041 744 secunda
1059 717 1244 750 (ncuutenica;
1268 719 1301 744 de
1323 717 1475 743 cauouihus
1497 717 1544 744 SS.
1563 716 1695 743 Timothei
1714 724 1741 743 et

114 759 208 793 t‘yrilli
219 760 465 788 Alexandrinorum
478 771 486 796 ;
502 763 535 790 de
550 764 654 799 synodo
669 763 801 798 Ephesina
818 764 877 791 sive
891 764 1059 791 mcumeuica
1075 763 1163 796 tertia,
1178 771 1283 790 necnon
1300 763 1531 797 Carthaginiensi,
1549 768 1576 790 ct
1590 763 1740 790 Chalcedo-

115 805 193 832 nensi
209 806 266 833 sive
285 808 452 835 meumenica
467 814 585 843 quarta;
610 810 642 836 de
663 810 692 837 S.
712 809 850 837 Gennadio
867 809 932 841 (1P.,
951 810 984 836 de
1002 809 1107 843 synodo
1127 810 1296 836 (ecumcuica
1314 810 1418 843 quinta,
1443 814 1584 844 sextaque,
1610 817 1658 836 nec
1686 817 1739 836 non

114 852 269 884 quiuisexta
287 852 314 880 in
331 853 443 886 Trullo;
460 855 492 881 de
506 855 608 887 synodo
624 856 738 890 septima
757 855 925 882 mcumeuica
936 855 994 882 sive
1008 855 1115 882 Nicacna
1128 856 1247 882 secunda
1261 864 1267 888 ;
1284 855 1317 882 de
1334 856 1362 881 ὃ.
1378 855 1490 882 Tarasio
1508 855 1573 886 ΟΡ..
1589 855 1623 881 de
1637 855 1740 889 synodo

115 897 324 931 primosecunda
343 898 413 932 CP.;
435 900 469 927 de
497 901 601 935 synodo
619 901 669 928 sub
684 901 797 934 Photio;
812 906 840 929 et
857 903 890 928 de
901 901 1027 928 civilibus
1048 901 1151 935 legibus
1168 909 1315 935 eorumque
1329 901 1433 935 origine
1448 905 1474 927 et
1489 901 1691 927 constitutione.
1713 900 1741 927 lu

116 949 198 975 rpere
216 943 274 977 ipso
295 945 365 971 inter
385 945 436 972 alia
453 945 486 972 de
500 946 635 974 haereticis
654 955 679 982 p.
701 947 716 973 7
733 947 776 980 17,
794 947 947 974 disseritur.
964 947 1098 974 Praeterea
1117 947 1234 974 citantur
1250 949 1411 981 quandoque
1427 948 1511 974 etiam
1536 947 1684 979 Scriptores
1697 947 1741 973 alii

119 994 218 1021 praster
232 989 287 1021 jam
303 991 468 1024 nominatos,
486 996 515 1018 ut
531 991 675 1025 Homerus,
694 1001 720 1027 p.
734 993 786 1026 47;
802 993 937 1028 Josephus
949 997 974 1020 ct
988 992 1076 1024 Philo,
1094 1001 1121 1027 ιι.
1138 993 1185 1020 201
1204 1002 1211 1026 ;
1227 992 1342 1020 Isidorus
1356 993 1458 1023 Pelus..
1471 1000 1498 1026 p.
1513 993 1567 1020 εὶὖό
1581 1001 1588 1025 ;
1615 992 1740 1025 Photius,

120 1035 276 1068 patriarcha
289 1041 316 1062 et
332 1036 492 1065 Theodorus
505 1038 621 1072 Studita,
635 1047 661 1073 p.
677 1040 744 1072 109;
758 1039 919 1067 Theodorus
931 1040 1006 1072 Tiro,
1021 1040 1054 1067 de
1066 1039 1196 1066 miraculo
1207 1039 1355 1070 κολλύῆων,
1372 1047 1397 1073 p.
1411 1038 1479 1070 2.10;
1496 1038 1626 1070 Zonaras,
1639 1046 1665 1073 p.
1680 1039 1741 1071 114,

116 1080 188 1113 254;
203 1081 357 1116 Balsamon,
374 1091 401 1118 p.
418 1084 464 1117 56,
481 1085 525 1116 76.
547 1085 594 1119 77;
614 1085 716 1112 Eccles.
738 1085 823 1119 Hisl.,
841 1094 866 1120 p.
885 1087 958 1119 158;
977 1086 1199 1120 ChrysOstomus,
1220 1093 1247 1120 p.
1262 1085 1332 1117 232;
1358 1085 1377 1111 ll
1401 1086 1433 1111 ad
1455 1085 1626 1111 Theodorum
1649 1085 1741 1118 epist.,

118 1135 145 1162 ν.
163 1127 230 1161 195;
247 1129 274 1155 in
288 1128 454 1163 Maltlueum,
471 1139 497 1166 ι).
516 1131 579 1162 152,
591 1132 664 1164 218;
683 1132 792 1159 humilia
808 1133 853 1162 2|.
871 1133 888 1158 ll

973 1133 1132 1166 νδριάντων,
1146 1137 1173 1159 et
1188 1132 1205 1159 6
1222 1131 1324 1159 Contra
1338 1131 1457 1162 Judwos,
1474 1139 1500 1164 p.
1517 1131 1586 1162 173;
1603 1131 1624 1157 ll
1640 1131 1673 1157 de
1699 1138 1743 1158 sa-

116 1173 240 1201 cerdotio
258 1183 284 1209 p.
301 1176 362 1208 179,
378 1176 404 1203 in
419 1177 485 1204 Acta
501 1185 527 1212 p.
542 1178 587 1211 95,
603 1179 628 1205 iu
645 1178 731 1212 Epist.
749 1180 782 1206 ad
801 1179 924 1206 Thessal.
942 1186 969 1212 p.
994 1179 1055 1211 111,
1078 1178 1226 1213 Gregorius
1248 1177 1328 1210 Naz.,
1353 1185 1379 1211 p.
1400 1177 1445 1210 65,
1468 1177 1510 1210 71,
1533 1177 1602 1209 106;
1626 1176 1743 1212 Cyrillus

119 1219 197 1246 Alex.
217 1220 243 1247 iu
269 1221 379 1255 Isaiam,
401 1230 427 1256 p.
445 1223 515 1256 112;
532 1223 712 1257 Paphnutius,
739 1225 766 1251 in
787 1225 889 1252 conciti

976 1243 995 1256 .,
1020 1233 1045 1259 ι).
1067 1224 1118 1258 60;
1145 1229 1230 1259 poeta;
1255 1224 1357 1251 dictant
1382 1223 1491 1258 γυναιξὶ
1516 1223 1617 1257 κόσμον
1641 1223 1657 1258 ἡ
1680 1223 1743 1257 σιγὴ

120 1265 211 1301 φέρει,
230 1273 256 1301 p.
273 1267 322 1299 85;
334 1267 475 1296 Chumnus
492 1270 754 1303 Thessalonicensis,
767 1279 793 1305 p.
809 1271 855 1301 48,
874 1271 922 1303 $1;
935 1270 977 1298 Jo.
994 1270 1147 1302 Nesteutes,
1162 1279 1190 1305 p.
1206 1270 1251 1303 55,
1269 1271 1335 1302 164,
1352 1269 1515 1304 patriarchae
1531 1269 1584 1296 ΟΡ.
1602 1269 1700 1300 Lucas,
1717 1276 1743 1302 ῃ.

121 1311 167 1344 46,
192 1312 237 1346 99,
254 1313 317 1347 166,
332 1315 399 1347 178;
415 1314 555 1348 Nicolaus,
580 1324 606 1350 p.
628 1317 673 1349 19,
687 1316 756 1349 269;
773 1317 950 1349 Chliareuus,
972 1325 997 1352 p.
1020 1317 1088 1349 172;
1105 1316 1159 1343 Leo
1174 1316 1267 1351 Stypa,
1293 1324 1320 1350 p.
1343 1315 1377 1342 50
1389 1336 1396 1348 ,
1417 1315 1468 1347 51;
1492 1314 1612 1345 Aloxius,
1629 1322 1655 1348 p.
1669 1313 1742 1346 252;

121 1359 296 1395 Athanasius,
308 1369 334 1400 ρ.
349 1362 421 1396 258;
439 1363 563 1395 Michael,
578 1372 604 1398 p.
619 1364 683 1397 264,
696 1364 766 1398 269;
779 1364 947 1397 Theodotus,
959 1372 986 1399 p.
1001 1365 1045 1392 72.
1055 1365 1113 1392 Non
1129 1364 1187 1392 sine
1203 1363 1282 1390 laude
1297 1364 1390 1396 etiam,
1403 1371 1429 1397 p.
1442 1363 1487 1395 57,
1501 1362 1622 1389 uteminit
1633 1361 1745 1396 Symeo~

121 1406 164 1433 uis
180 1406 370 1442 Metaphrastac
387 1410 429 1436 his
452 1411 541 1437 verbis
557 1419 565 1438 ί
581 1411 667 1437 Πόσου
682 1411 774 1437 τοίνυν
789 1411 863 1444 ἄξιον
879 1411 891 1438 ἃ

990 1410 1168 1446 μακαρισμοῦ
1187 1411 1200 1436 ὁ
1214 1410 1366 1444 θαυμάσιος
1386 1408 1500 1443 Συμεὼν
1525 1410 1537 1434 ὁ
1556 1408 1586 1434 τὸ
1603 1407 1743 1434 καλεῖσθαι

119 1453 324 1491 Μεταφραστὴς
342 1457 525 1492 διαφερόντως
548 1458 603 1485 τῶν
623 1459 711 1486 ἄλλων
733 1459 968 1494 ἀπενεγκάμενος,
985 1459 998 1485 ὁ
1016 1460 1048 1494 τῇ
1071 1458 1181 1493 ἐπινοίᾳ
1199 1458 1247 1484 τοῦ
1267 1458 1346 1492 ἁγίου
1364 1458 1526 1491 Πνεύματος
1541 1456 1576 1482 τὰ
1591 1455 1645 1481 τῶν
1660 1454 1745 1488 ἁγίων

122 1501 272 1536 μαρτύρων
287 1503 358 1538 ὑπὲρ
369 1503 500 1539 ἀληθείας
513 1505 664 1540 σκάμματα.
680 1505 790 1537 πολλοῖς
801 1505 893 1541 ἱδρῶσι
907 1506 955 1532 καὶ
969 1505 1061 1535 πόνοις
1074 1504 1313 1540 συγγραψάμενος,
1327 1504 1374 1530 καὶ
1385 1503 1499 1538 δυνάμει
1513 1502 1592 1534 λόγου
1605 1502 1653 1527 καὶ
1663 1501 1746 1535 σοφίᾳ

121 1547 258 1579 καλλύνας
271 1549 312 1579 εὶς
327 1549 412 1584 ὕμνον
426 1550 473 1576 τοῦ
489 1551 592 1587 Κυρίου
604 1551 683 1586 ἡμῶν
704 1551 792 1586 Ἰησοῦ
808 1551 939 1587 Χριστοῦ,
953 1552 1001 1579 καὶ
1013 1550 1093 1584 δόξαν
1109 1551 1314 1582 διαιωνίζουσαν
1330 1550 1383 1576 τῶν
1396 1549 1466 1584 ὑπὲρ
1479 1548 1563 1574 αὑτοῦ
1581 1546 1745 1582 ἡγωνισμέ-

123 1602 176 1620 ιων
195 1594 280 1628 ἁγίων
297 1597 452 1631 μαρτύρων,
465 1597 510 1623 καὶ
527 1598 581 1624 πᾶν
596 1597 724 1629 δυσσεϐὲς
749 1598 911 1633 ἀπορράψας
936 1599 1034 1632 στόμα,
1052 1598 1098 1624 καὶ
1119 1597 1181 1632 μηδ’
1196 1596 1337 1631 ἡντιναοῦν
1357 1595 1493 1630 πρόφασιν
1512 1592 1675 1628 ἁμφιῦολίας
1689 1591 1746 1622 τοῖς

122 1639 248 1666 εὐσεϐέσι
261 1642 417 1668 καταλιπών
430 1650 437 1657 ·
455 1643 569 1674 Quanta:
584 1643 664 1677 igitur
679 1643 812 1671 beatilatis
827 1652 892 1678 prazc

975 1653 1016 1671 me
1032 1645 1125 1679 dignus
1142 1648 1180 1670 est
1197 1642 1372 1669 admirandus
1388 1642 1432 1668 ille
1450 1641 1574 1676 Symeon,
1591 1639 1637 1674 qui
1658 1636 1745 1664 Heta-

124 1685 244 1718 plirasles
259 1687 313 1713 dici
331 1688 431 1722 egregie
452 1697 507 1722 prie
524 1690 584 1716 aliis
598 1691 703 1722 meruit,
722 1691 767 1725 qui
782 1692 868 1718 sancti
885 1690 1001 1724 Spiritus
1022 1691 1206 1725 inspiratione,
1223 1696 1373 1717 sanctorum
1399 1693 1547 1722 martyrum
1571 1694 1618 1720 pro
1638 1686 1747 1712 veritate

121 1732 269 1758 certamina
283 1741 335 1759 non
351 1733 408 1760 sine
421 1734 511 1761 multis
523 1735 663 1762 sudoribus
679 1741 703 1763 et
714 1737 850 1763 laboribus
865 1737 1030 1772 conscripsit,
1049 1743 1073 1764 et
1091 1745 1209 1769 neruosa,
1225 1738 1385 1771 eloquenter,
1400 1735 1582 1769 sapienterque
1597 1731 1746 1762 exornavit,

124 1778 159 1803 ad
180 1777 285 1806 laudem
311 1779 415 1807 Domini
436 1782 520 1808 nostri
543 1781 607 1809 Iesu
629 1782 740 1816 Clu-isti,
755 1788 779 1810 et
794 1789 946 1811 sanctorum
960 1790 1117 1820 martyrum,
1133 1785 1176 1819 qui
1190 1792 1237 1819 pro
1253 1792 1281 1810 eo
1295 1783 1439 1810 certamina
1459 1781 1591 1810 obierunt,
1608 1785 1747 1813 perennem

123 1823 237 1856 gloriam
253 1832 261 1851 :
276 1826 371 1859 quique
384 1835 459 1854 omne
473 1835 501 1854 os
513 1828 623 1862 impium
635 1829 779 1862 obturauit,
793 1834 817 1856 et
831 1830 881 1864 piis
895 1830 996 1857 nullum
1007 1831 1113 1857 omnino
1122 1829 1260 1857 dubitandi
1274 1833 1430 1863 praetextum
1443 1827 1559 1861 reliquit.
1573 1826 1692 1852 Secutus
1706 1830 1748 1850 est

124 1870 262 1897 lllastares
277 1871 478 1906 Balsamonem,
495 1874 571 1908 cujus
585 1875 641 1902 haec
655 1880 717 1902 sunt
730 1876 762 1902 ad
779 1884 839 1903 can.
859 1876 894 1903 65

979 1876 1045 1903 lan.:
1064 1876 1153 1911 Χάρις
1169 1875 1207 1910 τῷ
1222 1875 1362 1910 μακαρίτῃ
1379 1873 1565 1907 Μεταφραστῇ
1575 1871 1614 1906 τῷ
1628 1871 1662 1897 τὰ
1679 1878 1747 1905 μαρ-

122 1916 224 1949 τυρικᾶ
237 1917 308 1952 ὑπὲρ
323 1919 373 1953 τῆς
389 1919 518 1954 ἀληθείας
532 1921 686 1956 σκάμματα
699 1922 808 1953 πολλοῖς
824 1921 917 1953 πόνοις
933 1921 981 1948 καὶ
999 1922 1092 1957 ἱδρῶσι
1109 1921 1345 1948 καταχαλλύναντι
1361 1921 1401 1949 είς
1417 1919 1501 1954 ὕμνον
1519 1917 1586 1945 Θεοῦ
1606 1918 1654 1944 καὶ
1669 1916 1748 1948 δόξαν

124 1961 309 1993 αὶωνίζουσαν
324 1965 378 1990 τῶν
394 1966 491 2000 ἁγίων.
505 1966 635 1995 Addenda
647 1969 703 1996 [nec
715 1969 777 1995 aliis
785 1968 894 1996 aliorun

124 2012 152 2034 ct
167 2007 221 2035 vol.
239 2009 275 2035 Χ.
289 2019 314 2035 n.
335 2012 385 2035 180
403 2020 460 2035 non.

977 1968 1146 2003 letaphraste
1157 1967 1332 1999 testimoniis,
1345 1974 1405 2000 qua:
1417 1966 1495 1993 attuli
1511 1965 1564 1993 vol.
1577 1963 1646 1998 Vill,
1658 1971 1684 1999 p.
1697 1963 1745 1995 29;

124 2012 152 2034 ct
167 2009 221 2036 vol.
239 2009 275 2042 Χ,
288 2019 314 2044 p.
335 2012 385 2039 180
403 2020 461 2048 seq.

156 2111 187 2143 (⁵]
201 2114 305 2143 t'agtnas
321 2112 434 2144 intelligo
450 2113 566 2138 editionis
577 2113 709 2146 Bet'eregii
722 2121 782 2145 quas
799 2114 908 2139 numeris
923 2114 1094 2146 grandioribus
1106 2113 1130 2138 in
1144 2116 1214 2139 textu
1227 2113 1313 2138 Latino
1324 2110 1502 2142 expressimus.
