1951 3065
235 104 288 134 96]

827 97 1010 128 ΜΑΤἸἩίΕΙ
1031 97 1240 128 BLASTARlS

1799 99 1857 132 964

234 159 343 185 cmlitus
368 158 483 186 demissa
501 157 621 185 Ecclesia
647 157 784 190 hucusque
803 155 884 180 etiam
913 159 1024 179 venera—

1081 152 1179 186 ὶνδρῶν
1203 153 1280 187 ἔνιοι,
1303 152 1342 181 ὧν
1361 156 1373 181 ὁ
1397 154 1500 190 μεταξὺ
1519 154 1613 190 χρόνος
1636 154 1667 180 τὸ
1689 154 1785 188 περιδν
1801 155 1859 182 οὐκ

236 210 288 235 tur,
302 209 326 230 ct
344 212 395 230 non
413 204 511 231 minori
538 211 617 237 quam
642 203 731 229 divina
759 199 902 234 Evangelia
921 198 1022 224 honore

236 251 422 283 prosequitur,
449 251 547 283 quippe
563 249 633 284 qttod
657 249 712 274 hmc
728 247 809 273 etiam
825 251 918 271 eorum
935 243 1022 269 fontes

236 302 329 321 revera
353 303 383 321 ac
412 295 517 322 radices
533 293 650 320 fuerunt.
667 292 737 324 Quin
751 291 830 317 etiam
858 293 1023 323 qua-cunque

237 349 374 369 sacronnu
393 341 514 368 nonnulli
531 340 681 371 hominum,
697 345 810 372 quorum
828 336 936 362 virtutis
958 341 1024 368 pra:-

239 389 368 414 stantiam
385 392 492 421 tempus
507 385 696 412 intermediqu
710 382 847 410 occultare
858 388 909 407 non
926 379 1022 414 potuit,

238 432 266 458 in
286 432 407 466 epistolis
423 432 457 458 ad
480 430 637 465 quaestionis
660 436 687 455 et
712 426 893 461 respuusionis
918 425 1023 450 modqu

239 478 398 512 compositis
413 477 456 512 pie
467 476 678 511 pronuntiarunt
692 473 803 501 canonis
820 478 874 506 prae
890 477 920 496 se
936 470 1025 496 fcren-

241 524 277 550 tia
296 529 387 558 typum
402 543 408 554 ,
426 527 553 556 tanquam
585 527 703 548 canones
717 517 835 545 Ecclesia
858 515 981 545 admisit,
998 518 1026 540 et

241 571 377 603 pra‘dictis
405 569 570 604 synodorum
589 564 736 593 canonibus
762 562 856 589 merito
870 559 1024 587 connexuit.

241 615 314 642 Bene
349 615 449 641 etenim
479 613 594 647 magnis,
631 610 729 638 Basilio
748 607 971 643 praestantissimo
999 610 1026 632 ct.

242 661 372 694 Gregorio
389 659 523 693 'l‘heologo
534 657 660 692 plaeittnu
684 660 734 688 est,
754 661 801 682 eos
826 651 1026 680 ecclesiasticos

242 706 371 733 dicendos
396 713 457 732 esse
476 710 556 738 atque
582 702 731 730 censendos
746 706 872 728 canones,
888 705 940 725 non
957 704 1026 732 quos

241 760 291 779 suo
307 753 441 787 quispiam
462 751 583 781 arbitrio,
597 749 643 776 sed
659 755 726 783 quos
757 747 848 781 plures
862 745 948 772 sancti
978 743 1027 770 Pa-

246 803 302 825 tres
320 799 413 825 codem
436 798 463 824 in
484 797 542 824 loco
558 794 712 830 congregati
730 792 865 820 communi
891 790 1025 818 sententia

242 848 269 869 ct
289 843 403 870 sollicita
425 849 514 868 rerum
537 840 725 874 disquisitione
751 837 961 865 constituerunt.
975 835 1026 862 Ve-

244 893 395 915 rumtamen
416 887 514 914 idcirco
528 887 599 921 quod
615 886 658 919 qui
683 885 740 912 haec
763 884 939 918 scripserunt,
966 886 1026 908 tan-

242 942 321 969 quam
340 933 427 960 sidera
447 940 553 966 semper
573 931 743 962 effulserunt,
770 933 797 957 et
812 928 936 964 plurimis
961 934 1025 954 con-

243 981 310 1007 stitit
337 978 498 1007 testimouiis
530 979 588 1004 haec
616 978 675 1004 sine
698 976 823 1003 diviniori
854 974 1027 1008 inspiratiOue

245 1026 453 1058 haudquaquam
466 1023 611 1050 constituta
632 1028 703 1052 esse,
718 1020 883 1055 synodorum
910 1016 1027 1045 decretis

245 1070 328 1097 nihilo
341 1071 525 1100 dissentanea,
539 1069 586 1095 sed
600 1067 727 1100 subjecta:
740 1065 860 1092 materia:
872 1063 1026 1090 aliinitatem

245 1115 526 1150 proculoslendcutia.
544 1115 600 1140 hace
615 1114 697 1140 etiam
714 1118 807 1139 sacras
824 1111 894 1137 inter
910 1116 1027 1137 canones

248 1166 435 1187 recensentur.
457 1159 538 1186 llisce
556 1158 639 1194 igitur
654 1165 760 1191 semper
776 1156 930 1183 incumbere
942 1154 1026 1188 pieta-

247 1206 282 1232 tis
305 1207 429 1232 alumnos
445 1205 531 1236 decet,
550 1209 576 1230 et
593 1203 751 1236 irrequietos
775 1201 870 1228 anima:
896 1204 983 1226 motus
996 1199 1028 1225 iis

247 1251 362 1285 illigare,
389 1256 415 1278 et
441 1258 491 1277 nec
517 1249 658 1277 minimum
681 1248 706 1274 ei
733 1246 862 1280 temporis
886 1244 1027 1271 articulum

249 1296 398 1323 concedere
427 1302 480 1329 quo
503 1294 626 1328 genuinis
649 1291 818 1326 dogmatibus
844 1290 979 1318 derelictis
995 1289 1028 1315 ad

248 1341 400 1368 adulterina
422 1340 563 1367 delabatur
579 1347 587 1366 :
602 1338 639 1365 ila
655 1340 725 1364 enim
742 1336 830 1364 verbis
849 1335 1030 1370 operibusque

248 1387 325 1414 houis
342 1387 377 1413 ita
393 1390 523 1420 perpetuo
538 1389 673 1418 occupatae
685 1391 718 1410 ex
738 1383 802 1417 ipsis
817 1383 897 1408 etiam
912 1381 1031 1408 somnio-

250 1441 307 1458 ium
331 1432 479 1458 visionibus
507 1431 611 1457 divinas
634 1430 732 1457 habere
753 1427 955 1462 imaginatioues
983 1426 1032 1452 ob-

249 1477 348 1505 wniet.
364 1477 416 1504 Per
434 1477 514 1504 hosce
530 1476 613 1508 enim,
634 1480 763 1509 quantum
775 1475 808 1501 ad
828 1474 952 1508 dogmata
966 1473 1030 1499 atti-
1042 1491 1065 1522 ο

249 1529 306 1556 net,
338 1528 441 1557 rectum
473 1523 506 1549 ab
523 1522 642 1556 obliquo,
674 1526 699 1548 ct
721 1520 865 1554 genuinum
903 1526 918 1546 a
946 1518 1031 1545 notho

248 1568 403 1596 accuratius
424 1576 503 1602 quam
520 1575 568 1602 per
582 1566 696 1601 Lydiqu
713 1572 899 1599 quemcunque
916 1563 1030 1598 lapidem

247 1615 420 1649 diiudicatur.
436 1614 470 1642 lli
482 1614 598 1641 dominis
623 1614 696 1648 leges
713 1612 802 1638 lerunt
816 1615 843 1638 et
856 1611 960 1643 servis;
976 1617 1033 1636 ma-

249 1661 408 1694 gistratibus
426 1665 454 1686 et
469 1658 606 1693 subjectis;
629 1657 784 1692 parentibus
801 1661 827 1683 et
841 1657 948 1688 liberis;
968 1656 1033 1683 viris

249 1710 276 1733 ct
288 1705 461 1736 mulieribus;
477 1704 650 1730 matrimonio
667 1708 693 1729 et
705 1700 849 1734 catlihatui;
862 1702 1034 1730 abstinentiae

249 1755 277 1776 et
293 1749 386 1782 victui;
416 1749 556 1783 sapientia:
582 1752 610 1774 et
639 1747 808 1782 ignorantiae.
835 1746 967 1774 Praeterea
1004 1747 1031 1773 hi

249 1795 333 1822 etiam
372 1795 552 1829 imperatores
585 1794 706 1820 omnium
746 1793 863 1819 maxime
902 1792 1051 1835 honorare.

248 1841 387 1876 iubentes,
407 1840 465 1874 plus
481 1846 574 1866 rursus
586 1845 666 1872 quam
684 1845 731 1872 par
744 1842 796 1870 est,
821 1837 1034 1872 imprudentibus

250 1893 345 1914 eorum
363 1884 497 1912 mandatis
513 1891 543 1911 se
560 1883 717 1910 submittere
734 1888 828 1909 natura
853 1890 906 1910 non
927 1890 1034 1917 compa-

253 1936 356 1965 rantur,
383 1930 468 1957 multo
495 1935 582 1956 autem
611 1928 698 1955 minus
710 1927 865 1955 inferiorum
890 1928 1033 1962 magistra-

251 1982 342 2009 tuum,
379 1976 420 2002 vel
458 1974 620 2002 exercitibus
649 1973 848 2008 praefectorum.
887 1973 1033 1999 I‘lurimum

250 2022 322 2050 enim
336 2029 427 2049 eorum
446 2022 563 2048 studium
579 2020 649 2047 circa
674 2021 776 2054 regium
799 2019 924 2046 Ecclesia:
944 2027 1034 2046 sacer-

251 2068 353 2094 dotiqu
382 2072 505 2093 versatur
523 2075 530 2093 :
546 2071 575 2091 ut
600 2073 652 2092 non
682 2065 781 2100 indigni
808 2064 861 2091 Deo
891 2065 1034 2099 appropin-

251 2118 352 2148 quante
365 2112 506 2139 videa‘ntur
529 2112 575 2145 qui
592 2112 615 2137 ei
629 2112 846 2145 appropinquare
860 2111 946 2137 sortiti
961 2115 1033 2142 sunt,

1075 199 1169 232 ῖσχυσε
1184 199 1288 234 κρύψαι
1305 200 1355 234 τῆς
1371 200 1483 234 ἀρετῆς,
1497 202 1525 226 ἐν
1537 199 1702 230 ἐπιστολαῖς.
1718 199 1771 234 ἰδίᾳ
1785 201 1861 226 κατὰ

1075 243 1171 270 πεῦσιν
1187 245 1235 270 καὶ
1258 245 1404 280 ἀπόκρισιν
1421 245 1617 276 συντεθείσαις,
1638 244 1758 275 εὐσεϐῶς
1779 245 1863 280 εἰρή-

1074 299 1150 322 κασι,
1163 291 1275 322 κανόνος
1289 291 1406 325 φέροντα
1419 291 1514 322 τύπον,
1526 291 1562 321 ὡς
1575 291 1689 321 κανόνας
1701 291 1717 324 ἡ
1740 290 1862 324 Ἐκκλη-

1075 337 1120 362 σία
1135 336 1255 369 ἐδέξατο,
1277 337 1325 363 καὶ
1345 338 1402 368 τοῖς
1429 336 1595 372 προλαϐοῦσι
1617 336 1670 362 τῶν
1692 336 1811 362 συνόξων
1828 333 1860 362 εὖ

1077 383 1148 417 μάλα
1160 384 1342 418 συνήρμοσεν.
1359 384 1391 410 El.
1411 384 1466 418 γὰρ
1487 383 1534 410 καὶ
1553 384 1609 413 τοῖς
1630 382 1760 417 μεγάλοις
1774 382 1864 408 Βασι-

1075 427 1140 462 λείῳ
1160 428 1199 463 τῷ
1222 428 1311 459 πάνυ,
1342 429 1390 454 καὶ
1417 428 1560 463 Γρηγορίῳ
1581 427 1620 462 τῷ
1636 427 1761 462 Θεολόγῳ
1776 427 1864 454 ,δοκεί

1076 476 1174 509 χρῆναι
1189 475 1303 504 κανόνας
1323 474 1568 507 ἐκκλησιαστικοὺς
1587 473 1708 504 ἐκείνους
1721 473 1815 506 λέγειν
1830 481 1863 499 τε

1076 520 1124 545 καὶ
1139 519 1270 554 νομίζειν,
1286 519 1333 549 οὒς
1348 519 1377 544 ού
1394 518 1455 544 καθ’
1474 518 1570 544 ἑαυτόν
1590 525 1641 548 τις,
1660 517 1729 544 ἀλλὰ
1747 517 1864 548 πλείους

1077 565 1150 598 ἅγιοι
1167 565 1289 600 Πατέρες
1303 564 1341 594 είς
1354 564 1436 590 ταυτὸ
1448 564 1593 594 συνιόντες,
1608 564 1685 597 κοινῇ
1700 562 1797 598 γνώμῃ
1813 563 1866 589 καὶ

1079 611 1309 646 μεμεριμνημένῃ
1325 610 1436 644 βασάνῳ
1455 608 1620 640 διετάξαντο,
1631 608 1698 635 ἀλλά
1711 617 1743 642 γε
1760 608 1799 643 τῷ
1815 608 1863 635 διὰ

1077 657 1187 683 πάντων
1200 655 1348 690 ἐκλάμψαι,
1361 655 1409 682 καὶ
1420 655 1483 685 τοὺς
1493 654 1580 680 ταῦτα
1593 654 1752 689 γράψαντας
1764 653 1865 687 ὥσπερ

1076 702 1206 735 ἀστέρας,
1224 702 1270 728 καὶ
1288 702 1326 736 τῷ
1342 701 1450 732 πολλοῖς
1467 699 1629 735 μαρτυρίοις
1642 699 1864 733 ἐπιγνωσθῆναι,

1079 747 1117 781 μὴ
1134 747 1274 780 θειοτέρας
1289 746 1374 781 χωρὶς
1389 745 1535 777 ἐπιπνοίας
1549 745 1637 772 ταῦτα
1653 744 1864 779 συντεταχέναι,

1077 793 1180 828 ἣκιστα
1195 793 1255 823 ταῖς
1266 791 1320 818 τῶν
1340 792 1458 819 συνόδων
1472 792 1621 826 ζητήσεσιν
1637 791 1864 825 ἀπεμφαίνοντα,

1079 838 1147 865 ἀλλὰ
1160 837 1191 864 τὸ
1203 838 1336 872 συγγενὲς
1349 838 1399 872 τῆς
1413 837 1598 872 προκειμένης
1617 837 1758 872 πόρρωθεν
1770 837 1867 870 ἐμςα-

1080 883 1187 914 νίζοντα
1203 883 1407 918 πραγματείας,
1424 884 1481 914 τοῖς
1495 883 1578 918 ιεροῖς
1598 882 1792 916 ἐνεγράφησαν
1815 883 1865 909 καὶ

1078 929 1114 954 τὰ
1124 927 1227 954 τούτων
1240 928 1345 954 κανόσι.
1363 927 1474 958 Τούτοις
1485 928 1575 953 τοίνυν
1589 927 1723 961 προσήκει
1733 927 1796 957 τοὺς
1813 927 1865 960 τῆς

1080 974 1223 1004 εὐσεϐείας
1235 973 1387 1008 τροφίμους
1409 973 1539 1000 ἑκάστοτε
1559 972 1748 1007 προσανέχειν,
1767 972 1817 998 καὶ
1831 973 1862 998 τὸ

1079 1022 1128 1054 τῆς
1142 1019 1231 1054 ψυχῆς
1246 1019 1400 1053 ἀεικίνητον
1422 1018 1611 1052 προσδεσμείν,
1634 1016 1682 1043 καὶ
1703 1016 1740 1051 μὴ
1757 1016 1863 1043 διδόναι

1081 1065 1176 1099 καιρὸν
1197 1065 1265 1099 αὐτῇ
1288 1064 1343 1090 τῶν
1358 1063 1476 1098 γνησίων
1491 1062 1616 1097 ἀφεμένη
1635 1061 1778 1095 δογμάτων
1794 1061 1866 1096 πρὸς

1080 1112 1115 1138 τὰ
1131 1110 1196 1137 νόθα
1211 1109 1443 1137 κατολισθαίνεινι
1468 1108 1538 1134 οὕτω
1554 1108 1608 1142 γὰρ
1623 1108 1692 1142 αὐτῇ
1706 1107 1796 1140 λόγοις
1815 1107 1864 1132 καὶ

1081 1157 1244 1190 πράγμασιν
1257 1155 1370 1189 ἀγαθοῖς
1386 1154 1602 1190 ἐνδιατριϐούσῃ,
1617 1154 1663 1180 καὶ
1675 1154 1723 1184 τὰς
1734 1154 1764 1186 ἐξ
1774 1153 1864 1187 ὅψεως

1081 1202 1194 1236 ὀνείρων
1210 1201 1362 1235 φαντασίας
1384 1200 1492 1232 ἐνθέους
1517 1200 1588 1234 ἔχειν
1606 1199 1737 1234 ὑπάρξει·
1756 1199 1866 1230 τούτοις

1081 1248 1136 1283 γὰρ
1151 1247 1182 1273 τὸ
1196 1247 1262 1282 περὶ
1276 1246 1310 1273 τὰ
1322 1247 1447 1280 δόγματα
1463 1246 1541 1277 εὺθές
1556 1246 1603 1272 τοῦ
1621 1245 1738 1276 σκολιοῦ,
1764 1245 1812 1271 καὶ
1832 1245 1864 1270 τὸ

1083 1294 1194 1328 γνήσιον
1208 1292 1257 1319 τοῦ
1272 1292 1361 1324 νόθου,
1375 1292 1464 1326 πάσης
1477 1291 1551 1318 λίθοι)
1562 1291 1655 1322 Ιύδῐας
1667 1290 1866 1324 ἀκριόἐστερον

1083 1340 1267 1373 διακρίνεται’
1283 1334 1356 1364 οὗτοι
1371 1337 1517 1368 δεσπόταις
1535 1337 1711 1371 νομοθετοῦσι
1737 1336 1784 1362 καὶ
1804 1336 1866 1363 δού-

1083 1386 1151 1417 λοις,
1168 1385 1281 1420 ἄρχουσι
1303 1385 1350 1410 καὶ
1368 1384 1540 1419 ἀρχομένοις,
1558 1383 1666 1417 γονεῦσι
1682 1383 1728 1410 καὶ
1745 1383 1864 1415 τέκνοις,

1083 1431 1197 1466 ἀνδράσι
1213 1432 1261 1457 καὶ
1275 1430 1392 1464 γυναιξὶ,
1415 1430 1496 1464 γάμῳ
1508 1429 1556 1455 καὶ
1578 1430 1697 1463 ἀγαμία,
1714 1429 1866 1463 ἐγκρατείᾳ.

1084 1478 1131 1504 καὶ
1142 1477 1244 1512 τρυφῇ,
1261 1476 1343 1510 σοφίᾳ
1359 1476 1406 1502 καὶ
1419 1475 1540 1510 ἀμαθίᾳ·
1557 1474 1633 1501 ταῦτ’
1653 1475 1708 1509 ἄρα
1723 1474 1771 1501 καὶ
1787 1474 1867 1509 βασι-

1082 1523 1146 1553 λέας
1160 1521 1261 1552 παντὸς
1279 1520 1379 1556 μᾶλλον
1400 1520 1483 1555 τιμᾷν
1498 1519 1698 1550 ἐπιτάττοντες,
1715 1519 1797 1546 πλέον
1816 1516 1867 1545 αὖ-

1083 1569 1126 1598 θις
1153 1568 1169 1603 ἢ
1195 1567 1267 1603 χρὴ,
1288 1567 1347 1598 ταῖς
1372 1566 1527 1600 ἀλογίστοις
1552 1566 1655 1593 τούτοιν
1679 1566 1729 1592 οὐκ
1755 1566 1867 1599 ἐφιᾶσιν

1083 1613 1250 1639 ὑποπίπτειν
1275 1612 1433 1645 ἐπιταγαῖς,
1456 1610 1555 1638 πολλοῦ
1575 1619 1606 1644 γε
1629 1611 1670 1637 δεῖ
1692 1610 1824 1645 ὑπάρχων
1848 1609 1865 1644 ἢ

1084 1658 1256 1693 στρατηγῶν.
1272 1656 1342 1690 ’Ίίγε
1358 1657 1412 1691 μὴν
1432 1656 1532 1682 πλείων
1554 1655 1659 1687 τούτοις
1675 1656 1777 1691 σπουδὴ
1799 1658 1867 1689 περὶ

1083 1704 1115 1730 τὸ
1143 1702 1278 1738 βασίλειον
1301 1700 1351 1736 τῆς
1388 1701 1553 1736 Ἐκκλησίας
1590 1701 1759 1735 καθέστηκεν
1792 1700 1866 1735 ἱερά-

1083 1757 1182 1782 τευμα.
1210 1749 1283 1778 ὅπως
1313 1747 1350 1782 μὴ
1377 1746 1482 1778 ἀνάξιοι
1505 1747 1552 1773 τοῦ
1576 1746 1730 1781 ἐγγίζοντος
1757 1745 1866 1779 ὀφθεῖεν

1083 1794 1152 1820 Θεοῦ
1165 1794 1188 1820 οἱ
1205 1793 1326 1828 ἐγγίζειν
1342 1793 1470 1827 λαχόντες
1485 1793 1571 1828 αὐτῷ,
1587 1792 1625 1825 τῷ
1641 1793 1679 1827 μὴ
1693 1792 1766 1819 κατὰ
1786 1792 1865 1826 θέλη-

1085 1849 1127 1867 σιν
1144 1840 1248 1867 ἐκείνου
1261 1840 1367 1873 βιῶναι,
1386 1839 1443 1865 ἀλλ’
1465 1840 1504 1869 εἰς
1523 1838 1596 1864 τοῦθ’
1615 1839 1733 1873 ἥκοντας
1751 1839 1864 1872 ἀρετῆς,

1084 1886 1122 1917 ὡς
1147 1886 1208 1916 ταῖς
1234 1886 1300 1919 περὶ
1326 1884 1394 1911 Θεδν
1421 1884 1582 1917 ἀγγελικαῖς
1598 1884 1740 1918 δυνάμεσι,
1765 1883 1798 1910 τὸ
1816 1885 1866 1915 τῆς

1083 1931 1172 1966 ψυχῆς
1188 1932 1221 1957 ἐκ
1243 1931 1298 1956 τῶν
1321 1929 1436 1956 ἐνόντων
1462 1929 1609 1963 ἀφομοιοῦν
1625 1928 1746 1962 εὐγενὲς,
1765 1930 1813 1955 καὶ
1833 1931 1867 1956 τὰ

1084 1977 1185 2003 τούτων
1203 1976 1270 2010 μετὰ
1287 1975 1337 2009 τῆς
1356 1974 1422 2010 ὕλης
1441 1974 1590 2005 δεικνύναι,
1620 1974 1657 2009 μὴ
1675 1973 1705 2000 τὸ
1728 1976 1762 2008 τῇ
1785 1974 1866 2008 φύσει

1085 2021 1277 2056 περικείμενον
1291 2021 1372 2056 ἄχθος
1393 2020 1608 2055 προϊστάμενοι·
1630 2019 1742 2051 τούτους
1765 2022 1816 2047 οὐκ
1835 2022 1866 2047 ἄν

1084 2075 1128 2098 τις
1154 2066 1272 2101 ἁμάρτοι
1294 2067 1384 2093 κοινὸν
1408 2065 1563 2100 προσειπὼν
1592 2066 1720 2100 ἰατρεῖον,
1739 2065 1866 2098 ἑκάστοις

1085 2113 1140 2140 τῶν
1151 2112 1301 2139 νοσούντων
1313 2113 1465 2147 κατάλληλα
1479 2112 1663 2147 κεραννύντας
1675 2112 1709 2138 τὰ
1722 2112 1866 2148 φάρμακα.

250 2165 283 2185 eo
297 2158 369 2191 quod
397 2165 447 2183 non
461 2156 537 2190 juxta
561 2156 646 2191 ipsius
664 2155 826 2183 voluntatem
855 2156 936 2182 vitam
953 2163 1029 2182 suam

1083 2159 1121 2184 Οὐ
1139 2159 1192 2193 μὴν
1205 2158 1273 2184 ἀλλὰ
1292 2159 1338 2184 καὶ
1358 2158 1413 2184 τῶν
1430 2158 1543 2193 νωθρῶς
1564 2158 1630 2192 περὶ
1648 2157 1695 2193 τὴν
1717 2158 1866 2192 θεραπείαν

251 2204 404 2232 instituant.
435 2204 481 2230 sed
495 2210 527 2229 eo
544 2202 651 2228 virtutis
666 2202 834 2235 perveniant,
850 2207 878 2228 ut
903 2202 1032 2236 angelicis

251 2257 311 2284 qua:
335 2249 419 2275 Deum
456 2248 633 2275 circumstant
661 2247 836 2280 potestatibus
871 2248 1029 2275 nobiliorem

251 2295 347 2320 animae
361 2299 474 2327 partem,
492 2298 620 2326 quantum
638 2293 695 2321 ﬁeri
712 2297 809 2327 potest,
836 2293 951 2320 similem
970 2295 1032 2321 red-

252 2340 328 2370 dant,
342 2345 440 2370 easque
456 2339 480 2364 iu
502 2338 613 2364 materia
638 2342 840 2372 reprtcscntent.
864 2339 955 2364 llorcm
983 2346 1032 2365 na-

254 2389 312 2410 tura
336 2383 558 2417 circumpositum
587 2390 755 2417 nequaquam
777 2383 960 2418 pra-l‘erentes.
979 2383 1033 2411 llos

254 2431 276 2457 si
292 2431 351 2463 quis
377 2436 519 2456 commune
544 2429 716 2462 appellaverit
733 2430 989 2464 phartuacnpolmm,
1019 2438 1033 2456 a

254 2484 318 2502 vero
334 2484 385 2502 non
401 2475 547 2505 aberraret,
565 2479 592 2501 ut
607 2476 650 2508 qui
669 2468 782 2509 singulis
794 2476 901 2510 aegrotis
916 2483 1033 2509 congrua

255 2521 432 2547 commiscent
449 2521 602 2554 pharmaca.
626 2520 694 2552 Quin
710 2521 789 2548 etiam
807 2529 839 2548 ex
867 2522 900 2547 iis
918 2522 963 2555 qui
981 2525 1035 2547 tar-

255 2568 344 2593 diorcs
369 2567 393 2592 iu
419 2567 557 2592 curatione
585 2567 748 2593 admittenda
776 2574 806 2593 se
836 2571 942 2601 gerunt,
969 2575 1036 2594 tton-

257 2613 337 2640 uullis
355 2613 462 2646 quidem
477 2613 605 2639 terribilia
639 2613 798 2639 iuleutaudo
818 2613 948 2645 excitant,
977 2613 1036 2640 aliis

255 2664 343 2686 autem
361 2659 511 2686 futurorum
525 2660 654 2692 promissa
668 2660 693 2685 iu
709 2659 865 2686 memoriam
881 2664 1037 2686 revocantes

254 2714 306 2732 non
319 2705 458 2732 diliicnller
472 2706 602 2731 aliieiunt.
620 2705 814 2739 Nonnunquam
829 2710 917 2731 autem
930 2713 976 2733 eos
989 2706 1035 2740 qui

254 2758 304 2778 nec
336 2751 530 2778 medicamenta
551 2751 706 2782 admittunt,
723 2757 772 2777 nec
789 2751 913 2777 mandata
931 2759 1035 2784 eorum,

254 2796 300 2824 sed
317 2797 425 2824 sibimet
451 2795 613 2830 ptenitcutize
641 2801 746 2830 portum
766 2804 814 2830 per
838 2797 1035 2824 contumaciam

1081 2203 1262 2238 διακειμένων
1277 2204 1341 2235 τοὺς
1358 2204 1419 2238 μὲν,
1434 2204 1638 2238 ἀνατεινόμενοι
1658 2205 1692 2230 τὰ
1713 2204 1866 2237 δεινότατα.

1083 2249 1259 2284 διεγείρουσι,
1272 2250 1327 2280 τοῖς
1343 2250 1381 2279 δὲ,
1400 2250 1450 2281 τὰς
1466 2250 1520 2276 τῶν
1534 2250 1687 2283 μελλόντων
1698 2251 1867 2285 ἐπαγγελίας

1085 2295 1296 2330 προμνώμενοι,
1320 2295 1349 2320 οὐ
1379 2295 1506 2328 χαλεπῶς
1531 2296 1735 2330 προσάγονται·
1761 2297 1820 2322 ἐστι
1841 2297 1867 2323 δὲ

1084 2339 1131 2370 οὓς
1153 2339 1192 2373 μὴ
1210 2341 1407 2374 προσιεμένους
1430 2341 1498 2374 μήτε
1522 2340 1556 2366 τὰ
1575 2340 1718 2374 φάρμακα,
1745 2342 1815 2375 μήτε
1837 2343 1869 2368 τὰ

1084 2385 1262 2418 ἐπιτάγματα
1278 2385 1390 2415 τούτων,
1410 2385 1467 2410 ἀλλ’
1481 2387 1589 2417 ἑαυτοῖς
1604 2386 1649 2412 τὸν
1662 2386 1711 2421 τῆς
1724 2389 1869 2422 μετανοίας

1086 2430 1184 2465 λιμένα
1194 2432 1226 2464 τῇ
1241 2430 1370 2465 ἀπειθείᾳ
1385 2433 1607 2465 προσχώσαντας,
1623 2434 1724 2464 παντὸς
1737 2433 1868 2468 βασιλέως

1087 2475 1320 2510 αὖθεντικώτερον
1338 2477 1476 2510 μετιόντες
1497 2477 1548 2510 τῆς
1572 2477 1681 2503 αίωνίου
1705 2478 1869 2512 κληρουχίας

1087 2521 1308 2557 ὑπερορίζουσιν.
1327 2521 1422 2548 Ἔνθεν
1444 2531 1500 2554 τοι,
1525 2523 1571 2549 καὶ
1593 2524 1623 2549 τὸ
1646 2524 1729 2550 πάλαι
1747 2527 1801 2553 τινὶ
1817 2526 1869 2552 τῶν

1087 2566 1205 2601 θύραθεν
1220 2567 1378 2602 εἰρημένον,
1397 2566 1454 2598 τοῖς
1471 2568 1554 2600 θείοις
1567 2569 1616 2603 οὐχ
1629 2569 1729 2603 ἥκιστα
1747 2571 1867 2605 θεσμοῖς,

1088 2613 1125 2643 ὥς
1150 2613 1181 2646 γέ
1209 2621 1255 2646 μοι
1269 2613 1354 2645 δοκεῖ,
1384 2614 1531 2647 ἁρμόσειεν
1546 2614 1596 2640 ἄν’
1616 2614 1790 2649 πεπείσμεθα
1820 2618 1869 2650 γὰρ

1088 2657 1211 2690 τούτους,
1230 2658 1340 2692 εὕρημα
1357 2659 1404 2692 μὲν
1429 2659 1477 2684 καὶ
1491 2659 1577 2693 δῶρον
1601 2657 1670 2686 εἶναι
1688 2660 1768 2693 Θεοῦ,
1784 2662 1869 2694 δόγμα

1088 2704 1116 2730 δὲ
1132 2705 1264 2737 γενναίων
1283 2705 1330 2731 καὶ
1354 2704 1493 2740 θεοφόρων
1506 2705 1630 2740 ἀνδρῶν,
1658 2706 1797 2741 συνθήκη-ι
1825 2707 1868 2740 τῆς

1095 2751 1261 2785 Ἐκκλησίας
1279 2752 1383 2787 κοινὴν,
1400 2752 1584 2787 ἐπανόρθωμα
1599 2753 1654 2779 τῶν
1670 2754 1807 2779 ἑκουσίων
1827 2754 1868 2780 καὶ

1089 2797 1143 2824 τῶν
1159 2798 1235 2832 παρᾶ
1261 2797 1389 2833 βούλησιν
1414 2799 1634 2834 ἁμαρτημάτων,
1662 2800 1710 2825 καὶ
1735 2800 1870 2830 πολιτείας
