1951 3065
59 166 110 197 977
138 156 163 173 ’π

746 169 830 200 PRIE
834 170 903 200 FAT
909 171 915 199 Ι
921 170 961 200 Οη.

1631 172 1685 204 978

60 225 107 259 τὴν
124 224 171 259 ὕφ’
195 224 264 259 ἡλίῳ
292 223 440 259 σύμπασαν
464 224 587 260 πλουσίῳ
611 224 650 257 τῷ
676 225 777 261 ῥείθρῳ
794 226 849 252 τῶν

910 227 1055 253 universum
1069 227 1119 254 sub
1130 227 1187 254 sole
1196 227 1289 255 orbem
1302 227 1405 255 liberali
1416 235 1571 255 sermonum
1584 229 1684 256 lluent‘o

60 271 148 305 λόγων
177 270 375 306 ἁρόεύσας·ὃς
403 272 453 306 οὐχ
475 269 557 307 ἦττον
581 271 621 307 τῷ
646 272 770 307 περιόντι
796 272 848 306 τῆς

60 317 165 351 ἀρετῆς
180 317 228 343 καὶ
253 317 293 352 τῷ
308 317 377 352 ὑπὲρ
401 317 547 349 εὐσεϐείας
562 318 636 353 ζήλῳ
651 318 668 353 ἥ
692 318 753 346 καθ’
779 316 850 354 αἷμα

61 363 214 398 προσήκειν
228 363 304 398 ἠξίου
318 364 357 398 τῷ
375 364 491 399 ἀδελφῷ.
506 364 565 391 Ἶνα
578 364 600 391 δ’
615 365 652 396 ὡς
664 365 693 391 ἐν
712 357 808 400 βραχεί
819 365 851 392 τὸ

61 410 117 435 πᾶν
133 409 212 436 τοῦδε
227 409 373 445 γνώρισμα
397 413 580 446 παραστήσω,
596 411 692 437 τούτου
708 411 758 446 τὴν
782 411 850 446 πρὸς

61 455 189 490 Δητόῖον,
207 455 358 482 ἐπίσκοπον
378 456 546 492 Μελιτηνῆς,
572 458 719 493 κανονικὴν
743 458 852 484 ἐπιστο-

61 502 122 536 λὴν,
138 501 153 528 ό
171 501 267 536 παρὼν
284 502 381 537 ἔρανος
396 504 452 533 τοῖς
464 502 556 534 ἄλλοις
570 503 744 538 συναριθμεῖ.

189 547 217 575 l'.
236 548 305 582 Περὶ
319 547 374 582 τῆς
388 549 423 575 ὲν
441 548 562 584 Fairqu
582 549 728 577 συνόδου.

99 594 155 620 Καὶ
169 595 186 629 ἡ
200 595 228 621 ἐν
244 595 359 629 Γάγγρᾳ.
383 594 410 621 δὲ
423 596 456 630 τῇ
484 595 651 630 μητροπόλει
668 595 722 621 τῶν
738 595 852 629 Παφλα-

64 641 152 674 γόνων
170 639 278 671 σύνοδος
296 640 366 675 μετὰ
380 639 431 675 τὴν
446 641 475 667 ὲν
486 641 590 676 Νικαίᾳ.
606 640 719 676 πρώτην
736 641 851 676 συνέστη

64 686 138 713 κατὰ
152 694 226 718 τινος
254 686 408 713 Εὐσταθίου
424 687 471 713 καὶ
500 687 553 713 τῶν
580 687 718 721 ὁμοδόξων
744 687 852 721 ἐκείνῳ.

64 733 184 765 Λέγεται
202 731 269 766 γοῦν
284 731 435 762 Εὑστάθιο;
452 732 554 764 οὑτοσὶ,
570 732 608 763 ὡς
623 733 636 759 ὁ
652 732 854 767 ἘρμείαςΣω-

66 779 184 813 ζόμενος
209 779 322 814 ίστορεϊ,
343 778 393 814 τὴν
416 779 444 805 ὲν
459 778 609 814 Σεϐαστείᾳ
635 779 686 814 τῆς
705 779 854 814 Ἀρμενίας

71 824 241 859 Ἐκκλησίαν
262 825 470 860 ἐπιτροπεῦσαι,
487 825 638 860 μοναχικῆς
649 834 680 851 τε
695 824 855 859 φιλοσοφίας

66 870 162 904 ἄρξαι,
183 871 230 897 καὶ
246 872 295 905 τῆς
312 872 342 897 ἐν
364 871 454 907 ταύτῃ
472 871 624 902 σπουδαίας
649 871 761 905 ἀγωγῆς
775 877 782 884 '
799 870 856 897 ἑδε-

68 917 183 951 σμάτων
197 925 226 943 τε
241 913 278 944 ὧν
293 917 346 952 χρὴ
374 917 501 952 μετέχειν
518 917 564 943 καὶ
578 916 733 951 ἀπέχεσθαι
745 917 854 952 διαιτῆ-

67 971 125 994 σαι,
141 964 190 989 καὶ
214 963 328 996 ἐσθῆτος
383 963 423 989 δεῖ
447 963 612 998 κεχρῆσθαι,
628 962 703 997 ὴθῶν
717 963 764 990 καλ⁸
780 964 857 990 πολι-

65 1009 146 1039 τείας
169 1009 303 1043 ἀκριᾶοῦς
327 1009 478 1044 εἰσηγητὴς
497 1009 656 1044 γενόμενος,
682 1008 721 1041 ὡς
743 1010 792 1036 καὶ
806 1009 856 1045 τὴν

67 1053 226 1087 ἁσκητικὴν
244 1054 347 1088 μισλον,
361 1053 422 1088 ἥτις
441 1054 550 1088 πατέρα
563 1054 612 1081 καὶ
624 1054 795 1089 δημιουργὸν
810 1054 857 1082 τὸν

70 1099 160 1133 μέγαν
172 1092 323 1126 ’Βασίλειον
345 1100 542 1135 ἐπιγράφεται,
566 1100 758 1136 ίσχυρίζεσθαί
779 1109 856 1132 τινας

68 1145 146 1180 αὐτῷ
172 1146 332 1181 πονηθῆναι.
354 1147 439 1174 Τοῦτο
453 1147 482 1174 δὲ
503 1146 602 1182 ψεῦδος
624 1148 757 1183 ἄντικρυ’
780 1148 856 1175 οὐδο-

68 1191 210 1218 πωστιοῦν
224 1193 281 1228 γὰρ
296 1193 392 1229 ἐκείνῳ
403 1194 438 1220 τὰ
454 1194 504 1228 τῆς
519 1193 611 1229 βίϐλου
628 1194 730 1228 ταύτης
754 1196 858 1231 προσῆ-

68 1247 116 1264 κεν
128 1246 136 1253 ·
149 1240 174 1265 εί
197 1239 251 1274 γὰρ
278 1240 325 1265 καὶ
343 1241 372 1266 ἐν
388 1239 479 1273 λόγοις
500 1241 514 1267 ό
538 1240 608 1276 ἀνὴρ
626 1241 794 1276 stipendio,
810 1241 857 1267 καὶ

67 1285 98 1312 τὸ
114 1283 181 1320 ἦθος
195 1286 347 1321 θαυμάσιος
363 1285 407 1323 ἦν,
421 1287 469 1314 καὶ
496 1287 665 1318 ἱκανώτατος
681 1288 796 1319 πείθειν,
819 1288 858 1321 ὡς

67 1333 117 1358 καὶ
143 1332 258 1364 πολλοὺς
279 1332 334 1359 τῶν
362 1334 609 1369 ὲκπορνευομένων
635 1334 742 1369 ἀνδρῶν
756 1342 786 1360 τε
809 1335 857 1362 καὶ

67 1378 211 1412 γυναικῶν
232 1379 395 1413 μεταπεῖσαι
413 1379 543 1415 σώφρονα
569 1380 616 1406 καὶ
635 1379 781 1406 σπουδαῖον
800 1380 858 1415 βίον

68 1424 192 1456 ἑλέσθαι,
208 1424 276 1451 ἀλλὰ
286 1423 334 1451 ’τὸ
349 1425 450 1461 ἀληθὲς
469 1427 568 1460 εἰπεῖν,
596 1427 626 1453 οὐ
647 1427 753 1462 προσῆν
768 1429 814 1453 καὶ
827 1427 858 1454 τὸ

67 1470 166 1501 δεινῶς
190 1471 309 1507 γράφειν
334 1471 419 1507 αὐτῷ,
440 1472 502 1498 οὐδὲ
527 1472 584 1507 γὰῤ
599 1471 649 1508 τὴν
670 1473 735 1508 περὶ
759 1473 856 1500 τούτου

69 1517 228 1552 ἐπιστήμην
244 1517 391 1552 ἐξήσκητο.
408 1517 510 1544 Τοῦτον
526 1519 617 1545 τοίνυν
635 1521 717 1553 φασιν
731 1519 784 1545 ὑπὸ
797 1519 859 1546 πολ-

900 272 1040 306 Ῑιι-τίειινίιε
1056 273 1101 300 hic
1129 277 1158 300 ut
1174 273 1305 308 quidquid
1320 273 1354 301 de
1380 281 1413 301 co
1432 273 1559 308 cognosci
1583 279 1682 308 potest,

901 317 1021 345 breviter
1046 319 1202 351 exhibeam,
1217 319 1325 346 virtutis
1351 325 1506 354 praestantia
1523 324 1550 346 et
1565 327 1613 353 pro
1630 320 1686 354 pin-

901 367 956 391 tale
975 364 1033 391 zelo
1050 372 1102 391 non
1124 365 1214 392 minus
1244 372 1324 397 quam
1347 365 1581 399 consanguinitate
1607 365 1684 392 lt'atti

902 411 1048 437 convenire
1065 409 1213 445 ﬂagitabat.
1232 411 1315 444 liuius
1335 411 1495 438 canonicam
1513 412 1544 438 ad
1559 411 1681 438 Lctointu

902 454 1032 482 Melitinte
1059 456 1215 491 episcopum
1251 455 1393 491 epistolam
1428 464 1548 491 praesens
1577 457 1686 484 collatio

903 501 963 529 aliis
976 507 1164 529 connumerat.

1095 547 1129 575 Χ.
1154 548 1192 575 De
1210 549 1309 584 synodo
1336 548 1493 583 Gangreuai.

939 592 1064 629 Synodus
1091 595 1174 622 etiam
1201 595 1228 622 iu
1252 595 1373 631 Gangra,
1397 602 1458 630 quae
1475 594 1686 629 [Paphlagonum

903 645 944 667 est
966 641 1136 675 metropolis,
1153 645 1213 675 post
1227 641 1362 668 Nicmnam
1393 641 1507 675 primam
1526 645 1687 674 congregata

904 690 955 716 est,
967 690 1062 712 contra
1075 687 1218 720 quemdam
1230 686 1400 714 Eustathium
1410 692 1437 714 et
1448 687 1514 714 istos
1525 686 1569 720 qui
1581 686 1688 715 eadem,

904 739 958 766 qua
974 732 1042 766 ipse,
1065 732 1192 767 opinione
1213 733 1310 760 imbuti
1326 736 1400 760 Sunt.
1414 733 1465 767 Qui
1483 733 1567 767 igitur
1589 732 1687 758 Eusta-

904 778 988 811 thius,
1012 784 1041 806 ut
1057 777 1183 806 Hermias
1210 778 1379 807 Sozomenus
1406 779 1512 812 scribit,
1536 779 1687 807 Ecclesiam

907 823 1048 857 Sebastiaa,
1077 832 1136 860 qute
1162 828 1203 852 est
1219 825 1283 852 urbs
1309 825 1456 858 Armeniae,
1485 825 1690 852 administrasse

907 870 1018 902 dicitur.
1045 865 1226 898 monasticam
1257 871 1340 899 etiam
1373 871 1582 907 philosophiam,
1609 875 1690 905 atqne

907 921 1044 943 austeram
1058 917 1084 943 in
1099 924 1131 943 ea
1149 917 1255 945 vivendi
1274 918 1408 945 rationem
1428 918 1546 953 primum
1563 917 1689 952 cmpissc,

906 960 940 988 de
967 961 1035 988 cibis
1055 961 1136 988 etiam
1162 962 1259 997 quibus
1274 963 1356 995 vesci,
1371 969 1399 991 et
1415 964 1553 991 abstinere
1571 969 1688 998 oportet,

898 1006 1052 1047 \statuiSse;
1079 1012 1108 1034 ut
1128 1011 1155 1034 et
1174 1009 1207 1035 de
1223 1009 1387 1036 vestimento
1403 1016 1457 1044 quo
1475 1009 1605 1036 utendum
1636 1013 1689 1040 est,

908 1060 1013 1080 morum
1040 1057 1067 1081 et
1092 1053 1153 1080 vitae
1171 1059 1299 1082 accurate
1315 1055 1446 1083 traductae
1470 1060 1566 1083 auctor
1581 1055 1689 1088 factus;

907 1098 975 1126 adeo
992 1103 1022 1126 ut
1033 1099 1156 1127 uoutntlli
1179 1100 1279 1128 librum
1293 1102 1451 1133 asceticum,
1467 1102 1512 1136 qui
1531 1109 1628 1136 magno
1640 1101 1691 1128 Ba-

907 1144 968 1172 silio
981 1149 1110 1181 tanquam
1128 1147 1199 1181 patri
1225 1154 1256 1175 ac
1281 1148 1416 1175 conditori
1436 1148 1592 1182 ascribitur,
1610 1149 1643 1175 ab
1658 1155 1691 1175 eo

907 1191 1086 1224 compositum
1103 1191 1186 1219 fuisse
1202 1193 1380 1221 contendant.
1399 1193 1457 1221 Hoc
1471 1199 1560 1221 autem
1577 1195 1690 1222 menda-

908 1235 978 1262 cium
990 1237 1103 1264 satisest
1112 1239 1354 1267 manifestumJiic
1365 1240 1438 1267 enim
1447 1240 1514 1268 liber
1526 1240 1600 1268 nullo
1611 1241 1690 1267 modo

907 1280 932 1308 ei
944 1282 1083 1310 convenit.
1098 1283 1227 1316 Quamvis
1243 1286 1315 1312 enim
1328 1286 1370 1313 vir
1384 1285 1412 1313 in
1427 1286 1600 1314 sermonibus
1612 1286 1691 1321 vulgo

908 1328 1062 1356 rebbralus
1080 1334 1131 1361 est.
1147 1335 1174 1358 et
1195 1331 1317 1359 moribus
1333 1332 1514 1365 admirabilis,
1532 1338 1558 1361 et
1578 1333 1612 1360 ad
1631 1341 1691 1368 per-

907 1374 1075 1402 suadendum
1093 1376 1251 1410 aptissimus
1274 1377 1335 1411 fuit,
1351 1379 1419 1406 adeo
1439 1384 1467 1406 ut
1483 1379 1581 1406 multos
1596 1387 1691 1406 eorum

908 1419 953 1453 qni
969 1423 1063 1452 stupro
1093 1420 1273 1456 indulserant,
1298 1423 1330 1449 ad
1347 1427 1543 1458 temperantem
1564 1430 1590 1450 et
1609 1424 1693 1451 hone-

908 1469 976 1491 statn
992 1465 1075 1493 vitam
1102 1468 1264 1501 traduxerit,
1279 1473 1380 1502 tamen,
1395 1474 1424 1496 ut
1447 1470 1519 1504 quod
1536 1477 1630 1497 verum
1651 1475 1694 1498 cst

908 1512 1007 1545 dicam,
1021 1513 1125 1547 diserte
1141 1515 1278 1543 scribendi
1290 1515 1404 1544 facultas
1424 1516 1448 1544 ei
1463 1524 1517 1544 non
1531 1517 1618 1544 adfuit
1631 1517 1692 1553 (nec

69 1562 121 1597 λῆς
138 1563 283 1598 ἀκριϐείας
304 1564 344 1595 είς
361 1564 538 1599 παραλόγους
553 1565 732 1600 ἑπιτηρήσεις
752 1566 857 1592 παντά-

909 1558 980 1585 enim
1001 1559 1081 1586 istaut
1102 1565 1187 1589 artem
1207 1569 1326 1597 unqttam
1340 1562 1485 1597 exercuit).
1511 1562 1587 1590 Hunc
1610 1563 1692 1598 igitur

71 1615 156 1633 πασιν
171 1608 300 1634 ἐκπεσεῖν
315 1609 472 1644 ἁπᾳδούσας
490 1609 590 1645 κομιδῆ
605 1610 659 1637 τῶν
681 1610 731 1644 τῆς
744 1610 867 1645 Ἐκκ).η-»

70 1653 134 1684 σίας
161 1653 252 1688 νόμων
270 1663 299 1680 τε
327 1655 373 1681 καὶ
402 1655 486 1682 ἐθῶν.
504 1655 536 1681 Ol
564 1655 602 1688 δὲ,
630 1656 713 1683 αὑτὸν
734 1657 783 1692 μὲν
811 1658 858 1685 τοῦ

69 1698 247 1734 ἐγκλήματος
268 1699 436 1736 ἐξαιροῦσιν,
462 1701 642 1729 ἐπαιτιῶνται
661 1702 690 1729 δέ
709 1711 786 1735 τινας
805 1704 859 1731 τῶν

70 1745 157 1771 αὐτοῦ
175 1745 317 1780 μαθητῶν,
334 1746 372 1778 ὡς
398 1747 443 1773 τὸν
460 1746 573 1781 ἔννομον
598 1747 793 1781 διαϐάλλοντας
810 1750 860 1784 γά-

70 1799 137 1826 μον,
160 1792 254 1826 πάσης
279 1793 419 1828 σωτηρίας
439 1793 536 1820 ἐλπίδα
550 1794 606 1825 τοῖς
623 1794 712 1830 τούτῳ
729 1804 861 1832 συνεσχη-

73 1838 169 1872 μένοις
193 1839 400 1875 περιῃρῆσθαι·
427 1839 468 1872 οἷς
484 1839 516 1875 δὴ
538 1840 697 1876 πειθόμενοι
719 1842 816 1878 ἄνδρες
830 1851 860 1869 τε

70 1883 121 1910 καὶ
142 1885 283 1917 γυναῖκες,
299 1885 324 1910 οἱ
348 1885 397 1920 μὲν
418 1886 468 1917 τὰς
493 1886 599 1912 ἑαυτῶν
622 1886 754 1920 ἐξώθουν,
777 1889 804 1915 αί
831 1890 860 1916 δὲ

69 1930 138 1961 τοὺς
166 1931 266 1965 ἄνδρας
287 1931 417 1966 ἠφίεσαν,
442 1932 621 1968 σωφροσύνης
648 1934 729 1969 δῆθεν
756 1935 860 1969 ἐφέσει,

70 1974 134 2003 εἶτα
149 1977 196 2003 τὸν
209 1977 297 2011 ἄζυγα
310 1977 347 2013 μὴ
362 1978 495 2014 φέροντες
512 1978 581 2014 βίον,
595 1980 635 2011 είς
651 1981 777 2016 μοιχείαν
795 1981 862 2014 ὲξώ-

70 2022 176 2050 λισθον.
201 2023 311 2058 Ἀμέλει
336 2023 385 2050 καὶ
409 2025 439 2051 ὲν
463 2025 552 2057 οίκοις
577 2026 785 2061 γεγαμηκότων
797 2027 860 2054 οὔτε

65 2069 216 2104 abluerat,
238 2069 299 2096 οὒτε
326 2070 379 2106 μὴν
402 2071 509 2106 τροφῆς
534 2071 759 2107 μεταλαμϐάνειν
786 2074 862 2108 ἠνείκ-

71 2124 165 2150 χοντο,
187 2115 256 2142 ἀλλὰ
274 2116 398 2147 καὶτοὺς
424 2117 622 2152 γεγαμηκότας
637 2118 692 2144 τῶν
710 2119 862 2153 πρεσϐυτέ-

75 2170 132 2194 ρων
157 2161 380 2197 ὑπερεφρόνουν·
397 2162 444 2189 καὶ
470 2162 521 2194 τὰς
536 2162 585 2198 μὲν
605 2163 659 2190 τῶν
691 2164 861 2200 Ἐκκλησιῶν

71 2208 225 2244 ᾡκειοῦντο
243 2208 443 2244 καρποφορίας,
462 2209 511 2240 τὰς
529 2209 558 2236 δὲ
574 2209 602 2236 ἐν
621 2209 718 2241 αὐταῖς
734 2211 859 2244 συνάξεις

71 2254 154 2282 αὐτοὶ
168 2255 216 2280 καὶ
237 2255 294 2285 τοῖς
315 2255 406 2286 ἄλλοις
430 2255 613 2290 ἐκτρέπεσθαι
633 2257 816 2291 παρηγγύων,
830 2258 860 2284 ἐν

70 2301 176 2332 οἰκίαις
191 2300 219 2327 δὲ
235 2301 337 2335 μᾶλλον
348 2300 552 2336 ἐκκλησιάζειν,
566 2302 647 2328 κάκεῖ
659 2302 796 2330 ποιεῖσθαι
811 2303 862 2339 τὴν

73 2347 232 2375 κοινωνίαν.
250 2348 287 2374 Οὺ
303 2348 356 2382 μὴν
370 2347 439 2374 ἀλλὰ
449 2349 496 2374 καὶ
510 2348 564 2374 τῶν
578 2349 659 2383 ἱερῶν
670 2349 765 2382 οἴκων,
778 2350 808 2376 ἐν
821 2348 863 2382 οἷς

75 2395 228 2431 μαρτύρων
249 2396 378 2422 ἀπέκειτο
402 2395 529 2430 λείψανα,
549 2396 587 2427 ὡς
603 2396 704 2423 κοινῶν
725 2398 863 2433 κατεφρό-

74 2451 141 2471 νουν
151 2452 158 2459 ·
174 2443 223 2469 καὶ
241 2444 291 2475 τὰς
310 2444 360 2477 μὲν
372 2443 532 2479 ὡρισμένας
547 2443 674 2479 νηστείας
690 2443 817 2479 ὴθέτουν,
833 2445 862 2471 ἐν

74 2492 138 2522 ταῖς
159 2492 305 2525 κυριακαῐς
320 2491 349 2517 δὲ
365 2490 510 2525 νηστεύειν
528 2490 629 2525 μᾶλλον
647 2490 811 2517 ἀνέπειθον·
828 2491 863 2518 τὰ

75 2538 148 2572 κρέα
163 2537 211 2564 καὶ
224 2537 289 2568 τοὺς
303 2536 391 2563 ταῦτα
406 2536 546 2567 ἐσθίοντας
569 2535 763 2563 ὲὸδελύσσοντο
774 2544 782 2552 ο
797 2537 858 2568 τοὺς

76 2583 204 2618 συνήθεις
229 2583 347 2618 χιτῶνας
374 2581 423 2609 καὶ
452 2582 550 2613 στολὰς
580 2582 782 2617 ἀμφιέννυσθαι
812 2583 863 2610 οὐκ

75 2630 184 2665 ἠξίουν,
201 2629 269 2655 ἀλλὰ
288 2629 366 2661 ξείνας
388 2628 548 2656 παντάπασι
567 2628 618 2654 καὶ
644 2628 751 2663 ἀήθεις.
769 2629 863 2656 Γυναῖ-

76 2685 124 2708 κες
150 2677 215 2711 παρ’
226 2676 316 2706 αὐτοῖς
336 2676 386 2711 τὴν
403 2675 493 2710 κόμην
509 2675 736 2709 ἀποκειρόμεναι,
755 2675 863 2706 στολαῖς

75 2723 191 2757 ἁηιὲράσι
216 2722 386 2756 πρεπούσαις
411 2722 579 2756 ὲκὲχρηντο¹
605 2720 723 2752 δούλοις,
743 2721 864 2756 προσχή-

78 2768 326 2804 ματιθεοσεϐείας,
350 2768 403 2794 τῶν
423 2767 561 2794 δεσποτῶν
593 2766 761 2801 ἀφίστασθαι
786 2775 863 2792 συνε-

76 2815 207 2842 ϐούλευον
220 2821 226 2828 ⁸
239 2814 301 2845 τοὺς
316 2815 440 2850 χρήμασι
453 2813 637 2845 πλουτοῦντας
649 2814 696 2840 καὶ
708 2813 746 2848 μὴ
758 2813 862 2848 χαίρειν

76 2859 149 2887 αὐτὰ
168 2859 296 2892 καθάπαξ
315 2860 429 2890 ἐῶντας,
459 2857 623 2893 ἀμοιρήσειν
642 2858 692 2892 τῆς
720 2857 768 2883 τοῦ
793 2857 862 2883 Θεοῦ

78 2905 220 2942 βασιλείας
236 2905 432 2940 διῖτχυρίζοντο
444 2914 450 2920 ι
472 2905 517 2931 καὶ
543 2904 658 2931 πλείστα
674 2903 756 2939 ἱτερα
774 2912 863 2940 παρα-

910 1603 944 1630 ab
963 1605 1098 1639 exquisita
1111 1606 1262 1642 disciplina;
1276 1615 1371 1636 norma
1385 1609 1418 1636 ad
1431 1608 1562 1637 absurdae
1577 1616 1691 1644 prorsus

909 1649 1114 1680 observationes
1132 1652 1273 1687 delapsum
1306 1653 1429 1682 referunt
1443 1662 1458 1682 a
1474 1654 1579 1689 legibus
1607 1655 1691 1682 mori-

909 1695 1014 1731 busque
1031 1697 1225 1726 ecclesiasticis
1240 1699 1347 1733 penitus
1361 1699 1557 1735 discrepantes.
1568 1699 1627 1727 Non
1647 1701 1692 1726 [Ιιια

910 1748 974 1770 sunt
989 1747 1078 1771 tamen
1101 1745 1146 1778 qui
1163 1744 1241 1779 culpa
1264 1753 1325 1772 eum
1340 1746 1482 1779 eximant,
1497 1746 1621 1773 incuseut
1644 1753 1693 1772 au-

911 1792 964 1815 tem
986 1790 1129 1817 nonnullos
1152 1799 1185 1818 ex
1206 1791 1284 1819 istius
1314 1791 1463 1826 discipulis,
1488 1796 1518 1819 ut
1546 1792 1693 1826 legitimum

911 1835 1110 1864 calumniantes
1127 1837 1342 1867 matrimonium,
1359 1842 1386 1865 et
1407 1845 1515 1864 omnem
1533 1837 1566 1864 iis
1580 1837 1623 1872 qtti
1648 1838 1694 1864 illo

911 1881 1086 1916 implicantur
1110 1882 1207 1911 salutis
1235 1891 1311 1917 spem
1336 1884 1445 1918 praecidi
1468 1884 1641 1913 affirmantes.
1673 1886 1693 1912 Α

910 1922 1009 1962 quibus
1025 1936 1086 1955 cum
1105 1929 1156 1956 viri
1172 1930 1278 1964 pariter
1296 1937 1328 1958 ac
1345 1931 1474 1958 mulieres
1489 1932 1610 1966 persuasi
1627 1932 1695 1958 fuis-

911 1978 981 2007 sent,
993 1974 1032 2001 illi
1046 1975 1154 2008 quidem
1166 1983 1266 2003 uxores
1280 1983 1344 2004 suas
1357 1977 1539 2012 expellebant,
1554 1978 1595 2005 lite
1605 1982 1694 2005 :llllt'm

911 2020 1024 2048 maritos
1035 2021 1210 2048 continentiae
1224 2021 1352 2048 nimirum
1376 2021 1512 2050 desrderio
1524 2023 1694 2058 derelinque-

911 2065 997 2094 banlp:
1015 2065 1115 2094 deinde
1137 2067 1220 2094 vitam
1248 2066 1307 2094 sine
1324 2067 1438 2102 conjuge
1454 2067 1606 2095 traductam
1623 2077 1694 2103 a-gre

913 2113 1030 2140 terentes
1044 2113 1070 2139 in
1089 2117 1212 2148 stuprum
1232 2112 1439 2140 delabebantur.
1454 2113 1540 2140 Porro
1556 2113 1582 2140 in
1598 2114 1694 2140 matri-

913 2161 1003 2188 monio
1029 2167 1138 2194 quoque
1167 2158 1375 2194 coniunctorum
1403 2159 1506 2186 aedibus
1534 2166 1583 2186 nec
1602 2167 1692 2190 oratr,

913 2214 962 2234 nec
977 2207 1137 2233 alimentum
1152 2206 1318 2240 participare
1344 2206 1471 2232 volebant.
1484 2213 1491 2232 :
1506 2213 1598 2232 verum
1612 2206 1693 2232 etiam

916 2255 1088 2288 presbyteros
1103 2252 1262 2287 conjugalos
1282 2251 1422 2286 despectui
1442 2252 1588 2285 habebant,
1602 2256 1629 2279 et
1645 2251 1696 2278 Ευ-

914 2299 1057 2327 clesiarum
1090 2299 1212 2326 redditus
1239 2298 1290 2325 sibi
1323 2297 1512 2329 vindicabant;
1547 2303 1697 2325 conventus

914 2351 1004 2373 autem
1020 2346 1045 2372 in
1057 2345 1090 2372 iis
1106 2345 1258 2372 celebratos
1273 2344 1316 2371 isti
1333 2344 1414 2370 ctiam
1427 2348 1454 2370 et
1468 2344 1526 2370 aliis
1543 2343 1694 2377 fngiendon

915 2392 940 2418 in
956 2391 1059 2418 :edibus
1083 2398 1147 2418 vero
1165 2391 1254 2424 potius
1272 2397 1315 2416 res
1341 2389 1541 2416 ecclesiasticas
1565 2397 1696 2424 peragen-

913 2439 972 2471 das,
988 2443 1014 2465 et
1031 2437 1251 2465 coluntunionem
1272 2435 1463 2464 celebrandam
1476 2442 1537 2462 esse
1557 2436 1698 2469 pra-citur-

915 2485 990 2512 bant.
1009 2484 1079 2517 Quin
1093 2484 1176 2510 ctiam
1194 2490 1286 2510 sacras
1300 2481 1372 2509 aedes
1389 2482 1414 2508 itt
1430 2481 1528 2516 quibus
1545 2486 1695 2516 martyrum

916 2532 1037 2566 reliquim
1052 2535 1231 2566 reponuntur,
1257 2533 1383 2562 tanquam
1406 2527 1534 2562 prolanas
1555 2527 1694 2562 despiciu-

915 2579 988 2608 bant.
1002 2582 1029 2605 et
1048 2577 1150 2613 jejnnia
1165 2581 1235 2603 stata
1250 2574 1433 2610 negligebant,
1445 2574 1594 2601 Dominicis
1605 2579 1694 2602 autem

914 2625 1004 2660 potius
1015 2623 1139 2657 j-«junare
1154 2622 1353 2656 pet-Suadebuut
1367 2630 1373 2648 :
1388 2628 1485 2648 carnes
1499 2625 1527 2648 et
1543 2621 1575 2648 iis
1590 2628 1697 2648 vescen-

914 2676 955 2697 tes
969 2669 1196 2696 abominabantnr
1209 2676 1216 2695 :
1247 2667 1353 2696 tunicas
1368 2672 1396 2695 et
1414 2667 1500 2694 stolas
1514 2668 1697 2694 communiter

915 2718 1028 2744 usitatas
1042 2716 1156 2743 induere
1171 2722 1224 2741 non
1239 2714 1377 2746 volebant,
1399 2714 1445 2741 sed
1462 2713 1619 2748 peregrinas
1635 2720 1696 2740 om-

915 2764 978 2790 nino
990 2767 1017 2790 et
1031 2762 1160 2789 insuetas.
1191 2761 1317 2788 Mulieres
1336 2761 1407 2798 apud
1421 2768 1468 2788 eos
1486 2767 1592 2787 comam
1612 2763 1696 2786 tonsa:

915 2810 1083 2837 vestimentis
1096 2809 1220 2836 virilibus
1233 2809 1396 2850 utebantur:
1415 2808 1502 2835 servis
1518 2807 1568 2834 sub
1584 2806 1694 2841 religio-

915 2857 957 2883 nis
972 2861 1105 2891 praetextu
1123 2863 1137 2882 a
1157 2855 1276 2882 dominis
1296 2854 1422 2882 secedere
1445 2853 1623 2881 consulebant
1640 2861 1648 2879 ε
1664 2853 1697 2879 iis

914 2902 960 2938 qui
975 2901 1078 2930 divitiis
1095 2900 1217 2934 abluunt,
1231 2905 1257 2928 ct
1271 2907 1317 2927 cas
1331 2900 1440 2928 omnino
1456 2902 1513 2927 non‘
1526 2898 1693 2935 relinquunt,
