1951 3065
271 149 323 182 979

881 147 1068 177 MATTII/El
1091 147 1301 177 BLASTARIS

1838 143 1891 176 980

266 207 367 234 nullam
382 207 440 235 fore
463 206 491 234 in
507 206 552 235 Dei
572 214 657 242 regno
674 205 828 241 portionem
853 203 1024 232 allirmabant
1039 213 1045 231 :

1111 201 1201 236 πλήσια
1227 200 1334 232 τούτοις
1366 199 1587 236 νεωτερίζοντες,
1615 198 1756 225 ἐδίδασκόν
1780 207 1810 226 τε
1842 201 1894 227 καὶ

265 260 292 283 et
305 255 357 282 alia
373 263 453 290 qnam
466 255 580 289 plurima
594 254 668 283 hisce
683 253 781 281 similia
794 253 826 280 de
842 260 912 280 novo
928 252 1035 279 introdu

266 305 360 329 centes
376 300 511 328 docebant
526 291 629 335 pariter
646 307 678 326 ac
692 304 819 333 tanquam
838 299 961 333 dogmata
979 303 1049 330 pra!-

266 347 433 375 scribebant.
467 346 605 374 Adversus
639 345 720 372 hosce
735 344 816 378 igitur
846 342 1050 370 linitimosloco

267 393 395 426 praedicto
410 392 571 419 convenisse
585 391 728 425 episcopos
745 390 866 421 tradunt,
883 396 952 423 quos
968 387 1049 415 etia'n

239 447 243 451 '
266 444 360 466 eontra
380 446 428 466 eos
456 438 502 472 qni
527 437 609 471 huius
626 441 704 464 erant
728 435 864 470 opinionis
881 433 1049 467 undeviginti

267 484 383 511 edidisse
396 491 515 511 canones
527 483 606 510 nobts
617 486 739 511 t‘OItSlal;
755 481 875 514 istosque
886 480 919 506 alt
932 475 1052 505 Ecclesia

267 531 401 559 catholica
416 530 518 558 alienos
530 529 589 557 fore
603 528 787 558 constituisse,
802 527 852 554 nisi
865 527 942 561 juxta
955 523 1051 560 synodi

268 577 376 604 decreta
392 577 518 604 omnibus
535 577 592 603 suis
607 575 739 603 institutis
752 573 941 601 renuntiarent
955 581 961 598 :
977 572 1002 598 in
1018 578 1051 597 eo

269 622 352 655 ἱκίιιιι·
364 622 481 650 c0ncilio
497 621 567 649 fama
591 626 633 649 est
648 620 816 655 Eustathiutn
833 619 995 646 declarasse.
1024 624 1053 644 se

271 676 322 694 non
340 668 506 701 pertinacia,
533 668 579 695 scd
593 667 643 702 pia:
671 665 875 694 exercitationis
892 664 977 697 gratia
996 663 1053 689 lucc

270 714 463 746 inn-eduxisse,
476 720 503 740 et
515 713 636 741 habitum
650 716 766 744 mutare,
778 716 805 739 et
817 718 868 738 non
881 709 961 736 aliter
972 712 1054 742 atque

270 761 364 795 reliqui
377 760 468 788 clerici
483 760 580 794 passim
599 759 724 786 incedere
734 758 892 785 instituisse.
903 756 968 789 Quae
980 755 1052 782 enitn

270 813 405 841 postremo
420 807 460 834 sic
480 806 512 834 ab
526 813 558 833 eo
576 809 650 840 gesta
666 808 741 838 sunt,
757 803 893 838 prioribus
909 806 938 828 ut
961 807 1055 836 parce-

271 857 357 886 retur,
373 852 512 887 impetrari
531 851 721 884 cxistitnabat;
742 849 847 878 tametsi
873 848 940 876 nihil
954 847 1056 875 utilita-

272 898 306 924 tis
324 905 358 924 ex
377 898 428 924 hoc
445 902 601 924 commento
621 896 798 931 percipiebat.
812 902 864 922 nec
880 900 987 928 poenam
1006 900 1055 919 au-
1071 883 1092 910 Β

271 945 310 971 sis
325 943 383 971 suis
407 943 538 976 debitam,
556 951 569 970 a
586 942 739 970 sacerdotio
764 940 890 968 videlicet
903 939 1055 974 depo~itio~

272 997 342 1022 nem,
358 988 489 1023 aufugere
501 992 618 1023 poterat.
637 988 678 1015 Me
692 995 756 1015 vero
775 986 842 1014 latet
856 993 936 1021 quam
949 985 984 1012 ob
998 991 1054 1011 rem

270 1035 354 1063 divini
376 1035 402 1062 hi
418 1035 514 1062 Patres
529 1034 644 1068 singulis
660 1033 809 1061 canonibus
822 1040 875 1060 non
892 1030 1056 1065 srgregatio-

271 1088 345 1114 nem,
360 1081 404 1109 sed
423 1082 567 1108 anathema
584 1079 774 1114 apposucrint,
789 1085 915 1112 magnum
926 1076 1055 1103 nitnirutn

272 1127 382 1154 malitia:
396 1126 529 1161 impetum
544 1133 576 1153 ex
593 1125 758 1153 abundantia
771 1123 930 1160 propulsare
944 1122 1056 1157 cupien-

274 1179 325 1202 tes.

552 1219 589 1247 De
603 1219 770 1246 anathemate

310 1266 366 1294 Iloc
381 1271 470 1294 autem
484 1266 734 1294 anatltema.sancla
748 1269 774 1292 et
785 1262 947 1292 universalis
959 1265 1056 1297 qttarta

273 1313 395 1349 synodus
411 1314 438 1341 in
456 1320 503 1341 eos
521 1313 593 1340 solos
609 1312 656 1348 qui
669 1311 783 1347 pecunia
802 1309 921 1338 ordinati
937 1309 1055 1341 luerunt,

273 1359 406 1392 adhibuit,
421 1358 492 1386 istud
507 1363 597 1385 autem
629 1362 656 1385 et
681 1356 822 1384 monachis
836 1361 942 1390 quoque
957 1361 989 1382 ac
1001 1354 1058 1381 cle-

273 1405 337 1432 ricis
350 1404 397 1439 qui
414 1403 499 1430 tnilita
507 1411 565 1431 rem
584 1406 764 1436 susceperunt
789 1401 910 1428 habitum
926 1421 933 1433 ,
948 1404 975 1428 et
989 1407 1058 1427 non-

271 1453 334 1476 dum
369 1449 550 1484 resipuerunt.
579 1448 705 1483 in-ponit.
727 1447 942 1483 Chrysostomus
968 1450 1055 1472 autent

273 1493 299 1520 in
323 1493 433 1520 homilia
465 1494 498 1521 de
511 1501 544 1521 eo
559 1514 566 1525 ,
589 1493 659 1527 quod
689 1499 741 1520 non
758 1496 865 1528 oportet
893 1491 1055 1519 anathema-

273 1541 357 1567 tizare
380 1540 517 1567 hominem
554 1539 677 1572 ﬁdelem,
713 1546 763 1566 nec
794 1538 905 1566 omnino
930 1543 1058 1572 oportere

229 1592 234 1597 ε
275 1586 419 1612 κιιιιιιιυιιιιι
444 1585 567 1620 proferre
593 1590 680 1620 putat.
711 1586 768 1612 Hoc
799 1585 872 1612 enim
891 1603 899 1616 ,
917 1571 1028 1617 inquit,
1044 1591 1057 1608 a
1073 1571 1095 1601 (ἶ

277 1632 386 1659 Christo
408 1639 521 1667 prorsus
544 1632 702 1664 abscindit,
720 1636 747 1659 et
773 1631 879 1659 diabolo
909 1629 991 1657 tradit
1009 1633 1061 1662 ,ιιι

276 1679 372 1706 salutis
398 1678 574 1712 assequendae
607 1679 694 1706 locum
715 1679 775 1706 talis
799 1677 915 1712 amplius
945 1683 998 1703 non
1013 1676 1061 1703 ha-

276 1726 350 1752 beat.
369 1724 418 1757 Qui
437 1724 580 1752 anathema
599 1725 670 1751 enim
687 1724 776 1751 factus
788 1728 841 1755 est,
855 1731 870 1749 a
884 1722 994 1750 Christo
1010 1741 1018 1754 ,
1034 1726 1060 1748 et

277 1770 395 1798 tidelinm
409 1769 543 1797 societate
557 1774 712 1804 separatur,
726 1773 753 1796 et
767 1769 876 1796 Satanae
889 1766 1057 1802 adiungitur.

279 1817 309 1843 Et
323 1816 552 1851 qucmadmmlum
567 1823 626 1851 quae
646 1815 700 1843 Deo
714 1815 889 1847 dedicantur.
906 1822 921 1841 a
937 1821 1061 1841 commu-

278 1862 358 1890 nibus
371 1866 397 1889 et
415 1862 541 1888 ltunranis
556 1861 684 1896 operibus
699 1865 876 1896 segregantur
886 1878 895 1892 ,
910 1859 950 1886 sic
971 1866 987 1886 ο
998 1866 1062 1885 con-

278 1916 318 1936 tra
339 1916 400 1944 qua:
416 1908 540 1943 improbo
556 1911 736 1942 separantur,
753 1914 768 1934 a
786 1905 887 1933 divinis
903 1905 1061 1933 distrahun-

277 1962 330 1983 tur.
351 1955 456 1982 ldcirco
471 1954 545 1981 enim
559 1958 587 1981 et
603 1953 731 1988 synodica
743 1972 751 1985 ,
768 1956 798 1979 ul
811 1952 921 1979 videtur
938 1972 945 1984 ,
959 1951 1062 1978 decisio

276 2002 327 2028 sub
343 2001 459 2036 imperio
483 1999 654 2028 Cthlattlini
685 1998 916 2034 Porpltyrogeneti
932 2019 939 2030 ,
956 2002 984 2025 et
1014 2005 1062 2031 pa-

277 2048 404 2075 triarchzc
417 2047 504 2074 Alcxii
521 2046 603 2078 facta,
619 2053 679 2080 quae
697 2051 747 2072 eos
769 2044 814 2079 qui
840 2044 874 2070 ab
890 2043 1063 2077 imperatori-

279 2096 328 2121 htts
345 2091 486 2124 deﬁciunt,
503 2097 530 2120 et
549 2100 625 2120 artua
657 2096 752 2118 contra
781 2098 829 2118 eos
845 2090 998 2125 suscipiunt
1013 2109 1020 2122 ,
1035 2093 1063 2117 et

278 2142 450 2178 tyrannidem
462 2145 603 2173 exercent,
619 2141 793 2168 anathemate
807 2139 1061 2173 ferit,abrogatur;

277 2189 345 2216 adeo
359 2193 388 2216 ut
409 2196 469 2223 qua:
488 2197 503 2216 ιι
535 2195 632 2223 magno
653 2187 735 2214 Patre
766 2187 963 2221 Chrysostomo
989 2185 1060 2212 dicta

278 2240 350 2266 sunt.
370 2236 462 2270 potius
475 2242 556 2269 quam
586 2241 646 2269 quae
663 2241 677 2260 a
707 2237 803 2268 quarta
830 2232 932 2268 synodo
949 2251 956 2263 .
972 2235 1000 2258 et
1028 2230 1062 2257 ab

279 2283 328 2309 hac
340 2281 493 2317 Gangrena,
505 2280 630 2308 obtinere
654 2280 762 2307 debent.
783 2278 854 2312 Quin
867 2278 948 2306 etiam
969 2276 996 2304 hi
1010 2275 1063 2303 Pa-

279 2332 334 2355 tres
348 2327 412 2360 sibi,
430 2328 455 2353 ni
475 2326 554 2353 fallor
570 2346 578 2357 .
594 2333 623 2353 se
638 2329 737 2359 praeter
757 2324 868 2351 modum
894 2330 988 2357 ptenas
1015 2329 1063 2349 ex-

279 2374 398 2401 tendisse
413 2372 534 2403 conscii,
552 2373 585 2399 ad
609 2378 742 2399 canonum
769 2371 849 2398 liuent
876 2369 934 2396 hrcc
961 2368 1061 2397 aiunt:

281 2419 343 2447 llaec
359 2424 448 2446 autem
461 2418 622 2458 statuimus.
641 2424 692 2444 non
710 2417 743 2444 iis
776 2417 822 2450 qui
852 2422 912 2443 sese
933 2421 1063 2442 exercere

283 2466 368 2493 velint
391 2469 586 2493 succensentcs
601 2484 608 2496 ,
632 2465 679 2491 sed
707 2463 744 2491 iis
765 2463 811 2498 qui
840 2462 1061 2491 exercitationem

278 2512 370 2538 animo
384 2510 503 2544 superbo
521 2509 644 2536 ambiunt
660 2529 667 2541 ,
689 2515 716 2537 et
741 2516 808 2536 nova
825 2509 947 2543 quatdam
966 2512 1064 2542 praeter

281 2565 375 2585 sacras
391 2557 547 2591 Scripturas
566 2556 752 2583 introducunt.
773 2555 829 2582 Nos
844 2559 934 2582 autem
952 2553 1063 2588 virgini-

281 2610 363 2631 tatem
381 2611 442 2632 cutn
475 2603 630 2631 humilitate
656 2603 843 2633 admiramur,
867 2606 895 2629 et
917 2601 1061 2629 continen-

279 2652 342 2679 tiam
357 2658 417 2678 cum
429 2650 527 2685 pietate
538 2650 731 2684 approbantus,
743 2654 768 2675 et
780 2656 917 2676 secessum
927 2655 941 2674 a
952 2649 1063 2675 sumula-

279 2699 353 2725 ribus
378 2697 492 2732 negotiis
517 2703 578 2723 cum
609 2696 699 2722 debita
730 2694 861 2721 modestia
887 2694 1063 2728 conjenctum

280 2744 452 2772 admittimus
469 2764 477 2775 ,
496 2748 523 2771 el.
538 2741 697 2770 Itonorabile
729 2740 932 2768 ntatt'ltnOnium
950 2748 1064 2768 venera-

281 2799 352 2823 mur,
365 2796 391 2818 et
407 2790 516 2817 divitias
531 2797 591 2816 cum
610 2788 716 2823 justitia
745 2791 773 2813 et
798 2787 978 2814 beneﬁcentia
994 2795 1063 2815 Vnon

279 2837 481 2872 vilipendimus,
497 2841 522 2863 et
540 2835 655 2863 vestium
671 2833 829 2863 tenuitatem
843 2841 894 2860 non
910 2834 984 2867 parvi
999 2834 1063 2862 faci-

279 2892 350 2919 mus,
368 2885 454 2921 longis
478 2889 567 2912 autem
581 2884 700 2912 vestibus
712 2882 834 2914 indutos.
850 2885 874 2908 ct
892 2880 1063 2910 eﬂ'eminatos

1104 249 1296 283 ἐδογμάτιζον.
1323 249 1403 276 Κατὰ
1418 249 1509 275 τοίνυν
1533 247 1635 275 τούτων
1651 247 1716 279 τοὺς
1736 246 1891 281 πλησιοχώ-

1108 303 1172 329 ρους
1195 295 1263 328 φασὶ
1283 294 1448 329 συνδραμεῖν
1474 293 1652 325 ἐπισκόπους,
1679 289 1696 330 ᾖ
1723 293 1893 328 προειρήκα-

1107 349 1167 376 μεν,
1184 343 1232 367 καὶ
1257 340 1303 372 οὓς
1322 341 1402 376 ἴσμεν
1421 340 1492 367 κατά
1521 340 1576 366 τῶν
1602 339 1689 376 ταύτῃ
1721 340 1890 378 φρογούντων

1106 387 1234 413 ἐκθέσθαι
1247 386 1363 418 κανόνας
1382 387 1577 413 ἐννεακαίδεκα
1589 395 1596 403 ·
1615 385 1774 420 ἀλλοτρίους
1797 386 1825 411 δὲ
1841 386 1892 411 κὰ-

1107 432 1214 464 κείνους
1230 432 1279 467 τῆς
1300 432 1449 466 καθολικῆς
1470 431 1634 466 Ἐκκλησίας
1659 430 1841 466 ψηφίσασθαι,
1857 430 1890 456 av

1109 478 1146 512 μὴ
1161 477 1232 504 κατὰ
1245 477 1308 509 τοὺς
1323 479 1404 512 ὄρους
1417 478 1466 511 τῆς
1482 477 1593 504 συνόδου
1616 477 1733 503 ἕκαστον
1746 476 1800 502 τῶν
1818 475 1892 509 spicit

1108 525 1314 560 νενομισμένων
1339 524 1570 560 ἀποκηρὺξωσιν·
1596 523 1721 550 ἐντεῦθεν
1746 523 1824 556 λόγος
1840 522 1892 548 Εὑ-

1108 571 1218 598 στὰθιον
1243 571 1476 604 ἐπιδεικνύμενον,
1492 570 1529 602 ὼς
1553 570 1603 597 οὐκ
1616 568 1763 600 αὐθαδείας
1788 568 1892 599 ἕνεκεν,

1108 617 1177 643 ἀλλά
1195 617 1245 652 τῆς
1260 617 1332 643 κατὰ
1347 617 1413 643 Θεον
1426 617 1570 651 ἀσκήσεως
1584 617 1722 651 εἰσηγεῖτο
1733 615 1831 647 ταῦτα,
1847 615 1894 641 καὶ

1108 663 1270 698 ἐπετήδευεν
1295 663 1411 698 ἀμεῖψαί
1431 671 1461 689 τε
1481 662 1531 698 τὴν
1547 662 1656 697 στολὴν,
1677 663 1725 688 καὶ
1744 660 1894 696 παραπλη-

1109 710 1174 740 σίως
1188 711 1244 741 τοῖς
1270 710 1359 741 ἄλλοις
1382 708 1485 745 ἱερεῦσι
1511 709 1560 741 τὰς
1583 708 1716 743 προόδους
1741 707 1892 734 ποιεῖσθαι.

1113 757 1238 791 Ἐνόμιζε
1252 757 1306 792 γὰρ
1318 756 1471 783 ἔσεσθαιτά
1479 756 1622 783 τελευταία
1633 755 1688 782 τῶν
1697 755 1816 791 πρόσθεν
1824 762 1895 789 πειρ-

1107 803 1232 838 αίτησιν,
1252 804 1276 830 εἰ
1297 804 1345 830 καὶ
1367 804 1451 838 μηδὲν
1477 803 1528 838 τῆς
1554 802 1637 830 αὑτοῦ
1661 801 1786 832 ἐπινοίας
1817 801 1894 827 ἀπώ-

1107 861 1181 884 νατο,
1207 851 1268 878 οὐδὲ
1283 851 1436 886 ἀποδρᾶναι
1453 851 1550 886 1ἰσχυσε
1576 850 1606 876 τὸ
1625 850 1662 885 μὴ
1687 850 1717 876 οὒ
1739 849 1818 883 δίκην
1831 848 1897 874 ὑπο-

1107 899 1183 934 σχεῖν
1197 898 1252 924 τῶν
1265 897 1488 932 τετολμημένων,
1513 896 1568 931 τὴν,
1579 896 1630 930 τῆς
1648 895 1800 931 ἱερωσύνης
1814 894 1898 927 ἀφαί-

1108 953 1193 979 ρεσιν.
1209 944 1267 971 Οὐκ
1282 942 1340 970 οἶδα
1357 944 1385 970 δὲ
1400 945 1427 970 τί
1442 943 1577 974 παθόντες
1594 943 1619 969 οἱ
1635 943 1703 969 θεῖοι
1718 939 1793 968 οὗτοι
1811 940 1895 967 Πατέ-

1107 999 1163 1026 ρες,
1190 990 1232 1025 ἐφ’
1257 990 1364 1025 ἑκάστῳ
1381 989 1475 1016 κανόνι
1501 990 1552 1016 οὐκ
1575 988 1743 1024 ἀφορισμὸν,
1770 987 1841 1014 ἀλλὰ
1867 987 1896 1013 τὸ

1106 1037 1231 1071 ἀνάθεμα
1256 1036 1466 1071 προσετίθεσαν,
1479 1035 1529 1070 τὴν
1549 1035 1662 1070 πολλὴν,
1675 1033 1765 1069 οἶμαι,
1778 1033 1831 1067 τῆς
1848 1042 1898 1059 κα-

1107 1083 1170 1114 κίας
1181 1082 1273 1119 ῥύμην
1288 1083 1320 1109 ἐκ
1333 1082 1494 1118 περιουσίας
1510 1081 1668 1109 ἀναστεῖλαι
1686 1081 1860 1116 βουλόμενοι.

1360 1217 1429 1252 Περι
1447 1217 1641 1252 ἀναθέματος.

1145 1262 1240 1298 Τούτῳ
1260 1263 1288 1290 δὲ
1303 1263 1342 1297 τῷ
1364 1262 1518 1298 ἀναθέματι
1532 1264 1549 1298 ἡ
1572 1263 1639 1297 ἀγία
1658 1262 1706 1290 καὶ
1716 1263 1898 1298 οἱκουμενικὴ

1109 1310 1228 1345 τετάρτη
1246 1310 1357 1341 σύνοδος
1372 1309 1413 1342 εις
1429 1309 1529 1344 μόνους
1544 1310 1679 1345 ἐχρήσατο
1692 1310 1757 1341 τοὺς
1770 1310 1818 1336 ἐπὶ
1831 1311 1899 1345 χρή-

1111 1365 1178 1390 μασι
1194 1356 1434 1392 χειροτονηθέντας
1447 1364 1454 1373 ·
1472 1356 1598 1392 ἐπιφέρει
1612 1356 1642 1383 δέ
1656 1356 1737 1383 τοῦτο
1752 1357 1801 1383 καὶ
1815 1365 1902 1392 μοναν

1109 1404 1167 1438 χοῖς
1180 1411 1210 1429 τε
1230 1404 1278 1430 καὶ
1294 1403 1448 1439 κληρικοϊς,
1464 1403 1661 1438 στρατιωτικὸν
1669 1403 1901 1438 ’ἐπανῃρημένοις

1110 1450 1204 1485 σχῆμα
1221 1450 1266 1476 καὶ
1281 1450 1319 1484 μὴ
1334 1449 1583 1484 μεταμελομένοις·
1599 1448 1657 1476 ἀλλ’
1673 1449 1687 1475 ό
1705 1448 1755 1483 τὴν
1772 1448 1900 1482 γλῶτταν

1109 1495 1238 1531 χρυσοῦς,
1255 1496 1284 1521 ἐν
1306 1497 1338 1530 τῇ
1363 1495 1457 1530 ὁμιλίᾳ
1472 1497 1505 1530 τῇ
1528 1495 1594 1530 περὶ
1608 1494 1656 1522 τοῦ
1674 1495 1711 1530 μὴ
1728 1494 1783 1521 δεῖν
1801 1495 1901 1522 ἀναθε-

1112 1542 1248 1577 ματίζειν,
1273 1541 1324 1568 οὐκ
1339 1541 1426 1568 οἴεται
1455 1542 1510 1568 δεῖν
1538 1542 1607 1573 ὅλως
1632 1542 1728 1568 πιστὸν
1752 1541 1902 1576 ἄνθρωπον

1111 1587 1238 1623 ἀνάθεμα
1254 1588 1354 1622 λέγειν.
1373 1588 1460 1614 Τοῦτο
1481 1587 1537 1622 γὰρ
1553 1587 1695 1619 παντελῶς
1715 1587 1762 1614 τοῦ
1777 1588 1902 1624 Χριστοῦ

1111 1635 1274 1667 ἀποκόπτει,
1291 1635 1369 1669 φησὶ,
1395 1635 1443 1661 καὶ
1465 1635 1503 1670 τῷ
1529 1634 1648 1670 διαϐόλῳ
1673 1634 1849 1669 ἀνατίθησιν,
1863 1634 1902 1666 ὡς

1113 1681 1210 1715 μηκέτι
1236 1681 1329 1714 χώραν
1351 1680 1424 1715 ἐχειν
1440 1681 1486 1707 τὸν
1499 1680 1619 1714 τοιοῦτον
1643 1680 1794 1715 σωτηρίας.
1810 1680 1904 1706 Ἀλλο-

1111 1726 1235 1761 τριοῦται
1245 1726 1299 1761 γὰρ
1310 1725 1358 1753 τοῦ
1369 1726 1488 1762 Χριστοῦ
1497 1727 1604 1761 καὶτῆς
1612 1726 1667 1753 τῶν
1676 1726 1782 1753 πιστῶν
1794 1727 1903 1761 δμηγὺ⁴

1114 1782 1183 1808 ρεως
1192 1773 1206 1798 ὸ
1216 1773 1340 1809 ἀνάθεμα
1347 1774 1504 1808 γενόμενος.
1512 1775 1559 1800 καὶ
1569 1775 1691 1809 προτκλη
1697 1773 1791 1809 ροῦται
1801 1774 1841 1808 τῷ
1852 1775 1904 1800 Σα-

1111 1819 1180 1854 τανᾷ
1194 1827 1201 1833 ·
1215 1819 1261 1846 καὶ
1277 1818 1371 1854 ὥσπερ
1383 1819 1416 1845 τὰ
1429 1819 1467 1853 τῷ
1479 1818 1538 1854 Θεῷ
1548 1819 1730 1853 ἀνατιθέμενα
1740 1819 1903 1846 τῶνκοινῶν

1112 1865 1160 1892 καὶ
1168 1864 1349 1900 ἀνθρωπίνων
1357 1864 1530 1899 πραγμάτων
1541 1863 1700 1899 χωρίζεται,
1711 1863 1800 1896 οὕτως
1813 1865 1848 1891 ἐκ
1855 1864 1903 1891 τοῦ

1112 1910 1235 1938 ἐναντίου
1252 1910 1286 1937 τὰ
1301 1909 1341 1944 τῷ
1366 1909 1478 1945 πονηρῷ
1499 1909 1684 1944 ἀφορισθέντα
1699 1909 1904 1943 ἀποδιαιρεῐται

1112 1958 1167 1985 τῶν
1181 1956 1272 1983 θείων.
1289 1957 1338 1983 Διά
1349 1955 1404 1991 γὰρ
1420 1955 1499 1982 τοῦτο
1515 1955 1563 1982 καὶ
1575 1956 1589 1982 ό
1606 1955 1806 1987 συνοδικὺς,ὡς
1819 1955 1904 1988 ἔοικε,

1112 2005 1194 2038 τόμος
1209 2003 1351 2037 ἡθὲτηται,
1371 2003 1385 2029 ὁ
1404 2004 1524 2037 γεγονὼς
1544 2002 1591 2029 ἐπὶ
1602 2002 1653 2037 τῆς
1668 2002 1810 2037 βασιλείας
1826 2004 1906 2030 Κων-

1113 2049 1255 2077 σταντίνου
1270 2048 1316 2075 τοῦ
1331 2049 1593 2084 Πορφυρογεννήτου
1608 2048 1713 2075 καὶτοῦ
1726 2050 1905 2087 πατριάρχομ

1120 2096 1249 2129 Ἀλεξίου,
1265 2096 1280 2122 ὁ
1294 2095 1356 2126 τοὺς
1372 2095 1530 2127 ἀποστάτας
1543 2095 1754 2130 ἀναθεματίζων
1776 2097 1835 2123 τῶν
1852 2097 1903 2132 βα-

1114 2144 1221 2175 σιλέων,
1240 2144 1288 2169 καὶ
1300 2142 1361 2170 κατ’
1376 2143 1465 2180 αὐτῶν
1480 2143 1609 2178 αἴροντας
1632 2143 1713 2176 ὅπλα,
1727 2144 1777 2170 καὶ
1799 2152 1903 2180 τυραν-

1114 2190 1173 2217 νίδα
1188 2189 1370 2225 μελετῶντας,
1382 2186 1426 2216 οἶα
1435 2189 1470 2215 τὰ
1482 2188 1528 2216 τοῦ
1543 2187 1663 2224 μεγάλου
1672 2189 1730 2216 Πατ
1736 2190 1783 2224 ρος
1795 2190 1907 2225 Χρυσο-

1079 2246 1100 2274 D
1115 2236 1216 2272 στόμου
1228 2235 1372 2270 ὀφείλοντα
1386 2234 1487 2270 μᾶλλον
1499 2236 1611 2270 κρατεῖν
1624 2235 1640 2271 ἢ
1657 2236 1690 2262 τὰ
1701 2237 1752 2270 τῆς
1765 2238 1905 2272 τετάρτης

1115 2282 1224 2308 συνόδου
1243 2281 1291 2309 καὶ
1313 2281 1348 2308 τὰ.
1365 2281 1414 2314 τῆς
1433 2281 1462 2308 ἐν
1486 2281 1600 2317 Γάγγρᾳ.
1617 2281 1749 2316 ταυτησί·
1777 2282 1850 2310 ἀλλά
1872 2292 1905 2316 γε

1114 2328 1162 2355 καὶ
1177 2325 1251 2354 οὗτοι
1273 2327 1424 2358 συνειδότες
1449 2327 1569 2359 ἑαυτοῖς,
1583 2325 1671 2362 οἶμαι,
1698 2327 1770 2362 πέρα
1787 2328 1840 2356 τοῦ
1858 2337 1907 2362 με-

1113 2374 1190 2409 τρίου
1218 2374 1252 2400 τὰ
1279 2373 1329 2407 τῆς
1360 2373 1502 2407 ἐπιτιμίας
1525 2373 1689 2404 ἐκτείνουσι,
1719 2373 1906 2406 τελευτῶντες

1115 2419 1182 2453 ᾡασι
1194 2427 1201 2434 ·
1219 2419 1311 2445 Ταῦτα
1324 2419 1353 2444 δὲ
1369 2419 1521 2454 ὼρίσαμεν,
1535 2418 1566 2444 οὺ
1577 2419 1649 2445 κατά
1660 2419 1713 2445 τῶν
1724 2419 1824 2446 ἀσκεῖν
1839 2429 1909 2456 προ-

1115 2465 1286 2500 αιρουμένων
1308 2463 1541 2498 ἀγανακτοῦντες.
1556 2465 1625 2491 ἀλλὰ
1653 2465 1707 2491 τῶν
1730 2466 1907 2502 ὑπερηφάνῳ

1114 2510 1235 2537 διαθέσει
1262 2509 1311 2543 τὴν
1333 2510 1450 2544 ἄσκησιν
1477 2511 1637 2546 μετιόντων,
1663 2512 1711 2537 καὶ
1730 2513 1818 2539 καινά
1843 2522 1907 2540 τινα

1116 2556 1191 2592 παρὰ
1206 2557 1255 2588 τὰς
1273 2557 1349 2588 θείας
1362 2556 1527 2591 εἰσαγόντων
1541 2557 1662 2598 ξ’ραφάς.
1680 2558 1779 2591 Ἡμεῖς
1790 2561 1848 2595 γὰρ
1861 2562 1911 2587 καὶ

1115 2604 1265 2640 παρθενίαν
1281 2604 1351 2639 μετά
1366 2603 1619 2639 ταπεινοφροσύνης
1636 2604 1819 2640 θαυμάζομεν
1832 2628 1840 2639 ,
1860 2608 1910 2632 καὶ

1115 2651 1279 2686 ἐγκράτειαν
1293 2650 1364 2686 μετὰ
1379 2650 1536 2682 θεοσεὸείας
1551 2650 1741 2685 ἀποδεχόμεθα
1753 2659 1761 2665 ·
1775 2653 1826 2678 καὶ
1839 2654 1908 2679 ἀνα-

1115 2697 1238 2733 χώρησιν
1255 2697 1324 2732 μετὰ
1341 2696 1389 2724 τοῦ
1412 2697 1597 2732 προσήκοντος
1618 2697 1723 2730 κόσμου
1745 2698 1802 2724 τῶν
1826 2700 1908 2732 ἐγκο-

1116 2745 1203 2778 σμίων
1219 2743 1390 2778 πραγμάτων
1404 2743 1535 2777 ἀγάμεθα
1547 2749 1554 2757 ·
1576 2743 1623 2770 καὶ
1645 2742 1754 2777 γάμους
1776 2745 1908 2778 τιμῶμεν

1117 2789 1233 2825 σεμνούς
1245 2798 1251 2805 ⁸
1266 2790 1312 2816 καὶ
1322 2790 1437 2816 πλοῦτον
1447 2790 1517 2824 μετὰ
1530 2789 1704 2824 δικαιοσύνης
1717 2790 1764 2816 καλ
1778 2791 1908 2820 εὺιτοιῖας

1115 2837 1166 2863 οὐκ
1195 2836 1409 2871 ἑξουθενοῦμεν*
1440 2836 1488 2863 καὶ
1515 2836 1644 2870 λιτότητα
1670 2835 1834 2868 ἐνδυμάτων
1857 2836 1908 2863 οὐκ

1116 2882 1286 2918 ἀτιμαζομεν
1295 2890 1301 2896 '
1315 2882 1378 2915 τοὺς
1394 2883 1421 2910 δὲ
1434 2883 1615 2919 ἐλκεχίτωνας
1630 2881 1678 2909 καὶ
1691 2881 1907 2919 ἐκνενευρισμέ-
