1951 3065
122 97 183 129 985
846 99 1056 131 PBIEFATIO.
1702 103 1759 136 986

123 151 194 185 τικὴ
208 157 215 165 ·
241 146 312 182 εἶτα,
337 150 491 186 Νουμηδίαι
511 151 569 184 δύο,
586 151 701 180 ¹παλαιά
716 161 744 179 τε
773 154 821 181 καὶ
844 154 892 180 νέα
907 163 914 169 ·

974 154 1119 182 Jmsariana
1145 162 1160 183 a
1179 156 1322 191 metropoli
1343 163 1391 183 sua
1411 155 1536 184 Caesarea
1564 155 1657 190 dicta;
1688 157 1755 184 Sili-

124 196 238 229 ιπειτα,
254 196 440 231 Μαυριτανίαι
466 199 551 233 τρεῖς,
566 196 626 234 ἦτοι
648 198 663 233 ἡ
688 199 879 234 Καισαρινσία,
897 201 913 234 ἡ

974 202 1060 235 eusia,
1077 201 1155 236 cujus
1171 202 1330 237 metropolis
1347 208 1388 230 est
1405 202 1541 236 Sitifaana,
1559 208 1586 230 et
1602 202 1752 237 Tingiana,

125 241 179 268 καὶ
195 242 371 278 Καισαριανὴ
395 242 563 278 καλουμένη,
581 243 636 270 ἀπὸ
656 244 706 278 τῆς
722 245 917 280 μητροπόλεως

974 255 1025 283 [nae
1041 248 1216 282 metropolim
1232 248 1316 276 habet
1340 249 1455 285 Tingeu.
1473 249 1646 276 Przesidebat
1663 255 1753 277 autem

125 287 218 322 αὐτῆς
232 288 410 322 Καισαρείας,
427 289 597 323 Σιτιφενσία,
610 287 644 325 ἦς
657 290 673 324 ἡ
692 289 860 325 μητρόπολις
873 291 918 317 Σι-

126 333 260 367 τίφαινα·
278 333 326 360 καὶ
348 333 493 370 Τιγγιανὴ,
509 335 524 369 ή
549 335 719 370 μητρόπολιν
735 335 835 371 ἔχουσα
850 337 917 371 Tif-

106 386 196 414 ’γην.
213 379 326 414 Ἐξῆρλε
353 380 382 406 δὲ
398 382 448 414 τῆς
477 380 588 407 συνόδου
611 381 746 416 Αὐρήλιος
769 382 920 415 ἐπίσκοπος

129 425 318 460 Καρχηδόνος,
333 425 364 453 ὃν
380 426 427 453 καὶ
442 427 559 454 πάππαν
574 427 728 461 ὠνόμαζον,
749 429 796 455 καὶ
809 429 834 455 οί
852 438 918 456 στα·

127 471 226 504 λέντες
241 473 273 498 ὲκ
291 471 339 499 τοῦ
354 473 454 499 πάππα
474 473 585 508 Ῥώμης
599 476 786 509 τοποτηρηταὶ
802 475 920 503 Φαυστῖ-

128 526 177 549 νος
190 517 351 549 ἐπίσκοπος.
368 518 502 549 Φίλιππός
516 526 546 544 τε
570 518 618 545 καὶ
636 519 750 550 ’Λσελος
765 521 919 554 πρεσϐύτε-

131 571 190 598 ροι.
214 563 348 598 Παρῆσαν
364 563 393 589 δὲ
410 563 457 589 καὶ
480 563 568 598 ἕτεροι
594 565 781 600 τοποτηρηταὶ
797 566 850 592 τῶν
865 567 916 602 ἥδη

129 607 288 643 εἰρημένων
302 609 442 643 ἐπαρχιῶν
456 608 507 643 τῆς
521 609 652 644 Ἀφρικῆς
664 610 727 641 τοὺς
741 610 840 644 τόπους
854 613 918 640 ἀναρ-

129 654 301 689 πληροῦντες
315 654 370 680 τῶν
389 654 427 689 μὴ
440 654 609 688 δυνηθέντων
620 654 708 681 ἐλθεῖν
721 656 761 687 εἰς
776 657 826 690 τὴν
841 658 918 684 advo-

965 293 1069 327 synodo
1086 292 1213 321 Aurelius
1229 294 1376 329 episcopus
1401 295 1639 329 Carthaginensis,
1672 302 1752 329 quem

965 338 1046 366 etiam
1065 346 1162 374 papam
1185 341 1373 372 nominabant,
1400 345 1428 368 et.
1445 341 1495 368 loci
1514 345 1720 368 conservatores
1739 350 1753 367 a

971 393 1039 420 papa
1052 385 1177 415 Romano
1186 388 1273 420 missi,
1286 387 1433 415 Faustinus
1445 388 1600 422 episcopus,
1615 388 1754 422 Philippus

970 437 997 459 et
1012 433 1120 461 Asellus
1138 434 1300 470 presbyteri.
1330 434 1451 461 Aderant
1472 440 1561 461 autem
1580 440 1607 461 et
1623 435 1667 461 alii
1684 442 1754 468 pra:-

969 478 1102 506 dictarum
1121 481 1220 508 Africae
1243 480 1443 516 provinciarum
1462 481 1513 507 loci
1535 486 1753 512 conservatores,

969 532 1062 551 comm
1083 526 1128 559 qui
1153 526 1186 553 ad
1212 527 1343 562 synodum
1360 525 1454 553 venire
1472 533 1523 552 non
1551 529 1678 561 poterant
1695 525 1754 551 lora

969 569 1113 605 implentes
1142 581 1149 599 :
1179 573 1249 600 unde
1275 577 1302 599 et
1330 572 1380 599 loci
1408 570 1625 599 conservationis
1657 578 1754 597 nomen

969 621 1104 650 sumptum
1134 622 1188 649 est,
1215 625 1231 645 a
1257 618 1402 649 servando,
1421 618 1471 644 hoc
1495 621 1537 644 est
1553 615 1680 649 tenendo,
1697 615 1756 643 sive

972 661 1108 695 implendo
1123 670 1217 690 eorum
1234 664 1278 698 qui
1296 671 1343 691 eos
1358 664 1468 690 mittunt
1489 663 1559 690 loca.
1699 660 1702 663 ’

129 702 177 729 δον
189 711 195 718 “
211 702 273 728 ὅθεν
288 702 335 728 καὶ
345 702 374 729 τὸ
388 702 438 738 τῆς
457 702 660 738 τοποτηρησίας
675 702 760 738 ὄνομα
778 704 882 741 ἐλήφθη
896 707 951 735 ἀπὸ
969 709 1018 736 τοῦ
1033 712 1139 746 τηρεῖν,
1154 711 1167 738 ὅ
1186 712 1246 738 ἐστι
1260 712 1410 746 φυλάσσειν
1422 712 1481 747 ἤτοι
1501 710 1675 746 ἀναπληροῦν
1690 710 1755 741 τοὺς

130 750 234 781 τόπους
248 749 304 775 τῶν
320 749 484 776 στελλόντων
499 750 610 781 αὐτούς.

129 808 184 835 lA’.
202 806 273 841 Περὶ
289 806 343 842 τῆς
367 807 454 842 ἁγίας
473 807 755 849 καὶηοῑκουμενικῆς
776 811 918 847 τετάρτης

1008 813 1079 841 XIV.
1104 814 1142 841 De
1159 820 1251 842 sancta
1270 820 1293 842 ei
1311 815 1470 842 azcumenica
1491 814 1591 849 synodo
1610 818 1717 849 quarta.

448 843 593 871 συνόδου.

173 888 252 916 Ἀλλὰ
267 889 321 924 γὰρ
345 889 411 923 πρὶν
427 889 541 923 χρόνους
555 890 611 929 dno
633 891 681 925 τῆς
696 892 794 927 τρίτης
810 892 918 928 ἐξήκειν

129 936 292 971 τριάκοντα,
309 937 326 970 ὴ
340 935 407 970 ἁγία
418 936 465 962 καὶ
477 937 654 972 οίκουμενικὴ
668 938 786 973 τετάρτη
799 939 917 974 σύνοδος,

129 982 172 1017 τῷ
192 982 294 1017 πρώτῳ
312 982 368 1008 ἔτει
385 982 435 1015 τῆς
452 981 592 1016 βασιλείας
611 983 774 1018 Μαρκιανοῦ
791 986 836 1012 τοῦ
850 994 920 1022 χρη-

130 1028 197 1055 στοῦ
208 1029 238 1054 ὲν
251 1030 284 1063 τῇ
297 1028 462 1063 περιωιιύμῳ
473 1028 551 1056 πόλει
564 1030 615 1063 τῆς
632 1029 759 1060 Βιθυνίας
776 1031 920 1066 ἡθροίζετο

130 1074 302 1109 Χαλκηδόνι,
324 1075 364 1106 εἰς
390 1074 539 1109 τριάκοντα
568 1075 661 1102 δὲκαὶ
687 1075 847 1108 ἑξακοσίους
873 1077 919 1104 τὶν

131 1120 249 1155 ἀριθμὸν
265 1120 416 1152 ἐξετείνετο
429 1129 435 1137 ·
452 1118 486 1156 ἦς
511 1120 625 1154 λογάδες
644 1122 824 1156 ἐγνωρίζοντο
841 1123 920 1150 Ἀνα-

131 1166 222 1197 τόλιος
246 1167 577 1198 Κωνσταντινουπόλεως,
593 1167 719 1201 Μάξιμος
739 1169 918 1204 Ἀντιοχείας,

138 1210 314 1242 Ἰουσενὰλιος
333 1211 531 1246 Ἱεροσολύμων
544 1219 552 1226 ·
579 1213 626 1238 καὶ
638 1212 683 1247 δὴ,
703 1213 875 1247 Πασχασίνός
890 1223 919 1240 τε

131 1257 180 1283 καὶ
205 1256 366 1288 Λουκίνσιος
387 1257 545 1289 ἐπίσκοποι,
565 1257 613 1283 σὺν
631 1258 782 1292 Βονιφατίῳ
798 1259 920 1293 πρεσϐυ-

132 1301 216 1336 τέρῳ,
233 1301 280 1328 τὸν
295 1301 378 1328 τόπον
407 1302 554 1336 ἐπέχοντες
569 1302 682 1334 Λέοντος
704 1303 751 1330 τοῦ
767 1304 919 1338 ἁγιωτάτου

133 1347 233 1374 πάππα
246 1349 296 1383 τῆς
312 1349 504 1384 πρεσϐυτέρας
520 1349 642 1384 Ῥώμης,
654 1346 685 1376 οὗ
699 1351 771 1385 μέγα
792 1351 821 1377 τὺ
833 1351 920 1384 κλέος,

134 1394 180 1420 καὶ
197 1394 281 1426 πολὺς
296 1395 310 1422 ό
324 1394 394 1430 ὑπὲρ
409 1395 459 1427 τῆς
473 1395 615 1427 εὐσεῆείας
637 1395 719 1431 ζῆλος
729 1405 735 1412 ·
749 1396 779 1428 ὃς
795 1397 826 1424 ού
841 1398 920 1432 μόνον

134 1441 295 1472 ἀποστόλοις
310 1440 430 1474 οἰκείοις,
444 1441 513 1468 ἀλλὰ
524 1442 572 1468 καὶ
588 1443 621 1477 τῇ
637 1442 778 1477 θαυμασία
791 1443 918 1479 ἐπιστολῇ

135 1485 271 1520 ἐπεκύρου
290 1486 325 1512 τὰ
341 1486 390 1521 τῆς
406 1485 529 1519 συνόδου,
547 1487 580 1522 ἢν
592 1487 638 1512 καὶ
650 1487 751 1522 στήλην
765 1487 919 1521 ὁρθοόοξίας

134 1531 158 1558 οἱ
173 1531 295 1566 Πατέρες
308 1531 568 1567 προσηγορεύκασιν
581 1541 588 1548 ·
604 1532 703 1565 οἵτινες
719 1533 766 1560 τὸν
783 1534 920 1568 ἀρχιμαν-

135 1579 228 1614 ὃρίτην
244 1578 557 1610 Κωνσταντινουπόλεως
571 1579 691 1615 Εὐτυχῆ,
708 1581 755 1607 καὶ
773 1581 818 1607 τὸν
835 1590 921 1616 προα-

137 1624 254 1660 σπιστὴν
278 1624 361 1650 αὐτοῦ
390 1624 536 1660 Διόσκορον
560 1625 772 1661 Ἀλεξανδρείας,
795 1629 837 1659 εἰς
855 1628 921 1663 μίαν

136 1671 217 1704 φύσιν
237 1669 443 1704 ὰνακιρνῶντάς
458 1678 488 1696 τε
503 1670 550 1697 καὶ
569 1671 735 1706 συγχέοντας
749 1673 795 1699 τὸν
816 1674 844 1699 ἐν
860 1674 921 1700 δυσὶ

136 1717 233 1751 φύσεσι
252 1716 456 1752 γνωριζόμενον
473 1716 521 1743 ἕνα
536 1717 654 1753 Χριστὸν
665 1718 712 1744 τὸν
725 1719 828 1755 Κύριον
842 1721 921 1755 ἡμῶν

136 1763 212 1796 Θεὸν,
227 1763 378 1798 φεύγοντας
392 1762 474 1797 δῆθεν
491 1763 540 1798 τὴν
553 1763 600 1790 τοῦ
615 1754 762 1799 Νεστορῖου
776 1754 920 1801 διαίρεσιν,

136 1809 263 1840 ἀσεϐείας
279 1809 370 1839 ἕνεκα,
386 1808 425 1843 τῷ
448 1809 601 1845 ἀναθέματι
621 1811 821 1848 κατεδίκασαν·
840 1813 921 1840 κανό-

137 1864 185 1887 νας
198 1853 273 1882 οὗτοι
289 1854 440 1890 δωροῦνται
454 1857 487 1890 τῇ
501 1855 654 1892 Ἐκκλησία
668 1858 826 1892 τριάκοντα.
840 1859 922 1894 Ζήτει

137 1902 175 1930 τὰ·
187 1901 254 1937 περὶ
268 1901 371 1937 ταύτης
399 1902 447 1929 καὶ
463 1902 491 1928 ἐν
508 1901 548 1937 τῷ
562 1905 586 1928 α’
601 1903 742 1939 κεφαλαίῳ
757 1904 806 1931 τοῦ
818 1905 838 1931 Ε
853 1912 923 1932 στοι-

137 1948 223 1984 χείου.

139 2005 206 2041 Περί
216 2005 271 2033 τοῦ
282 2004 449 2040 ἁγιωτάτου
461 2005 628 2067 PSH-(16101)
637 2007 924 2036 Κωνσταντινουπό-

506 2048 571 2067 suo.

506 2048 571 2074 εως.

171 2086 219 2121 Τῷ
234 2075 356 2122 δευτέρῳ
371 2085 428 2113 Erat
452 2075 576 2118 Moveo;-
584 2087 633 2114 τοῦ
651 2087 783 2122 μεγάλου,
807 2088 837 2120 ὃς
853 2090 923 2124 μετὰ

139 2133 298 2168 Μαρκιανὺν
319 2132 509 2166 ὶῦασίλευσεν,
537 2134 551 2160 ό
576 2134 649 2165 θεῖος
665 2134 808 2167 Γεννάὸιος
821 2135 862 2167 είς
876 2135 923 2162 τὸν

139 2180 189 2215 τῆς
218 2179 539 2210 Κωνσταντινουπόλεως
568 2178 663 2214 θρόνον
699 2179 852 2214 ἀνάγεται,
875 2181 921 2208 τδν

145 2226 299 2253 Ἀνατόλιον
314 2225 519 2260 διαδεξάμενος,
532 2227 581 2253 καὶ
598 2225 669 2260 μετὰ
691 2228 927 2261 τεσσαρεσκαιδέ‹

140 2280 222 2299 κατον
235 2272 295 2303 ἔτος
312 2271 379 2306 πρὸς
389 2271 493 2306 Κύριον
510 2271 627 2306 ὲκδημεῖ
637 2279 644 2286 ·
658 2271 790 2306 ἐπιστολὴ
804 2272 832 2298 δὲ
846 2273 927 2309 φέρε..

140 2328 184 2346 ται
201 2318 297 2345 τούτου
315 2318 384 2352 προς
407 2317 459 2352 τὴν
477 2317 506 2343 ἐν
537 2317 631 2352 Ῥώμῃ
647 2317 769 2350 σύνοδον,
781 2317 924 2352 δεικνῦσα,

141 2365 178 2397 ὡς
191 2364 321 2398 οὐδεμιᾶς
336 2363 451 2394 ἀτοπίας
464 2362 619 2398 ὑπερϐολὴν
648 2363 811 2390 καταλείπει
826 2365 857 2391 τὸ
871 2373 927 2400 χει-

143 2411 259 2446 ροτονεῖν
272 2410 320 2436 έπὶ
331 2410 384 2445 χρή
390 2418 483 2444 μασιν.

143 2458 191 2484 lE'.
208 2457 279 2490 Περι
295 2455 351 2490 τῆς
361 2456 449 2490 ἁγίας
460 2455 509 2482 καί
524 2455 736 2490 οὶκουμδνικῆς
746 2459 768 2483 ε’
780 2455 924 2484 συνόδου.

176 2503 216 2538 Τῇ
232 2503 261 2528 δέ
277 2510 310 2536 γε
327 2501 348 2528 ε’
360 2501 408 2528 καὶ
423 2501 600 2536 οίκοδμενικῇ
616 2501 730 2536 συνόδῳ,
749 2501 841 2528 κανὼν
854 2503 927 2529 οὑδο‹

142 2548 215 2575 τιοῦν
230 2548 376 2582 ἐμέλησεν,
390 2548 434 2574 ὅτι
450 2547 488 2582 μὴ
501 2546 539 2581 τῷ
554 2546 707 2581 ἀναθέματι
722 2547 925 2575 καουποσαλεϊν

145 2594 205 2625 τοὺς
224 2594 288 2629 περὶ
316 2593 470 2628 Ὠριγένην,
488 2592 623 2628 Διδύμους
646 2601 676 2619 τε
696 2593 744 2620 καὶ
761 2593 926 2628 Εὑαγρίους,

142 2641 204 2672 τοὺς
219 2641 269 2674 τὴν
289 2640 451 2676 Ἑλληνικὴν
471 2639 636 2675 μυθολογίαν
652 2640 684 2673 τῇ
707 2640 755 2666 τοῦ
771 2639 839 2666 Θεοῦ
862 2640 926 2668 Ἐκ-

144 2686 243 2723 κλησίᾳ
255 2687 503 2722 φιλονεικήσειντας
517 2686 747 2720 παρεισενεγκείν
757 2693 765 2700 θ
780 2685 927 2721 προΰπαρυ

145 2731 184 2764 ξίν
201 2733 255 2768 γὰρ
282 2733 436 2768 ὲληρῲδουν
449 2732 554 2767 ψυχῶν,
573 2732 620 2758 καὶ
646 2731 733 2758 πολλὰ
745 2731 861 2766 σώματα
874 2731 926 2767 τὴν

144 2779 226 2814 αὐτὴν
239 2779 329 2814 datr/ip;
348 2778 553 2813 μετενδύεσθαι,
566 2777 615 2803 καὶ
625 2777 702 2809 τέλος
709 2775 789 2804 ἐἶναι
798 2777 848 2812 τῆς
864 2778 926 2804 ἀτε-

146 2826 274 2858 Αξυτήτου
290 2826 428 2856 κολάσεως
438 2833 444 2840 ·
462 2824 587 2859 ἠθροιστο
606 2823 632 2849 δὲ
646 2823 684 2850 τῶ
695 2823 924 2859 ὀκτωκαιδεκάτῳ

1005 893 1083 921 Prius
1105 898 1195 922 autem
1212 902 1292 929 quam
1318 895 1428 929 triginta
1454 893 1518 921 anni
1534 901 1547 920 a
1565 893 1643 920 tertia
1670 892 1752 926 elapsi

969 943 1043 971 sunt,
1059 943 1153 966 sancta
1170 944 1195 966 et
1214 939 1383 966 meitmcnica
1404 945 1500 972 quarta
1519 938 1646 973 synodus,
1665 938 1754 971 primo

970 985 1143 1020 imperatoris
1160 985 1287 1013 Marciani
1311 985 1420 1019 benigni
1443 993 1513 1012 anno
1530 984 1556 1011 in
1574 983 1751 1011 celeberrima

969 1031 1103 1066 Bithyniae
1113 1032 1181 1058 urbe
1195 1031 1365 1059 Chalcedone
1379 1034 1540 1066 congregata
1554 1035 1606 1057 est.
1617 1029 1752 1057 Numerus

970 1080 1060 1103 autem
1086 1077 1275 1111 episcoporum
1294 1081 1354 1103 erat
1372 1076 1492 1103 sexcenti
1523 1075 1632 1109 triginta
1652 1082 1659 1100 :
1676 1074 1754 1108 cujus

971 1122 1100 1156 pnesides
1120 1123 1248 1150 declarati
1268 1126 1332 1150 Sunt
1348 1122 1489 1149 Anatolius
1505 1120 1754 1153 Constantinopoli-

971 1174 1060 1201 tauus,
1080 1169 1211 1196 Maximus
1227 1169 1424 1200 Antiucheuus,
1451 1167 1609 1195 Jurenalius
1626 1166 1754 1193 Hieroso-

971 1215 1129 1250 lymitanus,
1158 1215 1222 1250 quin
1252 1215 1333 1242 etiam
1360 1214 1523 1242 Pascasiuus
1550 1218 1577 1240 et
1602 1212 1753 1240 Lucensius

970 1261 1090 1295 episcopi
1109 1267 1160 1287 una
1178 1267 1239 1288 cum
1256 1259 1397 1287 Bouifacio
1415 1260 1584 1294 presbytero,
1604 1258 1690 1285 lucum
1712 1262 1752 1284 te-

971 1311 1066 1332 nentes
1096 1306 1194 1333 Leonis
1225 1305 1390 1333 sanctissimi
1416 1304 1516 1332 veteris
1546 1303 1639 1330 Romae
1667 1311 1752 1337 paptB,

971 1352 1048 1386 cujus
1060 1359 1156 1386 magna
1169 1351 1219 1378 fuit
1232 1350 1315 1383 fama,
1325 1355 1352 1378 et
1365 1351 1469 1378 multus
1482 1358 1531 1385 pro
1544 1350 1644 1385 pietate
1658 1349 1751 1376 zelus:

971 1398 1016 1433 qui
1033 1405 1086 1424 nun
1099 1397 1155 1424 suis
1171 1402 1274 1424 tantum
1292 1397 1405 1428 nuntiis,
1422 1397 1470 1424 sed
1498 1396 1580 1423 ctiam
1598 1395 1752 1422 admirabili

973 1443 1089 1477 epistola
1106 1443 1202 1477 synodi
1228 1443 1336 1470 decreta
1357 1442 1545 1474 confirmavit»;
1562 1449 1642 1476 quam
1669 1441 1751 1468 etiam

934 1476 957 1506 ϐ
972 1489 1066 1517 Patres
1080 1489 1140 1516 lidei
1153 1489 1311 1516 orthodoxae
1326 1489 1479 1515 columnam
1492 1491 1692 1522 nuncuparunt,
1707 1487 1752 1520 qui

971 1535 1118 1570 Eutycllem
1125 1534 1372 1568 Constantinopolis
1380 1532 1632 1563 archimandritam,
1640 1532 1753 1566 ejusque

971 1581 1140 1609 defensorem
1174 1581 1330 1608 Dioscorqu
1359 1580 1539 1609 Alexandriae.
1557 1579 1601 1612 qui
1620 1578 1754 1613 fugientes

971 1628 1098 1655 nimirum
1131 1627 1247 1656 Nestorii
1264 1627 1436 1659 divisionem,
1452 1634 1532 1654 unmn
1550 1625 1688 1653 Christum
1707 1633 1754 1650 no-

971 1679 1056 1703 strum
1077 1680 1104 1702 et
1117 1674 1202 1701 Deum
1217 1674 1243 1700 in
1258 1674 1363 1701 duabus
1377 1673 1482 1700 naturis
1496 1671 1708 1702 manifestatum,
1725 1671 1752 1696 in

972 1719 1077 1746 unicam
1110 1723 1235 1746 naturam
1264 1718 1476 1746 connniscebant
1492 1721 1519 1744 et
1540 1715 1752 1746 confundebanl,

971 1765 1006 1793 oh
1021 1766 1184 1800 impietatem
1198 1765 1378 1792 anathemate“
1391 1756 1617 1791 condemnabam.
1631 1761 1662 1788 lli
1672 1761 1753 1788 etiam

973 1811 1082 1845 triginta
1097 1818 1216 1838 canones
1232 1810 1360 1837 Ecclesia:
1378 1809 1468 1843 largiti
1487 1812 1561 1835 sunt.
1581 1807 1697 1841 Reliqua
1712 1806 1755 1832 hic

971 1852 1120 1890 spectantia
1137 1864 1228 1892 quaere
1248 1856 1273 1883 in
1289 1856 1376 1890 primo
1392 1855 1479 1889 capite
1495 1854 1593 1881 litterae
1610 1853 1641 1880 E.

1008 2009 1047 2036 De
1067 2007 1233 2036 sanctissimo
1260 2005 1396 2034 Gennadio
1413 2005 1719 2040 Constantinopolitano.

1009 2086 1135 2115 Secundo
1151 2085 1248 2113 Leonis
1262 2085 1365 2120 magni,
1380 2084 1424 2120 qui
1441 2089 1501 2120 post
1521 2084 1685 2112 Marcianum
1703 2085 1756 2111 ἰηι-

938 2155 962 2185 D
975 2133 1089 2169 peravit,
1105 2140 1188 2166 anno,
1203 2133 1310 2160 divinus
1324 2131 1481 2161 Gennadius
1494 2131 1526 2159 ad
1543 2132 1669 2159 thronum
1683 2130 1755 2159 Con-

975 2179 1245 2214 stantinopolitanum
1256 2183 1397 2214 promotus
1406 2182 1445 2205 est
1458 2177 1585 2204 Anatolio
1596 2178 1757 2206 succedens.

976 2230 1003 2253 et
1018 2231 1079 2260 post
1093 2233 1179 2253 annos
1195 2225 1402 2259 quatuordecim
1422 2225 1454 2259 ad
1471 2224 1614 2251 Dominum
1632 2223 1757 2251 recessit.

976 2271 1060 2305 llujus
1075 2276 1164 2299 autem
1186 2270 1299 2299 etl'ertur
1325 2271 1436 2306 epistola
1453 2271 1485 2298 ad
1508 2271 1641 2305 synodum
1666 2269 1760 2296 [ὶοιιιω

977 2318 1095 2345 habitam
1108 2317 1273 2352 conscripta,
1288 2324 1349 2352 quae
1364 2317 1493 2348 ostendit,
1507 2316 1578 2351 quod
1594 2315 1664 2342 nulla
1679 2315 1768 2342 datnr‘

975 2363 1131 2391 absurditas
1146 2369 1246 2398 quanta
1270 2368 1371 2397 quanta
1388 2364 1435 2396 sit,
1460 2370 1539 2397 quam
1555 2361 1691 2389 ordinatio
1709 2368 1761 2397 pro

975 2410 1098 2444 pecuniis
1123 2410 1222 2438 collata
1238 2410 1264 2437 in
1279 2417 1309 2437 se
1326 2417 1380 2436 non
1396 2410 1529 2436 continet.

1028 2457 1087 2484 XV.
1104 2456 1142 2484 De
1156 2462 1248 2483 sancta
1267 2461 1292 2483 et
1309 2457 1469 2484 acumenica
1483 2456 1574 2491 quinta
1594 2455 1704 2490 synodo.

1011 2503 1118 2536 Quintae
1136 2510 1200 2530 vero
1216 2508 1243 2530 et
1260 2502 1438 2530 «acumenicze
1456 2502 1561 2537 synodo
1576 2509 1661 2529 canon
1687 2500 1762 2527 nullo

976 2557 1088 2585 prorsus
1105 2549 1184 2577 modo
1201 2557 1273 2577 cura;
1288 2549 1348 2579 fuit,
1368 2549 1418 2576 nisi
1435 2555 1464 2576 ut
1478 2547 1658 2583 Origenistas,
1677 2546 1758 2580 Didy-

977 2603 1036 2623 mos
1046 2602 1154 2630 quoque
1169 2600 1196 2622 et
1209 2595 1340 2630 Evagrios
1357 2595 1402 2630 qui
1418 2596 1554 2622 ethnicam
1565 2593 1760 2628 mythologiant

977 2642 1004 2669 in
1019 2641 1065 2669 Dei
1086 2641 1235 2669 Ecclesiam
1265 2641 1439 2669 introducere
1465 2640 1677 2672 contendebant,
1694 2647 1760 2665 ana.

979 2688 1092 2716 themati
1121 2687 1279 2723 subiiceret.
1312 2688 1457 2716 Enimvero
1475 2688 1502 2715 hi
1518 2688 1669 2714 animarum
1687 2693 1759 2720 pra).

976 2734 1160 2762 exsistentiam
1179 2734 1256 2762 deliri
1273 2734 1450 2766 asserebant,
1474 2739 1500 2761 et
1515 2733 1638 2760 eamdem
1655 2739 1762 2766 quoque

977 2779 1095 2807 animam
1113 2779 1196 2806 multa
1209 2787 1324 2814 corpora
1340 2780 1464 2811 induere,
1481 2783 1508 2806 et
1523 2779 1618 2806 aeterni
1634 2777 1758 2812 supplicii

979 2826 1057 2854 tincm
1074 2825 1132 2854 fore
1144 2826 1335 2860 pmdicahant.
1351 2826 1519 2860 Conigrngata
1533 2829 1574 2852 est
1589 2828 1677 2852 autem
1694 2823 1759 2851 dnu~
