1951 3065
125 124 181 155 ί89

817 124 1023 156 ΡΒίΕΕΑΤΙΟ

1656 111 1658 113 ’
1702 127 1755 159 99a

128 183 192 217 ρίαν
218 181 324 218 ἐκείνης
339 182 448 216 ἐδέξατο
462 189 468 197 ·
486 181 580 218 οὐγὰρ
595 182 659 217 περὶ
674 181 791 212 πίστεως
807 185 854 208 καὶ
865 181 926 214 δογ-

986 183 1113 218 logmatis
1134 185 1248 219 qnazstio
1273 184 1299 212 itt
1316 185 1367 212 hac
1397 189 1456 221 orta
1483 189 1535 216 estl
1554 189 1582 211 ut
1605 182 1645 212 ea'
1666 185 1765 211 exinde

129 228 225 264 μάτων
246 228 314 263 αὐτῇ
331 228 446 263 ζήτησις
456 228 578 262 γέγονεν,
595 228 665 255 ὥστε
683 230 729 254 καὶ
742 228 827 262 αὐτὴν
840 228 918 255 ἰδιαί-

127 282 198 300 τατα
214 273 291 309 παρὰ
318 273 397 300 τοῦτο
426 273 585 308 λογίζεσθαι
615 273 743 300 σύνοδον”
773 274 875 309 μᾶλλον
891 273 921 300 δὲ

129 320 234 354 κυρίως
246 320 382 354 πενοὲκτη
394 319 492 353 λέγοιτ’
507 320 550 352 ἂν,
566 319 613 346 ἅτε
625 319 656 346 τὸ
671 319 816 355 ὑστέρημα
830 320 879 354 τῆς
891 327 920 346 τε

129 367 261 401 πέμπτης
288 367 337 392 καὶ
356 366 405 400 τῆς
421 365 506 401 ἕκτης
532 366 768 401 ἀναπληρώσασα,
790 366 840 400 τὴν
867 365 922 392 τῶν

131 412 224 447 ἱερῶν,
237 411 320 446 φημὶ,
337 411 457 438 κανόνων
473 412 622 446 συνθήκην.
633 411 712 438 Ἐστι
728 411 755 438 δὲ
772 412 820 438 καὶ
831 412 922 438 οἰκου-

133 458 232 492 μενικὴ
244 464 252 472 '
266 457 402 492 ἡγεμόνες
415 457 470 492 γὰρ
487 458 516 483 ὲν
532 457 601 492 αὐτῇ
621 457 802 491 ὲγνωρίζοντο
817 457 923 488 Παῦλος

133 503 460 535 Κωνσταντινουπόλεως,
476 503 576 538 Πέτρος
591 503 810 537 ’Δλεξινδρείας,
832 502 922 537 Γεώρ-

132 557 192 582 γιος
203 548 380 584 Ἀντιοχείας,
394 548 785 584 ἈναστάσιοςἸεροσολύμων.
797 549 925 583 Ἰωάννης

134 596 196 626 νέας
218 595 527 627 ’1ουστινιανουπόλεω;,
541 596 680 626 Βασίλειος
693 596 742 630 τῆς
754 596 925 630 Γορτυναίων

137 639 331 674 μητροπόλεως
353 640 402 674 τῆς
433 641 548 675 Κρήτης
582 641 676 676 νήσου,
703 642 750 667 καὶ
778 640 824 667 τὸν
844 640 926 666 τόπον

135 685 242 719 ἐπέχων
270 685 360 720 πάσης
382 686 431 720 τῆς
459 686 570 712 συνόδου
592 686 641 721 τῆς
667 687 748 720 ἁγίας
761 686 927 721 Ἐκκλησίας

144 730 264 766 Ῥώμης.
282 731 360 758 Οὕτω
375 732 429 767 γὰρ
454 732 483 758 ἰν
502 733 558 763 τοῖς
586 732 712 764 παλαιοῖς
724 731 869 767 “εὖρηνται
887 732 927 767 βι-

138 776 221 808 ϐλίοις
237 776 308 812 μετὰ
322 777 372 812 τὴν
390 777 436 803 τοῦ
462 777 596 812 βασιλέως
623 776 787 812 ὑπογραφὴν
816 777 927 804 ἕκαστοι

135 822 191 848 τῶν
202 823 379 858 πατριαρχῶν
392 832 420 849 τε
437 823 483 849 καὶ
501 823 709 858 μητροπολιτῶν
732 824 879 859 ὑπογραφῇ
895 822 926 850 τδ

138 869 237 895 οἰκεῖον
253 855 477 904 σημείωσάμενοι
489 855 576 905 δνόμὲι
589 869 637 895 καὶ
653 869 779 904 ἀξίωμα·
792 855 820 895 ἐὶ
902 869 927 895 oi.
946 855 965 882 Β

137 915 257 948 Λατῖνοι,
272 915 388 950 καιρίως
401 916 452 942 una
466 916 570 951 ταύτης
587 915 778 951 πληττόμενοι.
802 916 840 951 μὴ
857 915 928 943 εῖναι

137 961 241 996 ταύτην
268 961 463 996 οἰκούμενικὴν
479 962 672 994 διατείνονται,
689 961 728 996 τῷ
744 961 781 997 μὴ
809 970 928 996 τοποτη‹

140 1008 226 1043 ρητὰς
241 1008 388 1044 ἐσχηκέναι
402 1007 449 1034 τοῦ
465 1008 565 1034 πάππα
583 1007 704 1043 Ῥώμης,
726 1007 764 1039 ὡς
783 1008 867 1043 ἄλλης
883 1007 930 1035 οὕ-

140 1061 191 1086 σης
204 1053 253 1088 τῆς
271 1053 352 1087 ἕκτης
367 1053 487 1085 συνόδου,
503 1050 520 1090 ᾖ
544 1054 672 1085 κάκεῖνος
690 1053 836 1089 συνῄνεσεν
846 1073 855 1086 ,
869 1053 931 1088 ἥτις

140 1099 186 1124 ἐπὶ
213 1098 418 1125 Κωνσταντίνου
451 1097 498 1125 τοῦ
528 1098 701 1132 Πωγωνάτου
731 1098 929 1133 συνήθροιστοο

140 1144 243 1179 ταύτην
260 1144 288 1170 δὲ
316 1145 385 1178 μετὰ
410 1143 523 1179 χρόνους
539 1144 666 1178 γενέσθαι
687 1144 813 1179 συχνοὺς,
836 1143 931 1170 κελεύ-

142 1190 241 1218 σειτοῦ
260 1190 435 1225 Ῥινοτμήτου
452 1189 655 1217 Ἰουστινιανοῦ.
678 1190 796 1224 Πρῶτον
811 1190 860 1224 μὲν
877 1190 932 1225 γᾶρ

141 1237 191 1263 οὐχ
201 1237 234 1263 ἂν
256 1237 400 1272 ἠνέσχοντο
418 1237 442 1263 οἱ
456 1235 579 1263 τοσοῦτοι
604 1236 676 1270 Ξγιοι
694 1235 816 1271 Πατέρες
833 1237 932 1271 ἐπιφα-

142 1282 204 1314 νοῦς
222 1282 294 1309 οὕτω
309 1283 424 1317 ψεύδους
438 1283 551 1314 ἁλῶναι,
565 1282 691 1317 λέγοντες
713 1283 742 1308 ἐν
755 1283 813 1314 τοῖς
828 1282 933 1310 ἑαυτῶν

143 1329 265 1361 κανόσιν,
281 1329 395 1365 Ὠρισεν
412 1331 428 1364 ὴ
444 1329 510 1363 ἁγία
530 1328 600 1364 αὕτη
615 1329 663 1355 καὶ
673 1329 851 1364 υίκουμενικὴ
870 1328 933 1356 σύν-

142 1375 201 1407 οδος
212 1384 219 1390 ·
234 1376 320 1407 ἄλλως
337 1384 366 1402 τε
383 1376 430 1402 καὶ
452 1374 499 1406 οὓς
524 1376 538 1402 ὁ
565 1375 682 1406 πάππας
699 1372 756 1410 εἶχε
783 1375 933 1410 λεγάτους,

143 1419 370 1455 ἀντιπροσώπους
394 1419 505 1455 δηλαδὴ,
534 1420 585 1454 τῆς
613 1419 754 1455 ἡμετέρας
775 1421 824 1455 μὲν
853 1420 932 1452 ὄντας

143 1467 289 1501 ἐπαρχίας,
303 1466 373 1494 ὥστε
391 1467 437 1494 καὶ
456 1467 516 1497 ταῖς
536 1467 641 1498 κοιναῖς
665 1466 857 1492 συνελεύσεσιν
876 1466 934 1492 ἀντ’

973 229 1119 265 peculiaris
1129 231 1247 271 synodus
1258 235 1436 259 censeretur:
1453 231 1540 266 magis
1552 236 1644 258 autem
1656 231 1765 266 proprie

974 274 1129 308 quinisexta
1143 281 1326 310 nttncupetttr,
1339 280 1431 310 utpote
1450 284 1509 311 quze
1528 277 1630 311 quinta:
1644 281 1670 303 et
1683 280 1767 303 sexta:

973 319 1122 352 defectum,
1140 328 1282 348 sacrorum
1310 321 1416 349 scilicet
1430 329 1565 348 canonum
1591 321 1767 356 compositio-

975 373 1036 392 nem
1054 366 1201 401 supplevit.
1219 366 1267 394 Est
1293 372 1383 394 autent
1401 371 1427 394 et
1442 368 1620 394 mettmenica.
1636 367 1768 394 Praesides

973 412 1045 439 enim
1053 412 1079 439 itt
1088 420 1118 440 ea
1128 413 1255 440 declarati
1262 418 1325 440 sunt
1335 412 1766 448 PaulusConstantiuopolitanus,

974 456 1072 484 Petrus
1088 458 1297 490 Alexandrinusl
1324 451 1459 494 Georgius
1484 459 1681 492 Antiochenus,
1696 461 1768 486 Ana-

977 503 1077 530 stasius
1103 504 1378 539 llierosolymitanus,
1397 504 1516 532 Joannes
1537 513 1612 532 novtc
1638 505 1767 532 Justiuia-

978 549 1093 583 nopolis,
1110 549 1229 577 Basilius
1245 550 1466 585 Gortyuaaorum,
1482 558 1541 585 quae
1555 551 1712 584 metropolis
1725 555 1767 578 est

978 594 1066 622 Creta:
1083 596 1187 628 insulae,
1215 597 1357 631 quietiam
1388 597 1523 624 universae
1552 597 1648 631 synodi
1667 602 1768 624 sanctae

979 641 1108 673 Ecclesiae
1139 642 1269 670 Romanae
1288 644 1376 671 locum
1396 643 1494 671 tenuit.
1516 642 1562 670 Sic
1582 643 1656 670 enim
1677 644 1702 670 in
1720 651 1768 670 an-

981 687 1063 722 liquis
1079 688 1216 716 invenitur
1233 689 1308 717 libris
1325 693 1387 724 post
1403 690 1576 725 imperatoris
1589 689 1769 724 subscriptio-

980 741 1041 760 nem
1060 734 1181 769 singnlos
1198 736 1366 767 patriarchas
1380 740 1407 762 et
1422 736 1645 770 metropnlitanos
1663 743 1764 763 nomen

979 786 1058 806 suum
1074 784 1100 807 et
1116 781 1276 814 dignitatem
1293 789 1340 815 per
1355 781 1582 816 subscriptionem
1612 781 1768 808 adnotasse:

981 825 1087 852 etiamsi
1104 826 1193 853 Latini
1213 826 1247 853 ab
1275 827 1325 854 huc
1340 826 1445 862 synodo
1473 826 1609 853 lethaliter
1634 825 1770 853 vulnerati

981 879 1039 898 eam
1054 873 1249 899 munmcnicam
1265 880 1317 899 non
1336 872 1422 899 fuisse
1436 872 1569 907 synodum
1582 872 1684 899 obnixe
1700 879 1770 898 cou—

982 918 1112 951 tendant;
1130 926 1163 946 eo
1177 918 1249 952 qttod
1268 925 1342 952 papa;
1367 917 1483 945 Romani
1509 918 1770 945 lociconservatores

982 969 1037 989 non
1055 962 1159 996 habuit,
1176 968 1268 997 utpote
1282 963 1352 997 qttod
1368 963 1420 990 alia
1442 963 1478 990 sit
1494 967 1569 990 sexta
1591 963 1712 996 synodus
1725 962 1768 989 cui

981 1013 1010 1036 et
1026 1009 1084 1043 ipse
1103 1009 1253 1041 consensit,
1271 1017 1332 1043 qua:
1350 1009 1400 1036 sub
1417 1008 1599 1036 Constantino
1628 1007 1770 1042 Pogonato

982 1061 1146 1090 congregata
1176 1059 1230 1089 est,
1255 1055 1327 1083 hanc
1348 1061 1436 1083 atttem
1467 1054 1552 1082 multo
1572 1059 1633 1090 post
1651 1058 1772 1088 tempore

982 1099 1129 1128 Iustiniani
1146 1100 1295 1129 Rinotmeti
1311 1101 1389 1136 jussu
1407 1100 1570 1128 celebratam
1588 1107 1660 1128 esse.
1678 1100 1770 1127 Primo

983 1145 1057 1172 enim
1075 1146 1141 1173 tanti
1159 1146 1357 1179 sanctiJ’atres
1377 1146 1512 1174 manifesti
1542 1145 1609 1173 adeo
1638 1144 1771 1172 mendacii

983 1199 1043 1219 sese
1055 1192 1179 1219 convinci
1196 1200 1268 1226 aegre
1279 1193 1391 1224 ferrent,
1409 1192 1529 1219 dicentes
1541 1192 1567 1218 in
1582 1191 1638 1218 suis
1652 1191 1771 1226 ipsorum

987 1237 1150 1270 canonibus,
1166 1236 1268 1265 Sancta
1295 1239 1353 1265 haec
1371 1242 1399 1265 et
1412 1237 1579 1265 mettmeuica
1595 1237 1713 1272 synodus
1728 1236 1775 1263 de-

986 1282 1083 1309 crevit.
1101 1282 1134 1309 Et
1148 1288 1277 1317 prmtcrea
1293 1290 1362 1317 papa
1385 1289 1449 1309 suos
1464 1281 1558 1308 habuit
1573 1281 1685 1316 legatos,
1712 1287 1772 1315 per-

985 1335 1066 1354 sonas
1076 1327 1202 1354 nimirum
1213 1328 1375 1356 substitutus
1384 1336 1416 1355 ex
1428 1332 1522 1355 nostra
1532 1328 1640 1362 quidem
1652 1327 1772 1361 regione,

985 1374 1051 1401 adeo
1067 1378 1096 1400 ut
1111 1374 1147 1401 illi
1164 1374 1224 1407 ejus
1242 1374 1269 1400 in
1289 1373 1480 1401 cummunihus
1491 1374 1670 1401 conventibus
1687 1374 1772 1401 vicem

986 1425 1125 1455 gererent,
1143 1428 1176 1453 eo
1200 1421 1271 1455 quod
1292 1420 1341 1454 ipsi
1372 1424 1480 1454 propter
1497 1420 1547 1446 vite
1575 1419 1773 1454 longitudinem

986 1467 1094 1495 diﬂicilc
1109 1467 1145 1494 sit
1162 1467 1329 1494 convenire:
1346 1471 1371 1494 et
1388 1467 1422 1493 ah
1438 1474 1470 1494 eo
1496 1474 1561 1493 vero
1587 1474 1640 1493 non
1667 1466 1777 1493 ordina'

144 1511 250 1538 ἐκείνου
275 1511 387 1543 τούτους
414 1511 570 1546 ἐπιδημεῖν,
595 1509 745 1546 δυσχεροῦς
759 1510 843 1545 οῦσης
859 1511 932 1546 αύτῷ

986 1513 1094 1544 bantur.
1108 1518 1137 1540 ut
1150 1513 1243 1541 Catsar
1253 1513 1447 1541 Constantinus
1459 1513 1564 1541 scribit.
1580 1512 1611 1539 lli
1627 1513 1707 1548 igitur
1718 1519 1776 1539 om-

144 1557 193 1592 τῆς
207 1557 324 1592 ἀφίξεως
340 1557 385 1584 διὰ
399 1557 429 1585 τὸ
443 1557 492 1592 τῆς
513 1557 575 1584 ὀδοῦ
597 1557 685 1592 μῆκος
697 1565 704 1572 ·
722 1557 753 1583 οὐ
765 1559 819 1592 γὰρ
833 1558 866 1592 δὴ
884 1557 932 1584 καὶ

145 1603 211 1637 παρ’
225 1603 329 1629 ἐκείνου
341 1603 569 1638 ὲχειροτονοῦντο,
582 1603 620 1633 ὡς
631 1603 645 1628 ὁ
658 1603 815 1637 Καισαρεὺς
831 1603 934 1638 ἱστορεῖ

147 1649 363 1681 Κωνσταντῖνος.
382 1649 484 1680 Πάντες
497 1650 587 1676 τοίνυν
601 1646 674 1676 οὗτοι
697 1651 732 1685 τῇ
752 1650 819 1684 ἁγίᾳ
835 1651 936 1686 συνόδῳ
957 1657 960 1659 ’

148 1695 286 1730 παρῆσαν,
303 1695 377 1730 λέγω
395 1696 427 1731 δὴ
441 1697 454 1723 ὁ
470 1695 683 1731 Θεσσαλονίκης,
699 1697 713 1722 ὁ
726 1696 900 1730 Δαρδανείας,
923 1700 936 1724 ὁ

152 1742 319 1777 Ἡρακλείας
343 1742 465 1779 Θρᾴκης,
486 1743 500 1769 ὁ
517 1743 662 1778 Κορίνθου,
681 1745 695 1770 ὁ
712 1743 873 1779 Ῥαϐέννης,
889 1745 937 1771 καὶ

986 1567 1035 1588 nes
1052 1564 1153 1588 sanctte
1169 1561 1272 1596 synodo
1292 1559 1423 1587 aderant:
1442 1559 1587 1594 episcopus
1604 1564 1666 1594 puta
1687 1557 1774 1585 Thes-

985 1605 1123 1638 salonicze,
1139 1605 1291 1638 Dardania},
1306 1604 1446 1632 Heraclea:
1460 1605 1485 1631 in
1498 1604 1626 1637 Thracia,
1639 1603 1773 1635 Corinthi.

987 1652 1135 1683 Ravennae.
1153 1656 1180 1678 et
1199 1652 1243 1678 hic
1261 1651 1377 1679 Basilius
1391 1652 1534 1686 episcopus
1552 1651 1649 1682 Crelzn,
1668 1651 1713 1685 qui
1732 1650 1783 1681 Ερπ

988 1697 1078 1725 clesite
1099 1697 1228 1725 Romame
1241 1697 1303 1731 jura
1323 1705 1353 1724 se
1369 1697 1496 1732 privatim
1516 1697 1585 1724 ferre
1602 1696 1775 1730 subscripsit.

988 1744 1021 1772 Hi
1039 1741 1102 1772 vero
1117 1750 1143 1772 et
1161 1750 1268 1771 ccnttuu
1286 1745 1353 1772 duos
1371 1752 1487 1771 canones
1507 1748 1727 1779 composuerunt.

147 1787 161 1812 ὁ
175 1789 286 1823 Κρήτης
300 1784 377 1819 οὗτος
392 1788 540 1821 Βασίλειος,
556 1789 585 1821 ὃς
599 1789 653 1824 ἰδίᾳ.
676 1789 770 1824 φέρειν
787 1790 821 1817 τὰ
837 1791 932 1818 δίκαια
950 1791 1001 1826 τῆς
1030 1790 1198 1826 Ἐκκλησίας
1223 1791 1370 1825 Ῥωμαίων
1402 1789 1547 1826 ὑπέγραψε
1560 1799 1567 1806 ·
1597 1789 1717 1820 κανόνας
1749 1789 1777 1815 δὲ

149 1835 195 1861 καὶ
212 1830 285 1860 οὗτοι
301 1834 480 1862 συντάττουσι
493 1834 540 1860 δύο
561 1834 628 1869 πρὸς
648 1836 704 1866 τοῖς
721 1835 829 1862 ἑκατόν.

166 1891 220 1920 lil'.
236 1891 307 1926 Περὶ
320 1890 374 1925 τῆς
390 1891 769 1955 ἀγίαῖἷκαέἕικουμενικῆς
786 1892 916 1927 ἑϐδόμης

493 1935 531 1953 υν
571 1935 617 1954 ου.

493 1935 617 1954 υνοοου.

185 1973 295 2009 Χρονων
322 1973 350 2000 δὲ
374 1973 607 2008 παρερρυηκότων
636 1972 723 2000 εἴκοσι
752 1974 800 2000 καὶ
825 1974 936 2006 ἕκατον,

149 2020 241 2054 ὀγὸίου
259 2019 287 2046 δὲ
302 2019 450 2053 ἱσταμένου
463 2018 511 2045 τοῦ
527 2018 733 2045 Κωνσταντίνου
748 2020 781 2054 τῇ
803 2018 938 2054 βασιλείᾳ,

151 2066 259 2100 καὶτῆς
282 2065 384 2100 μητρὸς
402 2063 485 2100 αὐτοῦ
510 2063 640 2100 Εἰρήνης,
670 2065 788 2092 Νίκαιαν
810 2065 860 2100 μὲν
890 2066 939 2100 τὴν

151 2111 204 2139 τῶν
230 2110 350 2137 Βιθυνῶν
367 2110 533 2145 μητρόπολιν
557 2111 698 2146 κριτήριον
716 2111 766 2146 τῆς
798 2111 939 2143 εὐσεϐείας

152 2156 198 2182 καὶ
216 2157 232 2192 ἡ
252 2156 354 2192 ἑϐδόμη
370 2156 476 2186 σύνοδος
506 2155 652 2189 δείκνυσιν,
671 2155 709 2187 ὥς
737 2165 768 2190 γε
794 2157 826 2192 δὴ
853 2157 900 2199 καὶ
922 2157 939 2192 ἡ

987 1891 1084 1919 XVIII.
1116 1890 1153 1918 De
1167 1894 1260 1916 sancta
1276 1895 1300 1915 οι
1331 1887 1492 1915 aecumeuica
1519 1886 1632 1919 septima
1665 1883 1776 1919 synodo.

1027 1970 1131 2005 Elapsis
1147 1973 1254 1997 centum
1273 1967 1365 2002 viginti
1397 1966 1485 1998 annis,
1501 1969 1596 1992 octavo
1611 1969 1699 1990 autent
1725 1963 1777 1988 im-

991 2016 1058 2052 perii
1071 2015 1241 2044 Constantini
1256 2019 1282 2042 et
1299 2013 1394 2040 matris
1408 2012 1468 2046 ejus
1482 2011 1573 2038 Irenes
1587 2010 1700 2040 ﬂuente,
1717 2014 1778 2040 ερρ-

991 2063 1056 2091 tima
1071 2063 1153 2090 etiam
1178 2062 1314 2096 synodus,
1337 2064 1365 2087 ut
1395 2059 1480 2094 prima
1499 2058 1574 2088 olim,
1587 2056 1703 2083 Nicaeam
1732 2053 1777 2080 Bi—

992 2109 1149 2144 thyniorutn
1185 2106 1356 2141 metropolim
1387 2105 1496 2140 pietatis
1529 2103 1617 2131 forum
1648 2100 1776 2128 ostendit.

992 2155 1134 2184 Trecentis
1148 2158 1238 2180 autem
1255 2153 1394 2188 sexaginta
1422 2156 1523 2186 septem
1542 2149 1628 2177 sacris
1644 2147 1709 2175 vit-is
1734 2153 1779 2173 or-

153 2205 248 2240 πρώτη
263 2203 372 2234 σύνοδος
386 2202 481 2229 πάλαι.
495 2201 544 2232 Εἰς
562 2202 632 2229 ἑπτὰ
643 2203 670 2229 δὲ
685 2203 733 2229 καὶ
747 2196 879 2237 ἑξήκοντα
891 2204 932 2229 xa‘

994 2206 1055 2229 nata
1071 2206 1128 2234 est,
1141 2208 1226 2228 sacrae
1242 2199 1322 2235 hujus
1343 2199 1484 2233 phalangis
1500 2197 1668 2225 constituens
1683 2194 1776 2223 duces,

152 2250 326 2287 τριακοσίους
351 2249 451 2284 ἄνδρας
475 2249 564 2283 ἱεροὺς
587 2248 763 2284 ἐπληθύνετο,
791 2249 940 2284 ταξιάρχας

152 2299 201 2332 τῆς
214 2297 290 2332 ἱερᾶς
303 2295 405 2329 ταύτης
416 2295 557 2330 φάλαγγος
572 2295 779 2330 προϐαλλομένη
805 2296 940 2331 Ταράσιον

154 2341 478 2373 Κωνσταντινουπόλεως,
502 2341 547 2367 τὸν
560 2341 590 2367 ὲν
609 2341 713 2376 ίερεῦσι
729 2340 799 2368 Θεοῦ
814 2342 940 2377 περιϐάη-

153 2397 210 2421 τον,
231 2387 334 2422 Πέτρον
349 2386 396 2413 τοῦ
414 2386 469 2413 τῶν
491 2387 588 2421 ἱερέων
602 2387 743 2422 τάγματος
759 2387 878 2422 πρῶτον,
894 2388 941 2415 καὶ

152 2434 246 2469 ἕτερον
261 2433 364 2468 Πέτρον
388 2431 573 2466 πρεσϐύτερον
590 2431 637 2458 καὶ
656 2432 807 2468 ἡγούμενον
828 2433 877 2467 τῆς
894 2432 941 2459 τοῦ

153 2480 231 2513 ἁγίου
246 2478 339 2506 Σάϐϐα
355 2478 450 2514 μονῆς,
465 2477 512 2504 τὸν
526 2477 608 2505 τόπον
621 2479 763 2514 Ἀδριανοῦ
778 2478 826 2506 τοῦ
841 2478 942 2506 πάππα

159 2525 270 2560 Ῥώμης
297 2524 540 2560 κληρωσαμένους,
571 2523 697 2559 Ἰωάννην
719 2533 750 2551 τε
773 2526 820 2551 καὶ
840 2524 942 2558 Θωμᾶν

153 2571 369 2605 πρεσϐυτέρους,
386 2570 434 2596 καὶ
449 2570 531 2596 καλὸν
555 2569 585 2596 ὲν
607 2570 742 2604 ἀσκηταῖς
769 2569 940 2605 λάμποντας,

153 2617 207 2644 τῶν
221 2617 270 2650 τῆς
288 2616 433 2652 ’Λνατολῆς
457 2616 633 2652 πατριαρχῶν
655 2615 701 2642 τὸν
728 2617 810 2644 τόπον
828 2617 941 2652 ἐπέχον-

153 2672 212 2695 τας,
227 2663 300 2696 λέγω
318 2663 362 2697 δὴ,
381 2663 570 2698 ’Λπολιναρίου
591 2662 808 2698 Ἀλεξανδρείας,
836 2663 942 2690 Θεοδω-

156 2711 239 2745 ρήτου
257 2708 435 2743 Ἀντιοχείας,
461 2709 509 2734 καὶ
533 2707 614 2734 Ἦλὶσ.
642 2707 850 2743 Ἰεροσολύμων.
866 2707 940 2740 Αὕτη

154 2755 271 2790 τοίνυνὴ
288 2754 353 2788 ἁγία
370 2754 489 2787 σύνοδος,
506 2755 568 2786 τοὺς
581 2754 679 2781 εἴδωλα
686 2753 736 2785 τὰς
747 2754 941 2788 προσκυνητὰς

155 2802 201 2829 τοῦ
211 2800 330 2837 Χριστοῦ
347 2801 394 2827 καὶ
403 2801 456 2827 τῶν
471 2801 556 2835 ἁγίων
569 2800 653 2827 αὑτοῦ
668 2800 786 2833 εἰκόνας,
798 2799 820 2827 ὣ
836 2801 939 2836 μιαρᾶς

156 2849 289 2885 γλώττης,
308 2847 521 2881 ἀποκαλοῦντας,
544 2847 578 2875 δι’
594 2844 630 2874 ὧν
642 2847 758 2875 εἰδώλων
775 2848 863 2884 πλάνη
879 2847 940 2875 διῶ-

992 2248 1135 2276 Tarasium
1161 2246 1492 2280 Cmtstantinopolitanum
1521 2243 1609 2279 magni
1635 2243 1706 2269 inter
1731 2239 1777 2266 Dei

991 2295 1148 2323 sacerdotes
1169 2294 1298 2325 nominis,
1314 2292 1424 2320 Petrum
1450 2292 1477 2318 in
1493 2290 1666 2318 sacerdotum
1682 2287 1779 2315 ordine

991 2342 1093 2378 primas
1110 2348 1260 2374 tenentem,
1277 2345 1305 2368 et
1330 2339 1414 2378 alium
1439 2337 1550 2365 Petrum
1577 2334 1776 2371 presbyterum.

992 2394 1020 2417 et
1031 2390 1116 2417 sancti
1135 2389 1212 2416 Saba:
1229 2387 1385 2415 monasterii
1402 2385 1575 2420 praefectum,
1590 2383 1636 2417 qui
1665 2379 1776 2408 Adriani

993 2442 1069 2469 papae
1085 2433 1200 2462 Romani
1215 2433 1302 2460 locum
1316 2432 1429 2459 sortitus
1444 2435 1504 2458 cst:
1518 2429 1650 2457 Joannem
1666 2432 1692 2455 et
1707 2427 1779 2454 Tho-

993 2488 1066 2508 mam
1083 2481 1268 2515 presbyteros,
1281 2483 1308 2506 et.
1322 2478 1468 2506 admodum
1486 2477 1557 2505 ittter
1572 2476 1720 2504 monachos
1732 2482 1778 2501 ce-

994 2526 1093 2558 lebres,
1110 2524 1228 2553 Orientis
1251 2524 1467 2559 patriarcharum
1484 2523 1574 2550 lacum
1591 2526 1722 2550 tenentes.
1737 2520 1780 2546 ni—

995 2571 1092 2599 mirum
1114 2570 1263 2605 Apolinarii
1293 2569 1482 2602 Alexandrini,
1507 2568 1667 2596 Theodoriti
1684 2567 1780 2593 Antin—

993 2617 1086 2648 chcui,
1103 2621 1129 2644 ct
1145 2616 1209 2643 Elite
1228 2615 1481 2651 llierosolymitani.
1501 2614 1563 2642 "me
1589 2615 1671 2648 igitur
1686 2618 1777 2639 sancta

993 2664 1114 2699 synodus
1139 2670 1187 2690 eos
1207 2662 1252 2697 qui
1270 2662 1437 2689 venerandas
1453 2661 1557 2689 Christi
1580 2667 1607 2688 et
1623 2665 1778 2688 sanctorum

995 2710 1067 2738 illius
1081 2709 1223 2744 imagines.
1240 2717 1288 2744 per
1299 2716 1367 2743 quas
1383 2708 1517 2736 idolorum
1531 2715 1609 2735 error
1624 2705 1778 2740 expellitur,

993 2757 1029 2784 oh
1056 2756 1160 2790 impura
1197 2755 1304 2790 linguai
1333 2754 1405 2781 idola
1431 2758 1540 2784 vocant,
1565 2751 1780 2780 irresolubilibus

995 2802 1178 2830 anathematis
1203 2801 1321 2828 vinculis
1342 2800 1479 2828 communi
1499 2799 1629 2834 suﬂ‘ragio
1653 2797 1777 2832 subjecti.

998 2855 1080 2878 runt:
1097 2854 1123 2877 ct
1141 2848 1209 2876 duos
1229 2852 1256 2875 et
1272 2847 1366 2882 viginti
1385 2854 1503 2875 canones
1524 2847 1551 2875 in
1571 2845 1690 2874 ﬁdelium
1707 2845 1780 2872 utili-
