1951 3065
187 129 240 161 995

683 128 814 159 MATTH
821 129 866 158 {El
889 127 1096 157 BLARTARIS
1122 126 1332 158 PR/EFATIO.

1701 92 1811 158 ut.

188 184 297 212 tollens.
315 183 401 212 Dictis
415 183 506 219 itaque
528 184 604 212 libris
621 191 686 212 usus
698 188 740 211 est
759 184 871 218 populus
887 191 972 218 usque

1035 180 1098 218 ταρὰ
1111 183 1344 216 Λακεδαιμονίοις.
1357 179 1427 208 Ἀλλ’
1440 181 1454 207 ὸ
1464 181 1514 216 μὲν
1528 177 1683 215 Λυκοῦργος
1697 181 1811 212 animo;

188 231 251 257 dum
273 230 324 257 sub
340 231 480 259 consulatu
506 231 568 264 fuit,
583 236 611 258 et
626 231 802 263 democratia,
831 235 858 257 ut
874 231 974 256 dictum

189 282 240 304 est.
257 277 376 312 Populus
392 277 464 304 enim
482 277 549 304 duos
565 284 580 304 e
597 276 743 309 nobilibus,
759 280 787 302 lli.
802 275 891 302 civilia
907 282 976 310 qua:-

190 331 295 363 cnuque
308 330 339 351 ac
354 323 480 350 militaria
493 322 714 350 administrarent
726 321 843 356 negotia,
858 326 975 355 quotan-

180 369 234 396 -nis
243 368 357 402 eligens.
369 368 494 396 consules
505 375 550 396 eos
566 367 733 395 nominabat.
747 365 847 394 Et'ltatc
863 366 976 401 publicae

191 413 435 441 administrationis
452 413 537 440 forma
553 420 664 440 CCLLXIV
691 413 771 439 annis
801 411 919 439 suti'ccit.
943 412 975 438 At

190 459 257 486 Caio
280 459 450 486 consulatum
467 458 548 485 simul
564 466 595 485 ac
609 458 803 485 democratiam
820 457 845 484 in
863 465 974 492 regnum

191 504 289 532 iterum
304 507 497 535 commutante,
510 507 536 530 et
549 502 683 536 republica
696 507 785 533 aucta,
799 510 895 529 causas
907 510 974 536 quo-

191 556 245 584 que
261 552 288 575 et
314 547 434 582 publicas
451 548 574 574 actiones
588 548 679 582 augeri
706 547 829 581 contigit,
856 547 924 574 adeo
948 551 977 574 ut

191 594 309 629 plurium
335 600 463 626 generum
479 597 507 620 t-t
532 593 728 621 recentioribus
757 593 860 627 legibus
886 594 974 628 reipu-

193 639 269 666 blicae
292 646 360 674 opus
385 643 475 666 esset.
499 638 670 674 Quapropter
694 639 902 673 augustissimus
933 639 977 666 ille

193 685 330 720 Augustus
341 685 442 717 thsar,
456 685 500 718 qui
514 690 574 719 post
586 685 678 712 Caium
693 685 833 720 regnabat.
845 693 897 712 non
914 689 976 713 tan-

195 735 250 758 tum
273 731 307 758 iis
325 731 369 766 qui
394 731 486 758 multis
502 736 578 758 erant
602 731 792 765 sapientiores,
818 731 890 767 leges
906 731 978 759 ferre

195 768 327 813 permisit,
344 779 390 806 sed
406 782 433 805 et
445 778 561 813 populis,
576 782 602 805 et
614 778 757 811 militibus,
771 784 798 806 et
813 778 883 814 quod
895 787 977 807 unus-

193 824 307 859 quisque
317 824 426 855 dixcril,
441 825 473 850 ab
485 824 610 851 omnibus
621 824 827 857 discutiehatur,
838 830 865 851 et
876 824 899 852 sl
911 826 977 852 utile

194 870 281 898 visum
295 875 377 900 esset,
387 869 600 904 prmcedentibus
617 870 721 905 legibus
739 871 862 905 protinus
876 871 976 899 insere-

195 915 284 942 batur.
302 914 363 941 llzcc
382 915 478 941 iterum
497 914 633 942 Adrianus
650 915 695 949 qui
712 915 797 942 multo
812 921 871 951 post
886 917 977 951 Augu-

195 965 266 986 stum
284 959 425 994 imperavit
440 959 465 986 in
480 967 561 986 unum
578 960 719 995 colligens,
736 961 849 987 aliorqu
868 961 976 995 quidem

193 1005 312 1032 omniunt
333 1005 488 1039 praescripta
505 1013 586 1031 ttnuut
604 1013 670 1039 opus
684 1005 783 1038 eﬂ'ecit,
801 1007 826 1033 itt
843 1007 978 1041 quinqttao

194 1052 268 1085 ginta
285 1051 368 1079 libros
395 1052 580 1085 distributum,
599 1053 723 1088 Digesta,
739 1053 796 1080 sive
815 1053 978 1080 Paudectam

194 1098 227 1124 ab
243 1104 275 1124 eo
297 1097 463 1124 nominatum
476 1117 483 1129 ,
501 1102 530 1124 ιιι
548 1106 607 1132 qua:
619 1106 653 1125 ex
668 1099 758 1126 multis
771 1098 887 1126 collecta
902 1104 976 1126 sunt.

194 1142 370 1177 Quaecunque
395 1148 484 1170 autem
502 1143 680 1178 imperatores
702 1145 827 1178 privatim
852 1145 978 1173 decreve-

196 1193 256 1214 rant
270 1188 296 1214 in
313 1188 454 1215 duodecim
471 1188 544 1216 libris
565 1190 684 1224 scripsit,
706 1197 784 1225 quos‘
794 1189 902 1217 Codices
923 1191 980 1218 sive

196 1233 400 1260 Constiluliottes
413 1233 567 1268 imperiales
580 1235 738 1261 nominavit.
753 1236 850 1262 Verum
866 1243 899 1263 eo
913 1244 981 1271 quo-

196 1285 249 1312 que
266 1278 345 1306 modo
359 1278 468 1306 diliicile
483 1283 543 1306 erat
559 1280 633 1315 leges
647 1280 796 1315 intelligere
813 1281 979 1309 latitudinem

197 1323 330 1352 habentes
341 1325 548 1359 cogitationibus
563 1333 615 1352 ttou
627 1326 776 1354 deﬁnitam.
787 1327 820 1354 Et
831 1330 979 1363 praesertim

196 1377 258 1397 cum
274 1370 448 1404 imperatores
463 1378 551 1398 rerum
565 1379 612 1406 pro
626 1376 745 1407 tempore
757 1374 844 1408 potiti,
861 1382 919 1408 qua:
929 1374 981 1402 sibi

196 1414 254 1441 visa
273 1420 336 1442 sunt
354 1415 386 1442 de
401 1415 499 1450 quibus
514 1416 555 1443 lex
571 1420 650 1444 antea
667 1424 718 1444 non
742 1418 914 1451 lata‘l‘uerat,
933 1427 982 1447 co-

195 1459 301 1488 dicibus
327 1460 525 1489 inseruissem.
550 1462 713 1496 Quinetiam
730 1462 825 1490 Latina
850 1464 934 1492 dictio
955 1470 982 1493 et

1025 225 1074 263 ἦν·
1092 228 1130 264 τῷ
1144 229 1198 263 γὰρ
1212 227 1351 262 ἑξηκοστῷ
1368 227 1415 253 καὶ
1438 227 1556 261 πέμπτῳ
1585 225 1641 252 ἔτει
1660 226 1707 261 τῆς
1730 226 1812 252 Ἰλίου

1027 273 1153 305 ἁλώσεως
1171 273 1345 308 ὲγνωρίζετο,
1363 272 1486 299 Λατίνων
1508 272 1696 307 βασιλεύοντος
1718 272 1812 306 Πρζκα

1026 320 1160 347 Σιλουΐου.
1188 319 1276 346 Σόλων
1288 319 1316 346 δὲ
1327 320 1383 350 τοῖς
1402 318 1556 352 Ἀθηναίοις
1565 318 1665 352 νόμους
1682 317 1765 343 ἐτίθει
1779 318 1813 352 τῇ

1026 366 1093 400 ἕκτῃ
1107 365 1154 391 καὶ
1176 362 1382 400 τεσσαρακοστῇ
1413 361 1587 398 Ὀλυμπιάδι,
1600 362 1663 394 τοὺς
1681 363 1727 389 τοῦ
1743 363 1810 396 Δρά-

1027 418 1120 441 κοντος
1135 409 1279 444 περιελὼν,
1298 410 1368 444 πλὴν
1383 409 1438 435 τῶν
1454 409 1584 443 φονικῶν.
1597 406 1662 439 Ταῖς
1676 405 1723 434 οὖν
1736 409 1809 443 εἰρη-

1028 456 1124 492 μέναις
1142 456 1244 490 βίϐλοις
1255 457 1269 482 ὁ
1282 455 1368 490 δῆμος
1384 455 1486 491 ἐχρῆτο
1501 455 1555 486 ἓως
1571 455 1716 486 ὑπατείαις
1730 455 1816 490 ἤγετο

1027 504 1074 529 καὶ
1085 503 1295 538 δημοκρατίαις,
1316 503 1354 534 ὡς
1366 503 1484 538 εἴρηται.
1512 500 1580 528 Κατ’
1593 501 1714 535 ἐνιαυτὸν
1729 501 1784 536 γὰρ
1802 503 1816 527 ὸ

1026 548 1111 582 δῆμος
1134 549 1181 575 δύο
1195 547 1249 574 τῶν
1266 546 1438 582 εὐπατριδῶν
1458 547 1662 583 προϊσχόμενοι,
1689 547 1760 574 ὥστε
1780 548 1816 573 τὰ

1028 593 1154 620 πολιτικὰ
1168 594 1257 621 πάντα
1274 595 1319 620 καὶ
1329 594 1363 620 τὰ
1381 595 1431 626 τῆς
1446 592 1590 629 στρατείας
1601 593 1711 619 διοικεῖν
1727 593 1816 627 πράγι

1029 648 1112 674 ματα,
1139 640 1256 672 ὑπάτους
1278 639 1388 672 τούτους
1410 638 1571 674 ὠνόμαζον·
1598 638 1644 665 καὶ
1669 638 1698 664 τδ
1719 638 1817 673 σχῆμα

1027 686 1105 712 τοῦτο
1122 687 1172 721 τῆς
1197 686 1331 718 πολιτείας
1359 686 1406 712 ἐπὶ
1432 685 1537 720 χρόνοις
1565 684 1666 719 ἤρκεσε
1682 684 1817 719 τέσσαρσι

1027 733 1074 759 καὶ
1091 733 1222 767 ἐξήκοντα
1240 732 1307 767 πρὸς
1323 733 1379 763 τοῖς
1402 730 1602 765 τετρακοσίοις.
1630 730 1711 756 Γαΐου
1723 729 1751 756 δὲ
1765 730 1817 764 τὴν

1029 778 1159 805 ὑπατείαν
1177 767 1220 805 τεῇ
1235 778 1281 805 καὶ
1308 777 1494 813 δημοκρατίαν
1522 777 1562 808 είς
1581 776 1719 811 βασιλείαν
1736 774 1816 807 αὖθις

1029 823 1203 858 ἀμείψαντος,
1217 825 1264 850 καὶ
1279 824 1328 855 τῆς
1343 823 1480 854 πολιτείας
1497 822 1677 857 ὲπιδιδούσης,
1700 822 1817 854 αὐξάνε-

1030 870 1091 898 σθαι
1108 871 1154 897 καὶ
1168 871 1217 901 τὰς
1230 870 1373 902 ὑποθέσεις
1389 869 1531 896 συνέϐαινε
1547 870 1593 896 καὶ
1610 870 1659 901 τὰς
1679 868 1818 900 δίκας,ὼς

1027 917 1075 944 καὶ
1094 916 1286 952 ποικιλοτέρων
1301 917 1348 943 καὶ
1362 916 1526 951 καινοτέρων
1540 915 1644 942 δεῖσθαι
1662 915 1752 949 νόμων
1765 915 1817 947 τὴν

1028 962 1176 989 πολιτείαν.
1189 962 1280 997 Ταύτῃ
1295 970 1334 989 τοι
1347 963 1393 988 καὶ
1407 962 1420 988 ὁ
1432 961 1564 990 σεϐαοτὸς
1577 960 1733 995 Αὔγουστος
1746 961 1819 986 ἐκεί-

1028 1017 1072 1040 νος
1087 1009 1100 1034 ὁ
1110 1009 1227 1043 Καῖσαρ.
1245 1007 1275 1040 ὃς
1292 1009 1360 1042 μετὰ
1379 1007 1458 1034 Γάϊον
1477 1007 1666 1038 ἐϐασίλευσεν,
1680 1006 1729 1041 οὔχ
1741 1006 1818 1036 ὅπως

1028 1055 1085 1081 ὅσοι
1099 1054 1180 1088 σοφίᾳ.
1195 1053 1249 1080 τῶν
1260 1054 1366 1080 πολλῶν
1378 1051 1448 1089 ἦσαν
1465 1053 1620 1088 κρείττους,
1638 1052 1723 1086 ἐφῆκε
1737 1059 1820 1085 νομι-

1029 1101 1126 1132 θετεῖν,
1138 1100 1207 1127 ἀλλά
1222 1108 1253 1134 γε
1274 1100 1320 1126 καὶ
1345 1101 1402 1132 τοῖς
1413 1099 1459 1126 τοῦ
1479 1099 1566 1134 δήμου
1581 1100 1628 1126 καὶ
1640 1097 1818 1133 στρατηγοῖς,

1030 1148 1075 1173 καὶ
1090 1146 1104 1173 ὃ
1116 1154 1142 1173 τι
1155 1146 1187 1173 ἂν
1204 1145 1319 1177 ἕκαστος
1333 1145 1416 1176 εἴποι,
1438 1145 1514 1179 παρὰ
1529 1145 1611 1171 πᾶσιν
1625 1142 1817 1178 ἐδοκιμάζετο·

1030 1194 1077 1219 καὶ
1096 1193 1120 1218 εί
1144 1191 1198 1218 τῶν
1222 1191 1367 1226 χρησίμων
1391 1190 1474 1223 εδοξε,
1503 1192 1560 1222 τοῖς
1580 1189 1747 1225 προλαϐοῦσι
1762 1190 1819 1218 τῶν

1030 1239 1120 1273 νόμων
1131 1238 1211 1270 εὐθὺς
1230 1239 1410 1273 ἀνεγράφετο.
1424 1236 1517 1264 Ταῦτα
1540 1236 1621 1263 πάλιν
1633 1237 1647 1262 ὁ
1662 1235 1728 1262 πολὺ
1748 1235 1819 1270 μετὰ

1029 1284 1075 1310 τὸν
1095 1283 1247 1317 Αὔγουστον
1263 1283 1347 1319 ἄρξας
1364 1283 1513 1319 Ἀδριανὸς,
1533 1282 1662 1318 ἁθροίσας
1674 1283 1713 1313 εἰς
1730 1281 1771 1314 ἐν,
1784 1282 1819 1308 τὰ

1033 1330 1082 1364 μὲν
1095 1329 1151 1356 τῶν
1169 1329 1257 1356 ἄλλων
1271 1330 1392 1362 πάντων,
1419 1329 1486 1356 ίδίαν
1513 1328 1663 1364 ἐποιήσατο
1689 1335 1821 1362 πραγμα-

1030 1375 1106 1402 τείαν
1120 1376 1148 1402 ἐν
1162 1375 1263 1410 βίϐλοις
1286 1375 1477 1410 θεωρουμένην
1494 1375 1675 1410 πεντήκοντα,
1690 1374 1821 1408 Alt-sam

1031 1420 1135 1452 τούτοις
1155 1421 1214 1455 ἤτοι
1228 1420 1406 1454 Πανδέκτην
1424 1419 1510 1453 ὄνομα
1523 1419 1646 1454 θέμενος,
1659 1418 1696 1449 ὡς
1709 1419 1741 1444 ἐκ
1753 1417 1822 1444 πολ-

1031 1465 1086 1492 λῶν
1093 1465 1193 1501 δηλαδὴ
1207 1465 1381 1500 συλλεγέντα.
1391 1465 1454 1501 Ἰδίᾳ
1467 1465 1494 1491 δὲ
1503 1466 1552 1491 ὅσα
1564 1464 1589 1491 οί
1600 1463 1718 1499 βασιλεῖς
1727 1463 1822 1498 διωρί-

182 1507 304 1541 phrasis
322 1501 383 1535 illos
400 1507 445 1554 qui
462 1515 521 1535 eam
538 1507 689 1544 intelligere
708 1517 761 1536 non
780 1515 903 1544 possunt,
922 1513 981 1537 tan-

1035 1520 1125 1544 σαντο,
1145 1512 1173 1539 ἐν
1199 1511 1312 1546 βιϐλίοις
1342 1510 1583 1553 ἔγραψε-δώδεκα,
1610 1509 1682 1544 ἅπερ
1693 1508 1823 1544 ὠνόμασε

195 1559 276 1587 quam
293 1561 370 1581 muro
386 1553 494 1582 fortiter
508 1555 634 1589 exclusit,
651 1560 678 1582 et
693 1556 809 1584 utilitate
824 1564 856 1584 ex
873 1557 907 1584 iis
924 1565 981 1592 ρει-η

196 1600 319 1633 expienda
345 1600 471 1634 privavit,
499 1600 526 1627 in
553 1609 605 1628 una
633 1606 713 1637 gente
737 1609 796 1629 eam
820 1602 982 1631 includens.

195 1644 396 1672 Celeberritttus
418 1650 509 1673 autent
524 1646 596 1674 inter
612 1647 791 1682 imperatores
804 1647 983 1682 Justinianus,

197 1699 258 1718 cuin
273 1699 288 1719 e
304 1691 368 1726 legis
383 1692 502 1726 capitum
519 1693 704 1724 multitudine,
721 1701 751 1720 ea
768 1694 824 1721 sola
842 1702 901 1728 qua:
916 1700 984 1722 tetu-

199 1737 258 1772 pori
283 1746 315 1765 ac
328 1739 443 1773 negotiis
458 1739 600 1766 commoda
622 1744 686 1766 suttt
707 1739 857 1775 selegisset,
880 1746 907 1768 et
928 1738 985 1768 ma;

199 1783 369 1817 guitudinem
388 1788 532 1817 praztcrea,
552 1789 681 1818 quantutn
697 1785 783 1817 licuit,
794 1778 986 1820 contraxisset,

197 1833 225 1855 et
238 1836 298 1862 quae
323 1829 362 1856 bis
378 1830 411 1857 de
433 1830 528 1858 iisdem
549 1830 629 1858 Iebus
647 1830 732 1864 posita
757 1831 874 1864 fuerant,
893 1832 986 1859 abstu-

198 1873 283 1905 lisset.
298 1875 325 1901 in
341 1875 460 1910 linguam
477 1876 557 1904 etiam
578 1876 699 1905 Graecam
715 1880 770 1904 tam
788 1878 893 1905 codices
906 1887 985 1913 quant

199 1919 307 1955 Digvsta
335 1922 484 1949 transtulit.
512 1922 624 1957 Insuper
650 1930 741 1951 autem
769 1929 871 1952 ctcuut
898 1925 986 1960 legum

199 1965 429 1994 introductiouetn
455 1972 583 2002 tanquam
609 1969 694 2003 prima
713 1970 835 2004 quasdam
851 1970 986 1997 elementa

198 2010 317 2044 fecisset,
334 2012 432 2039 librum
459 2013 541 2040 istum
558 2014 668 2041 vocavit
683 2013 830 2045 Instituta;
852 2015 877 2042 id
897 2020 986 2042 autem

200 2058 432 2084 introductionem
448 2059 594 2094 signiﬁcat.
618 2059 686 2087 Cum
702 2065 791 2088 autent
816 2060 987 2096 Digestorum

200 2105 347 2138 Syutagma
367 2109 391 2130 et
409 2104 564 2139 Epitomen,
580 2106 619 2132 uti
637 2106 737 2132 dictum
754 2111 807 2139 est,
823 2107 990 2142 composuis-

199 2154 252 2180 set,
278 2150 365 2175 visum
381 2155 422 2177 est
438 2151 576 2178 nonnullis
602 2152 685 2178 multa
701 2154 788 2187 magni
815 2153 946 2180 momenti
962 2154 989 2180 in

200 2195 339 2221 elaborato
354 2197 516 2231 compendio
534 2199 718 2232 praetermitti.
736 2199 871 2231 Quocirca
887 2200 990 2227 consti-
1007 2193 1028 2220 Ι)

202 2244 259 2266 tuta
276 2247 371 2268 rursus
385 2246 413 2267 et
426 2241 545 2276 perfecta
565 2248 629 2270 sunt
645 2251 675 2269 ea
693 2251 752 2278 qua:
763 2245 890 2271 dicuntur
903 2244 989 2272 Para-

202 2287 273 2317 titliz.
297 2295 356 2322 qua:
382 2288 408 2315 in
431 2289 546 2324 singulis
573 2289 658 2317 titulis
683 2298 771 2317 rertnn
791 2291 907 2324 utilium,
929 2299 989 2326 qua:

200 2335 312 2360 omissa:
334 2339 408 2367 sunt,
433 2336 619 2369 supplementa
633 2337 784 2364 continent.
810 2337 867 2364 Non
893 2337 989 2372 paucis

201 2385 290 2407 atttem
308 2380 538 2415 interpretibuset
552 2383 736 2410 subministris
751 2383 783 2409 ad
799 2383 855 2410 haec
870 2391 934 2411 usus
946 2389 989 2411 est

202 2427 360 2461 imperator.
378 2427 494 2460 Quidam
511 2433 601 2456 autem
617 2428 772 2464 Stephanus
787 2429 894 2463 Digesta
907 2430 933 2456 iu
949 2429 989 2456 la-

203 2474 318 2501 titudine
337 2475 530 2510 interpretatus
543 2480 594 2503 est.
620 2475 771 2503 Thalelaeus
795 2475 897 2503 Censor
913 2476 991 2503 codi-

202 2530 247 2549 ces
260 2522 285 2549 itt
299 2522 443 2549 latitudine
456 2522 715 2556 edidit;Theodorus
728 2521 910 2556 Hertuupotitu
925 2530 991 2549 cou-

202 2573 308 2601 traete,
334 2574 502 2596 contractius
526 2574 614 2597 autem
637 2574 665 2596 et
689 2570 848 2600 Anatolius,
875 2569 992 2597 Isidorus

204 2623 269 2644 vero
283 2616 386 2643 arctius
400 2617 509 2651 quidem
525 2624 606 2651 quant
626 2615 788 2648 Thale-latus,
802 2616 883 2643 latitts
900 2621 991 2643 autem

204 2671 284 2698 qttam
303 2663 399 2697 reliqui
416 2663 479 2690 dtto.
509 2662 658 2698 Imperator
674 2667 764 2689 autem
788 2667 910 2688 veterum
927 2670 994 2689 non-

205 2708 295 2736 nullas
321 2709 545 2736 constitutiontmt
573 2709 718 2735 immutare
743 2708 846 2739 volens,
869 2707 995 2735 Novellus

203 2756 374 2790 Septuaginta
391 2762 417 2782 et
432 2761 540 2783 centum
559 2755 773 2783 constitutiones
794 2755 915 2781 studiose
930 2754 996 2781 ell‘e-

203 2801 252 2832 cil,
277 2805 303 2828 et
328 2802 466 2836 proprium
492 2802 524 2828 iis
542 2802 630 2828 locum
650 2800 785 2827 attribuit.
810 2799 995 2826 Commutavit

203 2844 276 2871 enim
290 2847 361 2882 leges
375 2849 408 2876 de
419 2847 610 2881 matrimoniis,
623 2847 655 2873 dc
665 2845 795 2879 Falcidia,
807 2850 832 2873 ct
845 2845 994 2873 istiuanodi

1035 1557 1179 1591 Κώδικας,
1192 1558 1251 1593 ἢτοι
1268 1557 1410 1592 βασιλικὰς
1422 1551 1584 1589 Διατάξεις.
1594 1555 1674 1582 Ἀλλὰ
1689 1555 1736 1582 καὶ
1751 1553 1824 1580 οὕτω

1034 1602 1168 1638 δυσχερὴς
1189 1600 1222 1638 ἦν
1239 1603 1256 1638 ἡ
1270 1601 1325 1628 τῶν
1342 1602 1431 1637 νόμων
1446 1601 1610 1636 κατάληξις,
1627 1600 1727 1630 πλάτος
1745 1600 1824 1634 ἐχόν-

1034 1656 1089 1674 των
1117 1649 1172 1679 τοίς
1199 1647 1338 1682 λογισμοῖς
1356 1647 1406 1682 οὐχ
1429 1646 1520 1681 ὸρίζον
1534 1654 1540 1662 ·
1561 1645 1608 1672 καὶ
1635 1645 1753 1681 μάλιστα
1769 1643 1824 1669 τῶν

1036 1693 1105 1721 κατὰ
1123 1694 1235 1729 καιροὺς
1249 1693 1382 1729 βασιλέων
1392 1693 1426 1719 τὰ
1435 1692 1565 1719 δοκοῦντα
1577 1692 1653 1726 σφίσι
1664 1690 1822 1726 προστιθέν-

1035 1747 1089 1764 των
1107 1739 1163 1769 τοῖς
1179 1737 1282 1770 κὼδιξι,
1299 1738 1363 1772 περὶ
1375 1734 1412 1764 ὧν
1431 1737 1507 1763 οὔπω
1529 1737 1662 1772 προτερον
1679 1735 1768 1761 ἔκειτο
1783 1735 1824 1760 v6-

1038 1791 1097 1818 μσς.
1114 1783 1151 1809 Οὐ
1178 1783 1231 1818 μὴν
1257 1783 1324 1810 ἀλλὰ
1357 1783 1405 1810 καὶ
1418 1783 1543 1818 λατινικὴ
1559 1782 1629 1814 λέξις
1653 1782 1699 1807 καὶ
1723 1781 1824 1823 φράσις

1038 1829 1120 1855 είσέτι
1135 1830 1197 1859 τοὺς
1209 1830 1307 1864 νόμους
1328 1829 1488 1865 κρύπτουσα
1503 1831 1567 1859 τοὺς
1585 1827 1706 1855 συνιέναι
1721 1827 1826 1862 mox;

1039 1877 1076 1913 μὴ
1090 1877 1265 1913 δυναμένους,
1284 1878 1403 1914 ίσχυρῶς
1416 1877 1583 1911 ἀπετείχιζε,
1597 1877 1644 1903 καὶ
1658 1875 1706 1910 τῆς
1722 1875 1752 1908 ἐξ
1775 1875 1825 1901 αὑ-

1037 1924 1091 1950 τῶν
1105 1923 1238 1958 ὠφελείας
1251 1924 1367 1959 ἐστέρει,
1383 1923 1450 1958 περὶ
1469 1923 1497 1949 ἓν
1513 1920 1589 1954 ἐονος
1600 1922 1702 1957 ταύτην
1716 1922 1825 1948 ἱστᾶσι.

1043 1968 1073 1995 '0
1088 1969 1116 1995 δὲ
1142 1968 1317 2004 περιώνυμος
1335 1969 1365 1995 ὲν
1383 1968 1539 2004 βασιλεῦσιν
1554 1967 1753 2000 Ἰουστινιανὸς,
1779 1967 1826 1993 τοῦ

1039 2015 1159 2050 πλήθους
1173 2016 1227 2042 τῶν
1239 2015 1286 2041 τοῦ
1298 2014 1381 2049 νόμου
1392 2014 1546 2048 κεφαλαίων
1568 2014 1602 2040 τὰ
1615 2013 1654 2048 τῷ
1671 2012 1761 2048 καιρῷ
1778 2014 1827 2039 καὶ

1039 2063 1094 2092 τοῖς
1112 2062 1259 2096 πράγμασι
1278 2061 1358 2095 μόνον
1376 2062 1499 2096 χρήσιμα
1523 2059 1712 2094 ἐκλεξάμενος,
1726 2059 1756 2085 οὗ
1775 2058 1828 2093 μὴν

1040 2107 1108 2134 ἀλλὰ
1124 2107 1214 2134 καὶτὸ
1231 2107 1332 2139 πλάτος
1349 2107 1386 2139 ὡς
1399 2104 1454 2133 οἷόν
1468 2115 1498 2133 τε
1516 2106 1651 2141 ἐκτεμὼν,
1675 2106 1722 2132 καὶ
1739 2105 1772 2132 τὰ
1788 2105 1828 2135 δὶς

1042 2152 1106 2187 περὶ¹
1119 2152 1209 2178 αὐτῶν
1223 2152 1338 2187 κείμενα
1353 2151 1461 2185 ἐξελὼν,
1474 2151 1514 2177 ἐτι
1530 2152 1576 2178 καὶ
1590 2151 1659 2186 πρὸς
1670 2150 1720 2184 τὴν
1737 2150 1830 2185 Ἐλλη-
1878 2165 1880 2167 ›

1042 2198 1121 2234 νικὴν
1134 2199 1168 2225 τά
1179 2207 1208 2224 τε
1224 2198 1279 2225 τῶν
1292 2197 1416 2225 κωδίκων
1431 2198 1479 2224 καὶ
1490 2198 1524 2224 τὰ
1538 2197 1593 2223 τῶν
1602 2197 1733 2231 διγέστων
1750 2204 1830 2231 μετα-

1043 2246 1158 2280 ϐέϐληκε
1169 2247 1269 2280 φράσιν
1282 2253 1288 2260 ·
1304 2246 1370 2279 πρὸς
1383 2245 1412 2271 δὲ
1425 2245 1472 2271 καὶ
1484 2245 1573 2279 νόμων
1584 2243 1739 2279 είσαγωγὴν
1750 2252 1813 2277 ποιη
1824 2256 1830 2262 -

1045 2291 1171 2326 σάμενος,
1186 2290 1280 2326 ὥσπερ
1289 2291 1350 2317 τινὰ
1363 2292 1458 2325 πριὶτα
1470 2289 1792 2325 στοιχεῖα,“1νστιτοῦτιι
1800 2289 1830 2315 τὺ

1045 2336 1146 2372 βιϐλίον
1156 2337 1313 2372 ὠνόμασενι
1329 2337 1485 2371 εἰσαγωγὴν
1501 2337 1555 2371 γὰρ
1572 2335 1650 2362 τοῦτο
1664 2336 1740 2370 δηλοῖ
1769 2334 1830 2362 ΔΞΥ

1045 2384 1106 2410 ἐπεὶ
1130 2383 1160 2409 τὸ
1186 2383 1329 2418 σύνταγμα
1343 2383 1397 2409 τῶν
1412 2383 1544 2417 διγέστων
1557 2383 1617 2409 κατ’
1631 2382 1777 2417 ἐπιτίμὴν,
1794 2382 1832 2413 ὠ;

1045 2429 1163 2464 εἴρηται,
1186 2429 1326 2463 συνετέθη,
1340 2428 1413 2460 ἐδοξέ
1438 2437 1493 2454 τισ.
1512 2428 1597 2454 πολλὰ
1619 2428 1674 2454 τῶν
1689 2429 1833 2462 καιριωτέ-

1048 2483 1101 2510 ρων
1116 2477 1146 2501 ἐκ
1158 2475 1207 2509 τῆς
1218 2475 1434 2509 σπουδασοείσης
1445 2474 1592 2509 συντομίας
1606 2474 1832 2509 παραλελεῖφθαι.

1046 2522 1091 2546 Διδ
1107 2520 1187 2547 πάλιν
1197 2520 1300 2556 ὡρίσθη
1318 2522 1364 2546 καὶ
1378 2522 1502 2554 ἐγένοντο
1516 2520 1550 2546 τὰ
1562 2520 1696 2555 λεγόμενα
1712 2520 1834 2552 namin-

1046 2567 1113 2598 τλα,
1131 2565 1191 2592 καθ’
1207 2566 1322 2593 ἕκαστον
1337 2566 1425 2592 τίτλον
1449 2566 1658 2601 ἀναπληρώσεις
1670 2566 1768 2602 ἔχοντα
1782 2566 1835 2592 τῶν

1047 2611 1307 2647 παραλελειμμένων
1343 2612 1506 2648 χρησίμων·
1545 2612 1691 2647 ἐξηγηταῖς
1722 2612 1751 2638 δὲ
1789 2615 1835 2638 καὶ

1047 2659 1195 2694 ὑπουργοῐς
1216 2661 1265 2685 οὐκ
1293 2660 1394 2694 ὀλίγοις
1410 2659 1424 2685 ὁ
1442 2659 1571 2694 βασιλεᾉς
1597 2660 1637 2690 είς
1651 2659 1739 2686 ταῦτα
1756 2660 1835 2694 ἐχρή-

1049 2715 1124 2733 σατο.
1151 2707 1286 2739 Στέφανος
1303 2707 1357 2742 γάρ
1372 2715 1414 2738 τις
1430 2709 1470 2739 εἰς
1488 2706 1589 2737 πλάτος
1599 2707 1634 2732 τὰ
1648 2707 1760 2740 διγέοτα
1775 2706 1835 2740 ἐξῃ-

1048 2752 1170 2787 τήσατο·
1200 2752 1332 2786 Κύριλλος
1356 2752 1416 2778 κατ’
1434 2752 1586 2787 ἐπιτομήν·
1613 2752 1750 2787 Δωρόθεος
1767 2753 1836 2787 μέσῃ

1048 2798 1124 2830 τάξει
1144 2799 1297 2833 ἐχρήσατο·
1315 2798 1463 2829 Θαλέλαιος
1481 2798 1599 2833 Κήνσωρ
1626 2799 1689 2830 τοὺς
1717 2798 1835 2829 κώδικας

1050 2846 1088 2875 ei;
1102 2844 1201 2876 πλάτος
1227 2845 1359 2872 ἐκδέδωκε
1372 2853 1379 2861 ·
1394 2845 1531 2879 Θεόδωρος
1549 2844 1765 2880 Ἐρμουπολίτης
1777 2853 1835 2871 σνν-
