1951 3065
215 132 272 164 999

859 132 982 164 INDEX
1010 132 1188 162 CAPITUM.

1779 139 1855 173 1000

254 187 300 214 13.
315 187 352 215 De
375 186 409 215 iis
437 187 483 223 qui
506 187 642 215 mulieres
669 188 834 216 ma‘trimon-ii
856 196 938 217 causa
963 196 1000 216 ra.

1098 191 1142 222 ιγ’.
1159 187 1225 222 Περὶ
1240 187 1295 214 τῶν
1309 187 1488 222 ἁρπαζόντων
1498 187 1554 225 νιπὶ
1570 187 1653 225 γάμῳ
1668 191 1813 225 γυναῖκας.

198 248 201 251 ι
219 234 305 269 piunt.

257 279 299 306 Ιό.
314 279 351 307 De
362 279 552 315 pedicatione.

254 325 298 352 15.
316 325 353 353 De
370 326 584 360 magistratibus,
601 325 695 361 quales
716 332 763 354 eos
779 332 843 353 esse
869 330 1003 359 oporteat.

255 371 298 398 iii.
318 371 354 398 De
368 372 527 400 mulieribus
543 379 603 407 quae
619 376 682 399 sunt
696 372 721 400 in
737 372 875 400 abscessu.

255 417 266 442 i
274 416 298 443 7.
316 416 353 444 De
370 417 564 451 itnpuberibus.

256 462 300 488 48.
317 462 353 490 De
361 463 659 496 .excommunicatione.

464 528 578 556 Initium
593 529 689 557 litterae
705 529 738 558 Β.

254 597 279 624 ί.
294 596 331 623 De
343 604 422 624 sacro
437 597 578 632 baptismo.

253 643 280 669 2.
297 643 334 670 De
349 643 498 670 infantibus
513 643 548 670 de
561 643 661 678 quibus
673 642 923 676 dubitatur,utrutn
935 642 1002 677 bap-

219 689 293 716 Iizati
309 689 418 721 fuerim,
433 695 530 716 necne.

251 735 278 762 5.
296 735 332 763 De
361 735 511 762 infamibus
535 735 720 769 Agarenorum
747 734 900 769 baptizatis.
915 738 942 763 et
969 735 1004 763 de

217 781 360 814 baptizatis
373 781 408 808 nb
423 782 456 809 iis
469 781 513 815 qui
529 789 582 809 non
594 781 765 809 ordinantur.

252 825 279 853 ί.
301 826 339 854 De
353 827 386 854 iis
403 828 448 861 qui
462 834 494 854 ex
511 826 614 854 Judmis
630 826 816 861 baptisantur.

251 870 278 898 ὅ.
293 871 330 898 De
346 878 418 906 rege.

252 916 280 943 6.
297 915 411 948 Quando
423 923 471 943 rex
484 916 555 943 intra
570 920 676 951 septum
691 915 784 944 altaris
798 916 900 944 intrare
907 915 1000 944 debet.

253 1007 280 1034 7.
295 1007 373 1041 Quod
386 1015 438 1035 non
457 1011 564 1043 oportet
580 1015 672 1043 regem
698 1007 862 1036 contumelia
883 1007 1002 1036 afficere.

252 1055 280 1080 8.
298 1054 335 1081 De
346 1054 474 1089 gradibus
489 1054 515 1080 in
529 1054 720 1081 matrimoniis.
737 1085 742 1094 Ι

253 1101 280 1128 9.
295 1100 332 1128 De
351 1101 382 1127 iis
397 1100 443 1134 qui
458 1100 651 1128 abominantur
678 1099 812 1135 legitimas
828 1099 947 1135 nuptias,
963 1100 1004 1128 vi-

217 1154 293 1177 num,
310 1153 430 1179 carnem,
448 1150 476 1173 et
490 1146 554 1174 alia.

254 1193 297 1220 10.
319 1191 356 1219 De
368 1192 394 1219 vi
410 1195 436 1219 et
447 1192 580 1226 potentia.

253 1238 298 1265 Η.
314 1239 351 1266 De
363 1238 487 1272 genuinis
501 1242 528 1266 et
539 1237 638 1273 spuriis
652 1245 736 1265 sacra:
756 1237 903 1273 Scriptum
915 1238 1002 1266 libris.

254 1331 297 1358 12.
313 1330 349 1358 De
364 1330 397 1358 iis
409 1330 456 1366 qui
468 1331 524 1358 vim
535 1330 586 1358 sibi
599 1329 729 1363 inferunt,
744 1330 802 1369 sive
815 1330 936 1359 suicidis.

254 1423 300 1451 13.
314 1422 353 1451 De
366 1429 437 1450 anno
454 1422 597 1456 bissextili,
617 1421 675 1450 sive
697 1421 865 1450 intercalari.

472 1490 586 1519 Initium
601 1490 697 1518 littere
711 1490 742 1518 ε.

254 1561 280 1588 Ι.
297 1560 334 1588 De
347 1560 477 1595 gradibus
490 1560 536 1594 qui
549 1564 614 1588 sunt
626 1559 652 1587 in
681 1559 864 1587 matrimonio.

251 1607 280 1636 2.
295 1606 334 1636 De
351 1605 452 1642 nuptiis
464 1606 603 1634 concessis
616 1610 645 1634 et
662 1605 818 1641 prohibitis.

253 1697 280 1724 3.
302 1697 339 1724 De
353 1696 386 1724 iis
399 1696 443 1731 qni
460 1695 569 1730 nuptias
583 1695 719 1729 legitimas
733 1695 933 1724 abominantur.

252 1743 280 1770 ι.
298 1742 335 1770 De
349 1742 574 1769 contrahentibus
589 1735 733 1773 secundas,
748 1742 853 1774 tertias,
869 1745 897 1769 et
911 1742 1002 1777 plures

222 1789 341 1823 nuptias,
357 1792 412 1814 tam
428 1787 506 1820 viris,
520 1794 599 1821 quam
616 1787 786 1814 mulieribus.

253 1836 279 1862 5.
299 1834 336 1861 Da:
351 1834 465 1861 muliere
477 1833 511 1860 ad
528 1833 660 1860 secundas
690 1833 799 1868 nuptias
812 1834 941 1868 [transire
957 1841 1003 1861 vo-

217 1881 298 1911 lente,
314 1878 393 1914 cujus
416 1879 529 1907 ntaritus
545 1879 570 1906 in
585 1878 802 1914 peregrinatione
821 1879 864 1908 vel
885 1880 1000 1915 expedi-

216 1929 292 1955 tione
308 1926 453 1954 interierit.

251 1973 277 2000 6.
296 1973 372 2005 Quod
388 1972 531 2007 presbyter
549 1971 595 2006 qui
611 1970 720 2006 nuptias
732 1970 834 2007 digami
849 1971 1000 2005 benedixit.

216 2027 276 2047 cum
291 2027 323 2047 eo
339 2018 479 2047 convivari
497 2026 551 2046 non
570 2017 681 2046 debeat.

252 2066 277 2093 '1.
295 2066 371 2099 Quod
384 2065 531 2093 Christiani
547 2065 593 2099 qui
607 2064 765 2100 ad‘nuptias
779 2069 857 2098 eunt,
874 2072 926 2093 non
951 2065 1000 2105 de:

215 2113 279 2139 bcut
293 2113 405 2139 ludicris
422 2111 515 2138 intenti
532 2117 602 2138 esse.

251 2158 279 2184 8.
297 2158 333 2185 De
351 2157 501 2192 virginibus
519 2161 616 2191 praeter
626 2160 767 2190 parentum
781 2164 891 2186 suorum
907 2159 1001 2188 volun-

217 2209 297 2230 tatem
314 2203 487 2230 nubentibus.

251 2249 278 2275 9.
295 2249 332 2276 De
347 2249 446 2282 nuptiis
463 2247 573 2274 nefariis
597 2251 625 2274 et
642 2247 744 2275 illicitis
760 2254 946 2283 cognatorum.

252 2294 294 2320 10.
313 2294 348 2319 De
364 2294 396 2320 iis
413 2292 458 2327 qui
473 2292 601 2318 mulieres
615 2291 641 2318 in
657 2292 861 2320 matrimonium
879 2294 998 2329 rapiunt.

253 2340 296 2366 ti.
312 2339 347 2365 Dc
370 2339 412 2365 his
438 2338 482 2372 qui
512 2337 684 2364 matrimonio
709 2338 760 2365 sibi
793 2339 921 2373 copulant
946 2340 1000 2368 Deo

216 2390 400 2413 consecratas.

253 2431 296 2457 12.
309 2431 386 2464 Qum!
400 2430 505 2464 nuptias
519 2435 579 2456 cum
598 2429 733 2457 haereticis
757 2431 918 2459 contrahere
945 2439 999 2460 non

216 2483 348 2512 oporteat.

253 2525 297 2551 i5.
317 2523 420 2556 Quibus
431 2530 463 2549 ex
480 2522 569 2550 causis
580 2523 781 2550 matrimonium
797 2524 926 2551 solvatur.

252 2571 295 2597 Η.
311 2570 346 2596 De
360 2570 521 2601 diaconiSsis
534 2574 561 2597 et
575 2569 673 2597 viduis.

252 2616 295 2643 15.
313 2616 348 2642 lic
364 2614 520 2642 mulieribus
547 2613 737 2649 desponsatis;
752 2613 778 2641 itt
794 2621 846 2648 quo
867 2614 948 2641 etiam
965 2615 998 2643 de

215 2661 384 2697 sponsalibus
403 2664 545 2687 tractatur.

253 2709 297 2736 16.
316 2709 352 2735 De
369 2707 478 2735 clericis
503 2713 602 2733 uxores
616 2713 680 2732 suas
702 2709 830 2740 prmlextu
860 2705 997 2740 religionis

213 2755 393 2790 ejicietttibus.

249 2802 292 2828 i7.
320 2801 395 2835 Quod
427 2798 546 2835 episcopi
572 2798 606 2826 ab
635 2797 764 2826 uxoribus
790 2798 846 2826 suis
875 2797 993 2833 separari

213 2846 322 2875 dehcnt.

1097 279 1138 306 ιδ’.
1156 279 1192 305 Πε
1197 277 1222 311 pl
1237 278 1448 313 ὰρῤενομανὶας.

1095 323 1136 351 ιε’.
1155 325 1220 360 Περὶ
1233 324 1380 359 ἀρχόντων,
1397 322 1586 357 όποίουςείναι
1602 326 1643 353 δεῖ
1653 327 1778 360 τούτους.

1097 368 1147 401 ις’.
1164 370 1235 404 Περὶ
1246 369 1301 395 τῶν
1317 370 1346 396 ἐν
1360 369 1469 406 ἀφέδρῳ
1483 371 1634 405 γυναικῶν.

1096 415 1139 447 ιζ’.
1155 415 1222 448 Περὶ⁸
1237 415 1388 450 ἀφηλίχων.

1095 463 1130 494 ιη’
1147 459 1213 494 Περὶ
1225 459 1390 495 ἀφορισμοῦ.

1250 527 1338 562 Ἀρχὴ
1356 527 1411 556 τοῦ
1437 529 1462 555 Β
1481 530 1647 564 στοιχείου.

1093 598 1127 622 α’.
1146 595 1216 631 Περὶ
1229 595 1276 623 τοῦ
1290 595 1369 630 ἁγίου
1388 595 1588 632 βαπτίσματος.

1093 640 1126 676 β’.
1144 641 1210 676 Περὶ
1226 642 1280 669 τῶν
1303 642 1552 678 ἀμφιϐαλλομένων
1566 643 1672 679 νηπίων
1688 645 1712 672 ει
1735 645 1854 672 ἐϐαπτί-

1058 687 1172 723 σθησαν.

1092 737 1127 767 γ’.
1146 735 1215 770 Περὶ
1226 734 1280 761 τῶν
1295 734 1503 772 βαπτιζομένων
1524 736 1628 771 νηπίων
1654 736 1709 764 τῶν
1729 737 1852 774 Ἅγαρη-

1057 779 1121 811 νῶν,
1135 781 1183 806 καὶ
1197 781 1262 816 περὶ
1278 782 1333 808 τῶν
1351 781 1558 818 βαπτιζομένων
1574 783 1650 818 παρὰ
1664 783 1794 819 ἀνιέρων.

1090 825 1124 852 δ’.
1137 826 1205 860 Περὶ
1222 826 1276 853 τῶν
1289 826 1499 863 βαπτιζομένων
1513 828 1543 861 ἐξ
1556 828 1702 856 Ἰουδαίων.

1017 867 1038 894 Β
1089 875 1120 899 ε’.
1133 872 1200 907 Περὶ
1215 872 1359 907 βασιλέως.

1089 918 1127 951 ς’.
1143 918 1211 945 Πότε
1234 919 1248 945 ό
1278 919 1405 954 βασιλεὺς
1428 921 1468 953 είς
1480 920 1511 948 τὸ
1537 919 1615 956 ἅγιον
1633 921 1731 949 εῐσεισι
1753 922 1849 950 Θυσια-

1054 963 1175 998 στήριον.
1456 978 1475 983 κ

1087 1007 1120 1040 ζ’.
1139 1008 1202 1036 Ὅτι
1217 1008 1330 1044 βασιλέα
1340 1009 1462 1045 ὑϐρίζειν
1476 1011 1507 1037 οὐ
1521 1010 1572 1039 δεῖ.

1087 1053 1123 1088 η’.
1139 1055 1206 1089 Περὶ
1220 1054 1276 1081 τῶν
1291 1054 1404 1091 βαθμῶν
1417 1055 1464 1083 τοῦ
1478 1056 1579 1091 γάμου.

1089 1097 1121 1126 θ’.
1138 1100 1206 1135 Περὶ
1217 1100 1273 1127 τῶν
1298 1100 1518 1137 βδελυττομένων
1546 1103 1611 1135 τοὺς
1635 1104 1764 1140 ἐννόμους
1791 1106 1846 1137 γά-

1055 1153 1132 1179 μους,
1146 1145 1192 1171 τὸν
1207 1143 1291 1178 οἶνον,
1305 1146 1340 1172 τὰ
1350 1147 1430 1181 κρέα,
1444 1147 1492 1175 καὶ
1505 1147 1597 1183 ἕτερα.

1092 1193 1117 1216 ι’.
1131 1190 1198 1226 Περὶ
1208 1190 1268 1226 βίας
1284 1191 1332 1218 καὶ
1347 1191 1516 1224 δυναστείας.

1090 1234 1135 1263 ια’.
1150 1236 1220 1271 Περὶ
1233 1236 1344 1272 βιϐλίων
1360 1239 1413 1273 τῆν
1427 1237 1502 1270 θείας
1515 1238 1632 1275 ,Γραφῆς
1654 1241 1772 1276 γνησίων
1796 1242 1846 1268 καὶ

1054 1281 1150 1308 νὶοων.

1090 1327 1135 1362 ιβ’.
1150 1327 1219 1363 Περὶ
1236 1327 1380 1361 θιοθανῶν,
1395 1329 1455 1364 ἦτοι
1473 1330 1528 1357 τῶν
1559 1330 1676 1363 ἑαυτοὺς
1699 1332 1845 1367 ἀνιιροῦν-

1056 1380 1122 1400 ρων,

1092 1420 1138 1453 ιγ’.
1155 1419 1223 1454 Περὶ
1238 1417 1376 1455 βισέκτσυ.

1253 1487 1345 1524 Ἀρχὴ
1360 1488 1414 1517 τοῦ
1437 1489 1464 1517 Γ
1485 1491 1650 1525 στοιχείου.

1091 1555 1124 1583 α’.
1143 1557 1210 1592 Περὶ
1220 1557 1275 1584 τῶν
1288 1558 1334 1585 τοῦ
1347 1560 1437 1594 γάμου
1453 1559 1576 1594 βαθμῶν.

1091 1601 1125 1638 β’.
1139 1604 1206 1639 Περὶ
1225 1604 1323 1639 γάμων
1342 1605 1586 1640 ὲπιτετραμμένων
1613 1606 1661 1633 καὶ
1680 1607 1835 1642 κεκωλυμέ-

1055 1657 1120 1677 νων.
1134 1649 1239 1684 Νόμοι.

1087 1694 1123 1729 γ’.
1134 1695 1201 1731 Περὶ
1207 1694 1262 1722 τῶν
1273 1695 1333 1727 τοὺς
1348 1695 1478 1728 ἐννόμους
1490 1695 1597 1730 γάμους
1610 1695 1840 1732 βδελυττομένων.

1087 1741 1109 1768 δ’
1113 1761 1120 1768 .
1135 1742 1203 1777 Περὶ
1222 1741 1358 1776 διγάμων.
1369 1741 1524 1776 τριγάμων,
1543 1742 1590 1769 καὶ
1600 1742 1767 1778 πολυγάμων
1791 1744 1839 1771 ἀν-

1051 1787 1123 1822 δρῶν
1136 1795 1166 1813 τε
1181 1787 1230 1814 καὶ
1242 1787 1394 1821 γυναικῶν.

1087 1830 1118 1859 ε’.
1133 1832 1200 1868 Περὶ
1217 1833 1265 1868 τῆς
1279 1832 1517 1868 δευτερογαμῆσαι
1544 1833 1712 1869 βουλομένης
1743 1843 1838 1869 γυναι·

1052 1877 1110 1910 κὸς,
1126 1878 1154 1904 ὲν
1172 1879 1205 1912 τῇ
1217 1878 1357 1914 ἀποδημίᾳ
1371 1878 1388 1913 ἢ
1403 1879 1533 1915 στρατείᾳ
1557 1878 1604 1906 τοῦ
1630 1880 1727 1915 ἀνδρὸς
1753 1882 1840 1917 αὐτῆς

1052 1923 1254 1958 ἀφανισθέντος.

1088 1968 1126 2002 ς’.
1147 1969 1208 1996 Ὀτι
1223 1970 1262 2006 τῷ
1274 1970 1434 2007 διγαμοῦντι
1463 1973 1495 2000 οὐ
1518 1973 1559 2001 δεῑ
1578 1973 1771 2001 συνεστιᾶσθαι
1792 1973 1839 2000 τὸν

1053 2015 1265 2051 ίερολογήσαντα
1279 2017 1474 2053 πρεσϐύτερον.

1085 2063 1120 2097 ζ’.
1139 2064 1200 2091 Ὀτι
1213 2065 1275 2096 τοὺς
1289 2065 1330 2096 είς
1345 2064 1434 2099 γάμον
1450 2065 1580 2098 ἀπιόντας
1601 2066 1792 2101 Χριστιανοὺς,
1807 2067 1838 2093 οὗ

1051 2111 1089 2138 δεῖ
1104 2111 1240 2145 παιγνίοις
1259 2112 1414 2147 προσέχειν.

1084 2159 1120 2192 η’.
1135 2156 1203 2192 Περὶ
1232 2157 1286 2183 τῶν
1314 2157 1498 2192 γαμουμένων
1523 2157 1668 2190 παρθένων
1697 2159 1837 2193 γυναικῶν

1015 2211 1036 2239 ι)
1051 2202 1128 2236 παρὰ
1144 2201 1257 2236 γνώμην
1276 2202 1330 2228 τῶν
1348 2202 1456 2229 οίκείων
1471 2203 1583 2237 γονέων.

1087 2248 1121 2275 θ’.
1140 2248 1206 2282 Περὶ
1218 2248 1315 2283 γάμων
1334 2248 1501 2282 παρανόμων
1512 2250 1692 2283 συγγενικῶν.

1088 2291 1113 2319 ι’.
1131 2292 1198 2327 Περὶ
1211 2292 1264 2318 τῶν
1279 2292 1325 2318 ἐπὶ
1336 2292 1419 2327 γάμῳ
1435 2294 1568 2326 γυναῖκας
1579 2293 1768 2329 ἁρπαζόντων.

1087 2341 1130 2364 ια’.
1144 2337 1210 2370 Περὶ
1224 2336 1278 2363 τῶν
1290 2337 1337 2363 ἐπὶ
1352 2337 1434 2372 γάμῳ
1447 2337 1641 2372 λαμϐανόντων
1660 2338 1710 2370 τὰς
1720 2339 1760 2374 τῷ
1775 2339 1835 2375 Θεῷ

1050 2383 1253 2417 ἁφιερωμένας.

1086 2427 1130 2463 ιβ’.
1151 2427 1209 2454 Ὀτι
1225 2428 1254 2453 οὐ
1268 2427 1309 2454 δεῖ
1320 2427 1426 2463 γάμους
1439 2427 1631 2456 συναλλάττειν
1655 2431 1726 2465 μετὰ
1755 2432 1834 2467 αἱρε-

1049 2482 1142 2500 τικων.

1086 2523 1131 2553 ιγλ.
1155 2520 1183 2546 '0
1195 2521 1280 2554 γάμος
1294 2521 1326 2547 ἐκ
1341 2520 1425 2547 ποίων
1443 2520 1538 2549 αἰτιῶν
1550 2520 1653 2550 λύεται.

1085 2565 1124 2594 ιδ’.
1140 2566 1207 2601 Περὶ
1220 2567 1358 2601 γυναικῶν
1374 2567 1507 2594 διακόνων
1522 2569 1570 2594 καὶ
1584 2569 1689 2603 χηρῶν.

1086 2614 1125 2638 ιε’.
1158 2611 1224 2646 Περὶ
1243 2611 1379 2644 γυναικῶν
1413 2613 1674 2647 μεμνηστευμένων,
1699 2614 1729 2640 ἐν
1748 2611 1770 2648 ᾧ
1787 2615 1833 2642 καὶ

1049 2659 1110 2692 περὶ
1131 2659 1288 2692 μνηστείας.

1084 2708 1132 2736 ις’.
1158 2704 1225 2740 Περὶ
1250 2705 1303 2731 τῶν
1321 2705 1371 2738 τὰς
1398 2706 1466 2738 ιδίας
1491 2708 1624 2741 γυναῖκας
1645 2706 1832 2734 ικϐαλλόντων

1047 2752 1182 2785 προφάσει
1196 2751 1340 2783 εὐλαϐείας
1349 2752 1366 2787 ἢ
1382 2753 1558 2788 παραλόγως.

1083 2795 1125 2828 ιζ’.
1143 2796 1204 2822 ’Ὁτι
1219 2796 1274 2824 τῶν
1291 2797 1365 2825 ἰδίων
1377 2797 1516 2832 γυναικῶν
1530 2798 1699 2834 χωρίζεσθαι
1716 2799 1758 2827 δεῖ
1771 2801 1830 2832 τοὺς

1047 2844 1222 2874 ἐπισκόπους.
