1951 3065
88 80 169 116 1037

563 74 771 108 SYNTAGMA
786 71 1105 104 ALPHABETICUM.
1119 84 1154 90 --
1168 72 1203 102 A.

1650 69 1718 103 ωδε

87 138 274 174 Ἰερουσαλὴμ
284 137 369 171 αὐτὴν
380 135 520 171 ὠνόμαζον
530 145 537 152 ·
552 132 625 162 οὗτοι
638 136 686 162 καὶ
700 133 762 164 τοὺς
774 131 878 166 γάμους

941 133 1039 161 )arent,
1054 128 1257 163 Pepuzcnorum
1271 136 1325 162 quo
1335 136 1378 162 lue
1394 136 1492 156 numen
1505 130 1621 156 asseeuai
1645 133 1718 156 sunt.

80 186 166 212 λύειν
181 185 343 219 ἐπέτρεπον,
359 184 406 211 καὶ
418 183 571 219 βρωμάτων
587 182 661 208 ἐστιν
677 177 716 208 ὧν
729 178 879 214 ἀπέχεσθαι

79 232 249 258 ἐδίδασκον⁸
272 231 302 256 τὸ
326 230 420 265 πάσχα
437 229 595 263 διέστρεφον
606 236 613 243 ’
635 228 674 258 εἰς
691 226 720 252 ἓν
733 226 879 261 πρόσωπον

80 277 137 312 τὴν
167 278 248 310 ἁγίαν
274 277 378 312 Τριάδα
397 276 529 310 συνῄρουν
554 283 584 300 τε
600 276 646 300 καὶ¹
674 273 816 306 συνέχεον·
833 270 879 297 καὶ

82 321 163 358 αἷμα.
186 322 282 353 παιδὸς
310 322 537 355 ὲκκεντουμένου,
567 320 674 353 ἀλεύρῳ
690 318 880 352 συμφὺροντες

84 371 137 397 καὶ
148 367 359 404 ἀρτοποιοῦντες
373 368 552 402 προσέφερον,
573 367 621 392 καὶ
637 364 721 391 αὑτοῦ
741 362 879 398 μετελάμ-

85 416 175 442 ϐανον
180 434 187 442 .

329 505 399 538 Περὶ
412 503 632 532 Σαϐελλιανῶν.

125 551 316 583 Σαδελλιανοὶ,
338 551 437 582 οίτινες
467 550 520 577 ἀπὸ
547 549 692 586 Σαϐελλίου
719 548 766 574 τοῦ
782 547 880 578 Λίὸυος

87 598 314 633 ὠνομάσθησαν.
343 597 372 629 ὃς
398 597 581 631 Πτολεμαίδος
605 596 655 630 τῆς
681 593 880 624 Πενταπόλεως

88 645 242 676 ἐπίσκοπος
272 643 415 678 γεγονὼς,
446 643 609 678 συναλοιφὴν
642 643 689 670 ἐπὶ
723 642 772 676 τῆς
799 640 881 674 άγίας

88 691 208 726 Τριάδος
229 691 276 717 καὶ
307 690 439 725 σύγχυσιν
452 689 632 724 ὲδογμάτιζε·
649 688 697 720 τὶς
719 688 794 723 τρεῖς
815 687 879 712 ὑπο-

67 726 74 732 ί
90 737 204 767 στάσεις
219 737 267 770 τῆς
285 737 349 768 μιᾶς
362 735 456 766 οὐσίας
469 735 516 762 καὶ
532 735 658 769 θεότητος
684 735 723 766 είς
744 734 774 760 ἓν
798 733 883 768 πρόσ-

90 791 169 809 ωπον
181 783 319 817 συναιρῶν
336 784 382 808 καὶ
396 782 529 816 συγχέων,
545 781 697 816 τριώνυμον
726 780 772 807 τὸν
800 780 882 806 αὐτὴν

91 828 195 862 λέγων.
222 829 268 854 νῦν
285 828 333 862 μὲν
347 827 383 859 ὡς
410 828 521 862 Πατέρα.
548 827 703 861 φαίνεσθαι,
720 826 769 853 νῦν
797 827 825 853 δὲ
844 827 882 857 ὡς

92 875 169 905 Υίὸν,
199 874 258 900 ἔστι
280 875 305 900 δ’
319 875 363 901 ὅτε
388 873 426 904 ὡς
453 874 530 906 ἆγιον
546 873 668 908 Πνεῦμα,
685 872 780 900 ἄλλοτε
795 873 882 904 ἄλλως

95 919 360 954 μεταμορφούμενον
377 920 424 946 καὶ
439 918 749 954 μετασχηματιζόμενον
760 926 768 933 ·
788 917 826 950 ὡς
851 920 883 944 ἐκ

93 966 145 1000 τῆς
161 966 258 999 καινῆς
285 966 389 1000 ταύτης
415 965 571 996 ἀναλύσεως
596 965 613 1000 ἢ
634 965 798 996 συνθέσεως,
814 964 884 991 κατά

94 1012 141 1037 τὸν
159 1011 285 1044 θεολόγον
303 1011 462 1046 Γρηγὸριον,
486 1010 524 1044 μὴ
544 1010 644 1044 μᾶλλον
660 1009 689 1036 ἓν
703 1010 737 1036 τὰ
752 1009 882 1043 πάντα,ἣ

97 1057 182 1091 μηδὲν
197 1057 312 1082 ἕκαστον
337 1054 406 1082 εἶναι
422 1055 596 1090 ὀριζόμενος’
626 1054 724 1088 φεύγει
740 1054 794 1089 γὰρ
814 1051 883 1080 εἶναι

95 1103 166 1137 ὅπερ
184 1104 267 1135 ἐστὶν,
285 1103 326 1134 είς
341 1102 444 1137 ἄλληλα
457 1102 597 1136 χωροῦντα
608 1102 654 1127 καὶ
671 1100 883 1136 μεταῦαίνοντα,

96 1148 185 1182 ψιλῶν
201 1147 442 1182 καταλειπομένων
452 1146 506 1172 τῶν
523 1146 675 1179 ὀνομάτων.

322 1235 391 1270 Περὶ
408 1236 684 1263 [Ianuarium-truta

143 1283 171 1309 Ὀ
186 1283 212 1309 δὲ
226 1284 274 1316 τῆς
286 1285 311 1308 α’
328 1282 442 1309 συνόδου
457 1281 488 1308 ιθ¹
503 1283 603 1314 κανὼν,
618 1283 666 1309 κει.)⁵
682 1284 746 1314 τοὺς
763 1284 884 1310 Παυλια-

102 1330 241 1361 νίσαντας,
253 1327 312 1355 εἶτα
323 1329 356 1364 τῇ
371 1329 500 1363 καθολικῇ
514 1329 758 1363 προσπεφευγὸτας
770 1329 886 1365 Ἐκκλη-

104 1376 160 1410 σία,
184 1376 349 1409 προστάττει
366 1374 598 1407 ἁναῦαπτίζεσθκι
611 1383 617 1390 ’
643 1377 780 1411 σκοπῆσαι
794 1376 822 1402 δὲ
834 1377 885 1409 δεῖ,

103 1423 178 1452 τινας
202 1422 216 1447 ὸ
242 1421 332 1447 κανὼν
358 1420 558 1453 ἀναὸαπτίζειν
575 1422 729 1457 ἐπιτρέπει,
756 1423 819 1454 τοὺς
832 1423 886 1449 ἀπὸ

931 174 971 202 Ab
985 174 1038 201 illis
1066 174 1183 202 divortia
1210 174 1354 208 coniugum
1383 174 1525 208 permissa,
1541 178 1568 201 et
1596 181 1611 200 ει
1639 173 1722 200 certis

930 219 1092 255 quibusdam
1119 219 1244 246 ciborum
1266 219 1412 253 generibus
1440 219 1603 246 abstinentia
1636 218 1721 252 impe-

932 268 1151 302 rata,Pasr-.ltatis
1173 267 1231 295 dies
1246 267 1273 294 in
1288 267 1408 294 alienum
1434 271 1541 302 tempus
1564 267 1676 301 rejecta.
1692 271 1721 293 ct

931 315 956 342 in
973 322 1053 342 unam
1069 322 1213 349 personam
1230 319 1403 341 sacrosancta
1412 312 1531 340 Trinitas
1542 318 1681 340 contracta
1694 318 1722 339 et

931 361 1055 388 confusa.
1075 360 1111 387 llli
1133 360 1213 387 etiam
1229 360 1389 395 sanguinem
1405 360 1481 394 pueri
1498 359 1626 386 aculcolis
1645 367 1721 386 com«

932 407 1026 441 puncti
1056 414 1118 434 cum
1132 406 1220 433 farina
1237 406 1396 437 miscentes,
1412 413 1444 432 ac
1459 413 1554 440 panem
1565 405 1628 432 inde
1638 406 1722 431 conli-

932 452 1045 484 cientes,
1062 457 1117 478 tum
1132 451 1295 484 oﬂercbant,
1313 455 1369 477 tum
1398 457 1431 477 ex
1454 457 1486 477 eo
1511 450 1719 484 participabant.

1220 497 1256 524 De
1273 497 1448 524 Sabelliunis.

967 544 1113 572 Sabelliani
1129 548 1219 572 autem
1252 552 1267 571 a
1289 543 1407 571 Sabellio
1426 551 1458 570 ex
1492 542 1575 578 Libya
1603 540 1722 570 oriundo

932 590 1098 617 denominati
1125 595 1199 624 sunt,
1215 589 1262 624 qui
1295 589 1483 622 Ptolemaidis,
1508 597 1570 623 qua:
1586 588 1651 615 urbs
1680 593 1723 615 est

933 635 1099 670 Pentapolis.
1115 636 1269 670 episcopus.
1291 635 1510 663 commistionem
1534 634 1679 669 quamdam
1694 638 1722 661 ct

933 683 1124 710 confusionem
1141 683 1168 710 in
1181 687 1357 710 sacrosancta
1372 682 1503 710 Trinitate
1522 683 1649 714 asseruit,
1667 687 1722 709 tres

933 729 993 756 illas
1016 729 1176 764 hypostases
1193 729 1272 757 unius
1293 730 1452 757 substantiae
1473 733 1501 756 et
1527 729 1677 756 divinitatis
1694 729 1720 755 in

935 782 1014 801 unam
1030 782 1172 810 personant
1189 776 1356 802 contrahens
1388 773 1611 805 cteont‘undens.
1639 782 1721 809 quam

933 821 1015 848 trium
1041 828 1102 848 esse
1115 819 1255 848 nominum
1272 821 1350 852 dixit,
1373 825 1397 848 e‘
1411 820 1556 856 aliquando
1573 826 1602 847 ut
1613 821 1720 848 Patrem

934 867 1104 901 apparuisse,
1124 867 1270 901 aliquando
1284 872 1313 895 ut
1336 867 1444 899 Filium,
1462 865 1607 902 aliquando
1630 870 1721 894 autem

934 917 963 938 ut
991 911 1121 945 Spiritum
1150 916 1292 944 sanctum,
1329 917 1357 940 et
1370 913 1436 939 alias
1447 912 1525 939 aliter
1543 912 1722 940 transforma-

934 962 990 985 tum
1011 958 1301 993 transfiguratumque;
1317 966 1365 994 per
1394 958 1512 993 ineptam
1527 957 1597 985 hanc
1619 959 1722 987 resolu-

935 1004 1036 1030 tionem
1052 1003 1109 1031 sive
1127 1004 1368 1038 compositionem;
1396 1005 1546 1033 secundum
1562 1004 1722 1040 Gregorium

934 1049 1113 1084 Theologum.
1132 1058 1228 1078 omnes
1247 1058 1379 1085 personas
1396 1059 1452 1079 non
1475 1056 1529 1079 tant
1550 1060 1633 1079 unam
1661 1060 1722 1080 esse

935 1104 1015 1130 quam
1034 1096 1154 1132 singulas
1172 1097 1240 1124 nihil
1262 1097 1406 1124 deliniens.
1423 1098 1556 1125 Desinunt
1573 1098 1645 1125 enim
1661 1105 1723 1126 esse

935 1149 996 1175 qua:
1015 1142 1042 1168 in
1058 1150 1088 1169 se
1106 1143 1224 1170 invicem
1243 1143 1346 1170 cedunt
1361 1147 1389 1170 et
1417 1148 1616 1178 permutantur,
1643 1144 1724 1172 nudis

936 1187 1066 1214 duntaxat
1080 1187 1235 1214 nominibus
1260 1188 1369 1215 relictis.

1202 1231 1241 1259 De
1259 1232 1445 1260 Paulianistis.

972 1278 1065 1304 Canon
1081 1282 1171 1305 autem
1197 1279 1230 1306 19
1247 1279 1340 1313 prima:
1354 1280 1459 1314 synodi,
1483 1277 1661 1308 Paulianistas
1675 1279 1722 1315 qui

938 1329 1032 1359 postea
1052 1325 1085 1351 ad
1114 1325 1260 1351 Ecclesium
1286 1325 1446 1353 catholicam
1471 1327 1662 1362 confugerunt,
1678 1335 1723 1354 re—

939 1370 1068 1405 baptizari
1081 1371 1168 1404 jubet.
1188 1369 1286 1397 Verum
1307 1371 1351 1398 hic
1362 1371 1553 1406 inquirendum
1573 1378 1625 1406 est,
1641 1381 1723 1408 quos-

941 1423 1002 1442 nam
1018 1424 1105 1442 canon
1127 1416 1217 1443 denuo
1233 1416 1364 1450 baptizari
1387 1418 1518 1452 prtecipit.
1548 1426 1582 1446 an
1600 1427 1646 1447 eos
1675 1420 1722 1454 qui

102 1465 250 1501 ὀρθοδόξων
277 1466 519 1498 Παυλιανίσαντας,
551 1467 567 1501 ἦ
594 1467 658 1498 τοὺς
682 1467 710 1499 ἐξ
737 1467 823 1502 ἀρχῆς
838 1468 887 1502 τῆς

941 1470 970 1489 ex
984 1462 1143 1489 ortltodoxis
1157 1463 1189 1489 ad
1205 1462 1384 1490 Paulianistas
1410 1464 1577 1496 defecerunt,
1606 1466 1647 1493 vel
1674 1466 1722 1501 qui

104 1513 217 1539 ἐκείνων
227 1512 325 1543 ἐθάδας
339 1513 483 1547 αἱρέσεως.
499 1513 528 1539 Et
542 1513 570 1539 δέ
585 1521 657 1544 τινες
676 1512 775 1544 αὐτῶν,
792 1513 885 1548 φησιν,

104 1560 133 1584 ὲν
145 1558 184 1592 τῷ
197 1557 290 1594 κλήρῳ
306 1557 504 1592 ἐξητάσθησαν,
517 1558 708 1592 ἀγνοησάντων
732 1558 795 1589 ἴσως
813 1558 887 1589 ὅπως

105 1601 178 1638 εἶχον
190 1604 318 1634 ἀσεϐείας
347 1604 402 1630 τῶν
427 1603 525 1635 αὐτοὺς
551 1605 807 1639 χειροτονησάντων,
840 1604 888 1631 καὶ

105 1650 213 1680 τούτους
233 1649 303 1684 μετὰ
327 1649 358 1675 τὸ
379 1648 533 1683 γνωσθῆναι
557 1649 617 1675 δέον
643 1649 886 1682 άναῦαπτίζεσθαι,

107 1695 190 1730 μηδὲν
202 1696 234 1721 ὲκ
248 1695 300 1729 τῆς
326 1694 495 1731 χειροτονίας
516 1695 717 1727 ἀποναμένους·
736 1696 783 1721 καὶ
799 1695 823 1721 εἰ
838 1695 888 1729 μὲν

106 1741 243 1776 εὑρεθεῖεν
257 1741 325 1776 μετὰ
337 1740 367 1767 τὸ
379 1740 520 1776 βάπτισμα
534 1740 580 1767 καὶ
592 1741 662 1767 κατὰ
673 1741 718 1767 τὸν
729 1741 787 1776 βίον
800 1741 890 1776 ἄμεμ-

108 1796 179 1820 πτοι,
195 1787 405 1822 χειροτονεῖσθαι
419 1788 471 1813 ὑπὸ
484 1787 530 1814 τοῦ
546 1788 695 1814 ἐπισκόπου
725 1788 774 1821 τῆς
787 1787 888 1822 ἐκκλη-

109 1835 179 1868 σίας,
196 1831 383 1870 ᾖπροσῆλθον,
401 1833 455 1860 εἶδ’
465 1831 523 1866 οὖν,
536 1834 583 1861 τοῦ
597 1834 700 1870 κλήρου
715 1834 785 1861 εἶναι
796 1835 888 1861 answ—

110 1879 235 1915 σμένους.

354 1927 423 1960 Περὶ
440 1925 659 1953 Παυλικιανῶν.
683 1953 697 1958 ν

145 1972 323 1999 Παυλικιανοὶ
334 1971 362 1998 δὲ
375 1973 400 1999 oi
415 1973 560 2007 Μανιχαῖοι
572 1972 822 2007 μετωνομάσθησαν
836 1973 890 1999 ἀπό

110 2027 189 2044 τινων
208 2014 330 2052 ἀδελφῶν
349 2017 406 2050 δύο,
425 2017 531 2044 Παύλου
549 2018 596 2044 καὶ
614 2018 748 2050 Ἰωάννου,
762 2018 891 2052 ὁρμωμέ-

111 2073 162 2090 νων
172 2064 204 2090 ὲκ
217 2063 393 2098 Σαμοσάτων,
409 2064 476 2091 υίῶν
491 2063 620 2097 γυναικός
634 2071 708 2094 τινος
725 2064 889 2098 Μανιχαίας,

113 2109 279 2144 Καλλινίκης
301 2109 434 2144 τοῦνομα,
460 2109 604 2144 δυσσεϐείᾳ
621 2109 722 2143 μᾶλλον
741 2110 757 2144 ἢ
773 2110 890 2143 γάλακτι

109 2157 173 2188 τοὺς
197 2157 270 2187 υἱοὺς
288 2155 472 2191 θρεψαμένης.
494 2153 575 2182 Οὗτοι
605 2156 654 2182 ἕνα
666 2153 736 2182 εἶναι
747 2156 813 2182 Θεὸν
826 2157 892 2191 ἐκή-

113 2210 222 2237 ρυσσον.
240 2202 359 2236 Πατέρα.
378 2201 442 2228 Υίδν
467 2201 514 2228 καὶ
528 2201 604 2235 ἅγιον
623 2201 736 2235 Πνεῦμα
751 2201 795 2227 τὸν
811 2201 893 2228 αὐτὸν

70 2268 79 2273 .
112 2247 399 2282 προσαγορευόμενον·
427 2244 466 2277 εἷς
483 2247 537 2282 γὰρ
550 2247 627 2281 φησὶ,
644 2246 722 2278 Θεὸς,
741 2247 789 2273 καὶ
800 2247 814 2272 ὁ
829 2246 894 2278 Υἱὸς

114 2294 194 2320 αὑτοῦ
212 2295 241 2320 ὲν
255 2293 338 2329 αὐτῷ,
354 2293 414 2325 ὼςὸ
426 2293 502 2327 λόγος
518 2294 546 2319 ὲν
561 2293 706 2329 ἀνθρώπῳ.
722 2293 751 2319 '0
765 2293 792 2319 δὲ
808 2293 894 2326 Λόγος

112 2337 187 2371 οὗτος
204 2339 250 2366 ἐπὶ
265 2339 316 2374 γῆς
331 2339 425 2370 ἐλθὼν,
452 2339 481 2364 ὲν
506 2339 641 2374 ἀνθρώπῳ
658 2338 777 2374 ῷκησεν,
804 2337 894 2373 Ἰησοῦ

114 2385 282 2420 καλουμένῳ,
308 2385 356 2412 καὶ
375 2385 423 2420 τὴν
436 2385 591 2419 οἰκονομίαν
617 2384 775 2419 πληρώσας,
795 2384 894 2418 ἀνῆλθε

115 2431 180 2465 πρὸς
202 2430 248 2456 τὸν
268 2429 377 2464 Πατέρα
390 2437 397 2444 ·
423 2430 436 2455 ό
449 2429 477 2455 δὲ
489 2429 593 2463 Ἰησοῦς
611 2426 699 2460 οὗτος,
722 2429 844 2455 κάτωθεν
860 2427 895 2464 ἦν

115 2476 165 2502 ἀπὸ
178 2476 286 2511 Μαρίας
299 2475 452 2510 ἀρξάμενος
462 2483 469 2490 ·
484 2475 538 2501 ἀπὺ
553 2474 641 2501 τοίνυν
654 2474 709 2500 τῶν
721 2474 767 2500 δύο
780 2475 895 2500 τουτωνὶ

116 2521 220 2549 Παύλου
245 2521 293 2548 καὶ
313 2521 451 2554 Ἰωάννου,
469 2522 526 2552 τοῖς
552 2520 626 2553 σφῶν
643 2520 778 2554 μαθηταῖς
807 2521 822 2554 ἡ
840 2520 895 2546 τῶν

116 2567 302 2595 Παυλικιανῶν
320 2566 435 2602 ἐπετέθη
448 2565 637 2601 προσωνυμία,
654 2565 895 2600 βαρϐαρικώτερον

117 2613 292 2640 συντεθεῖσα⁶
317 2613 378 2640 ἀντὶ
405 2613 458 2648 γάρ
476 2611 687 2642 Παυλοῐωάννοι,
717 2611 895 2638 Παυλικιανοὶ

115 2659 363 2694 κατονομάζονται·
384 2660 417 2686 τὰ
429 2659 457 2686 δὲ
475 2659 524 2693 τῆς
542 2657 645 2684 τούτων
674 2657 809 2692 αἱρέσεως
836 2658 895 2684 Φώ-

116 2714 172 2736 τιος
182 2706 195 2732 ὁ
205 2705 377 2740 πατριάρχης
389 2703 699 2734 Κωνσταντινουπό).εω;
709 2704 895 2738 χρηματίσας,

118 2753 145 2778 ἐν
160 2751 244 2785 ικανῷ
257 2751 406 2787 στηλιτεύει
421 2751 504 2787 λόγῳ.
525 2761 529 2767 ’

151 2798 220 2830 Τοὺς
236 2795 281 2825 οὖν
302 2798 364 2834 ἄρτι
377 2799 423 2826 καὶ
437 2800 578 2835 προσεχῶς
603 2799 736 2836 ῥηθέντας
748 2797 831 2833 ἄμφω
847 2805 895 2824 και-

939 1509 973 1536 ab
998 1509 1074 1536 initio
1089 1509 1185 1536 lueresi
1204 1516 1298 1536 eorum
1319 1510 1419 1537 assueti
1447 1515 1520 1538 sunt.
1543 1511 1570 1538 Si
1584 1513 1630 1546 qui
1647 1521 1722 1543 vero,

938 1554 1035 1589 inquit,
1052 1563 1083 1581 ex
1100 1555 1132 1582 iis
1152 1555 1177 1581 iu
1192 1555 1352 1582 clericorum
1372 1563 1488 1584 numero
1502 1557 1724 1592 erant,ignoran-

940 1601 1011 1627 libus
1027 1600 1116 1627 forsan
1137 1601 1169 1627 iis
1187 1609 1202 1627 a
1217 1601 1316 1635 quibus
1330 1601 1446 1629 ordinati
1456 1608 1530 1635 sunt,
1555 1611 1634 1637 quam
1647 1604 1723 1639 impii

939 1651 1041 1680 essent,
1057 1647 1136 1673 etiam
1154 1655 1183 1674 re
1199 1647 1306 1682 cognita
1328 1648 1491 1682 rebaptizari
1504 1649 1616 1682 debent,
1631 1651 1665 1678 ab
1678 1659 1724 1678 or-

939 1693 1078 1720 dinatione
1099 1701 1147 1720 sua
1175 1694 1242 1720 nihil
1268 1694 1364 1729 adjuti.
1377 1693 1448 1728 Quin
1472 1695 1526 1722 imo
1544 1696 1565 1723 si
1583 1701 1645 1731 post
1659 1697 1726 1732 bap-

942 1739 1097 1766 tismumnb
1127 1740 1201 1767 omni
1232 1740 1445 1775 reprehensione
1469 1741 1606 1770 immunes
1635 1743 1726 1777 quoad

941 1785 1047 1812 vivendi
1062 1786 1198 1814 rationem
1216 1787 1318 1814 inventi
1333 1788 1443 1820 fuerint,
1463 1789 1497 1816 ab
1510 1789 1638 1824 episcopo
1654 1789 1726 1816 illius

941 1832 1074 1864 ccclesize,
1084 1832 1110 1859 in
1132 1841 1184 1868 qua
1210 1842 1310 1861 nomen
1335 1834 1668 1868 dederuut,ordinentur;
1683 1837 1725 1864 sin

941 1877 1042 1908 minus,
1062 1885 1077 1904 a
1091 1878 1163 1905 clero
1178 1879 1333 1913 ejiciantur.

1196 1924 1232 1950 De
1251 1924 1426 1953 Paulicianis.

977 1969 1059 1996 Porro
1073 1974 1100 1996 et
1111 1969 1252 1997 Manichazi
1270 1971 1419 1999 Pauliciani
1435 1972 1499 1999 dicti
1530 1977 1602 2005 sunt,
1617 1981 1632 2000 a
1659 1973 1727 2000 duo—

942 2015 994 2042 bus
1008 2015 1136 2042 fratribus
1151 2016 1235 2043 Paulo
1252 2021 1278 2044 et
1290 2017 1396 2045 Joanne
1409 2026 1442 2045 ex
1467 2018 1616 2046 Samosatis
1633 2020 1727 2046 oriun-

943 2064 996 2094 dis,
1012 2060 1072 2088 ﬁliis
1089 2061 1211 2089 mulieris
1225 2063 1367 2097 cujusdam
1381 2063 1543 2096 Manich'caz,
1558 2064 1600 2091 cui
1624 2072 1726 2092 nomen

945 2114 1003 2137 erat
1022 2106 1159 2140 Calliniee,
1177 2115 1237 2142 qua:
1249 2116 1302 2136 non
1317 2114 1370 2136 tam
1384 2108 1455 2136 lacte
1480 2117 1560 2143 qttam
1587 2110 1727 2145 impietate

946 2156 1015 2183 ﬁlios
1034 2162 1097 2183 suos
1118 2154 1240 2182 enutriit.
1258 2154 1290 2181 lii
1318 2163 1401 2182 unum
1421 2163 1481 2182 esse
1495 2155 1578 2182 Deum
1594 2156 1729 2191 pradica-

945 2206 1018 2234 runt,
1033 2201 1078 2237 qui
1092 2206 1120 2229 et
1148 2201 1228 2228 Pater
1252 2205 1280 2228 et
1313 2199 1397 2228 Filius
1411 2205 1439 2228 et
1465 2202 1583 2236 Spiritus
1616 2208 1728 2230 sanctus

945 2248 1131 2275 idemdicitur.
1142 2247 1220 2275 Unus
1228 2247 1313 2280 enim,
1331 2247 1467 2281 inquiunt,
1483 2251 1524 2274 est
1539 2248 1620 2281 Deus,
1637 2253 1664 2276 et
1682 2248 1728 2276 Fi-

944 2293 997 2321 lius
1010 2294 1068 2328 ejus
1085 2293 1112 2319 in
1132 2293 1191 2327 ipso
1215 2297 1267 2324 est,
1302 2293 1531 2326 quemadmodum
1562 2293 1588 2320 in
1618 2294 1729 2322 homine

945 2348 1046 2367 sermo.
1074 2339 1126 2367 Iste
1142 2343 1231 2366 autent
1248 2336 1345 2366 Sermo
1361 2339 1388 2366 in
1407 2342 1493 2366 terras
1509 2340 1621 2368 veniens
1635 2341 1663 2368 in
1680 2342 1728 2368 lto-

945 2386 1020 2412 mine
1037 2385 1176 2417 habitavit,
1206 2385 1252 2420 qui
1267 2385 1355 2412 dictus
1381 2390 1440 2413 erat
1455 2385 1544 2418 Jcsus,
1562 2391 1589 2414 et
1617 2395 1728 2415 (eccun-

946 2432 1000 2458 mia
1016 2431 1150 2465 completa
1166 2431 1288 2458 ascendit
1303 2432 1335 2458 ad
1367 2431 1483 2459 Patrem.
1501 2432 1551 2460 llic
1578 2437 1666 2460 autem
1682 2433 1728 2461 Je-

946 2485 993 2505 sus
1005 2477 1039 2504 ab
1057 2477 1126 2504 intra
1144 2480 1213 2508 erat.
1225 2484 1239 2503 a
1254 2475 1336 2503 Maria
1351 2477 1482 2512 originem
1498 2478 1611 2506 ducens.
1625 2479 1646 2505 A
1658 2480 1728 2507 dlin-

946 2524 998 2551 bus
1020 2523 1102 2558 igitur
1131 2523 1189 2550 istis
1206 2523 1288 2550 Paulo
1306 2527 1333 2550 et
1346 2522 1460 2556 Joanne,
1474 2524 1615 2559 discipulis
1631 2533 1728 2553 eorum

946 2571 1164 2598 Paulicianorum
1176 2578 1275 2598 nomen
1287 2571 1403 2599 barbare
1412 2573 1593 2606 compositum
1607 2573 1656 2607 ιι
1676 2573 1728 2599 im-

946 2617 1108 2652 ponebatur,
1132 2616 1278 2643 Pauliciam
1301 2619 1373 2645 enim
1395 2623 1443 2652 pro
1459 2618 1650 2645 Paulo-Joanni
1671 2618 1729 2646 dic-

946 2665 965 2690 ti
978 2667 1049 2689 sunl.
1073 2661 1173 2690 Eorum
1193 2667 1281 2690 autent
1304 2663 1428 2690 haeresim
1445 2663 1556 2690 Photius
1577 2664 1728 2697 patriarcha

945 2708 1262 2742 Constantinopolitanus
1278 2708 1349 2743 j-tsta
1363 2708 1485 2736 oratione
1506 2709 1673 2744 perstringit.

983 2798 1065 2825 νυνι-ο
1088 2804 1208 2825 canones
1229 2797 1324 2825 ambos
1346 2798 1562 2832 subsequentes.
1599 2797 1728 2826 nimirum
