1951 3065
91 175 165 211 1045

161 232 264 266 ὀπως
276 233 324 260 δεῖ
339 233 480 269 δέχεσθαι
494 226 566 268 ἑοὺς
580 235 639 262 ἀπὸ
656 233 804 262 Ναόἁτου.

132 278 163 305 ὀ
176 278 204 305 δὲ
217 278 244 314 η’
255 279 304 314 τῆς
320 279 432 315 πρώτης
456 280 566 308 συνόδου
581 279 682 313 κανὼν,
700 279 747 311 οὓς
760 279 877 314 φθάσαν·

84 331 133 354 τες
148 323 264 358 εἴπομεν
286 325 431 360 Καθαροὺς
446 325 505 361 ἤτοι
528 325 726 357 Ναϐατιανοὺς,
744 327 777 360 τῇ
797 325 876 352 καθο-

84 369 150 404 λικῇ
164 370 326 405 προσιόντας
338 371 499 407 Ἐκκλησία,
516 372 665 407 ἐγγράφως
687 371 795 398 κελεύει
811 371 876 406 ὁμο-

84 415 187 450 λογεῖν,
214 416 252 448 ὡς
276 416 406 452 ἀσφαλῶς
432 417 466 444 τὰ
480 418 604 452 δόγματα
619 418 709 445 πάντα
724 418 875 452 τηρήσουσι

84 459 200 494 ταύτης,
212 462 274 492 τοὺς
286 462 331 488 τὸν
346 461 464 498 Χριστόν
479 471 508 489 τε
523 463 729 499 ἀρνησαμένους
743 463 872 498 ἐπιστρέ-

85 515 187 542 φοντας
198 507 331 540 δέξονται,
348 509 475 536 καὶκατὰ
487 510 551 540 τοὺς
566 510 734 545 ὡρισμένους
744 510 777 544 τῇ
793 517 875 544 μετα-

85 553 147 588 νοίᾳ
163 553 217 580 τῶν
232 555 493 590 παραπεπτωκότων
520 556 643 591 καιροὺς,
672 556 793 586 ἐκείνους
806 555 877 582 οίκο-

85 600 247 634 νομήσουσι,
263 601 319 631 τοῖς
344 609 374 626 τε
393 600 521 635 διγάμοις
546 601 751 637 κοινωνήσουσι.
778 601 833 628 Καὶ
851 601 876 627 εί

86 645 194 676 τούτοις
219 645 440 679 συγκατάθοιντο,
463 647 528 678 τοὺς
539 646 657 678 οἰκείους
681 644 758 677 αὖθις
776 646 875 681 ἐκκλη-

89 691 247 722 σιαστικοὺς
261 691 465 725 ἀπολαμϐάνειν
477 691 607 726 βαθμοὺς,
621 692 667 723 οὒς
684 692 779 727 πρώην
792 699 877 718 κατα-

88 735 240 769 λελοίπασι,
262 737 441 772 πρεσϐύτεροι
460 737 548 773 δήπου
565 737 744 774 τυγχάνοντες
756 737 772 771 ἢ
784 737 876 764 διάκο-

89 789 130 806 νοι
139 788 146 795 ·
160 781 184 807 εἰ
198 781 228 808 δὲ
242 782 289 808 καὶ
303 782 458 814 ἐπίσκοποι,
473 784 521 810 καὶ
532 783 637 814 τούτοις
647 784 705 814 ταῖς
721 783 799 814 ἰδίαις
811 783 875 809 ἑπι-

92 828 209 858 σκοπαῖς
223 828 470 860 ἀποκαθίστασθαι,
488 829 568 864 εῐπερ
595 829 633 864 μὴ
657 829 759 860 ταύτας
791 828 819 854 ὲν
836 827 875 862 τῷ

92 871 193 904 μεταξὺ
214 873 410 906 μετειλήφασιν
422 874 521 906 ἕτεροι.

175 920 275 951 Ὅπως
288 920 345 953 χρὴ
360 920 501 953 δέχεσθαι
513 919 585 952 τοὺς
602 919 794 952 Δονατιστάς.

131 964 162 990 ’0
174 965 202 991 δὲ
217 963 255 996 νζ¹
268 967 313 991 καὶ
327 966 340 991 ὁ
355 966 395 998 ξη’
410 966 460 1000 τῆς
476 967 505 992 ἐν
518 966 693 1001 Καροαγένῃ,
709 965 773 997 τοὺς
783 967 814 992 ἐκ
828 965 878 1000 τῆς

91 1011 225 1046 αἱρέσεως
242 1012 296 1037 τῶν
314 1012 482 1039 Δονατιστῶν
493 1013 526 1047 τῇ
544 1011 675 1047 ὀρθοδόξῳ
689 1012 778 1038 πίστει
795 1020 879 1046 προσ-

92 1057 268 1092 ερχομένους,
287 1059 367 1092 μήτε,
383 1058 407 1084 εί
420 1058 466 1084 τοῦ
482 1058 547 1084 λαοῦ
563 1056 628 1090 εἷεν,
645 1057 879 1089 ἀναὸαπτίζεσοαι

92 1102 292 1135 διατάττονται,
319 1104 366 1130 καὶ
389 1105 450 1136 τοὺς
479 1104 628 1139 κληρικοὺς
641 1103 712 1139 ἔχειν
725 1103 802 1134 αὖθις
818 1104 880 1134 τοὺς

95 1148 249 1183 ἱερατικοὺς
265 1148 396 1183 βαθμοὺς,
424 1149 537 1185 προνοίᾳ
551 1149 597 1176 τοῦ
619 1149 745 1181 πλεῖονας
760 1148 832 1176 οὓτω
847 1149 881 1184 τῇ

94 1191 227 1228 καθολικῇ
241 1193 383 1228 προσιέναι
398 1194 499 1220 πίστει.

378 1239 449 1273 Περὶ
464 1240 608 1267 Δονάτου.

129 1282 239 1310 τούτων
252 1284 433 1320 αἰρεσιάρχης
446 1284 480 1322 ἦν
493 1286 607 1318 Δονάτος
629 1295 671 1318 τις
686 1287 784 1322 ὄνομα,
796 1286 825 1318 ὃς
844 1286 881 1321 μὴ

94 1328 184 1360 ἄλλως
199 1329 252 1355 τῶν
279 1329 360 1357 θείων
389 1331 607 1367 μεταλαμϐάνειν
635 1332 760 1359 ἐδίδασκε
779 1341 881 1367 μυστη-

97 1374 173 1409 ρίων,
187 1375 212 1402 εί
228 1375 265 1411 μή
284 1384 336 1409 τις,
362 1376 459 1403 ὀστοῦν
476 1377 646 1412 ἀνθρώπινον
673 1379 794 1414 κατέχων
805 1379 834 1404 ὲν
848 1379 881 1413 τῇ

97 1421 182 1456 χειρὶ,
197 1420 278 1448 τοῦτο
289 1422 397 1457 πρῶτον
410 1423 569 1456 ἀσπάζοιτο,
588 1424 632 1450 καὶ
652 1423 723 1451 οὕτω
741 1425 883 1459 μεταλαμ-

97 1466 197 1494 ὓάνειν.

357 1516 427 1550 Περὶ
450 1516 633 1551 Ἀγγελιτῶν.

137 1564 167 1593 '0
182 1565 210 1592 δὲ
229 1565 279 1599 τῆς
303 1565 332 1591 ὲν
359 1564 505 1599 Λαοδικείᾳ
531 1563 578 1597 λε’,
613 1564 642 1591 '0
666 1565 716 1600 τὴν
740 1564 788 1590 τοῦ
803 1563 882 1595 Θεοῦ,
897 1575 919 1605 c

98 1612 176 1646 φησὶ,
189 1611 403 1646 καταλιμπάνων
414 1611 591 1646 Ἐκκλησίαν,
615 1612 662 1638 καὶ
674 1611 806 1645 ἀγγέλους
820 1611 883 1637 ἐπο-

98 1657 225 1691 νομάζων
249 1657 297 1683 καὶ
314 1656 541 1690 ἐπικαλούμενος,
575 1655 700 1688 συνάξεις
724 1665 753 1682 τε
778 1656 884 1687 τούτοις

97 1702 240 1734 ἐπιτελῶν,
255 1703 301 1729 καὶ
314 1704 347 1737 τῇ
361 1702 539 1737 κεκρυμμένῃ
547 1701 634 1737 ταύτῃ
656 1702 793 1737 σχολάζων
809 1702 885 1728 είδωι

98 1749 253 1784 λολατρείᾳ,
264 1748 334 1774 ἐστω
345 1748 479 1782 ἀνάθεμα,
493 1748 542 1784 οὐχ
555 1748 592 1779 ὼς
608 1749 657 1783 τῆς
672 1749 740 1783 πρὸς
752 1748 884 1782 ἀγγέλους

97 1795 184 1830 τιμῆς
213 1794 435 1829 είδωλολατρείας
460 1793 556 1829 οὒσης,
583 1793 651 1821 ἀλλὰ
678 1795 760 1830 τέχνη
788 1803 830 1826 τις
851 1792 885 1828 ἦν

98 1840 178 1868 τοῦτο
201 1839 352 1876 τηνικαῦτα
364 1839 411 1866 τοῦ
428 1839 560 1875 πονηροῦ,
578 1839 706 1874 ἀγγέλοις
721 1840 811 1875 μόνοις
826 1843 886 1868 πεί-

93 1884 192 1916 ’θοντος
220 1885 409 1920 προσανέχειν,
433 1885 481 1912 καὶ
509 1886 546 1920 μὴ
559 1885 605 1911 τὸν
618 1885 735 1920 Χριστὸν
747 1886 886 1912 ἐπικαλεῖ-

100 1931 172 1962 σθαι,
193 1930 238 1956 ἵνα
251 1930 314 1961 τοὺς
330 1929 510 1964 πειθομένους
531 1929 602 1956 κατὰ
613 1930 711 1965 μικρδν
737 1931 776 1962 είς
791 1931 822 1957 τὸ
837 1931 887 1965 τῆς

99 1975 321 2009 εἰδωλολατρείας
347 1974 436 2001 λαοὼν
463 1974 596 2011 ὲκκυλίσῃ
626 1974 781 2010 βάραθρον·
815 1976 888 2010 φιλεί

99 2019 164 2053 γὰρ,
178 2017 215 2049 ὡς
229 2017 342 2050 ἐπίπαν,
359 2019 391 2045 ἐκ
404 2018 457 2044 τῶν
466 2018 559 2051 δεξιῶν
568 2019 749 2046 ὑποκλέπτειν
765 2021 778 2046 ὁ
788 2020 885 2052 δόλιος.

100 2066 240 2100 Ἕφασκον
251 2066 304 2101 γὰρ
317 2066 341 2092 οί
357 2065 456 2101 μύσται
467 2066 512 2092 τοῦ
524 2066 637 2099 πλάνου,
649 2067 686 2103 μὴ
693 2068 748 2094 δεῖν
761 2067 808 2094 τὸν
818 2068 886 2104 Χρι-

99 2112 173 2144 στὸν,
189 2111 251 2143 τοὺς
265 2111 294 2138 δὲ
321 2112 454 2146 ἀγγέλους
469 2113 508 2143 είς
533 2112 660 2147 βοήθειαν
685 2113 885 2147 ἐπικαλεῖσθαι,

99 2157 148 2184 καὶ
162 2157 203 2188 είς
219 2156 269 2192 τὴν
292 2158 478 2192 προσαγωγὴν
496 2158 547 2193 τὴν
561 2158 630 2193 πρὸς
640 2159 686 2186 τὸν
710 2159 819 2194 Πατέρα
830 2167 838 2175 ⁸
856 2160 887 2186 τὸ

98 2203 154 2238 γὰρ
170 2202 358 2230 ἐπικαλεῖσθαι
374 2203 421 2230 τὸν
442 2204 559 2239 Χριστὸν
578 2205 607 2230 ὲν
620 2205 736 2238 τούτοις,
762 2206 853 2241 μεῖζον
869 2206 885 2242 ἢ

99 2249 162 2276 καθ’
176 2249 260 2284 ἡμᾶς.
279 2249 388 2285 Ταύτης
405 2249 454 2285 τῆς
470 2250 602 2285 αίρέσεως
621 2251 737 2286 (παλαιὰ
755 2252 808 2286 γὰρ
826 2250 884 2288 .ἦν)

99 2294 148 2322 καὶ
163 2296 177 2321 ὁ
201 2294 272 2326 θεῖος
293 2295 453 2326 ’Δπύστολος
472 2296 502 2322 ὲν
516 2297 548 2331 τῇ
563 2296 631 2331 πρὸς
647 2297 814 2328 Κολασσαείς
829 2297 888 2323 ἐπι-

100 2340 181 2376 στολῇ
196 2341 345 2376 μέμνηται,
361 2340 466 2374 λέγων’
481 2341 583 2375 Μηδεὶς
595 2343 668 2376 ἡμᾶς
685 2342 888 2377 καταϐραϐευέ-

99 2393 139 2411 τω
154 2386 183 2412 tv
198 2386 433 2421 ταπεινοςρροσύνῃ
448 2386 493 2412 καὶ
519 2385 650 2421 ορησκεὶξι
673 2387 727 2413 τῶν
750 2387 885 2420 ἀγγέλων,

99 2430 117 2458 ἃ
131 2432 169 2466 μὴ
180 2430 472 2466 ἑώρακενὲμϐατεύων
483 2439 490 2446 ·
506 2431 565 2467 ἤτοι
581 2433 674 2467 μηδεὶς
688 2433 751 2467 ὑμῖν
767 2434 887 2468 ἐπηρεα-

99 2477 182 2510 ζὲτω,
196 2477 308 2504 νικῶσιν
325 2478 353 2503 ὲν
365 2479 397 2513 τῇ
414 2478 556 2513 ἀμωμήτῳ
573 2479 662 2504 πίστει
688 2480 735 2505 καὶ
751 2480 885 2515 πολιτείᾳ,

101 2523 170 2558 μηδὲ
186 2523 232 2549 τοῦ
246 2523 375 2558 βραϐείου
393 2523 589 2558 άποστερείτω,
607 2525 652 2550 ἐπὶ
674 2524 754 2557 ξένας
770 2526 887 2560 παραδὸ·

100 2579 157 2602 σεις
173 2570 334 2604 μεταφέρων
348 2571 431 2605 ὑμᾶς,
445 2571 477 2596 ὲκ
488 2572 536 2605 τῆς
552 2570 636 2605 ὀρθῆς
655 2571 754 2606 δηλαδὴ
771 2571 886 2602 πίστεως

99 2617 140 2648 ei;
159 2618 208 2652 τὴν
220 2617 274 2643 τῶν
296 2616 419 2650 ἀγγέλων
437 2617 586 2652 θρησκείαν
600 2617 644 2644 διὰ
672 2619 887 2653 ταπεινοφροσύ-

99 2672 159 2699 νης,
182 2663 219 2693 ὡς
241 2663 309 2698 ὑπὲρ
324 2664 399 2698 ἡμᾶς
413 2663 489 2694 δντος
502 2664 548 2690 τοῦ
566 2663 754 2690 ἐπικαλεῖσθαι
770 2665 815 2691 τὸν
829 2665 886 2692 Κύο

101 2718 169 2744 ριον,
197 2709 244 2735 καὶ
272 2710 347 2745 αὐτῷ
365 2710 517 2745 κεχρῆσθαι
538 2711 606 2745 πρὸς
622 2711 666 2736 τὸν
680 2711 762 2737 αὑτοῦ
778 2711 887 2745 Πατέρα

99 2756 268 2789 προσαγωγῇ
282 2762 288 2769 ’
309 2754 526 2789 καταϐραὸεύειν
542 2755 564 2781 δ’
578 2755 636 2781 ἔστι
661 2755 692 2782 τὸ
710 2755 747 2790 μὴ
759 2755 798 2790 τῷ
809 2756 887 2789 νικὴ-

101 2808 180 2826 σαντι
195 2799 225 2825 τὸ
239 2801 375 2835 βρασεῖον,
386 2800 443 2827 ἀλλ’
466 2801 552 2836 ἑτέρῳ
570 2801 683 2833 διδόναι,
706 2801 886 2835 ἀδικουμένου

99 2844 149 2870 τοῦ
166 2844 309 2879 ἀριστέως.
329 2845 374 2877 Ὠς
390 2845 418 2872 δὲ
437 2845 451 2872 ὁ
465 2845 544 2880 ἅγιος
566 2845 726 2879 Ἐπιφὰνιος
742 2846 844 2880 ἱστορεῖ
858 2846 886 2872 ἐν

100 2889 140 2925 τῷ
156 2889 250 2926 βιϐλίῳ
261 2890 314 2919 τῶν
330 2891 484 2928 ΙΙαναρίων,
505 2891 612 2927 αἵρεσιν
626 2889 696 2919 εἶναι
719 2891 816 2926 ἑτέραν
831 2890 886 2919 τῶν

557 176 763 209 SYNTAGMA
787 170 1099 223 ALPHaBETICUM.
1121 170 1198 200 -Α,

891 232 911 260 Δ

894 907 916 936 Β

1645 165 1712 197 1046

1015 227 1150 260 Quomodo
1167 226 1331 253 Nooatianos
1344 224 1483 252 admittere
1495 227 1622 258 oporteat.

968 274 1064 301 Prinne
1085 272 1178 308 synodi
1190 279 1276 299 canon
1292 271 1308 298 8
1321 271 1453 298 Catharos
1465 270 1522 296 sive
1536 268 1713 298 Nuvatiauos.

931 321 965 349 de
976 320 1076 355 quibus
1086 318 1211 353 superius
1225 312 1326 344 dictum
1342 321 1394 347 est,
1411 315 1443 342 ad
1460 315 1607 342 Ecclesium
1620 314 1713 341 catho-

931 367 1010 394 licam
1027 365 1195 397 accedentes,
1218 364 1244 390 in
1270 362 1379 397 scriptis
1399 360 1518 395 proﬁteri
1542 361 1626 394 jubet,
1643 358 1715 393 quod

930 411 1022 440 omnia
1050 410 1171 445 ejusdem
1197 408 1306 436 decreta
1336 415 1384 441 pro
1413 411 1488 434 certo
1519 405 1715 434 observabant.

931 464 1030 492 eosque
1053 456 1100 491 qui
1115 455 1255 482 Christum
1273 457 1420 488 negarunt,
1443 457 1471 478 et
1489 449 1615 479 conversi
1642 453 1713 480 sunt,

931 502 1099 536 suscipient;
1120 501 1214 535 utique
1229 500 1299 535 quod
1318 499 1395 534 juxta
1412 503 1532 532 tempora
1550 495 1716 530 paenitentia;

931 549 1015 583 lapsis
1032 547 1174 580 praeﬁnita,
1189 553 1232 573 res
1248 553 1341 573 eorum
1358 544 1598 575 administrabunt,
1614 547 1640 569 et
1654 549 1715 568 cum

931 594 1044 628 digamis
1071 592 1324 620 communicahunt.
1340 590 1367 618 Si
1386 590 1477 624 itaque
1494 589 1537 615 his
1552 587 1715 616 assentiant.

930 639 1031 673 gradus
1048 646 1113 665 suos
1130 637 1330 664 ecclesiasticos
1349 643 1420 670 quos
1437 638 1516 661 antea
1535 633 1716 666 reliquerunt.

930 684 1030 711 iterum
1056 690 1194 710 resumere
1214 682 1300 716 jubet,
1322 681 1344 708 si
1367 680 1518 716 presbyteri
1544 678 1650 706 scilicet
1676 676 1717 702 \'('i

931 730 1037 757 diaconi
1056 729 1157 756 fuerint
1173 737 1181 756 :
1197 729 1239 755 sin
1263 732 1354 754 autem
1372 725 1503 762 episcopi,
1520 725 1601 751 etiam
1624 727 1650 748 et
1671 730 1719 748 cus

932 776 989 803 suis
999 774 1201 810 episcopatibus
1215 773 1401 801 restituendos
1409 778 1481 803 esse,
1494 770 1547 797 nisi
1557 769 1601 796 alii
1615 770 1718 795 iuletcn

930 821 1039 849 eosdem
1052 819 1253 854 occupaverint.

987 908 1039 945 14
1055 908 1189 941 Quomodo
1207 907 1360 934 Donatistae
1375 905 1515 932 admittere
1535 906 1666 938 oporteat.

969 955 1094 983 Canones
1119 959 1208 981 autem
1224 954 1257 981 57
1281 958 1308 980 et
1323 953 1357 980 68
1385 951 1478 988 synodi
1501 949 1629 983 Curthwg.
1653 956 1720 983 pra--

933 1003 1049 1037 cipiunt,
1065 1006 1094 1028 ut
1110 1000 1158 1035 qui
1173 1008 1205 1027 ex
1222 1005 1294 1027 secta
1312 999 1513 1026 Donatistarum
1531 995 1610 1023 ﬁdem
1626 993 1721 1021 ortho-

932 1049 1030 1076 doxam
1048 1047 1262 1081 amplectuntur,
1280 1046 1302 1073 si
1319 1045 1380 1072 laici
1393 1044 1460 1076 sint,
1479 1050 1532 1069 non
1551 1039 1721 1074 rebaptizen-

935 1095 998 1125 tur';
1016 1097 1084 1120 etut
1099 1092 1190 1119 clerici
1203 1099 1296 1119 sacros
1309 1091 1408 1125 gradus
1421 1089 1574 1119 obtineant,
1590 1086 1721 1113 nimirum

935 1144 963 1166 ut
979 1139 1030 1166 hac
1047 1138 1154 1165 ratione
1171 1137 1262 1172 plures
1281 1137 1314 1164 ad
1340 1137 1418 1163 ﬁdem
1431 1134 1592 1162 catholicam
1607 1131 1721 1160 accede-

937 1189 1006 1213 rent.

1245 1229 1282 1256 De
1301 1229 1415 1256 Donato.

970 1278 1072 1306 llorum
1093 1282 1196 1306 sectam
1220 1284 1335 1304 exorsus
1358 1280 1400 1303 est
1417 1275 1538 1310 quidam.
1560 1272 1603 1300 cui
1623 1278 1722 1299 nomen

933 1330 992 1352 erat
1007 1325 1137 1356 Donatus,
1155 1323 1200 1358 qui
1225 1331 1277 1350 non
1294 1323 1374 1350 aliter
1394 1321 1482 1349 sacris
1497 1318 1635 1355 mysteriis
1649 1326 1724 1345 con-

935 1369 1128 1398 munit-andnm
1157 1376 1217 1396 esse
1241 1369 1342 1400 docuit,
1372 1366 1424 1393 nisi
1449 1365 1510 1401 quis
1525 1372 1555 1391 os
1574 1364 1722 1391 humanmu

934 1425 1017 1443 manu
1037 1421 1144 1448 tenens,
1166 1415 1191 1442 id
1209 1415 1294 1448 ipsum
1313 1414 1390 1449 prius
1405 1411 1622 1443 exosudarctur,
1642 1413 1724 1444 atque

935 1463 986 1489 hoc
1002 1462 1081 1488 modo
1097 1466 1268 1488 sacramenta
1286 1459 1448 1494 perciperet.

1231 1505 1270 1532 De
1288 1505 1429 1540 Angelicis.
1649 1524 1653 1527 Α

970 1554 1064 1581 Canon
1086 1557 1175 1580 autent
1191 1553 1226 1580 55
1240 1552 1334 1588 synodi
1357 1551 1529 1581 Laodicente.
1545 1549 1610 1583 Qui,
1624 1550 1724 1583 inquit,

937 1600 1087 1627 Etulesiam
1107 1599 1154 1626 Dei
1173 1598 1316 1632 relinquit,
1332 1603 1358 1624 et
1376 1598 1487 1632 angelos
1497 1597 1623 1624 nominat
1646 1596 1723 1623 invu-

936 1649 1043 1678 catque,
1069 1647 1096 1671 et
1119 1644 1345 1678 congregationes
1366 1642 1399 1669 iis
1422 1642 1537 1677 peragit,
1561 1646 1589 1669 et
1612 1641 1725 1668 occultae

936 1690 1097 1717 idololatria:
1113 1694 1201 1721 vacat,
1217 1690 1252 1716 sit
1264 1688 1420 1716 anathema.
1435 1687 1493 1715 Non
1507 1688 1580 1722 quod
1593 1687 1683 1715 honor
1698 1688 1724 1713 in

936 1736 1047 1770 angelos
1062 1736 1098 1764 sit
1113 1736 1336 1767 idololatria,sed
1352 1735 1424 1770 quod
1440 1734 1504 1761 mali
1521 1733 1666 1761 artiﬁcium
1678 1733 1724 1764 sit,

937 1782 983 1817 qui
998 1782 1064 1810 solis
1078 1781 1182 1817 angelis
1201 1780 1349 1813 conﬁdere,
1362 1785 1390 1808 et
1407 1779 1546 1807 Christum
1569 1787 1624 1806 non
1646 1780 1725 1806 invo-

937 1836 1000 1856 care
1022 1827 1178 1862 persuadet.
1200 1832 1230 1853 ιιι
1253 1833 1299 1853 eos
1313 1826 1358 1860 qui
1375 1826 1399 1853 ei
1418 1830 1526 1861 parent,
1544 1825 1673 1860 paulatim
1692 1827 1725 1851 ad

903 1877 907 1879 “
938 1874 1098 1901 idololatria
1118 1873 1277 1901 barathrum
1301 1872 1371 1900 clam
1388 1872 1525 1900 devolvat.
1544 1871 1632 1899 Malus
1652 1873 1724 1899 enim

939 1920 1114 1955 ulplurimum
1138 1927 1189 1947 nos
1213 1926 1228 1946 a
1245 1920 1347 1946 dextris
1359 1919 1460 1946 adoriri
1483 1923 1569 1947 amat.
1595 1918 1727 1946 Dicebant

938 1967 1011 1994 enim
1044 1966 1126 2001 hujus
1152 1964 1254 1992 erroris
1279 1965 1416 1999 discipuli,
1442 1965 1515 1999 quod
1536 1972 1591 1992 non
1618 1969 1727 1999 oportet

939 2014 1092 2046 Christum,
1109 2014 1156 2040 sed
1171 2013 1282 2047 angelos
1299 2012 1332 2040 ad
1348 2011 1477 2039 auxilium
1500 2013 1639 2045 invocare,
1654 2017 1682 2039 et
1697 2017 1727 2038 ut

939 2060 1042 2086 aditum
1057 2059 1090 2086 ad
1103 2058 1213 2086 Patrem
1227 2058 1385 2085 habeamus.
1395 2057 1533 2085 Christum
1544 2058 1617 2085 enim
1630 2065 1726 2084 eorum

940 2111 1021 2131 causa
1036 2103 1215 2139 interpellare
1231 2102 1319 2136 majus
1332 2103 1461 2137 quiddam
1473 2107 1525 2135 est,
1538 2110 1620 2138 quam
1637 2107 1665 2130 ut
1676 2111 1726 2130 nus

940 2151 1098 2178 homunculi
1116 2150 1141 2178 id
1156 2154 1333 2177 attelttemus.
1350 2149 1438 2184 Hujus
1454 2149 1589 2177 haereseos
1603 2150 1725 2185 (antiqua

940 2197 1014 2224 enim
1030 2195 1100 2231 erat)
1113 2196 1223 2224 divinus
1247 2197 1329 2223 etiam
1349 2195 1496 2229 Apostolus
1513 2195 1540 2222 in
1556 2195 1676 2229 Episto'a
1692 2196 1725 2222 ad

905 2254 924 2281 ο
939 2243 1117 2270 Colossenses
1127 2242 1260 2274 meminit,
1271 2242 1364 2269 dicens
1378 2250 1385 2268 :
1401 2250 1410 2267 ι
1422 2240 1508 2268 Nemo
1517 2249 1565 2268 vos
1575 2242 1699 2271 seducat,
1714 2250 1723 2266 ι

940 2289 966 2314 in
986 2288 1140 2315 humilitate
1161 2292 1188 2314 et
1203 2288 1277 2314 cultu
1296 2287 1466 2321 angelorum,
1481 2288 1506 2314 in
1524 2295 1554 2315 ea
1584 2295 1644 2322 quae
1674 2296 1727 2314 ιιυιι

938 2334 1005 2360 vidit
1028 2334 1124 2368 pedem
1150 2333 1292 2365 inferens;
1306 2335 1364 2360 sive
1387 2340 1467 2360 nemo
1484 2334 1562 2361 vobis
1583 2334 1728 2360 insidietur

939 2381 964 2407 in
979 2380 1029 2406 ﬁxle
1046 2384 1072 2407 et
1094 2379 1299 2414 dispensatione
1316 2380 1453 2413 inculpata
1475 2381 1660 2410 vincentibus,
1678 2388 1727 2407 uec

939 2426 1051 2460 ιιι-ιιτιιιὶο
1068 2426 1168 2460 privet,
1189 2425 1216 2452 in
1236 2427 1395 2460 peregrinas
1407 2426 1566 2453 traditiones
1578 2433 1624 2452 vos
1638 2426 1725 2452 addu-

938 2481 1015 2505 cens,
1036 2481 1050 2499 a
1071 2481 1135 2500 vera
1164 2473 1270 2500 scilicet
1296 2473 1350 2500 ﬁde
1377 2473 1410 2499 ad
1435 2472 1540 2500 cultum
1567 2473 1724 2507 angelorum

939 2526 1049 2555 propter
1063 2519 1256 2552 humilitatem,
1278 2520 1354 2554 quasi
1370 2527 1451 2554 supra
1476 2525 1525 2547 nos
1543 2525 1614 2547 esset
1634 2520 1725 2546 Donn-

940 2574 1003 2592 num
1018 2567 1156 2597 invocare,
1171 2573 1259 2600 eoque
1271 2566 1340 2600 apud
1357 2565 1467 2593 Patrem
1483 2567 1659 2594 conciliatore
1675 2572 1724 2592 uti.

939 2611 985 2639 Est
995 2617 1084 2639 autum
1097 2611 1324 2646 χαταϐραὸεύειν,
1337 2612 1478 2647 praemium
1494 2619 1545 2639 non
1557 2612 1664 2643 victori,
1677 2612 1725 2638 sed

939 2658 974 2685 illi
997 2666 1045 2693 per
1066 2658 1196 2693 injuriam
1211 2664 1335 2693 ereptum
1353 2659 1432 2686 alteri
1449 2659 1576 2693 cuiquam
1603 2658 1723 2692 elargiri.

938 2705 1032 2732 Tradit
1047 2709 1139 2732 autem
1155 2704 1184 2731 S.
1201 2704 1371 2740 Epiphanius
1388 2704 1416 2732 in
1429 2705 1510 2735 libro,
1526 2705 1570 2738 Qui
1589 2703 1724 2731 Panariou

937 2753 1051 2783 dicitur.
1067 2753 1149 2779 aliam
1167 2761 1228 2780 esse
1246 2753 1439 2788 Angelicorutn
1464 2753 1565 2780 dictam
1594 2752 1723 2782 heresin.

937 2799 982 2833 qui
1001 2807 1029 2826 se
1043 2799 1079 2826 ita
1093 2801 1281 2832 nominabant,
1294 2800 1417 2834 velquod
1429 2806 1459 2826 se
1474 2799 1632 2834 angelorum
1647 2807 1723 2826 more

937 2845 1038 2877 vivere,
1059 2846 1099 2872 vel
1120 2845 1155 2874 ab
1178 2846 1280 2881 angelis
1301 2845 1327 2872 in
1344 2846 1426 2873 rebus
1449 2845 1549 2874 divinis
1574 2845 1723 2873 instructos

937 2891 1091 2920 crederent.
