  <div class='ocr_page' id='page_1' title='image "/cluster/home/n/w/nwhite01/storage/ocr_20150623/144/njp.32101010942892/571.png"; bbox 0 0 1951 3065; ppageno 0'>
   <div class='ocr_carea' id='block_1_1' title="bbox 179 136 250 169">
    <p class='ocr_par' dir='ltr' id='par_1_1' title="bbox 179 136 250 169">
     <span class='ocr_line' id='line_1_1' title="bbox 179 136 250 169; baseline -0.028 0"><span class='ocrx_word' id='word_1_1' title='bbox 179 136 250 169; x_wconf 73' lang='lat'><strong>1051</strong></span> 
     </span>
    </p>
   </div>
   <div class='ocr_carea' id='block_1_2' title="bbox 176 239 538 274">
    <p class='ocr_par' dir='ltr' id='par_1_2' title="bbox 176 239 538 274">
     <span class='ocr_line' id='line_1_2' title="bbox 176 239 538 274; baseline 0.003 -9"><span class='ocrx_word' id='word_1_2' title='bbox 176 247 255 266; x_wconf 88' lang='lat' dir='ltr'><strong>orare</strong></span> <span class='ocrx_word' id='word_1_3' title='bbox 271 239 382 266; x_wconf 90' lang='lat' dir='ltr'><strong>omnino</strong></span> <span class='ocrx_word' id='word_1_4' title='bbox 400 239 538 274; x_wconf 81' lang='lat' dir='ltr'><strong>prohibet.</strong></span> 
     </span>
    </p>
   </div>
   <div class='ocr_carea' id='block_1_3' title="bbox 215 284 969 320">
    <p class='ocr_par' dir='ltr' id='par_1_3' title="bbox 215 284 969 320">
     <span class='ocr_line' id='line_1_3' title="bbox 215 284 969 320; baseline 0 -10"><span class='ocrx_word' id='word_1_5' title='bbox 215 284 247 311; x_wconf 84' lang='lat' dir='ltr'><strong>Et</strong></span> <span class='ocrx_word' id='word_1_6' title='bbox 264 285 297 312; x_wconf 68' lang='lat'><strong>37</strong></span> <span class='ocrx_word' id='word_1_7' title='bbox 328 291 381 311; x_wconf 93' lang='lat' dir='ltr'><strong>non</strong></span> <span class='ocrx_word' id='word_1_8' title='bbox 400 285 534 320; x_wconf 83' lang='lat' dir='ltr'><strong>permittit</strong></span> <span class='ocrx_word' id='word_1_9' title='bbox 551 293 610 320; x_wconf 60' lang='lat' dir='ltr'><strong>qua}</strong></span> <span class='ocrx_word' id='word_1_10' title='bbox 627 293 641 312; x_wconf 83' lang='lat' dir='ltr'><strong>a</strong></span> <span class='ocrx_word' id='word_1_11' title='bbox 658 285 758 312; x_wconf 65' lang='lat' dir='ltr'><strong>Judwis</strong></span> <span class='ocrx_word' id='word_1_12' title='bbox 775 285 816 312; x_wconf 97' lang='lat' dir='ltr'><strong>vel</strong></span> <span class='ocrx_word' id='word_1_13' title='bbox 834 284 969 311; x_wconf 63' lang='lat' dir='ltr'><strong>haereticis</strong></span> 
     </span>
    </p>
   </div>
   <div class='ocr_carea' id='block_1_4' title="bbox 179 330 968 367">
    <p class='ocr_par' dir='ltr' id='par_1_4' title="bbox 179 330 968 367">
     <span class='ocr_line' id='line_1_4' title="bbox 179 330 968 367; baseline -0.003 -9"><span class='ocrx_word' id='word_1_14' title='bbox 179 331 326 358; x_wconf 83' lang='lat' dir='ltr'><strong>mittuntur</strong></span> <span class='ocrx_word' id='word_1_15' title='bbox 341 330 435 357; x_wconf 75' lang='lat' dir='ltr'><strong>festiva</strong></span> <span class='ocrx_word' id='word_1_16' title='bbox 453 331 594 367; x_wconf 79' lang='lat' dir='ltr'><strong>accipere,</strong></span> <span class='ocrx_word' id='word_1_17' title='bbox 611 336 658 359; x_wconf 88' lang='lat' dir='ltr'><strong>aut</strong></span> <span class='ocrx_word' id='word_1_18' title='bbox 675 340 726 358; x_wconf 88' lang='lat' dir='ltr'><strong>una</strong></span> <span class='ocrx_word' id='word_1_19' title='bbox 743 339 803 358; x_wconf 87' lang='lat' dir='ltr'><strong>cum</strong></span> <span class='ocrx_word' id='word_1_20' title='bbox 821 331 854 358; x_wconf 90' lang='lat' dir='ltr'><strong>iis</strong></span> <span class='ocrx_word' id='word_1_21' title='bbox 869 330 968 358; x_wconf 81' lang='lat' dir='ltr'><strong>festum</strong></span> 
     </span>
    </p>
   </div>
   <div class='ocr_carea' id='block_1_5' title="bbox 179 386 269 414">
    <p class='ocr_par' dir='ltr' id='par_1_5' title="bbox 179 386 269 414">
     <span class='ocr_line' id='line_1_5' title="bbox 179 386 269 414; baseline 0 -9"><span class='ocrx_word' id='word_1_22' title='bbox 179 386 269 414; x_wconf 84' lang='lat' dir='ltr'><strong>agere.</strong></span> 
     </span>
    </p>
   </div>
   <div class='ocr_carea' id='block_1_6' title="bbox 217 423 972 459">
    <p class='ocr_par' dir='ltr' id='par_1_6' title="bbox 217 423 972 459">
     <span class='ocr_line' id='line_1_6' title="bbox 217 423 972 459; baseline -0.004 -7"><span class='ocrx_word' id='word_1_23' title='bbox 217 425 310 453; x_wconf 83' lang='lat' dir='ltr'><strong>Nonus</strong></span> <span class='ocrx_word' id='word_1_24' title='bbox 327 430 416 452; x_wconf 82' lang='lat' dir='ltr'><strong>autem</strong></span> <span class='ocrx_word' id='word_1_25' title='bbox 435 429 463 451; x_wconf 89' lang='lat' dir='ltr'><strong>et</strong></span> <span class='ocrx_word' id='word_1_26' title='bbox 495 425 529 451; x_wconf 67' lang='grc'><strong>54</strong></span> <span class='ocrx_word' id='word_1_27' title='bbox 550 424 582 451; x_wconf 86' lang='lat' dir='ltr'><strong>iis</strong></span> <span class='ocrx_word' id='word_1_28' title='bbox 598 425 643 458; x_wconf 88' lang='lat' dir='ltr'><strong>qui</strong></span> <span class='ocrx_word' id='word_1_29' title='bbox 662 423 762 451; x_wconf 75' lang='lat' dir='ltr'><strong>Christi</strong></span> <span class='ocrx_word' id='word_1_30' title='bbox 782 428 913 459; x_wconf 74' lang='lat' dir='ltr'><strong>martyras</strong></span> <span class='ocrx_word' id='word_1_31' title='bbox 930 430 972 449; x_wconf 91' lang='lat' dir='ltr'><strong>re-</strong></span> 
     </span>
    </p>
   </div>
   <div class='ocr_carea' id='block_1_7' title="bbox 180 469 968 507">
    <p class='ocr_par' dir='ltr' id='par_1_7' title="bbox 180 469 968 507">
     <span class='ocr_line' id='line_1_7' title="bbox 180 469 968 507; baseline -0.004 -8"><span class='ocrx_word' id='word_1_32' title='bbox 180 473 319 507; x_wconf 83' lang='lat' dir='ltr'><strong>linquunt.</strong></span> <span class='ocrx_word' id='word_1_33' title='bbox 331 476 358 498; x_wconf 88' lang='lat' dir='ltr'><strong>et</strong></span> <span class='ocrx_word' id='word_1_34' title='bbox 369 471 402 498; x_wconf 90' lang='lat' dir='ltr'><strong>ad</strong></span> <span class='ocrx_word' id='word_1_35' title='bbox 415 471 498 498; x_wconf 83' lang='lat' dir='ltr'><strong>falsos</strong></span> <span class='ocrx_word' id='word_1_36' title='bbox 511 470 701 497; x_wconf 63' lang='lat' dir='ltr'><strong>haereticorum</strong></span> <span class='ocrx_word' id='word_1_37' title='bbox 714 474 847 504; x_wconf 77' lang='lat' dir='ltr'><strong>martyras</strong></span> <span class='ocrx_word' id='word_1_38' title='bbox 858 469 968 500; x_wconf 83' lang='lat' dir='ltr'><strong>abeunt,</strong></span> 
     </span>
    </p>
   </div>
   <div class='ocr_carea' id='block_1_8' title="bbox 180 514 970 550">
    <p class='ocr_par' dir='ltr' id='par_1_8' title="bbox 180 514 970 550">
     <span class='ocr_line' id='line_1_8' title="bbox 180 514 970 550; baseline -0.005 -7"><span class='ocrx_word' id='word_1_39' title='bbox 180 522 208 544; x_wconf 91' lang='lat' dir='ltr'><strong>et</strong></span> <span class='ocrx_word' id='word_1_40' title='bbox 225 517 252 543; x_wconf 91' lang='lat' dir='ltr'><strong>in</strong></span> <span class='ocrx_word' id='word_1_41' title='bbox 270 525 300 543; x_wconf 82' lang='lat' dir='ltr'><strong>ea</strong></span> <span class='ocrx_word' id='word_1_42' title='bbox 318 524 377 550; x_wconf 71' lang='lat' dir='ltr'><strong>qua!</strong></span> <span class='ocrx_word' id='word_1_43' title='bbox 395 515 522 542; x_wconf 87' lang='lat' dir='ltr'><strong>dicuntur</strong></span> <span class='ocrx_word' id='word_1_44' title='bbox 539 515 665 550; x_wconf 85' lang='lat' dir='ltr'><strong>martyria</strong></span> <span class='ocrx_word' id='word_1_45' title='bbox 685 515 723 541; x_wconf 66' lang='lat' dir='ltr'><strong>vel</strong></span> <span class='ocrx_word' id='word_1_46' title='bbox 741 514 907 545; x_wconf 66' lang='lat' dir='ltr'><strong>cmmeteria,</strong></span> <span class='ocrx_word' id='word_1_47' title='bbox 926 521 970 540; x_wconf 84' lang='lat' dir='ltr'><strong>se-</strong></span> 
     </span>
    </p>
   </div>
   <div class='ocr_carea' id='block_1_9' title="bbox 181 561 971 598">
    <p class='ocr_par' dir='ltr' id='par_1_9' title="bbox 181 561 971 598">
     <span class='ocr_line' id='line_1_9' title="bbox 181 561 971 598; baseline -0.004 -8"><span class='ocrx_word' id='word_1_48' title='bbox 181 564 314 598; x_wconf 85' lang='lat' dir='ltr'><strong>mctipsos</strong></span> <span class='ocrx_word' id='word_1_49' title='bbox 327 571 342 590; x_wconf 86' lang='lat' dir='ltr'><strong>a</strong></span> <span class='ocrx_word' id='word_1_50' title='bbox 356 562 411 589; x_wconf 86' lang='lat' dir='ltr'><strong>Deo</strong></span> <span class='ocrx_word' id='word_1_51' title='bbox 425 562 501 597; x_wconf 86' lang='lat' dir='ltr'><strong>quasi</strong></span> <span class='ocrx_word' id='word_1_52' title='bbox 516 563 683 593; x_wconf 80' lang='lat' dir='ltr'><strong>alienantes.</strong></span> <span class='ocrx_word' id='word_1_53' title='bbox 697 562 765 589; x_wconf 88' lang='lat' dir='ltr'><strong>alter</strong></span> <span class='ocrx_word' id='word_1_54' title='bbox 778 561 971 588; x_wconf 87' lang='lat' dir='ltr'><strong>communione</strong></span> 
     </span>
    </p>
   </div>
   <div class='ocr_carea' id='block_1_10' title="bbox 182 608 971 644">
    <p class='ocr_par' dir='ltr' id='par_1_10' title="bbox 182 608 971 644">
     <span class='ocr_line' id='line_1_10' title="bbox 182 608 971 644; baseline -0.005 -8"><span class='ocrx_word' id='word_1_55' title='bbox 182 609 376 644; x_wconf 88' lang='lat' dir='ltr'><strong>aliquatttisper</strong></span> <span class='ocrx_word' id='word_1_56' title='bbox 391 610 525 636; x_wconf 86' lang='lat' dir='ltr'><strong>inlerdicil</strong></span> <span class='ocrx_word' id='word_1_57' title='bbox 537 629 545 640; x_wconf 93' lang='lat'><strong>,</strong></span> <span class='ocrx_word' id='word_1_58' title='bbox 561 609 628 635; x_wconf 93' lang='lat' dir='ltr'><strong>aller</strong></span> <span class='ocrx_word' id='word_1_59' title='bbox 641 613 729 635; x_wconf 82' lang='lat' dir='ltr'><strong>autem</strong></span> <span class='ocrx_word' id='word_1_60' title='bbox 746 615 793 635; x_wconf 88' lang='lat' dir='ltr'><strong>eos</strong></span> <span class='ocrx_word' id='word_1_61' title='bbox 810 608 971 634; x_wconf 67' lang='lat' dir='ltr'><strong>anathema-</strong></span> 
     </span>
    </p>
   </div>
   <div class='ocr_carea' id='block_1_11' title="bbox 182 654 971 690">
    <p class='ocr_par' dir='ltr' id='par_1_11' title="bbox 182 654 971 690">
     <span class='ocr_line' id='line_1_11' title="bbox 182 654 971 690; baseline -0.005 -8"><span class='ocrx_word' id='word_1_62' title='bbox 182 659 262 686; x_wconf 73' lang='lat' dir='ltr'><strong>tizat;</strong></span> <span class='ocrx_word' id='word_1_63' title='bbox 276 655 413 690; x_wconf 86' lang='lat' dir='ltr'><strong>probabile</strong></span> <span class='ocrx_word' id='word_1_64' title='bbox 426 655 498 681; x_wconf 92' lang='lat' dir='ltr'><strong>enint</strong></span> <span class='ocrx_word' id='word_1_65' title='bbox 511 659 552 681; x_wconf 83' lang='lat' dir='ltr'><strong>est</strong></span> <span class='ocrx_word' id='word_1_66' title='bbox 565 655 693 688; x_wconf 81' lang='lat' dir='ltr'><strong>quosdam</strong></span> <span class='ocrx_word' id='word_1_67' title='bbox 710 655 851 680; x_wconf 72' lang='lat' dir='ltr'><strong>haereticos</strong></span> <span class='ocrx_word' id='word_1_68' title='bbox 865 654 892 679; x_wconf 92' lang='lat' dir='ltr'><strong>in</strong></span> <span class='ocrx_word' id='word_1_69' title='bbox 905 659 971 679; x_wconf 86' lang='lat' dir='ltr'><strong>tem-</strong></span> 
     </span>
    </p>
   </div>
   <div class='ocr_carea' id='block_1_12' title="bbox 181 700 971 736">
    <p class='ocr_par' dir='ltr' id='par_1_12' title="bbox 181 700 971 736">
     <span class='ocr_line' id='line_1_12' title="bbox 181 700 971 736; baseline -0.004 -8"><span class='ocrx_word' id='word_1_70' title='bbox 181 702 294 736; x_wconf 59' lang='lat' dir='ltr'><strong>poribus</strong></span> <span class='ocrx_word' id='word_1_71' title='bbox 314 701 516 736; x_wconf 73' lang='lat' dir='ltr'><strong>persecutionis</strong></span> <span class='ocrx_word' id='word_1_72' title='bbox 531 701 564 727; x_wconf 87' lang='lat' dir='ltr'><strong>ad</strong></span> <span class='ocrx_word' id='word_1_73' title='bbox 584 705 698 727; x_wconf 75' lang='lat' dir='ltr'><strong>mortem</strong></span> <span class='ocrx_word' id='word_1_74' title='bbox 720 707 804 734; x_wconf 85' lang='lat' dir='ltr'><strong>usque</strong></span> <span class='ocrx_word' id='word_1_75' title='bbox 825 700 971 726; x_wconf 74' lang='lat' dir='ltr'><strong>reluctatus</strong></span> 
     </span>
    </p>
   </div>
   <div class='ocr_carea' id='block_1_13' title="bbox 183 745 970 782">
    <p class='ocr_par' dir='ltr' id='par_1_13' title="bbox 183 745 970 782">
     <span class='ocr_line' id='line_1_13' title="bbox 183 745 970 782; baseline -0.003 -8"><span class='ocrx_word' id='word_1_76' title='bbox 183 748 276 780; x_wconf 82' lang='lat' dir='ltr'><strong>fuisse,</strong></span> <span class='ocrx_word' id='word_1_77' title='bbox 287 756 354 782; x_wconf 87' lang='lat' dir='ltr'><strong>quos</strong></span> <span class='ocrx_word' id='word_1_78' title='bbox 366 749 446 782; x_wconf 82' lang='lat' dir='ltr'><strong>igitur</strong></span> <span class='ocrx_word' id='word_1_79' title='bbox 455 752 586 782; x_wconf 84' lang='lat' dir='ltr'><strong>martyras</strong></span> <span class='ocrx_word' id='word_1_80' title='bbox 596 750 728 773; x_wconf 85' lang='lat' dir='ltr'><strong>vocarunt</strong></span> <span class='ocrx_word' id='word_1_81' title='bbox 739 747 784 780; x_wconf 84' lang='lat' dir='ltr'><strong>qui</strong></span> <span class='ocrx_word' id='word_1_82' title='bbox 796 754 857 773; x_wconf 92' lang='lat' dir='ltr'><strong>cum</strong></span> <span class='ocrx_word' id='word_1_83' title='bbox 869 745 970 772; x_wconf 79' lang='lat' dir='ltr'><strong>eisdem</strong></span> 
     </span>
    </p>
   </div>
   <div class='ocr_carea' id='block_1_14' title="bbox 183 793 970 828">
    <p class='ocr_par' dir='ltr' id='par_1_14' title="bbox 183 793 970 828">
     <span class='ocr_line' id='line_1_14' title="bbox 183 793 970 828; baseline -0.006 -6"><span class='ocrx_word' id='word_1_84' title='bbox 183 795 348 825; x_wconf 78' lang='lat' dir='ltr'><strong>sentiebant.</strong></span> <span class='ocrx_word' id='word_1_85' title='bbox 365 799 393 821; x_wconf 90' lang='lat' dir='ltr'><strong>et</strong></span> <span class='ocrx_word' id='word_1_86' title='bbox 409 794 504 821; x_wconf 85' lang='lat' dir='ltr'><strong>domos</strong></span> <span class='ocrx_word' id='word_1_87' title='bbox 522 793 549 820; x_wconf 90' lang='lat' dir='ltr'><strong>itt</strong></span> <span class='ocrx_word' id='word_1_88' title='bbox 567 793 665 828; x_wconf 86' lang='lat' dir='ltr'><strong>quibus</strong></span> <span class='ocrx_word' id='word_1_89' title='bbox 683 799 796 826; x_wconf 88' lang='lat' dir='ltr'><strong>corpora</strong></span> <span class='ocrx_word' id='word_1_90' title='bbox 813 799 907 818; x_wconf 89' lang='lat' dir='ltr'><strong>eorum</strong></span> <span class='ocrx_word' id='word_1_91' title='bbox 925 799 970 818; x_wconf 84' lang='lat' dir='ltr'><strong>sc-</strong></span> 
     </span>
    </p>
   </div>
   <div class='ocr_carea' id='block_1_15' title="bbox 182 839 522 876">
    <p class='ocr_par' dir='ltr' id='par_1_15' title="bbox 182 839 522 876">
     <span class='ocr_line' id='line_1_15' title="bbox 182 839 522 876; baseline 0 -10"><span class='ocrx_word' id='word_1_92' title='bbox 182 842 257 876; x_wconf 82' lang='lat' dir='ltr'><strong>pulta</strong></span> <span class='ocrx_word' id='word_1_93' title='bbox 273 845 362 871; x_wconf 86' lang='lat' dir='ltr'><strong>erant,</strong></span> <span class='ocrx_word' id='word_1_94' title='bbox 380 839 522 873; x_wconf 84' lang='lat' dir='ltr'><strong>martyria.</strong></span> 
     </span>
    </p>
   </div>
   <div class='ocr_carea' id='block_1_16' title="bbox 218 883 971 918">
    <p class='ocr_par' dir='ltr' id='par_1_16' title="bbox 218 883 971 918">
     <span class='ocr_line' id='line_1_16' title="bbox 218 883 971 918; baseline -0.005 -6"><span class='ocrx_word' id='word_1_95' title='bbox 218 887 309 913; x_wconf 80' lang='lat' dir='ltr'><strong>Cauon</strong></span> <span class='ocrx_word' id='word_1_96' title='bbox 331 890 427 918; x_wconf 71' lang='lat' dir='ltr'><strong>autem</strong></span> <span class='ocrx_word' id='word_1_97' title='bbox 447 885 463 912; x_wconf 87' lang='lat'><strong>9</strong></span> <span class='ocrx_word' id='word_1_98' title='bbox 481 884 617 912; x_wconf 85' lang='lat' dir='ltr'><strong>Timothei</strong></span> <span class='ocrx_word' id='word_1_99' title='bbox 636 883 813 911; x_wconf 79' lang='lat' dir='ltr'><strong>Alexandrini</strong></span> <span class='ocrx_word' id='word_1_100' title='bbox 837 883 924 917; x_wconf 80' lang='lat' dir='ltr'><strong>jubet,</strong></span> <span class='ocrx_word' id='word_1_101' title='bbox 943 888 971 908; x_wconf 91' lang='lat' dir='ltr'><strong>ut</strong></span> 
     </span>
    </p>
   </div>
   <div class='ocr_carea' id='block_1_17' title="bbox 184 929 970 965">
    <p class='ocr_par' dir='ltr' id='par_1_17' title="bbox 184 929 970 965">
     <span class='ocr_line' id='line_1_17' title="bbox 184 929 970 965; baseline -0.008 -5"><span class='ocrx_word' id='word_1_102' title='bbox 184 932 315 963; x_wconf 72' lang='lat' dir='ltr'><strong>h&#39;eretici,</strong></span> <span class='ocrx_word' id='word_1_103' title='bbox 327 932 391 958; x_wconf 91' lang='lat' dir='ltr'><strong>dum</strong></span> <span class='ocrx_word' id='word_1_104' title='bbox 403 931 495 959; x_wconf 86' lang='lat' dir='ltr'><strong>divina</strong></span> <span class='ocrx_word' id='word_1_105' title='bbox 509 931 537 958; x_wconf 83' lang='lat' dir='ltr'><strong>iit</strong></span> <span class='ocrx_word' id='word_1_106' title='bbox 550 931 660 961; x_wconf 82' lang='lat' dir='ltr'><strong>oblatio,</strong></span> <span class='ocrx_word' id='word_1_107' title='bbox 674 930 802 965; x_wconf 83' lang='lat' dir='ltr'><strong>precibus</strong></span> <span class='ocrx_word' id='word_1_108' title='bbox 815 936 869 956; x_wconf 90' lang='lat' dir='ltr'><strong>non</strong></span> <span class='ocrx_word' id='word_1_109' title='bbox 884 929 970 955; x_wconf 76' lang='lat' dir='ltr'><strong>intcr-</strong></span> 
     </span>
    </p>
   </div>
   <div class='ocr_carea' id='block_1_18' title="bbox 181 973 969 1012">
    <p class='ocr_par' dir='ltr' id='par_1_18' title="bbox 181 973 969 1012">
     <span class='ocr_line' id='line_1_18' title="bbox 181 973 969 1012; baseline -0.006 -8"><span class='ocrx_word' id='word_1_110' title='bbox 181 980 248 1010; x_wconf 82' lang='lat' dir='ltr'><strong>sint,</strong></span> <span class='ocrx_word' id='word_1_111' title='bbox 267 977 320 1004; x_wconf 82' lang='lat' dir='ltr'><strong>nisi</strong></span> <span class='ocrx_word' id='word_1_112' title='bbox 343 985 372 1004; x_wconf 90' lang='lat' dir='ltr'><strong>se</strong></span> <span class='ocrx_word' id='word_1_113' title='bbox 393 977 580 1012; x_wconf 75' lang='lat' dir='ltr'><strong>pcrnitcutiam</strong></span> <span class='ocrx_word' id='word_1_114' title='bbox 602 981 711 1003; x_wconf 82' lang='lat' dir='ltr'><strong>acturos</strong></span> <span class='ocrx_word' id='word_1_115' title='bbox 731 975 920 1010; x_wconf 87' lang='lat' dir='ltr'><strong>polliceantur.</strong></span> <span class='ocrx_word' id='word_1_116' title='bbox 942 973 969 1000; x_wconf 90' lang='lat' dir='ltr'><strong>Si</strong></span> 
     </span>
    </p>
   </div>
   <div class='ocr_carea' id='block_1_19' title="bbox 182 1020 970 1057">
    <p class='ocr_par' dir='ltr' id='par_1_19' title="bbox 182 1020 970 1057">
     <span class='ocr_line' id='line_1_19' title="bbox 182 1020 970 1057; baseline -0.006 -7"><span class='ocrx_word' id='word_1_117' title='bbox 182 1025 255 1050; x_wconf 81' lang='lat' dir='ltr'><strong>enim</strong></span> <span class='ocrx_word' id='word_1_118' title='bbox 274 1024 477 1051; x_wconf 88' lang='lat' dir='ltr'><strong>catechuntenis</strong></span> <span class='ocrx_word' id='word_1_119' title='bbox 495 1024 546 1050; x_wconf 93' lang='lat' dir='ltr'><strong>hoc</strong></span> <span class='ocrx_word' id='word_1_120' title='bbox 563 1031 616 1049; x_wconf 90' lang='lat' dir='ltr'><strong>non</strong></span> <span class='ocrx_word' id='word_1_121' title='bbox 635 1022 797 1057; x_wconf 84' lang='lat' dir='ltr'><strong>permissum</strong></span> <span class='ocrx_word' id='word_1_122' title='bbox 815 1021 868 1053; x_wconf 81' lang='lat' dir='ltr'><strong>sit,</strong></span> <span class='ocrx_word' id='word_1_123' title='bbox 886 1020 970 1046; x_wconf 85' lang='lat' dir='ltr'><strong>multo</strong></span> 
     </span>
    </p>
   </div>
   <div class='ocr_carea' id='block_1_20' title="bbox 183 1068 970 1104">
    <p class='ocr_par' dir='ltr' id='par_1_20' title="bbox 183 1068 970 1104">
     <span class='ocr_line' id='line_1_20' title="bbox 183 1068 970 1104; baseline -0.005 -8"><span class='ocrx_word' id='word_1_124' title='bbox 183 1071 275 1097; x_wconf 86' lang='lat' dir='ltr'><strong>minus</strong></span> <span class='ocrx_word' id='word_1_125' title='bbox 291 1070 436 1098; x_wconf 72' lang='lat' dir='ltr'><strong>ltzereticis.</strong></span> <span class='ocrx_word' id='word_1_126' title='bbox 449 1070 520 1102; x_wconf 85' lang='lat' dir='ltr'><strong>Quin</strong></span> <span class='ocrx_word' id='word_1_127' title='bbox 535 1074 560 1097; x_wconf 88' lang='lat' dir='ltr'><strong>et</strong></span> <span class='ocrx_word' id='word_1_128' title='bbox 576 1069 768 1104; x_wconf 81' lang='lat' dir='ltr'><strong>promittentes</strong></span> <span class='ocrx_word' id='word_1_129' title='bbox 783 1068 810 1094; x_wconf 91' lang='lat' dir='ltr'><strong>in</strong></span> <span class='ocrx_word' id='word_1_130' title='bbox 825 1068 885 1094; x_wconf 83' lang='lat' dir='ltr'><strong>loco</strong></span> <span class='ocrx_word' id='word_1_131' title='bbox 900 1073 970 1094; x_wconf 81' lang='lat' dir='ltr'><strong>cate-</strong></span> 
     </span>
    </p>
   </div>
   <div class='ocr_carea' id='block_1_21' title="bbox 182 1113 969 1149">
    <p class='ocr_par' dir='ltr' id='par_1_21' title="bbox 182 1113 969 1149">
     <span class='ocr_line' id='line_1_21' title="bbox 182 1113 969 1149; baseline -0.005 -6"><span class='ocrx_word' id='word_1_132' title='bbox 182 1116 327 1143; x_wconf 81' lang='lat' dir='ltr'><strong>chumenis</strong></span> <span class='ocrx_word' id='word_1_133' title='bbox 345 1116 481 1143; x_wconf 86' lang='lat' dir='ltr'><strong>destinato</strong></span> <span class='ocrx_word' id='word_1_134' title='bbox 500 1115 623 1147; x_wconf 86' lang='lat' dir='ltr'><strong>stabunt;</strong></span> <span class='ocrx_word' id='word_1_135' title='bbox 645 1115 717 1149; x_wconf 86' lang='lat' dir='ltr'><strong>quod</strong></span> <span class='ocrx_word' id='word_1_136' title='bbox 736 1115 758 1141; x_wconf 91' lang='lat' dir='ltr'><strong>si</strong></span> <span class='ocrx_word' id='word_1_137' title='bbox 780 1113 969 1149; x_wconf 73' lang='lat' dir='ltr'><strong>pmnitentiatn</strong></span> 
     </span>
    </p>
   </div>
   <div class='ocr_carea' id='block_1_22' title="bbox 184 1159 894 1198">
    <p class='ocr_par' dir='ltr' id='par_1_22' title="bbox 184 1159 894 1198">
     <span class='ocr_line' id='line_1_22' title="bbox 184 1159 894 1198; baseline -0.006 -9"><span class='ocrx_word' id='word_1_138' title='bbox 184 1170 265 1198; x_wconf 74' lang='lat' dir='ltr'><strong>agere</strong></span> <span class='ocrx_word' id='word_1_139' title='bbox 296 1162 402 1194; x_wconf 83' lang='lat' dir='ltr'><strong>nolunt,</strong></span> <span class='ocrx_word' id='word_1_140' title='bbox 434 1161 516 1188; x_wconf 82' lang='lat' dir='ltr'><strong>etiam</strong></span> <span class='ocrx_word' id='word_1_141' title='bbox 545 1161 579 1188; x_wconf 85' lang='lat' dir='ltr'><strong>ab</strong></span> <span class='ocrx_word' id='word_1_142' title='bbox 594 1168 626 1188; x_wconf 84' lang='lat' dir='ltr'><strong>eo</strong></span> <span class='ocrx_word' id='word_1_143' title='bbox 642 1160 700 1187; x_wconf 89' lang='lat' dir='ltr'><strong>loco</strong></span> <span class='ocrx_word' id='word_1_144' title='bbox 714 1159 894 1195; x_wconf 84' lang='lat' dir='ltr'><strong>expellentur.</strong></span> 
     </span>
    </p>
   </div>
   <div class='ocr_carea' id='block_1_23' title="bbox 185 1259 971 1295">
    <p class='ocr_par' dir='ltr' id='par_1_23' title="bbox 185 1259 971 1295">
     <span class='ocr_line' id='line_1_23' title="bbox 185 1259 971 1295; baseline -0.005 -7"><span class='ocrx_word' id='word_1_145' title='bbox 185 1261 262 1294; x_wconf 79' lang='lat' dir='ltr'><strong>Quod</strong></span> <span class='ocrx_word' id='word_1_146' title='bbox 281 1261 415 1287; x_wconf 76' lang='lat' dir='ltr'><strong>Itrernticor</strong></span> <span class='ocrx_word' id='word_1_147' title='bbox 438 1260 482 1295; x_wconf 89' lang='lat' dir='ltr'><strong>qui</strong></span> <span class='ocrx_word' id='word_1_148' title='bbox 504 1260 530 1285; x_wconf 86' lang='lat' dir='ltr'><strong>in</strong></span> <span class='ocrx_word' id='word_1_149' title='bbox 551 1267 658 1286; x_wconf 66' lang='lat' dir='ltr'><strong>excessu</strong></span> <span class='ocrx_word' id='word_1_150' title='bbox 681 1268 693 1286; x_wconf 91' lang='lat' dir='ltr'><strong>e</strong></span> <span class='ocrx_word' id='word_1_151' title='bbox 717 1259 769 1286; x_wconf 75' lang='lat' dir='ltr'><strong>vim</strong></span> <span class='ocrx_word' id='word_1_152' title='bbox 792 1259 971 1293; x_wconf 74' lang='lat' dir='ltr'><strong>pwnilentiam</strong></span> 
     </span>
    </p>
   </div>
   <div class='ocr_carea' id='block_1_24' title="bbox 379 1295 778 1330">
    <p class='ocr_par' dir='ltr' id='par_1_24' title="bbox 379 1295 778 1330">
     <span class='ocr_line' id='line_1_24' title="bbox 379 1295 778 1330; baseline 0 -9"><span class='ocrx_word' id='word_1_153' title='bbox 379 1301 479 1330; x_wconf 80' lang='lat' dir='ltr'><strong>agunt,</strong></span> <span class='ocrx_word' id='word_1_154' title='bbox 499 1295 629 1328; x_wconf 78' lang='lat' dir='ltr'><strong>suscipere</strong></span> <span class='ocrx_word' id='word_1_155' title='bbox 647 1299 778 1326; x_wconf 79' lang='lat' dir='ltr'><strong>oporteat.</strong></span> 
     </span>
    </p>
   </div>
   <div class='ocr_carea' id='block_1_25' title="bbox 220 1339 972 1376">
    <p class='ocr_par' dir='ltr' id='par_1_25' title="bbox 220 1339 972 1376">
     <span class='ocr_line' id='line_1_25' title="bbox 220 1339 972 1376; baseline -0.004 -8"><span class='ocrx_word' id='word_1_156' title='bbox 220 1342 332 1376; x_wconf 79' lang='lat' dir='ltr'><strong>Magnus</strong></span> <span class='ocrx_word' id='word_1_157' title='bbox 347 1346 436 1368; x_wconf 85' lang='lat' dir='ltr'><strong>autem</strong></span> <span class='ocrx_word' id='word_1_158' title='bbox 454 1340 585 1371; x_wconf 79' lang='lat' dir='ltr'><strong>Basilius.</strong></span> <span class='ocrx_word' id='word_1_159' title='bbox 600 1341 627 1367; x_wconf 93' lang='lat' dir='ltr'><strong>in</strong></span> <span class='ocrx_word' id='word_1_160' title='bbox 642 1348 747 1367; x_wconf 85' lang='lat' dir='ltr'><strong>canone</strong></span> <span class='ocrx_word' id='word_1_161' title='bbox 761 1340 791 1371; x_wconf 88' lang='grc'>5,</span> <span class='ocrx_word' id='word_1_162' title='bbox 808 1347 904 1366; x_wconf 90' lang='lat' dir='ltr'><strong>omnes</strong></span> <span class='ocrx_word' id='word_1_163' title='bbox 918 1339 972 1366; x_wconf 75' lang='lat' dir='ltr'><strong>lue-</strong></span> 
     </span>
    </p>
   </div>
   <div class='ocr_carea' id='block_1_26' title="bbox 185 1385 972 1422">
    <p class='ocr_par' dir='ltr' id='par_1_26' title="bbox 185 1385 972 1422">
     <span class='ocr_line' id='line_1_26' title="bbox 185 1385 972 1422; baseline -0.004 -9"><span class='ocrx_word' id='word_1_164' title='bbox 185 1389 284 1414; x_wconf 81' lang='lat' dir='ltr'><strong>reticos</strong></span> <span class='ocrx_word' id='word_1_165' title='bbox 305 1387 351 1422; x_wconf 91' lang='lat' dir='ltr'><strong>qui</strong></span> <span class='ocrx_word' id='word_1_166' title='bbox 373 1387 400 1413; x_wconf 93' lang='lat' dir='ltr'><strong>in</strong></span> <span class='ocrx_word' id='word_1_167' title='bbox 423 1394 537 1414; x_wconf 84' lang='lat' dir='ltr'><strong>excessu</strong></span> <span class='ocrx_word' id='word_1_168' title='bbox 558 1393 573 1413; x_wconf 92' lang='lat' dir='ltr'><strong>e</strong></span> <span class='ocrx_word' id='word_1_169' title='bbox 592 1386 646 1413; x_wconf 86' lang='lat' dir='ltr'><strong>vita</strong></span> <span class='ocrx_word' id='word_1_170' title='bbox 667 1385 856 1420; x_wconf 58' lang='lat' dir='ltr'><strong>penitentiam</strong></span> <span class='ocrx_word' id='word_1_171' title='bbox 877 1389 972 1419; x_wconf 81' lang='lat' dir='ltr'><strong>agunt,</strong></span> 
     </span>
    </p>
   </div>
   <div class='ocr_carea' id='block_1_27' title="bbox 185 1429 972 1465">
    <p class='ocr_par' dir='ltr' id='par_1_27' title="bbox 185 1429 972 1465">
     <span class='ocr_line' id='line_1_27' title="bbox 185 1429 972 1465; baseline -0.003 -7"><span class='ocrx_word' id='word_1_172' title='bbox 185 1433 328 1458; x_wconf 78' lang='lat' dir='ltr'><strong>admittere</strong></span> <span class='ocrx_word' id='word_1_173' title='bbox 339 1432 423 1465; x_wconf 79' lang='lat' dir='ltr'><strong>jubet.</strong></span> <span class='ocrx_word' id='word_1_174' title='bbox 435 1431 623 1458; x_wconf 72' lang='lat' dir='ltr'><strong>examinantrs</strong></span> <span class='ocrx_word' id='word_1_175' title='bbox 634 1438 667 1456; x_wconf 89' lang='lat' dir='ltr'><strong>an</strong></span> <span class='ocrx_word' id='word_1_176' title='bbox 680 1438 769 1457; x_wconf 80' lang='lat' dir='ltr'><strong>vetant</strong></span> <span class='ocrx_word' id='word_1_177' title='bbox 783 1429 972 1464; x_wconf 66' lang='lat' dir='ltr'><strong>pugnitontiam</strong></span> 
     </span>
    </p>
   </div>
   <div class='ocr_carea' id='block_1_28' title="bbox 185 1475 972 1510">
    <p class='ocr_par' dir='ltr' id='par_1_28' title="bbox 185 1475 972 1510">
     <span class='ocr_line' id='line_1_28' title="bbox 185 1475 972 1510; baseline -0.004 -6"><span class='ocrx_word' id='word_1_178' title='bbox 185 1478 342 1509; x_wconf 77' lang='lat' dir='ltr'><strong>ostendunt,</strong></span> <span class='ocrx_word' id='word_1_179' title='bbox 355 1483 380 1504; x_wconf 89' lang='lat' dir='ltr'><strong>et</strong></span> <span class='ocrx_word' id='word_1_180' title='bbox 394 1485 427 1504; x_wconf 94' lang='lat' dir='ltr'><strong>an</strong></span> <span class='ocrx_word' id='word_1_181' title='bbox 441 1477 545 1505; x_wconf 77' lang='lat' dir='ltr'><strong>fructus</strong></span> <span class='ocrx_word' id='word_1_182' title='bbox 558 1477 673 1503; x_wconf 85' lang='lat' dir='ltr'><strong>habeant</strong></span> <span class='ocrx_word' id='word_1_183' title='bbox 687 1476 733 1510; x_wconf 88' lang='lat' dir='ltr'><strong>qui</strong></span> <span class='ocrx_word' id='word_1_184' title='bbox 745 1475 839 1502; x_wconf 91' lang='lat' dir='ltr'><strong>salutis</strong></span> <span class='ocrx_word' id='word_1_185' title='bbox 853 1475 972 1502; x_wconf 90' lang='lat' dir='ltr'><strong>studium</strong></span> 
     </span>
    </p>
   </div>
   <div class='ocr_carea' id='block_1_29' title="bbox 186 1524 377 1551">
    <p class='ocr_par' dir='ltr' id='par_1_29' title="bbox 186 1524 377 1551">
     <span class='ocr_line' id='line_1_29' title="bbox 186 1524 377 1551; baseline -0.01 0"><span class='ocrx_word' id='word_1_186' title='bbox 186 1524 377 1551; x_wconf 83' lang='lat' dir='ltr'><strong>testiﬁceutur.</strong></span> 
     </span>
    </p>
   </div>
   <div class='ocr_carea' id='block_1_30' title="bbox 222 1609 973 1646">
    <p class='ocr_par' dir='ltr' id='par_1_30' title="bbox 222 1609 973 1646">
     <span class='ocr_line' id='line_1_30' title="bbox 222 1609 973 1646; baseline -0.003 -8"><span class='ocrx_word' id='word_1_187' title='bbox 222 1612 304 1638; x_wconf 86' lang='lat' dir='ltr'><strong>Porro</strong></span> <span class='ocrx_word' id='word_1_188' title='bbox 321 1618 408 1638; x_wconf 81' lang='lat' dir='ltr'><strong>canon</strong></span> <span class='ocrx_word' id='word_1_189' title='bbox 423 1611 458 1637; x_wconf 72' lang='grc'><strong>22</strong></span> <span class='ocrx_word' id='word_1_190' title='bbox 473 1610 570 1646; x_wconf 83' lang='lat' dir='ltr'><strong>synodi</strong></span> <span class='ocrx_word' id='word_1_191' title='bbox 598 1609 819 1644; x_wconf 65' lang='lat' dir='ltr'><strong>Carthagine-usis</strong></span> <span class='ocrx_word' id='word_1_192' title='bbox 839 1609 973 1643; x_wconf 83' lang='lat' dir='ltr'><strong>episcopis</strong></span> 
     </span>
    </p>
   </div>
   <div class='ocr_carea' id='block_1_31' title="bbox 185 1654 974 1684">
    <p class='ocr_par' dir='ltr' id='par_1_31' title="bbox 185 1654 974 1684">
     <span class='ocr_line' id='line_1_31' title="bbox 185 1654 974 1684; baseline -0.003 -2"><span class='ocrx_word' id='word_1_193' title='bbox 185 1658 227 1684; x_wconf 74' lang='lat' dir='ltr'><strong>vel</strong></span> <span class='ocrx_word' id='word_1_194' title='bbox 246 1656 354 1684; x_wconf 87' lang='lat' dir='ltr'><strong>clericis</strong></span> <span class='ocrx_word' id='word_1_195' title='bbox 371 1655 404 1682; x_wconf 87' lang='lat' dir='ltr'><strong>ad</strong></span> <span class='ocrx_word' id='word_1_196' title='bbox 421 1656 557 1683; x_wconf 87' lang='lat' dir='ltr'><strong>bonorunt</strong></span> <span class='ocrx_word' id='word_1_197' title='bbox 577 1662 690 1682; x_wconf 88' lang='lat' dir='ltr'><strong>suorum</strong></span> <span class='ocrx_word' id='word_1_198' title='bbox 711 1655 895 1682; x_wconf 56' lang='lat' dir='ltr'><strong>haereditatem</strong></span> <span class='ocrx_word' id='word_1_199' title='bbox 913 1654 974 1680; x_wconf 79' lang='lat' dir='ltr'><strong>inli-</strong></span> 
     </span>
    </p>
   </div>
   <div class='ocr_carea' id='block_1_32' title="bbox 185 1699 973 1732">
    <p class='ocr_par' dir='ltr' id='par_1_32' title="bbox 185 1699 973 1732">
     <span class='ocr_line' id='line_1_32' title="bbox 185 1699 973 1732; baseline -0.001 -4"><span class='ocrx_word' id='word_1_200' title='bbox 185 1702 274 1729; x_wconf 78' lang='lat' dir='ltr'><strong>delem</strong></span> <span class='ocrx_word' id='word_1_201' title='bbox 285 1702 325 1728; x_wconf 86' lang='lat' dir='ltr'><strong>vel</strong></span> <span class='ocrx_word' id='word_1_202' title='bbox 339 1701 494 1728; x_wconf 67' lang='lat' dir='ltr'><strong>hatreticum</strong></span> <span class='ocrx_word' id='word_1_203' title='bbox 507 1701 618 1728; x_wconf 86' lang='lat' dir='ltr'><strong>omnino</strong></span> <span class='ocrx_word' id='word_1_204' title='bbox 630 1700 761 1728; x_wconf 88' lang='lat' dir='ltr'><strong>inducere</strong></span> <span class='ocrx_word' id='word_1_205' title='bbox 773 1705 855 1732; x_wconf 81' lang='lat' dir='ltr'><strong>vetat,</strong></span> <span class='ocrx_word' id='word_1_206' title='bbox 867 1699 973 1727; x_wconf 83' lang='lat' dir='ltr'><strong>etiamsi</strong></span> 
     </span>
    </p>
   </div>
   <div class='ocr_carea' id='block_1_33' title="bbox 186 1746 486 1781">
    <p class='ocr_par' dir='ltr' id='par_1_33' title="bbox 186 1746 486 1781">
     <span class='ocr_line' id='line_1_33' title="bbox 186 1746 486 1781; baseline 0 -9"><span class='ocrx_word' id='word_1_207' title='bbox 186 1747 294 1781; x_wconf 69' lang='lat' dir='ltr'><strong>cognati</strong></span> <span class='ocrx_word' id='word_1_208' title='bbox 311 1753 404 1773; x_wconf 83' lang='lat' dir='ltr'><strong>eorum</strong></span> <span class='ocrx_word' id='word_1_209' title='bbox 421 1746 486 1773; x_wconf 84' lang='lat' dir='ltr'><strong>sint.</strong></span> 
     </span>
    </p>
   </div>
   <div class='ocr_carea' id='block_1_34' title="bbox 221 1791 976 1827">
    <p class='ocr_par' dir='ltr' id='par_1_34' title="bbox 221 1791 976 1827">
     <span class='ocr_line' id='line_1_34' title="bbox 221 1791 976 1827; baseline 0 -9"><span class='ocrx_word' id='word_1_210' title='bbox 221 1792 315 1819; x_wconf 82' lang='lat' dir='ltr'><strong>Canon</strong></span> <span class='ocrx_word' id='word_1_211' title='bbox 332 1797 423 1819; x_wconf 90' lang='lat' dir='ltr'><strong>autem</strong></span> <span class='ocrx_word' id='word_1_212' title='bbox 440 1792 487 1824; x_wconf 70' lang='lat'><strong>84,</strong></span> <span class='ocrx_word' id='word_1_213' title='bbox 517 1791 667 1827; x_wconf 84' lang='lat' dir='ltr'><strong>Episcopo,</strong></span> <span class='ocrx_word' id='word_1_214' title='bbox 685 1792 792 1826; x_wconf 82' lang='lat' dir='ltr'><strong>inquit,</strong></span> <span class='ocrx_word' id='word_1_215' title='bbox 808 1791 853 1826; x_wconf 90' lang='lat' dir='ltr'><strong>qui</strong></span> <span class='ocrx_word' id='word_1_216' title='bbox 871 1791 897 1818; x_wconf 91' lang='lat' dir='ltr'><strong>itt</strong></span> <span class='ocrx_word' id='word_1_217' title='bbox 915 1791 976 1818; x_wconf 72' lang='lat' dir='ltr'><strong>vita:</strong></span> 
     </span>
    </p>
   </div>
   <div class='ocr_carea' id='block_1_35' title="bbox 186 1837 976 1866">
    <p class='ocr_par' dir='ltr' id='par_1_35' title="bbox 186 1837 976 1866">
     <span class='ocr_line' id='line_1_35' title="bbox 186 1837 976 1866; baseline -0.003 0"><span class='ocrx_word' id='word_1_218' title='bbox 186 1840 260 1866; x_wconf 72' lang='lat' dir='ltr'><strong>exitu</strong></span> <span class='ocrx_word' id='word_1_219' title='bbox 275 1842 464 1865; x_wconf 71' lang='lat' dir='ltr'><strong>testamentum</strong></span> <span class='ocrx_word' id='word_1_220' title='bbox 477 1838 598 1865; x_wconf 83' lang='lat' dir='ltr'><strong>condens</strong></span> <span class='ocrx_word' id='word_1_221' title='bbox 612 1838 753 1865; x_wconf 75' lang='lat' dir='ltr'><strong>haereticos</strong></span> <span class='ocrx_word' id='word_1_222' title='bbox 766 1837 897 1864; x_wconf 88' lang='lat' dir='ltr'><strong>bonorum</strong></span> <span class='ocrx_word' id='word_1_223' title='bbox 912 1844 976 1864; x_wconf 87' lang='lat' dir='ltr'><strong>suo-</strong></span> 
     </span>
    </p>
   </div>
   <div class='ocr_carea' id='block_1_36' title="bbox 187 1884 977 1919">
    <p class='ocr_par' dir='ltr' id='par_1_36' title="bbox 187 1884 977 1919">
     <span class='ocr_line' id='line_1_36' title="bbox 187 1884 977 1919; baseline -0.003 -7"><span class='ocrx_word' id='word_1_224' title='bbox 187 1893 247 1912; x_wconf 94' lang='lat' dir='ltr'><strong>rutn</strong></span> <span class='ocrx_word' id='word_1_225' title='bbox 270 1885 389 1912; x_wconf 67' lang='lat' dir='ltr'><strong>hmrrdes</strong></span> <span class='ocrx_word' id='word_1_226' title='bbox 409 1884 614 1919; x_wconf 79' lang='lat' dir='ltr'><strong>conscripserit,</strong></span> <span class='ocrx_word' id='word_1_227' title='bbox 633 1884 697 1911; x_wconf 83' lang='lat' dir='ltr'><strong>licet</strong></span> <span class='ocrx_word' id='word_1_228' title='bbox 716 1884 740 1911; x_wconf 89' lang='lat' dir='ltr'><strong>ei</strong></span> <span class='ocrx_word' id='word_1_229' title='bbox 760 1884 890 1918; x_wconf 77' lang='lat' dir='ltr'><strong>sanguine</strong></span> <span class='ocrx_word' id='word_1_230' title='bbox 910 1892 977 1910; x_wconf 87' lang='lat' dir='ltr'><strong>con-</strong></span> 
     </span>
    </p>
   </div>
   <div class='ocr_carea' id='block_1_37' title="bbox 186 1930 974 1966">
    <p class='ocr_par' dir='ltr' id='par_1_37' title="bbox 186 1930 974 1966">
     <span class='ocr_line' id='line_1_37' title="bbox 186 1930 974 1966; baseline 0 -10"><span class='ocrx_word' id='word_1_231' title='bbox 186 1931 276 1965; x_wconf 77' lang='lat' dir='ltr'><strong>juncti</strong></span> <span class='ocrx_word' id='word_1_232' title='bbox 297 1931 361 1964; x_wconf 86' lang='lat' dir='ltr'><strong>sint,</strong></span> <span class='ocrx_word' id='word_1_233' title='bbox 381 1931 463 1959; x_wconf 85' lang='lat' dir='ltr'><strong>etiam</strong></span> <span class='ocrx_word' id='word_1_234' title='bbox 485 1934 546 1966; x_wconf 89' lang='lat' dir='ltr'><strong>post</strong></span> <span class='ocrx_word' id='word_1_235' title='bbox 568 1935 684 1957; x_wconf 86' lang='lat' dir='ltr'><strong>mortem</strong></span> <span class='ocrx_word' id='word_1_236' title='bbox 706 1930 849 1957; x_wconf 85' lang='lat' dir='ltr'><strong>anathema</strong></span> <span class='ocrx_word' id='word_1_237' title='bbox 869 1930 974 1957; x_wconf 87' lang='lat' dir='ltr'><strong>denun-</strong></span> 
     </span>
    </p>
   </div>
   <div class='ocr_carea' id='block_1_38' title="bbox 187 1975 975 2012">
    <p class='ocr_par' dir='ltr' id='par_1_38' title="bbox 187 1975 975 2012">
     <span class='ocr_line' id='line_1_38' title="bbox 187 1975 975 2012; baseline -0.001 -9"><span class='ocrx_word' id='word_1_238' title='bbox 187 1977 250 2003; x_wconf 86' lang='lat' dir='ltr'><strong>tiari</strong></span> <span class='ocrx_word' id='word_1_239' title='bbox 261 1998 267 2009; x_wconf 85' lang='grc'><strong>,</strong></span> <span class='ocrx_word' id='word_1_240' title='bbox 285 1981 313 2004; x_wconf 90' lang='lat' dir='ltr'><strong>et</strong></span> <span class='ocrx_word' id='word_1_241' title='bbox 327 1984 428 2004; x_wconf 88' lang='lat' dir='ltr'><strong>nomen</strong></span> <span class='ocrx_word' id='word_1_242' title='bbox 444 1976 504 2012; x_wconf 85' lang='lat' dir='ltr'><strong>ejus</strong></span> <span class='ocrx_word' id='word_1_243' title='bbox 520 1984 536 2003; x_wconf 89' lang='lat' dir='ltr'><strong>e</strong></span> <span class='ocrx_word' id='word_1_244' title='bbox 552 1978 723 2004; x_wconf 85' lang='lat' dir='ltr'><strong>sacerdotum</strong></span> <span class='ocrx_word' id='word_1_245' title='bbox 742 1975 872 2003; x_wconf 88' lang='lat' dir='ltr'><strong>memoria</strong></span> <span class='ocrx_word' id='word_1_246' title='bbox 891 1975 975 2003; x_wconf 88' lang='lat' dir='ltr'><strong>deleri</strong></span> 
     </span>
    </p>
   </div>
   <div class='ocr_carea' id='block_1_39' title="bbox 186 2022 276 2050">
    <p class='ocr_par' dir='ltr' id='par_1_39' title="bbox 186 2022 276 2050">
     <span class='ocr_line' id='line_1_39' title="bbox 186 2022 276 2050; baseline 0.011 -1"><span class='ocrx_word' id='word_1_247' title='bbox 186 2022 276 2050; x_wconf 85' lang='lat' dir='ltr'><strong>debet.</strong></span> 
     </span>
    </p>
   </div>
   <div class='ocr_carea' id='block_1_40' title="bbox 445 2068 711 2104">
    <p class='ocr_par' dir='ltr' id='par_1_40' title="bbox 445 2068 711 2104">
     <span class='ocr_line' id='line_1_40' title="bbox 445 2068 711 2104; baseline 0 -9"><span class='ocrx_word' id='word_1_248' title='bbox 445 2070 495 2104; x_wconf 79' lang='lat'><strong>17</strong></span> <span class='ocrx_word' id='word_1_249' title='bbox 514 2068 592 2103; x_wconf 73' lang='lat' dir='ltr'><strong>Leges</strong></span> <span class='ocrx_word' id='word_1_250' title='bbox 610 2069 711 2096; x_wconf 74' lang='lat' dir='ltr'><strong>ciuiles.</strong></span> 
     </span>
    </p>
   </div>
   <div class='ocr_carea' id='block_1_41' title="bbox 224 2114 971 2151">
    <p class='ocr_par' dir='ltr' id='par_1_41' title="bbox 224 2114 971 2151">
     <span class='ocr_line' id='line_1_41' title="bbox 224 2114 971 2151; baseline 0.001 -10"><span class='ocrx_word' id='word_1_251' title='bbox 224 2114 308 2142; x_wconf 87' lang='lat' dir='ltr'><strong>Porro</strong></span> <span class='ocrx_word' id='word_1_252' title='bbox 323 2119 350 2141; x_wconf 87' lang='lat' dir='ltr'><strong>et</strong></span> <span class='ocrx_word' id='word_1_253' title='bbox 365 2123 378 2142; x_wconf 87' lang='lat' dir='ltr'><strong>a</strong></span> <span class='ocrx_word' id='word_1_254' title='bbox 390 2115 508 2142; x_wconf 84' lang='lat' dir='ltr'><strong>diversis</strong></span> <span class='ocrx_word' id='word_1_255' title='bbox 523 2116 627 2150; x_wconf 75' lang='lat' dir='ltr'><strong>legibus</strong></span> <span class='ocrx_word' id='word_1_256' title='bbox 645 2116 725 2144; x_wconf 77' lang='lat' dir='ltr'><strong>basil.</strong></span> <span class='ocrx_word' id='word_1_257' title='bbox 738 2124 793 2144; x_wconf 91' lang='lat' dir='ltr'><strong>non</strong></span> <span class='ocrx_word' id='word_1_258' title='bbox 808 2116 971 2151; x_wconf 85' lang='lat' dir='ltr'><strong>permissum</strong></span> 
     </span>
    </p>
   </div>
   <div class='ocr_carea' id='block_1_42' title="bbox 189 2161 972 2193">
    <p class='ocr_par' dir='ltr' id='par_1_42' title="bbox 189 2161 972 2193">
     <span class='ocr_line' id='line_1_42' title="bbox 189 2161 972 2193; baseline 0 -5"><span class='ocrx_word' id='word_1_259' title='bbox 189 2166 231 2188; x_wconf 87' lang='lat' dir='ltr'><strong>est</strong></span> <span class='ocrx_word' id='word_1_260' title='bbox 246 2167 274 2188; x_wconf 94' lang='lat' dir='ltr'><strong>ut</strong></span> <span class='ocrx_word' id='word_1_261' title='bbox 287 2162 406 2188; x_wconf 57' lang='lat' dir='ltr'><strong>haeretici</strong></span> <span class='ocrx_word' id='word_1_262' title='bbox 423 2161 543 2189; x_wconf 66' lang='lat' dir='ltr'><strong>ltmredes</strong></span> <span class='ocrx_word' id='word_1_263' title='bbox 561 2163 637 2193; x_wconf 87' lang='lat' dir='ltr'><strong>liant,</strong></span> <span class='ocrx_word' id='word_1_264' title='bbox 654 2170 708 2189; x_wconf 88' lang='lat' dir='ltr'><strong>non</strong></span> <span class='ocrx_word' id='word_1_265' title='bbox 726 2163 813 2190; x_wconf 80' lang='lat' dir='ltr'><strong>solum</strong></span> <span class='ocrx_word' id='word_1_266' title='bbox 839 2163 972 2189; x_wconf 89' lang='lat' dir='ltr'><strong>bonorttm</strong></span> 
     </span>
    </p>
   </div>
   <div class='ocr_carea' id='block_1_43' title="bbox 189 2207 974 2243">
    <p class='ocr_par' dir='ltr' id='par_1_43' title="bbox 189 2207 974 2243">
     <span class='ocr_line' id='line_1_43' title="bbox 189 2207 974 2243; baseline 0.001 -11"><span class='ocrx_word' id='word_1_267' title='bbox 189 2215 250 2241; x_wconf 81' lang='lat' dir='ltr'><strong>q-ue</strong></span> <span class='ocrx_word' id='word_1_268' title='bbox 265 2207 297 2233; x_wconf 86' lang='lat' dir='ltr'><strong>ad</strong></span> <span class='ocrx_word' id='word_1_269' title='bbox 314 2207 457 2241; x_wconf 89' lang='lat' dir='ltr'><strong>episcopos</strong></span> <span class='ocrx_word' id='word_1_270' title='bbox 479 2211 505 2234; x_wconf 90' lang='lat' dir='ltr'><strong>et</strong></span> <span class='ocrx_word' id='word_1_271' title='bbox 532 2207 659 2238; x_wconf 77' lang='lat' dir='ltr'><strong>clericos.</strong></span> <span class='ocrx_word' id='word_1_272' title='bbox 681 2209 727 2234; x_wconf 83' lang='lat' dir='ltr'><strong>sed</strong></span> <span class='ocrx_word' id='word_1_273' title='bbox 755 2216 842 2243; x_wconf 83' lang='lat' dir='ltr'><strong>neque</strong></span> <span class='ocrx_word' id='word_1_274' title='bbox 867 2215 974 2240; x_wconf 78' lang='lat' dir='ltr'><strong>eorum,</strong></span> 
     </span>
    </p>
   </div>
   <div class='ocr_carea' id='block_1_44' title="bbox 189 2253 974 2288">
    <p class='ocr_par' dir='ltr' id='par_1_44' title="bbox 189 2253 974 2288">
     <span class='ocr_line' id='line_1_44' title="bbox 189 2253 974 2288; baseline 0.004 -10"><span class='ocrx_word' id='word_1_275' title='bbox 189 2260 249 2287; x_wconf 73' lang='lat' dir='ltr'><strong>qua:</strong></span> <span class='ocrx_word' id='word_1_276' title='bbox 271 2253 303 2279; x_wconf 86' lang='lat' dir='ltr'><strong>ad</strong></span> <span class='ocrx_word' id='word_1_277' title='bbox 327 2253 501 2280; x_wconf 80' lang='lat' dir='ltr'><strong>Christianos</strong></span> <span class='ocrx_word' id='word_1_278' title='bbox 523 2253 611 2280; x_wconf 87' lang='lat' dir='ltr'><strong>laicos</strong></span> <span class='ocrx_word' id='word_1_279' title='bbox 634 2253 779 2288; x_wconf 78' lang='lat' dir='ltr'><strong>pertinent,</strong></span> <span class='ocrx_word' id='word_1_280' title='bbox 799 2255 906 2282; x_wconf 84' lang='lat' dir='ltr'><strong>etiamsi</strong></span> <span class='ocrx_word' id='word_1_281' title='bbox 927 2254 974 2281; x_wconf 87' lang='lat' dir='ltr'><strong>lilii</strong></span> 
     </span>
    </p>
   </div>
   <div class='ocr_carea' id='block_1_45' title="bbox 188 2297 974 2326">
    <p class='ocr_par' dir='ltr' id='par_1_45' title="bbox 188 2297 974 2326">
     <span class='ocr_line' id='line_1_45' title="bbox 188 2297 974 2326; baseline 0.005 -4"><span class='ocrx_word' id='word_1_282' title='bbox 188 2305 283 2324; x_wconf 77' lang='lat' dir='ltr'><strong>uorum</strong></span> <span class='ocrx_word' id='word_1_283' title='bbox 294 2297 404 2324; x_wconf 78' lang='lat' dir='ltr'><strong>fuerint.</strong></span> <span class='ocrx_word' id='word_1_284' title='bbox 425 2297 620 2324; x_wconf 71' lang='lat' dir='ltr'><strong>llzereticorutu</strong></span> <span class='ocrx_word' id='word_1_285' title='bbox 633 2303 722 2325; x_wconf 89' lang='lat' dir='ltr'><strong>autettt</strong></span> <span class='ocrx_word' id='word_1_286' title='bbox 738 2299 814 2326; x_wconf 89' lang='lat' dir='ltr'><strong>liberi</strong></span> <span class='ocrx_word' id='word_1_287' title='bbox 825 2299 974 2326; x_wconf 79' lang='lat' dir='ltr'><strong>Clitisliani</strong></span> 
     </span>
    </p>
   </div>
   <div class='ocr_carea' id='block_1_46' title="bbox 190 2343 976 2380">
    <p class='ocr_par' dir='ltr' id='par_1_46' title="bbox 190 2343 976 2380">
     <span class='ocr_line' id='line_1_46' title="bbox 190 2343 976 2380; baseline 0 -10"><span class='ocrx_word' id='word_1_288' title='bbox 190 2343 266 2374; x_wconf 82' lang='lat' dir='ltr'><strong>facti.</strong></span> <span class='ocrx_word' id='word_1_289' title='bbox 283 2348 411 2378; x_wconf 85' lang='lat' dir='ltr'><strong>parentes</strong></span> <span class='ocrx_word' id='word_1_290' title='bbox 429 2351 504 2374; x_wconf 80' lang='lat' dir='ltr'><strong>suos.</strong></span> <span class='ocrx_word' id='word_1_291' title='bbox 524 2345 624 2371; x_wconf 79' lang='lat' dir='ltr'><strong>victum</strong></span> <span class='ocrx_word' id='word_1_292' title='bbox 645 2345 695 2372; x_wconf 91' lang='lat' dir='ltr'><strong>sibi</strong></span> <span class='ocrx_word' id='word_1_293' title='bbox 712 2350 739 2372; x_wconf 88' lang='lat' dir='ltr'><strong>et</strong></span> <span class='ocrx_word' id='word_1_294' title='bbox 763 2346 890 2372; x_wconf 80' lang='lat' dir='ltr'><strong>vestitum</strong></span> <span class='ocrx_word' id='word_1_295' title='bbox 909 2353 976 2380; x_wconf 85' lang='lat' dir='ltr'><strong>sup-</strong></span> 
     </span>
    </p>
   </div>
   <div class='ocr_carea' id='block_1_47' title="bbox 190 2390 976 2424">
    <p class='ocr_par' dir='ltr' id='par_1_47' title="bbox 190 2390 976 2424">
     <span class='ocr_line' id='line_1_47' title="bbox 190 2390 976 2424; baseline 0.004 -9"><span class='ocrx_word' id='word_1_296' title='bbox 190 2390 323 2424; x_wconf 66' lang='lat' dir='ltr'><strong>peililare,</strong></span> <span class='ocrx_word' id='word_1_297' title='bbox 343 2394 368 2416; x_wconf 79' lang='lat' dir='ltr'><strong>et</strong></span> <span class='ocrx_word' id='word_1_298' title='bbox 386 2391 476 2417; x_wconf 78' lang='lat' dir='ltr'><strong>dotem</strong></span> <span class='ocrx_word' id='word_1_299' title='bbox 500 2391 654 2424; x_wconf 80' lang='lat' dir='ltr'><strong>darejnxta</strong></span> <span class='ocrx_word' id='word_1_300' title='bbox 671 2390 809 2419; x_wconf 81' lang='lat' dir='ltr'><strong>facultatis</strong></span> <span class='ocrx_word' id='word_1_301' title='bbox 824 2399 881 2419; x_wconf 65' lang='lat' dir='ltr'><strong>sute</strong></span> <span class='ocrx_word' id='word_1_302' title='bbox 898 2400 976 2419; x_wconf 90' lang='lat' dir='ltr'><strong>men-</strong></span> 
     </span>
    </p>
   </div>
   <div class='ocr_carea' id='block_1_48' title="bbox 190 2442 408 2469">
    <p class='ocr_par' dir='ltr' id='par_1_48' title="bbox 190 2442 408 2469">
     <span class='ocr_line' id='line_1_48' title="bbox 190 2442 408 2469; baseline 0 -7"><span class='ocrx_word' id='word_1_303' title='bbox 190 2443 282 2462; x_wconf 76' lang='lat' dir='ltr'><strong>SItrnllt</strong></span> <span class='ocrx_word' id='word_1_304' title='bbox 299 2442 408 2469; x_wconf 79' lang='lat' dir='ltr'><strong>cogunt.</strong></span> 
     </span>
    </p>
   </div>
   <div class='ocr_carea' id='block_1_49' title="bbox 226 2526 975 2559">
    <p class='ocr_par' dir='ltr' id='par_1_49' title="bbox 226 2526 975 2559">
     <span class='ocr_line' id='line_1_49' title="bbox 226 2526 975 2559; baseline 0.004 -7"><span class='ocrx_word' id='word_1_305' title='bbox 226 2526 276 2559; x_wconf 86' lang='lat' dir='ltr'><strong>Qui</strong></span> <span class='ocrx_word' id='word_1_306' title='bbox 300 2535 353 2553; x_wconf 88' lang='lat' dir='ltr'><strong>non</strong></span> <span class='ocrx_word' id='word_1_307' title='bbox 380 2526 467 2554; x_wconf 87' lang='lat' dir='ltr'><strong>credit</strong></span> <span class='ocrx_word' id='word_1_308' title='bbox 493 2533 616 2554; x_wconf 79' lang='lat' dir='ltr'><strong>sanctam</strong></span> <span class='ocrx_word' id='word_1_309' title='bbox 635 2526 797 2554; x_wconf 81' lang='lat' dir='ltr'><strong>Trinitatem</strong></span> <span class='ocrx_word' id='word_1_310' title='bbox 824 2527 923 2556; x_wconf 81' lang='lat' dir='ltr'><strong>haltere</strong></span> <span class='ocrx_word' id='word_1_311' title='bbox 949 2529 975 2555; x_wconf 89' lang='lat' dir='ltr'><strong>in</strong></span> 
     </span>
    </p>
   </div>
   <div class='ocr_carea' id='block_1_50' title="bbox 191 2571 976 2607">
    <p class='ocr_par' dir='ltr' id='par_1_50' title="bbox 191 2571 976 2607">
     <span class='ocr_line' id='line_1_50' title="bbox 191 2571 976 2607; baseline 0.003 -8"><span class='ocrx_word' id='word_1_312' title='bbox 191 2581 244 2599; x_wconf 84' lang='lat' dir='ltr'><strong>una</strong></span> <span class='ocrx_word' id='word_1_313' title='bbox 264 2571 367 2600; x_wconf 84' lang='lat' dir='ltr'><strong>Deitatc</strong></span> <span class='ocrx_word' id='word_1_314' title='bbox 387 2573 517 2607; x_wconf 79' lang='lat' dir='ltr'><strong>:equttlem</strong></span> <span class='ocrx_word' id='word_1_315' title='bbox 546 2573 694 2607; x_wconf 84' lang='lat' dir='ltr'><strong>potentiam</strong></span> <span class='ocrx_word' id='word_1_316' title='bbox 710 2593 716 2604; x_wconf 84' lang='lat'>.</span> <span class='ocrx_word' id='word_1_317' title='bbox 744 2581 777 2600; x_wconf 92' lang='lat' dir='ltr'><strong>ne</strong></span> <span class='ocrx_word' id='word_1_318' title='bbox 802 2574 976 2602; x_wconf 74' lang='lat' dir='ltr'><strong>Christianus</strong></span> 
     </span>
    </p>
   </div>
   <div class='ocr_carea' id='block_1_51' title="bbox 191 2618 976 2652">
    <p class='ocr_par' dir='ltr' id='par_1_51' title="bbox 191 2618 976 2652">
     <span class='ocr_line' id='line_1_51' title="bbox 191 2618 976 2652; baseline 0.003 -8"><span class='ocrx_word' id='word_1_319' title='bbox 191 2619 300 2652; x_wconf 76' lang='lat' dir='ltr'><strong>quidem</strong></span> <span class='ocrx_word' id='word_1_320' title='bbox 326 2618 436 2649; x_wconf 83' lang='lat' dir='ltr'><strong>dicitur,</strong></span> <span class='ocrx_word' id='word_1_321' title='bbox 457 2618 504 2645; x_wconf 88' lang='lat' dir='ltr'><strong>sed</strong></span> <span class='ocrx_word' id='word_1_322' title='bbox 521 2625 641 2645; x_wconf 76' lang='lat' dir='ltr'><strong>vesanus</strong></span> <span class='ocrx_word' id='word_1_323' title='bbox 657 2622 711 2650; x_wconf 82' lang='lat' dir='ltr'><strong>cst.</strong></span> <span class='ocrx_word' id='word_1_324' title='bbox 727 2623 753 2645; x_wconf 85' lang='lat' dir='ltr'><strong>et</strong></span> <span class='ocrx_word' id='word_1_325' title='bbox 782 2619 936 2651; x_wconf 75' lang='lat' dir='ltr'><strong>haereticus,</strong></span> <span class='ocrx_word' id='word_1_326' title='bbox 949 2625 976 2647; x_wconf 90' lang='lat' dir='ltr'><strong>et</strong></span> 
     </span>
    </p>
   </div>
   <div class='ocr_carea' id='block_1_52' title="bbox 190 2665 490 2699">
    <p class='ocr_par' dir='ltr' id='par_1_52' title="bbox 190 2665 490 2699">
     <span class='ocr_line' id='line_1_52' title="bbox 190 2665 490 2699; baseline 0 -7"><span class='ocrx_word' id='word_1_327' title='bbox 190 2665 312 2694; x_wconf 79' lang='lat' dir='ltr'><strong>infantis.</strong></span> <span class='ocrx_word' id='word_1_328' title='bbox 326 2670 353 2691; x_wconf 91' lang='lat' dir='ltr'><strong>et</strong></span> <span class='ocrx_word' id='word_1_329' title='bbox 369 2665 490 2699; x_wconf 87' lang='lat' dir='ltr'><strong>punitur.</strong></span> 
     </span>
    </p>
   </div>
   <div class='ocr_carea' id='block_1_53' title="bbox 229 2710 977 2744">
    <p class='ocr_par' dir='ltr' id='par_1_53' title="bbox 229 2710 977 2744">
     <span class='ocr_line' id='line_1_53' title="bbox 229 2710 977 2744; baseline 0.003 -8"><span class='ocrx_word' id='word_1_330' title='bbox 229 2710 378 2738; x_wconf 61' lang='lat' dir='ltr'><strong>llmrcticns</strong></span> <span class='ocrx_word' id='word_1_331' title='bbox 403 2716 462 2743; x_wconf 82' lang='lat' dir='ltr'><strong>est,</strong></span> <span class='ocrx_word' id='word_1_332' title='bbox 488 2716 516 2737; x_wconf 83' lang='lat' dir='ltr'><strong>et</strong></span> <span class='ocrx_word' id='word_1_333' title='bbox 541 2710 646 2744; x_wconf 79' lang='lat' dir='ltr'><strong>legibus</strong></span> <span class='ocrx_word' id='word_1_334' title='bbox 679 2711 810 2737; x_wconf 55' lang='lat' dir='ltr'><strong>atlvetsns</strong></span> <span class='ocrx_word' id='word_1_335' title='bbox 835 2711 977 2738; x_wconf 62' lang='lat' dir='ltr'><strong>haereticos</strong></span> 
     </span>
    </p>
   </div>
   <div class='ocr_carea' id='block_1_54' title="bbox 191 2756 975 2791">
    <p class='ocr_par' dir='ltr' id='par_1_54' title="bbox 191 2756 975 2791">
     <span class='ocr_line' id='line_1_54' title="bbox 191 2756 975 2791; baseline -0.003 -7"><span class='ocrx_word' id='word_1_336' title='bbox 191 2758 255 2784; x_wconf 81' lang='lat' dir='ltr'><strong>latis</strong></span> <span class='ocrx_word' id='word_1_337' title='bbox 270 2757 415 2790; x_wconf 76' lang='lat' dir='ltr'><strong>obnoxius,</strong></span> <span class='ocrx_word' id='word_1_338' title='bbox 432 2757 477 2791; x_wconf 89' lang='lat' dir='ltr'><strong>qui</strong></span> <span class='ocrx_word' id='word_1_339' title='bbox 493 2757 526 2782; x_wconf 85' lang='lat' dir='ltr'><strong>ab</strong></span> <span class='ocrx_word' id='word_1_340' title='bbox 542 2756 696 2783; x_wconf 78' lang='lat' dir='ltr'><strong>orthodoxa</strong></span> <span class='ocrx_word' id='word_1_341' title='bbox 714 2756 765 2782; x_wconf 87' lang='lat' dir='ltr'><strong>lidc</strong></span> <span class='ocrx_word' id='word_1_342' title='bbox 781 2756 820 2783; x_wconf 65' lang='lat' dir='ltr'><strong>vt-l</strong></span> <span class='ocrx_word' id='word_1_343' title='bbox 838 2757 975 2790; x_wconf 59' lang='lat' dir='ltr'><strong>pullulum</strong></span> 
     </span>
    </p>
   </div>
   <div class='ocr_carea' id='block_1_55' title="bbox 192 2801 976 2835">
    <p class='ocr_par' dir='ltr' id='par_1_55' title="bbox 192 2801 976 2835">
     <span class='ocr_line' id='line_1_55' title="bbox 192 2801 976 2835; baseline 0 -7"><span class='ocrx_word' id='word_1_344' title='bbox 192 2802 320 2829; x_wconf 52' lang='lat' dir='ltr'><strong>declinat.</strong></span> <span class='ocrx_word' id='word_1_345' title='bbox 337 2803 407 2835; x_wconf 84' lang='lat' dir='ltr'><strong>Quin</strong></span> <span class='ocrx_word' id='word_1_346' title='bbox 423 2807 451 2829; x_wconf 92' lang='lat' dir='ltr'><strong>et</strong></span> <span class='ocrx_word' id='word_1_347' title='bbox 473 2802 615 2828; x_wconf 74' lang='lat' dir='ltr'><strong>ltzet&#39;cticos</strong></span> <span class='ocrx_word' id='word_1_348' title='bbox 646 2801 746 2828; x_wconf 84' lang='lat' dir='ltr'><strong>nullam</strong></span> <span class='ocrx_word' id='word_1_349' title='bbox 768 2801 910 2834; x_wconf 65' lang='lat' dir='ltr'><strong>militiam,</strong></span> <span class='ocrx_word' id='word_1_350' title='bbox 929 2810 976 2829; x_wconf 75' lang='lat' dir='ltr'><strong>nec</strong></span> 
     </span>
    </p>
   </div>
   <div class='ocr_carea' id='block_1_56' title="bbox 195 2847 978 2882">
    <p class='ocr_par' dir='ltr' id='par_1_56' title="bbox 195 2847 978 2882">
     <span class='ocr_line' id='line_1_56' title="bbox 195 2847 978 2882; baseline 0.003 -9"><span class='ocrx_word' id='word_1_351' title='bbox 195 2848 328 2880; x_wconf 79' lang='lat' dir='ltr'><strong>publicant</strong></span> <span class='ocrx_word' id='word_1_352' title='bbox 359 2849 527 2875; x_wconf 69' lang='lat' dir='ltr'><strong>Curationcm</strong></span> <span class='ocrx_word' id='word_1_353' title='bbox 565 2855 755 2882; x_wconf 76' lang='lat' dir='ltr'><strong>quamcunque</strong></span> <span class='ocrx_word' id='word_1_354' title='bbox 793 2847 868 2873; x_wconf 71' lang='lat' dir='ltr'><strong>ubi”:</strong></span> <span class='ocrx_word' id='word_1_355' title='bbox 898 2855 978 2882; x_wconf 84' lang='lat' dir='ltr'><strong>posse</strong></span> 
     </span>
    </p>
   </div>
   <div class='ocr_carea' id='block_1_57' title="bbox 520 2907 535 2920">
    <p class='ocr_par' dir='ltr' id='par_1_57' title="bbox 520 2907 535 2920">
     <span class='ocr_line' id='line_1_57' title="bbox 520 2907 535 2920; baseline 0 0"><span class='ocrx_word' id='word_1_356' title='bbox 520 2907 535 2920; x_wconf 71' lang='grc' dir='ltr'><strong>ο</strong></span> 
     </span>
    </p>
   </div>
   <div class='ocr_carea' id='block_1_58' title="bbox 779 135 1198 167">
    <p class='ocr_par' dir='ltr' id='par_1_58' title="bbox 779 135 1198 167">
     <span class='ocr_line' id='line_1_58' title="bbox 779 135 1198 167; baseline -0.002 0"><span class='ocrx_word' id='word_1_357' title='bbox 779 137 962 167; x_wconf 68' lang='grc' dir='ltr'><strong>ΜΑΤΊῚΙᾸΞΙ</strong></span> <span class='ocrx_word' id='word_1_358' title='bbox 987 136 1157 166; x_wconf 68' lang='lat' dir='ltr'><strong>BLASTAR</strong></span> <span class='ocrx_word' id='word_1_359' title='bbox 1165 135 1198 166; x_wconf 88' lang='lat' dir='ltr'><strong>IS</strong></span> 
     </span>
    </p>
   </div>
   <div class='ocr_carea' id='block_1_59' title="bbox 212 193 1006 223">
    <p class='ocr_par' dir='ltr' id='par_1_59' title="bbox 212 193 1006 223">
     <span class='ocr_line' id='line_1_59' title="bbox 212 193 1006 223; baseline -0.001 -3"><span class='ocrx_word' id='word_1_360' title='bbox 212 194 277 220; x_wconf 78' lang='lat' dir='ltr'><strong>ltettt</strong></span> <span class='ocrx_word' id='word_1_361' title='bbox 296 193 331 220; x_wconf 75' lang='lat'><strong>53</strong></span> <span class='ocrx_word' id='word_1_362' title='bbox 351 201 402 220; x_wconf 90' lang='lat' dir='ltr'><strong>nos</strong></span> <span class='ocrx_word' id='word_1_363' title='bbox 438 201 492 220; x_wconf 86' lang='lat' dir='ltr'><strong>una</strong></span> <span class='ocrx_word' id='word_1_364' title='bbox 510 201 571 221; x_wconf 85' lang='lat' dir='ltr'><strong>cum</strong></span> <span class='ocrx_word' id='word_1_365' title='bbox 590 193 719 221; x_wconf 84' lang='lat' dir='ltr'><strong>haeretico</strong></span> <span class='ocrx_word' id='word_1_366' title='bbox 736 194 778 222; x_wconf 90' lang='lat' dir='ltr'><strong>vel</strong></span> <span class='ocrx_word' id='word_1_367' title='bbox 796 193 970 221; x_wconf 84' lang='lat' dir='ltr'><strong>schismatieo</strong></span> <span class='ocrx_word' id='word_1_368' title='bbox 987 197 1006 223; x_wconf 78' lang='grc' dir='ltr'><strong>Α</strong></span> 
     </span>
    </p>
   </div>
   <div class='ocr_carea' id='block_1_60' title="bbox 1731 133 1801 165">
    <p class='ocr_par' dir='ltr' id='par_1_60' title="bbox 1731 133 1801 165">
     <span class='ocr_line' id='line_1_60' title="bbox 1731 133 1801 165; baseline -0.029 0"><span class='ocrx_word' id='word_1_369' title='bbox 1731 133 1801 165; x_wconf 77' lang='lat'><strong>1052</strong></span> 
     </span>
    </p>
   </div>
   <div class='ocr_carea' id='block_1_61' title="bbox 1064 191 1809 227">
    <p class='ocr_par' dir='ltr' id='par_1_61' title="bbox 1064 191 1809 227">
     <span class='ocr_line' id='line_1_61' title="bbox 1064 191 1809 227; baseline 0.004 -10"><span class='ocrx_word' id='word_1_370' title='bbox 1064 193 1093 218; x_wconf 87' lang='grc' dir='ltr'><strong>Ὀ</strong></span> <span class='ocrx_word' id='word_1_371' title='bbox 1110 193 1138 218; x_wconf 80' lang='grc' dir='ltr'>δὲ</span> <span class='ocrx_word' id='word_1_372' title='bbox 1151 191 1333 227; x_wconf 75' lang='grc' dir='ltr'>).γάίρετικῷ</span> <span class='ocrx_word' id='word_1_373' title='bbox 1349 192 1365 227; x_wconf 80' lang='grc' dir='ltr'>ἦ</span> <span class='ocrx_word' id='word_1_374' title='bbox 1384 191 1557 226; x_wconf 64' lang='grc' dir='ltr'>σχίσμα-εικῷ</span> <span class='ocrx_word' id='word_1_375' title='bbox 1579 192 1646 224; x_wconf 80' lang='grc' dir='ltr'>ὅλως</span> <span class='ocrx_word' id='word_1_376' title='bbox 1665 192 1738 227; x_wconf 80' lang='grc' dir='ltr'>ἡμᾶς</span> <span class='ocrx_word' id='word_1_377' title='bbox 1756 193 1809 220; x_wconf 82' lang='grc' dir='ltr'>οὐκ</span> 
     </span>
    </p>
   </div>
   <div class='ocr_carea' id='block_1_62' title="bbox 1021 237 1371 272">
    <p class='ocr_par' dir='ltr' id='par_1_62' title="bbox 1021 237 1371 272">
     <span class='ocr_line' id='line_1_62' title="bbox 1021 237 1371 272; baseline 0.003 -9"><span class='ocrx_word' id='word_1_378' title='bbox 1021 238 1164 272; x_wconf 74' lang='grc' dir='ltr'><strong>ἐπιτρέπει</strong></span> <span class='ocrx_word' id='word_1_379' title='bbox 1183 237 1371 272; x_wconf 74' lang='grc' dir='ltr'>συνεύχεσθαι.</span> 
     </span>
    </p>
   </div>
   <div class='ocr_carea' id='block_1_63' title="bbox 1062 282 1810 318">
    <p class='ocr_par' dir='ltr' id='par_1_63' title="bbox 1062 282 1810 318">
     <span class='ocr_line' id='line_1_63' title="bbox 1062 282 1810 318; baseline 0.004 -10"><span class='ocrx_word' id='word_1_380' title='bbox 1062 282 1091 308; x_wconf 90' lang='grc' dir='ltr'><strong>Ὀ</strong></span> <span class='ocrx_word' id='word_1_381' title='bbox 1105 283 1132 308; x_wconf 78' lang='grc' dir='ltr'>δὲ</span> <span class='ocrx_word' id='word_1_382' title='bbox 1145 282 1183 314; x_wconf 76' lang='grc' dir='ltr'>λζ’</span> <span class='ocrx_word' id='word_1_383' title='bbox 1195 282 1257 309; x_wconf 79' lang='grc' dir='ltr'>οὔτε</span> <span class='ocrx_word' id='word_1_384' title='bbox 1273 283 1306 309; x_wconf 77' lang='grc' dir='ltr'><strong>τὰ</strong></span> <span class='ocrx_word' id='word_1_385' title='bbox 1319 283 1395 317; x_wconf 79' lang='grc' dir='ltr'>παρὰ</span> <span class='ocrx_word' id='word_1_386' title='bbox 1407 282 1461 309; x_wconf 82' lang='grc' dir='ltr'>τῶν</span> <span class='ocrx_word' id='word_1_387' title='bbox 1483 282 1617 310; x_wconf 75' lang='grc' dir='ltr'><strong>Ἰουδαίων</strong></span> <span class='ocrx_word' id='word_1_388' title='bbox 1630 283 1645 318; x_wconf 83' lang='grc' dir='ltr'>ἢ</span> <span class='ocrx_word' id='word_1_389' title='bbox 1659 283 1810 318; x_wconf 80' lang='grc' dir='ltr'>αἱρετικῶν</span> 
     </span>
    </p>
   </div>
   <div class='ocr_carea' id='block_1_64' title="bbox 1022 326 1810 364">
    <p class='ocr_par' dir='ltr' id='par_1_64' title="bbox 1022 326 1810 364">
     <span class='ocr_line' id='line_1_64' title="bbox 1022 326 1810 364; baseline 0.005 -11"><span class='ocrx_word' id='word_1_390' title='bbox 1022 329 1191 363; x_wconf 78' lang='grc' dir='ltr'><strong>πεμπόμενα</strong></span> <span class='ocrx_word' id='word_1_391' title='bbox 1209 328 1376 363; x_wconf 76' lang='grc' dir='ltr'>ἑορταστικᾰ</span> <span class='ocrx_word' id='word_1_392' title='bbox 1393 326 1553 361; x_wconf 73' lang='grc' dir='ltr'>λαμϐάνειν,</span> <span class='ocrx_word' id='word_1_393' title='bbox 1577 329 1593 364; x_wconf 88' lang='grc' dir='ltr'>ἢ</span> <span class='ocrx_word' id='word_1_394' title='bbox 1618 330 1810 364; x_wconf 78' lang='grc' dir='ltr'>συνεορτάζειν</span> 
     </span>
    </p>
   </div>
   <div class='ocr_carea' id='block_1_65' title="bbox 1021 373 1260 408">
    <p class='ocr_par' dir='ltr' id='par_1_65' title="bbox 1021 373 1260 408">
     <span class='ocr_line' id='line_1_65' title="bbox 1021 373 1260 408; baseline 0.004 -8"><span class='ocrx_word' id='word_1_395' title='bbox 1021 373 1125 404; x_wconf 81' lang='grc' dir='ltr'>τούτοις</span> <span class='ocrx_word' id='word_1_396' title='bbox 1139 374 1260 408; x_wconf 75' lang='grc' dir='ltr'>ἐφίησιν.</span> 
     </span>
    </p>
   </div>
   <div class='ocr_carea' id='block_1_66' title="bbox 1061 419 1810 455">
    <p class='ocr_par' dir='ltr' id='par_1_66' title="bbox 1061 419 1810 455">
     <span class='ocr_line' id='line_1_66' title="bbox 1061 419 1810 455; baseline 0.001 -9"><span class='ocrx_word' id='word_1_397' title='bbox 1061 419 1090 446; x_wconf 81' lang='lat'><strong>&#39;0</strong></span> <span class='ocrx_word' id='word_1_398' title='bbox 1107 420 1135 446; x_wconf 83' lang='grc' dir='ltr'>δὲ</span> <span class='ocrx_word' id='word_1_399' title='bbox 1152 419 1173 446; x_wconf 90' lang='grc' dir='ltr'><strong>θ’</strong></span> <span class='ocrx_word' id='word_1_400' title='bbox 1195 421 1240 446; x_wconf 77' lang='grc' dir='ltr'>καὶ</span> <span class='ocrx_word' id='word_1_401' title='bbox 1256 420 1304 453; x_wconf 82' lang='grc' dir='ltr'>λδ’,</span> <span class='ocrx_word' id='word_1_402' title='bbox 1324 421 1387 453; x_wconf 72' lang='grc' dir='ltr'>τοὺς</span> <span class='ocrx_word' id='word_1_403' title='bbox 1405 419 1666 455; x_wconf 81' lang='grc' dir='ltr'>καταλιμπάνοντας</span> <span class='ocrx_word' id='word_1_404' title='bbox 1679 421 1742 452; x_wconf 79' lang='grc' dir='ltr'>τοὺς</span> <span class='ocrx_word' id='word_1_405' title='bbox 1759 421 1810 448; x_wconf 77' lang='grc' dir='ltr'>τοῦ</span> 
     </span>
    </p>
   </div>
   <div class='ocr_carea' id='block_1_67' title="bbox 1021 465 1810 501">
    <p class='ocr_par' dir='ltr' id='par_1_67' title="bbox 1021 465 1810 501">
     <span class='ocr_line' id='line_1_67' title="bbox 1021 465 1810 501; baseline 0.001 -9"><span class='ocrx_word' id='word_1_406' title='bbox 1021 465 1139 500; x_wconf 80' lang='grc' dir='ltr'><strong>Χριστοῦ</strong></span> <span class='ocrx_word' id='word_1_407' title='bbox 1158 467 1313 501; x_wconf 79' lang='grc' dir='ltr'>μάρτυρας,</span> <span class='ocrx_word' id='word_1_408' title='bbox 1325 468 1372 494; x_wconf 70' lang='grc' dir='ltr'><strong>καὶ</strong></span> <span class='ocrx_word' id='word_1_409' title='bbox 1385 467 1517 497; x_wconf 82' lang='grc' dir='ltr'><strong>ἀπιόντας</strong></span> <span class='ocrx_word' id='word_1_410' title='bbox 1531 467 1570 497; x_wconf 72' lang='grc' dir='ltr'><strong>εἰς</strong></span> <span class='ocrx_word' id='word_1_411' title='bbox 1585 467 1648 498; x_wconf 79' lang='grc' dir='ltr'>τοὺς</span> <span class='ocrx_word' id='word_1_412' title='bbox 1664 467 1718 493; x_wconf 85' lang='grc' dir='ltr'>τῶν</span> <span class='ocrx_word' id='word_1_413' title='bbox 1730 468 1810 501; x_wconf 73' lang='grc' dir='ltr'>αἱρε-</span> 
     </span>
    </p>
   </div>
   <div class='ocr_carea' id='block_1_68' title="bbox 1020 508 1810 545">
    <p class='ocr_par' dir='ltr' id='par_1_68' title="bbox 1020 508 1810 545">
     <span class='ocr_line' id='line_1_68' title="bbox 1020 508 1810 545; baseline 0.006 -12"><span class='ocrx_word' id='word_1_414' title='bbox 1020 508 1104 534; x_wconf 77' lang='grc' dir='ltr'>τικῶν</span> <span class='ocrx_word' id='word_1_415' title='bbox 1122 508 1361 544; x_wconf 72' lang='grc' dir='ltr'>ψευδομάρτυρας,</span> <span class='ocrx_word' id='word_1_416' title='bbox 1383 511 1429 536; x_wconf 76' lang='grc' dir='ltr'><strong>καὶ</strong></span> <span class='ocrx_word' id='word_1_417' title='bbox 1444 511 1484 541; x_wconf 86' lang='grc' dir='ltr'><strong>είς</strong></span> <span class='ocrx_word' id='word_1_418' title='bbox 1503 511 1537 536; x_wconf 81' lang='grc' dir='ltr'>τὰ</span> <span class='ocrx_word' id='word_1_419' title='bbox 1551 510 1685 545; x_wconf 78' lang='grc' dir='ltr'>λεγόμενα</span> <span class='ocrx_word' id='word_1_420' title='bbox 1702 511 1810 538; x_wconf 85' lang='grc' dir='ltr'>τούτων</span> 
     </span>
    </p>
   </div>
   <div class='ocr_carea' id='block_1_69' title="bbox 1023 554 1812 590">
    <p class='ocr_par' dir='ltr' id='par_1_69' title="bbox 1023 554 1812 590">
     <span class='ocr_line' id='line_1_69' title="bbox 1023 554 1812 590; baseline 0.006 -11"><span class='ocrx_word' id='word_1_421' title='bbox 1023 554 1161 588; x_wconf 80' lang='grc' dir='ltr'>μαρτύρια</span> <span class='ocrx_word' id='word_1_422' title='bbox 1173 556 1219 581; x_wconf 72' lang='grc' dir='ltr'>καὶ</span> <span class='ocrx_word' id='word_1_423' title='bbox 1235 557 1412 590; x_wconf 77' lang='grc' dir='ltr'>κοιμητήρια,</span> <span class='ocrx_word' id='word_1_424' title='bbox 1423 556 1460 588; x_wconf 76' lang='grc' dir='ltr'>ὡς</span> <span class='ocrx_word' id='word_1_425' title='bbox 1472 557 1681 590; x_wconf 78' lang='grc' dir='ltr'>ἀλλοτριοῠντα;</span> <span class='ocrx_word' id='word_1_426' title='bbox 1693 558 1812 588; x_wconf 76' lang='grc' dir='ltr'>ἑαυτοὺς</span> 
     </span>
    </p>
   </div>
   <div class='ocr_carea' id='block_1_70' title="bbox 1020 599 1812 637">
    <p class='ocr_par' dir='ltr' id='par_1_70' title="bbox 1020 599 1812 637">
     <span class='ocr_line' id='line_1_70' title="bbox 1020 599 1812 637; baseline 0.005 -13"><span class='ocrx_word' id='word_1_427' title='bbox 1020 599 1068 625; x_wconf 83' lang='grc' dir='ltr'>τοῦ</span> <span class='ocrx_word' id='word_1_428' title='bbox 1081 600 1158 631; x_wconf 82' lang='grc' dir='ltr'>Θεοῦ,</span> <span class='ocrx_word' id='word_1_429' title='bbox 1175 601 1189 626; x_wconf 82' lang='grc' dir='ltr'>ὁ</span> <span class='ocrx_word' id='word_1_430' title='bbox 1204 601 1252 635; x_wconf 85' lang='grc' dir='ltr'>μὲν</span> <span class='ocrx_word' id='word_1_431' title='bbox 1263 601 1313 635; x_wconf 79' lang='grc' dir='ltr'>τῆς</span> <span class='ocrx_word' id='word_1_432' title='bbox 1327 603 1466 632; x_wconf 73' lang='grc' dir='ltr'>κοινωνίας</span> <span class='ocrx_word' id='word_1_433' title='bbox 1485 601 1566 636; x_wconf 82' lang='grc' dir='ltr'>μέχρι</span> <span class='ocrx_word' id='word_1_434' title='bbox 1579 601 1651 633; x_wconf 74' lang='grc' dir='ltr'>τινὸς</span> <span class='ocrx_word' id='word_1_435' title='bbox 1667 602 1812 637; x_wconf 83' lang='grc' dir='ltr'>ἀπείργει,</span> 
     </span>
    </p>
   </div>
   <div class='ocr_carea' id='block_1_71' title="bbox 1021 645 1813 682">
    <p class='ocr_par' dir='ltr' id='par_1_71' title="bbox 1021 645 1813 682">
     <span class='ocr_line' id='line_1_71' title="bbox 1021 645 1813 682; baseline 0.003 -11"><span class='ocrx_word' id='word_1_436' title='bbox 1021 645 1034 671; x_wconf 84' lang='grc' dir='ltr'><strong>ὁ</strong></span> <span class='ocrx_word' id='word_1_437' title='bbox 1051 646 1079 671; x_wconf 81' lang='grc' dir='ltr'>δὲ</span> <span class='ocrx_word' id='word_1_438' title='bbox 1095 645 1300 680; x_wconf 77' lang='grc' dir='ltr'>ἀναθεματίζει.</span> <span class='ocrx_word' id='word_1_439' title='bbox 1323 647 1405 678; x_wconf 67' lang='grc' dir='ltr'>Εἰκὸς</span> <span class='ocrx_word' id='word_1_440' title='bbox 1434 648 1487 682; x_wconf 75' lang='grc' dir='ltr'>γὰρ</span> <span class='ocrx_word' id='word_1_441' title='bbox 1513 656 1590 678; x_wconf 78' lang='grc' dir='ltr'>τινας</span> <span class='ocrx_word' id='word_1_442' title='bbox 1613 647 1813 682; x_wconf 78' lang='grc' dir='ltr'><strong>ὑποκειμένους</strong></span> 
     </span>
    </p>
   </div>
   <div class='ocr_carea' id='block_1_72' title="bbox 1021 692 1814 728">
    <p class='ocr_par' dir='ltr' id='par_1_72' title="bbox 1021 692 1814 728">
     <span class='ocr_line' id='line_1_72' title="bbox 1021 692 1814 728; baseline 0.001 -10"><span class='ocrx_word' id='word_1_443' title='bbox 1021 692 1172 726; x_wconf 78' lang='grc' dir='ltr'>αἱρέσεσιν,</span> <span class='ocrx_word' id='word_1_444' title='bbox 1191 693 1220 718; x_wconf 81' lang='grc' dir='ltr'>ὲν</span> <span class='ocrx_word' id='word_1_445' title='bbox 1233 694 1288 724; x_wconf 71' lang='grc' dir='ltr'>τοῖς</span> <span class='ocrx_word' id='word_1_446' title='bbox 1313 693 1456 728; x_wconf 78' lang='grc' dir='ltr'>διωγμοῖς,</span> <span class='ocrx_word' id='word_1_447' title='bbox 1480 694 1606 725; x_wconf 74' lang='grc' dir='ltr'><strong>ἐνστῆναι</strong></span> <span class='ocrx_word' id='word_1_448' title='bbox 1623 693 1705 728; x_wconf 80' lang='grc' dir='ltr'>μέχρι</span> <span class='ocrx_word' id='word_1_449' title='bbox 1728 694 1814 720; x_wconf 82' lang='grc' dir='ltr'>θανά-</span> 
     </span>
    </p>
   </div>
   <div class='ocr_carea' id='block_1_73' title="bbox 1021 737 1812 774">
    <p class='ocr_par' dir='ltr' id='par_1_73' title="bbox 1021 737 1812 774">
     <span class='ocr_line' id='line_1_73' title="bbox 1021 737 1812 774; baseline 0.004 -11"><span class='ocrx_word' id='word_1_450' title='bbox 1021 745 1080 768; x_wconf 76' lang='grc' dir='ltr'>του,</span> <span class='ocrx_word' id='word_1_451' title='bbox 1097 737 1143 769; x_wconf 86' lang='grc' dir='ltr'><strong>οὓς</strong></span> <span class='ocrx_word' id='word_1_452' title='bbox 1158 739 1204 764; x_wconf 79' lang='grc' dir='ltr'>καὶ</span> <span class='ocrx_word' id='word_1_453' title='bbox 1221 740 1364 774; x_wconf 76' lang='grc' dir='ltr'>μάρτυρας</span> <span class='ocrx_word' id='word_1_454' title='bbox 1380 740 1405 766; x_wconf 79' lang='grc' dir='ltr'>οἱ</span> <span class='ocrx_word' id='word_1_455' title='bbox 1421 739 1611 774; x_wconf 77' lang='grc' dir='ltr'>ὁμοδοξοῦντες</span> <span class='ocrx_word' id='word_1_456' title='bbox 1633 739 1728 769; x_wconf 70' lang='grc' dir='ltr'>αὐτοῖς</span> <span class='ocrx_word' id='word_1_457' title='bbox 1744 740 1812 766; x_wconf 79' lang='grc' dir='ltr'>ὲκόι-</span> 
     </span>
    </p>
   </div>
   <div class='ocr_carea' id='block_1_74' title="bbox 1022 783 1813 819">
    <p class='ocr_par' dir='ltr' id='par_1_74' title="bbox 1022 783 1813 819">
     <span class='ocr_line' id='line_1_74' title="bbox 1022 783 1813 819; baseline 0.001 -10"><span class='ocrx_word' id='word_1_458' title='bbox 1022 783 1094 816; x_wconf 78' lang='grc' dir='ltr'>λουν,</span> <span class='ocrx_word' id='word_1_459' title='bbox 1112 784 1250 819; x_wconf 77' lang='grc' dir='ltr'>μαρτύριά</span> <span class='ocrx_word' id='word_1_460' title='bbox 1266 793 1295 811; x_wconf 79' lang='grc' dir='ltr'><strong>τε</strong></span> <span class='ocrx_word' id='word_1_461' title='bbox 1317 785 1381 817; x_wconf 83' lang='grc' dir='ltr'>τοὺς</span> <span class='ocrx_word' id='word_1_462' title='bbox 1398 785 1501 819; x_wconf 73' lang='grc' dir='ltr'>οἴκους,</span> <span class='ocrx_word' id='word_1_463' title='bbox 1520 786 1549 812; x_wconf 82' lang='grc' dir='ltr'>ὲν</span> <span class='ocrx_word' id='word_1_464' title='bbox 1573 783 1613 816; x_wconf 77' lang='grc' dir='ltr'><strong>οἷς</strong></span> <span class='ocrx_word' id='word_1_465' title='bbox 1637 785 1671 811; x_wconf 73' lang='grc' dir='ltr'><strong>τὰ</strong></span> <span class='ocrx_word' id='word_1_466' title='bbox 1695 785 1813 811; x_wconf 70' lang='grc' dir='ltr'>ἐκείνων</span> 
     </span>
    </p>
   </div>
   <div class='ocr_carea' id='block_1_75' title="bbox 1024 830 1296 865">
    <p class='ocr_par' dir='ltr' id='par_1_75' title="bbox 1024 830 1296 865">
     <span class='ocr_line' id='line_1_75' title="bbox 1024 830 1296 865; baseline 0.007 -10"><span class='ocrx_word' id='word_1_467' title='bbox 1024 830 1155 856; x_wconf 74' lang='grc' dir='ltr'>ἐτέθαπτο</span> <span class='ocrx_word' id='word_1_468' title='bbox 1172 830 1296 865; x_wconf 84' lang='grc' dir='ltr'>σώματα.</span> 
     </span>
    </p>
   </div>
   <div class='ocr_carea' id='block_1_76' title="bbox 1063 875 1811 913">
    <p class='ocr_par' dir='ltr' id='par_1_76' title="bbox 1063 875 1811 913">
     <span class='ocr_line' id='line_1_76' title="bbox 1063 875 1811 913; baseline 0.003 -12"><span class='ocrx_word' id='word_1_469' title='bbox 1063 875 1093 902; x_wconf 91' lang='lat' dir='ltr'><strong>&#39;O</strong></span> <span class='ocrx_word' id='word_1_470' title='bbox 1110 876 1137 902; x_wconf 81' lang='grc' dir='ltr'>δὲ</span> <span class='ocrx_word' id='word_1_471' title='bbox 1154 875 1177 902; x_wconf 88' lang='lat'><strong>0&#39;</strong></span> <span class='ocrx_word' id='word_1_472' title='bbox 1194 877 1326 911; x_wconf 80' lang='grc' dir='ltr'><strong>Τιμοθέου</strong></span> <span class='ocrx_word' id='word_1_473' title='bbox 1358 877 1574 913; x_wconf 74' lang='grc' dir='ltr'>Ἀλεξανδρείας,</span> <span class='ocrx_word' id='word_1_474' title='bbox 1596 877 1647 909; x_wconf 79' lang='grc' dir='ltr'>τῆς</span> <span class='ocrx_word' id='word_1_475' title='bbox 1665 877 1740 909; x_wconf 84' lang='grc' dir='ltr'>θείας</span> <span class='ocrx_word' id='word_1_476' title='bbox 1764 886 1811 904; x_wconf 82' lang='grc' dir='ltr'>τε·</span> 
     </span>
    </p>
   </div>
   <div class='ocr_carea' id='block_1_77' title="bbox 1025 921 1814 960">
    <p class='ocr_par' dir='ltr' id='par_1_77' title="bbox 1025 921 1814 960">
     <span class='ocr_line' id='line_1_77' title="bbox 1025 921 1814 960; baseline 0.004 -13"><span class='ocrx_word' id='word_1_477' title='bbox 1025 921 1160 957; x_wconf 66' lang='grc' dir='ltr'>λουμένης</span> <span class='ocrx_word' id='word_1_478' title='bbox 1177 924 1344 958; x_wconf 83' lang='grc' dir='ltr'>ἱερουργίας,</span> <span class='ocrx_word' id='word_1_479' title='bbox 1365 925 1398 959; x_wconf 82' lang='grc' dir='ltr'><strong>τῇ</strong></span> <span class='ocrx_word' id='word_1_480' title='bbox 1416 925 1481 960; x_wconf 86' lang='grc' dir='ltr'><strong>εὐχῇ</strong></span> <span class='ocrx_word' id='word_1_481' title='bbox 1498 925 1603 951; x_wconf 82' lang='grc' dir='ltr'>κελεύει</span> <span class='ocrx_word' id='word_1_482' title='bbox 1623 925 1688 955; x_wconf 82' lang='grc' dir='ltr'>τοὺς</span> <span class='ocrx_word' id='word_1_483' title='bbox 1704 925 1814 959; x_wconf 85' lang='grc' dir='ltr'>αίρετι-</span> 
     </span>
    </p>
   </div>
   <div class='ocr_carea' id='block_1_78' title="bbox 1024 965 1814 1004">
    <p class='ocr_par' dir='ltr' id='par_1_78' title="bbox 1024 965 1814 1004">
     <span class='ocr_line' id='line_1_78' title="bbox 1024 965 1814 1004; baseline 0.005 -13"><span class='ocrx_word' id='word_1_484' title='bbox 1024 965 1091 997; x_wconf 74' lang='grc' dir='ltr'>κους</span> <span class='ocrx_word' id='word_1_485' title='bbox 1105 968 1143 1000; x_wconf 78' lang='grc' dir='ltr'>μὴ</span> <span class='ocrx_word' id='word_1_486' title='bbox 1157 968 1295 1002; x_wconf 82' lang='grc' dir='ltr'>παρεῖναι,</span> <span class='ocrx_word' id='word_1_487' title='bbox 1306 969 1331 994; x_wconf 86' lang='grc' dir='ltr'><strong>εί</strong></span> <span class='ocrx_word' id='word_1_488' title='bbox 1341 969 1378 1004; x_wconf 83' lang='grc' dir='ltr'>μή</span> <span class='ocrx_word' id='word_1_489' title='bbox 1391 977 1441 995; x_wconf 87' lang='grc' dir='ltr'><strong>που</strong></span> <span class='ocrx_word' id='word_1_490' title='bbox 1462 970 1603 1003; x_wconf 77' lang='grc' dir='ltr'>μετανοεῖν</span> <span class='ocrx_word' id='word_1_491' title='bbox 1616 969 1814 1003; x_wconf 74' lang='grc' dir='ltr'>ὲπαγγέλλοινε</span> 
     </span>
    </p>
   </div>
   <div class='ocr_carea' id='block_1_79' title="bbox 1024 1011 1812 1048">
    <p class='ocr_par' dir='ltr' id='par_1_79' title="bbox 1024 1011 1812 1048">
     <span class='ocr_line' id='line_1_79' title="bbox 1024 1011 1812 1048; baseline 0.004 -11"><span class='ocrx_word' id='word_1_492' title='bbox 1024 1019 1066 1038; x_wconf 83' lang='grc' dir='ltr'>το.</span> <span class='ocrx_word' id='word_1_493' title='bbox 1090 1011 1120 1037; x_wconf 72' lang='grc' dir='ltr'><strong>ΕΣ</strong></span> <span class='ocrx_word' id='word_1_494' title='bbox 1139 1011 1194 1047; x_wconf 84' lang='grc' dir='ltr'><strong>γὰρ</strong></span> <span class='ocrx_word' id='word_1_495' title='bbox 1207 1014 1263 1043; x_wconf 91' lang='grc' dir='ltr'>τοῖς</span> <span class='ocrx_word' id='word_1_496' title='bbox 1278 1013 1492 1048; x_wconf 83' lang='grc' dir='ltr'>κατηχουμένοις</span> <span class='ocrx_word' id='word_1_497' title='bbox 1514 1013 1594 1040; x_wconf 84' lang='grc' dir='ltr'>τοῦτο</span> <span class='ocrx_word' id='word_1_498' title='bbox 1617 1014 1668 1040; x_wconf 72' lang='grc' dir='ltr'>οὒκ</span> <span class='ocrx_word' id='word_1_499' title='bbox 1690 1015 1812 1048; x_wconf 77' lang='grc' dir='ltr'>ἐφεῖται,</span> 
     </span>
    </p>
   </div>
   <div class='ocr_carea' id='block_1_80' title="bbox 1025 1057 1812 1094">
    <p class='ocr_par' dir='ltr' id='par_1_80' title="bbox 1025 1057 1812 1094">
     <span class='ocr_line' id='line_1_80' title="bbox 1025 1057 1812 1094; baseline 0.001 -10"><span class='ocrx_word' id='word_1_500' title='bbox 1025 1057 1123 1084; x_wconf 83' lang='grc' dir='ltr'>πολλοῦ</span> <span class='ocrx_word' id='word_1_501' title='bbox 1135 1066 1166 1091; x_wconf 90' lang='grc' dir='ltr'><strong>γε</strong></span> <span class='ocrx_word' id='word_1_502' title='bbox 1181 1059 1221 1084; x_wconf 89' lang='grc' dir='ltr'><strong>δεῖ</strong></span> <span class='ocrx_word' id='word_1_503' title='bbox 1234 1060 1291 1090; x_wconf 79' lang='grc' dir='ltr'>τοῖς</span> <span class='ocrx_word' id='word_1_504' title='bbox 1306 1059 1471 1094; x_wconf 80' lang='grc' dir='ltr'>αἰρετικοῖς⁶</span> <span class='ocrx_word' id='word_1_505' title='bbox 1488 1059 1555 1086; x_wconf 74' lang='grc' dir='ltr'>ἀλλὰ</span> <span class='ocrx_word' id='word_1_506' title='bbox 1568 1060 1615 1086; x_wconf 77' lang='grc' dir='ltr'><strong>καὶ</strong></span> <span class='ocrx_word' id='word_1_507' title='bbox 1630 1060 1654 1086; x_wconf 73' lang='grc' dir='ltr'><strong>οἱ</strong></span> <span class='ocrx_word' id='word_1_508' title='bbox 1671 1061 1812 1094; x_wconf 77' lang='grc' dir='ltr'>ἐπαγγελ-</span> 
     </span>
    </p>
   </div>
   <div class='ocr_carea' id='block_1_81' title="bbox 1024 1104 1811 1140">
    <p class='ocr_par' dir='ltr' id='par_1_81' title="bbox 1024 1104 1811 1140">
     <span class='ocr_line' id='line_1_81' title="bbox 1024 1104 1811 1140; baseline 0.001 -9"><span class='ocrx_word' id='word_1_509' title='bbox 1024 1105 1144 1139; x_wconf 87' lang='grc' dir='ltr'>λόμενοι,</span> <span class='ocrx_word' id='word_1_510' title='bbox 1163 1106 1191 1131; x_wconf 79' lang='grc' dir='ltr'>ὲν</span> <span class='ocrx_word' id='word_1_511' title='bbox 1214 1105 1301 1140; x_wconf 83' lang='grc' dir='ltr'>τόπῳ,</span> <span class='ocrx_word' id='word_1_512' title='bbox 1321 1104 1351 1135; x_wconf 75' lang='grc' dir='ltr'>ὃς</span> <span class='ocrx_word' id='word_1_513' title='bbox 1375 1105 1482 1131; x_wconf 76' lang='grc' dir='ltr'>ἀνεῖται</span> <span class='ocrx_word' id='word_1_514' title='bbox 1505 1106 1562 1136; x_wconf 80' lang='grc' dir='ltr'>τοῖς</span> <span class='ocrx_word' id='word_1_515' title='bbox 1581 1107 1811 1140; x_wconf 78' lang='grc' dir='ltr'>κατηχουμένοις,</span> 
     </span>
    </p>
   </div>
   <div class='ocr_carea' id='block_1_82' title="bbox 1025 1151 1812 1186">
    <p class='ocr_par' dir='ltr' id='par_1_82' title="bbox 1025 1151 1812 1186">
     <span class='ocr_line' id='line_1_82' title="bbox 1025 1151 1812 1186; baseline 0.003 -9"><span class='ocrx_word' id='word_1_516' title='bbox 1025 1151 1177 1186; x_wconf 78' lang='grc' dir='ltr'>ὲστήξουσι,</span> <span class='ocrx_word' id='word_1_517' title='bbox 1198 1151 1235 1186; x_wconf 83' lang='grc' dir='ltr'>μὴ</span> <span class='ocrx_word' id='word_1_518' title='bbox 1258 1151 1415 1186; x_wconf 81' lang='grc' dir='ltr'>βουλόμενοι</span> <span class='ocrx_word' id='word_1_519' title='bbox 1432 1151 1459 1177; x_wconf 80' lang='grc' dir='ltr'>δὲ</span> <span class='ocrx_word' id='word_1_520' title='bbox 1478 1153 1629 1186; x_wconf 84' lang='grc' dir='ltr'>μετανοεῖν,</span> <span class='ocrx_word' id='word_1_521' title='bbox 1653 1152 1699 1178; x_wconf 77' lang='grc' dir='ltr'>καὶ</span> <span class='ocrx_word' id='word_1_522' title='bbox 1713 1152 1812 1179; x_wconf 73' lang='grc' dir='ltr'>τούτου</span> 
     </span>
    </p>
   </div>
   <div class='ocr_carea' id='block_1_83' title="bbox 978 1197 1252 1232">
    <p class='ocr_par' dir='ltr' id='par_1_83' title="bbox 978 1197 1252 1232">
     <span class='ocr_line' id='line_1_83' title="bbox 978 1197 1252 1232; baseline -0.007 -7"><span class='ocrx_word' id='word_1_523' title='bbox 978 1224 981 1225; x_wconf 65' lang='lat'>,</span> <span class='ocrx_word' id='word_1_524' title='bbox 1024 1197 1252 1232; x_wconf 75' lang='grc' dir='ltr'>ἐκϐληθήσονται.</span> 
     </span>
    </p>
   </div>
   <div class='ocr_carea' id='block_1_84' title="bbox 1026 1251 1814 1287">
    <p class='ocr_par' dir='ltr' id='par_1_84' title="bbox 1026 1251 1814 1287">
     <span class='ocr_line' id='line_1_84' title="bbox 1026 1251 1814 1287; baseline 0.004 -10"><span class='ocrx_word' id='word_1_525' title='bbox 1026 1251 1091 1277; x_wconf 74' lang='grc' dir='ltr'><strong>ὀτι</strong></span> <span class='ocrx_word' id='word_1_526' title='bbox 1106 1251 1177 1284; x_wconf 86' lang='grc' dir='ltr'>τοὺς</span> <span class='ocrx_word' id='word_1_527' title='bbox 1192 1251 1226 1278; x_wconf 83' lang='grc' dir='ltr'><strong>ὲν</strong></span> <span class='ocrx_word' id='word_1_528' title='bbox 1241 1251 1335 1284; x_wconf 76' lang='grc' dir='ltr'>ἐξόδῳ</span> <span class='ocrx_word' id='word_1_529' title='bbox 1346 1252 1569 1286; x_wconf 80' lang='grc' dir='ltr'>μετανοοῦντας</span> <span class='ocrx_word' id='word_1_530' title='bbox 1584 1253 1643 1279; x_wconf 82' lang='grc' dir='ltr'>τῶν</span> <span class='ocrx_word' id='word_1_531' title='bbox 1654 1253 1814 1287; x_wconf 62' lang='lat' dir='ltr'><strong>clipeum?»-</strong></span> 
     </span>
    </p>
   </div>
   <div class='ocr_carea' id='block_1_85' title="bbox 1304 1287 1528 1322">
    <p class='ocr_par' dir='ltr' id='par_1_85' title="bbox 1304 1287 1528 1322">
     <span class='ocr_line' id='line_1_85' title="bbox 1304 1287 1528 1322; baseline 0 -9"><span class='ocrx_word' id='word_1_532' title='bbox 1304 1287 1444 1320; x_wconf 75' lang='grc' dir='ltr'>δέχεσθαι</span> <span class='ocrx_word' id='word_1_533' title='bbox 1459 1288 1528 1322; x_wconf 81' lang='grc' dir='ltr'><strong>χρή.</strong></span> 
     </span>
    </p>
   </div>
   <div class='ocr_carea' id='block_1_86' title="bbox 1067 1331 1813 1369">
    <p class='ocr_par' dir='ltr' id='par_1_86' title="bbox 1067 1331 1813 1369">
     <span class='ocr_line' id='line_1_86' title="bbox 1067 1331 1813 1369; baseline 0.004 -12"><span class='ocrx_word' id='word_1_534' title='bbox 1067 1331 1096 1358; x_wconf 90' lang='lat'><strong>&#39;0</strong></span> <span class='ocrx_word' id='word_1_535' title='bbox 1112 1331 1141 1358; x_wconf 81' lang='grc' dir='ltr'>δὲ</span> <span class='ocrx_word' id='word_1_536' title='bbox 1157 1331 1244 1367; x_wconf 78' lang='grc' dir='ltr'>μέγας</span> <span class='ocrx_word' id='word_1_537' title='bbox 1271 1332 1421 1365; x_wconf 72' lang='grc' dir='ltr'>Βασίλειος,</span> <span class='ocrx_word' id='word_1_538' title='bbox 1440 1335 1469 1360; x_wconf 85' lang='grc' dir='ltr'>ὲν</span> <span class='ocrx_word' id='word_1_539' title='bbox 1495 1334 1535 1368; x_wconf 84' lang='grc' dir='ltr'>τῷ</span> <span class='ocrx_word' id='word_1_540' title='bbox 1561 1334 1679 1369; x_wconf 76' lang='grc' dir='ltr'>πέμπτῳ</span> <span class='ocrx_word' id='word_1_541' title='bbox 1707 1335 1813 1366; x_wconf 77' lang='grc' dir='ltr'>κανόνι,</span> 
     </span>
    </p>
   </div>
   <div class='ocr_carea' id='block_1_87' title="bbox 1027 1376 1815 1416">
    <p class='ocr_par' dir='ltr' id='par_1_87' title="bbox 1027 1376 1815 1416">
     <span class='ocr_line' id='line_1_87' title="bbox 1027 1376 1815 1416; baseline 0.004 -13"><span class='ocrx_word' id='word_1_542' title='bbox 1027 1376 1189 1412; x_wconf 84' lang='grc' dir='ltr'>σύμπαντας</span> <span class='ocrx_word' id='word_1_543' title='bbox 1204 1378 1267 1410; x_wconf 65' lang='grc' dir='ltr'>τοὶς</span> <span class='ocrx_word' id='word_1_544' title='bbox 1284 1379 1312 1404; x_wconf 79' lang='grc' dir='ltr'>ἐν</span> <span class='ocrx_word' id='word_1_545' title='bbox 1328 1378 1411 1414; x_wconf 67' lang='grc' dir='ltr'>ἐξόδῳ</span> <span class='ocrx_word' id='word_1_546' title='bbox 1428 1380 1628 1414; x_wconf 78' lang='grc' dir='ltr'>μετανοοῦντας</span> <span class='ocrx_word' id='word_1_547' title='bbox 1641 1381 1695 1407; x_wconf 85' lang='grc' dir='ltr'><strong>τῶν</strong></span> <span class='ocrx_word' id='word_1_548' title='bbox 1710 1382 1815 1416; x_wconf 74' lang='grc' dir='ltr'>αἱρετι-</span> 
     </span>
    </p>
   </div>
   <div class='ocr_carea' id='block_1_88' title="bbox 1026 1423 1814 1461">
    <p class='ocr_par' dir='ltr' id='par_1_88' title="bbox 1026 1423 1814 1461">
     <span class='ocr_line' id='line_1_88' title="bbox 1026 1423 1814 1461; baseline 0.004 -11"><span class='ocrx_word' id='word_1_549' title='bbox 1026 1423 1081 1450; x_wconf 80' lang='grc' dir='ltr'><strong>κῶν</strong></span> <span class='ocrx_word' id='word_1_550' title='bbox 1096 1423 1236 1450; x_wconf 83' lang='grc' dir='ltr'>ἐπιτάττει</span> <span class='ocrx_word' id='word_1_551' title='bbox 1257 1424 1464 1460; x_wconf 79' lang='grc' dir='ltr'>προσδέχεσθαι,</span> <span class='ocrx_word' id='word_1_552' title='bbox 1492 1425 1689 1461; x_wconf 72' lang='grc' dir='ltr'>δοκιμάζοντας</span> <span class='ocrx_word' id='word_1_553' title='bbox 1713 1427 1764 1461; x_wconf 77' lang='grc' dir='ltr'>μὲν</span> <span class='ocrx_word' id='word_1_554' title='bbox 1788 1427 1814 1454; x_wconf 69' lang='grc' dir='ltr'>οἱ</span> 
     </span>
    </p>
   </div>
   <div class='ocr_carea' id='block_1_89' title="bbox 1025 1469 1814 1506">
    <p class='ocr_par' dir='ltr' id='par_1_89' title="bbox 1025 1469 1814 1506">
     <span class='ocr_line' id='line_1_89' title="bbox 1025 1469 1814 1506; baseline 0.006 -11"><span class='ocrx_word' id='word_1_555' title='bbox 1025 1469 1113 1504; x_wconf 79' lang='grc' dir='ltr'>ἀληθῆ</span> <span class='ocrx_word' id='word_1_556' title='bbox 1136 1469 1185 1504; x_wconf 85' lang='grc' dir='ltr'>τὴν</span> <span class='ocrx_word' id='word_1_557' title='bbox 1215 1471 1360 1505; x_wconf 86' lang='grc' dir='ltr'>μετάνοιαν</span> <span class='ocrx_word' id='word_1_558' title='bbox 1382 1471 1602 1505; x_wconf 76' lang='grc' dir='ltr'>ἐπιδείκνυνται,</span> <span class='ocrx_word' id='word_1_559' title='bbox 1630 1473 1677 1500; x_wconf 74' lang='grc' dir='ltr'><strong>καὶ</strong></span> <span class='ocrx_word' id='word_1_560' title='bbox 1702 1474 1727 1500; x_wconf 77' lang='grc' dir='ltr'><strong>εί</strong></span> <span class='ocrx_word' id='word_1_561' title='bbox 1748 1475 1814 1506; x_wconf 80' lang='grc' dir='ltr'>τοὺς</span> 
     </span>
    </p>
   </div>
   <div class='ocr_carea' id='block_1_90' title="bbox 1027 1516 1813 1556">
    <p class='ocr_par' dir='ltr' id='par_1_90' title="bbox 1027 1516 1813 1556">
     <span class='ocr_line' id='line_1_90' title="bbox 1027 1516 1813 1556; baseline 0.006 -14"><span class='ocrx_word' id='word_1_562' title='bbox 1027 1516 1152 1551; x_wconf 81' lang='grc' dir='ltr'>καρποὺς</span> <span class='ocrx_word' id='word_1_563' title='bbox 1174 1516 1265 1552; x_wconf 76' lang='grc' dir='ltr'>ἔχουσι</span> <span class='ocrx_word' id='word_1_564' title='bbox 1282 1517 1487 1553; x_wconf 81' lang='grc' dir='ltr'>μαρτυροῦντας</span> <span class='ocrx_word' id='word_1_565' title='bbox 1503 1520 1537 1554; x_wconf 75' lang='grc' dir='ltr'>τῇ</span> <span class='ocrx_word' id='word_1_566' title='bbox 1555 1520 1622 1554; x_wconf 78' lang='grc' dir='ltr'>πρὸς</span> <span class='ocrx_word' id='word_1_567' title='bbox 1639 1520 1667 1546; x_wconf 82' lang='grc' dir='ltr'>τὸ</span> <span class='ocrx_word' id='word_1_568' title='bbox 1690 1521 1813 1556; x_wconf 80' lang='grc' dir='ltr'>σωθῆναι</span> 
     </span>
    </p>
   </div>
   <div class='ocr_carea' id='block_1_91' title="bbox 1026 1563 1141 1598">
    <p class='ocr_par' dir='ltr' id='par_1_91' title="bbox 1026 1563 1141 1598">
     <span class='ocr_line' id='line_1_91' title="bbox 1026 1563 1141 1598; baseline 0.026 -10"><span class='ocrx_word' id='word_1_569' title='bbox 1026 1563 1141 1598; x_wconf 83' lang='grc' dir='ltr'><strong>σπουδῇ.</strong></span> 
     </span>
    </p>
   </div>
   <div class='ocr_carea' id='block_1_92' title="bbox 1064 1610 1814 1649">
    <p class='ocr_par' dir='ltr' id='par_1_92' title="bbox 1064 1610 1814 1649">
     <span class='ocr_line' id='line_1_92' title="bbox 1064 1610 1814 1649; baseline 0.004 -13"><span class='ocrx_word' id='word_1_570' title='bbox 1064 1610 1131 1644; x_wconf 86' lang='grc' dir='ltr'>Ὀγε</span> <span class='ocrx_word' id='word_1_571' title='bbox 1150 1610 1203 1646; x_wconf 77' lang='grc' dir='ltr'>μὴν</span> <span class='ocrx_word' id='word_1_572' title='bbox 1220 1611 1320 1647; x_wconf 81' lang='grc' dir='ltr'>κβ’τῆς</span> <span class='ocrx_word' id='word_1_573' title='bbox 1334 1613 1363 1639; x_wconf 81' lang='grc' dir='ltr'>ὲν</span> <span class='ocrx_word' id='word_1_574' title='bbox 1377 1613 1543 1649; x_wconf 81' lang='grc' dir='ltr'>Καρθαγένῃ</span> <span class='ocrx_word' id='word_1_575' title='bbox 1563 1614 1684 1643; x_wconf 74' lang='grc' dir='ltr'>συνόδου,</span> <span class='ocrx_word' id='word_1_576' title='bbox 1699 1613 1814 1640; x_wconf 77' lang='grc' dir='ltr'>ὲπισκό·</span> 
     </span>
    </p>
   </div>
   <div class='ocr_carea' id='block_1_93' title="bbox 1025 1655 1813 1694">
    <p class='ocr_par' dir='ltr' id='par_1_93' title="bbox 1025 1655 1813 1694">
     <span class='ocr_line' id='line_1_93' title="bbox 1025 1655 1813 1694; baseline 0.005 -13"><span class='ocrx_word' id='word_1_577' title='bbox 1025 1663 1088 1686; x_wconf 88' lang='grc' dir='ltr'>ποις</span> <span class='ocrx_word' id='word_1_578' title='bbox 1105 1655 1121 1691; x_wconf 84' lang='grc' dir='ltr'>ἦ</span> <span class='ocrx_word' id='word_1_579' title='bbox 1149 1656 1290 1691; x_wconf 85' lang='grc' dir='ltr'>κληρικοῖς</span> <span class='ocrx_word' id='word_1_580' title='bbox 1310 1658 1463 1692; x_wconf 74' lang='grc' dir='ltr'>ἀπείρηκεν</span> <span class='ocrx_word' id='word_1_581' title='bbox 1484 1659 1525 1690; x_wconf 87' lang='grc' dir='ltr'><strong>είς</strong></span> <span class='ocrx_word' id='word_1_582' title='bbox 1549 1659 1734 1694; x_wconf 84' lang='grc' dir='ltr'>κληρονομίαν</span> <span class='ocrx_word' id='word_1_583' title='bbox 1757 1659 1813 1685; x_wconf 81' lang='grc' dir='ltr'><strong>τῶν</strong></span> 
     </span>
    </p>
   </div>
   <div class='ocr_carea' id='block_1_94' title="bbox 1027 1699 1812 1739">
    <p class='ocr_par' dir='ltr' id='par_1_94' title="bbox 1027 1699 1812 1739">
     <span class='ocr_line' id='line_1_94' title="bbox 1027 1699 1812 1739; baseline 0.005 -14"><span class='ocrx_word' id='word_1_584' title='bbox 1027 1699 1099 1726; x_wconf 85' lang='grc' dir='ltr'>ίδίων</span> <span class='ocrx_word' id='word_1_585' title='bbox 1110 1702 1283 1735; x_wconf 77' lang='grc' dir='ltr'>πραγμάτων</span> <span class='ocrx_word' id='word_1_586' title='bbox 1295 1701 1362 1733; x_wconf 83' lang='grc' dir='ltr'>ὅλως</span> <span class='ocrx_word' id='word_1_587' title='bbox 1373 1703 1493 1737; x_wconf 79' lang='grc' dir='ltr'>εἰσάγειν</span> <span class='ocrx_word' id='word_1_588' title='bbox 1504 1703 1617 1730; x_wconf 80' lang='grc' dir='ltr'>ἄπιστον</span> <span class='ocrx_word' id='word_1_589' title='bbox 1629 1703 1646 1739; x_wconf 77' lang='grc' dir='ltr'>ἢ</span> <span class='ocrx_word' id='word_1_590' title='bbox 1660 1703 1812 1738; x_wconf 70' lang='grc' dir='ltr'>αἱρετικὸν,</span> 
     </span>
    </p>
   </div>
   <div class='ocr_carea' id='block_1_95' title="bbox 1026 1746 1587 1785">
    <p class='ocr_par' dir='ltr' id='par_1_95' title="bbox 1026 1746 1587 1785">
     <span class='ocr_line' id='line_1_95' title="bbox 1026 1746 1587 1785; baseline 0.005 -12"><span class='ocrx_word' id='word_1_591' title='bbox 1026 1746 1050 1785; x_wconf 68' lang='grc' dir='ltr'><strong>εί</strong></span> <span class='ocrx_word' id='word_1_592' title='bbox 1066 1747 1113 1773; x_wconf 77' lang='grc' dir='ltr'><strong>καὶ</strong></span> <span class='ocrx_word' id='word_1_593' title='bbox 1127 1747 1232 1779; x_wconf 83' lang='grc' dir='ltr'>τούτοις</span> <span class='ocrx_word' id='word_1_594' title='bbox 1248 1748 1318 1774; x_wconf 84' lang='grc' dir='ltr'>κατὰ</span> <span class='ocrx_word' id='word_1_595' title='bbox 1335 1748 1412 1782; x_wconf 82' lang='grc' dir='ltr'>γένος</span> <span class='ocrx_word' id='word_1_596' title='bbox 1424 1748 1587 1784; x_wconf 85' lang='grc' dir='ltr'>ᾠκείωνται,</span> 
     </span>
    </p>
   </div>
   <div class='ocr_carea' id='block_1_96' title="bbox 1067 1792 1813 1829">
    <p class='ocr_par' dir='ltr' id='par_1_96' title="bbox 1067 1792 1813 1829">
     <span class='ocr_line' id='line_1_96' title="bbox 1067 1792 1813 1829; baseline 0.004 -10"><span class='ocrx_word' id='word_1_597' title='bbox 1067 1792 1097 1819; x_wconf 90' lang='lat'><strong>&#39;0</strong></span> <span class='ocrx_word' id='word_1_598' title='bbox 1112 1793 1140 1819; x_wconf 85' lang='grc' dir='ltr'>δὲ</span> <span class='ocrx_word' id='word_1_599' title='bbox 1156 1792 1211 1826; x_wconf 87' lang='grc' dir='ltr'>πα’,</span> <span class='ocrx_word' id='word_1_600' title='bbox 1234 1794 1403 1829; x_wconf 82' lang='grc' dir='ltr'>Ἐπισκόπῳ,</span> <span class='ocrx_word' id='word_1_601' title='bbox 1419 1795 1497 1829; x_wconf 80' lang='grc' dir='ltr'>φησὶ,</span> <span class='ocrx_word' id='word_1_602' title='bbox 1518 1795 1557 1829; x_wconf 84' lang='grc' dir='ltr'>τῷ</span> <span class='ocrx_word' id='word_1_603' title='bbox 1572 1795 1618 1822; x_wconf 71' lang='grc' dir='ltr'><strong>ἐπὶ</strong></span> <span class='ocrx_word' id='word_1_604' title='bbox 1632 1795 1705 1821; x_wconf 84' lang='grc' dir='ltr'>τέλει</span> <span class='ocrx_word' id='word_1_605' title='bbox 1725 1796 1813 1824; x_wconf 84' lang='grc' dir='ltr'>διατι-</span> 
     </span>
    </p>
   </div>
   <div class='ocr_carea' id='block_1_97' title="bbox 1026 1837 1812 1877">
    <p class='ocr_par' dir='ltr' id='par_1_97' title="bbox 1026 1837 1812 1877">
     <span class='ocr_line' id='line_1_97' title="bbox 1026 1837 1812 1877; baseline 0.006 -14"><span class='ocrx_word' id='word_1_606' title='bbox 1026 1837 1131 1873; x_wconf 81' lang='grc' dir='ltr'>θεμένῳ</span> <span class='ocrx_word' id='word_1_607' title='bbox 1149 1838 1196 1864; x_wconf 86' lang='grc' dir='ltr'>τοῦ</span> <span class='ocrx_word' id='word_1_608' title='bbox 1213 1839 1283 1874; x_wconf 83' lang='grc' dir='ltr'>βίου,</span> <span class='ocrx_word' id='word_1_609' title='bbox 1304 1839 1462 1875; x_wconf 79' lang='grc' dir='ltr'>αἱρετικοὺς</span> <span class='ocrx_word' id='word_1_610' title='bbox 1483 1839 1539 1866; x_wconf 87' lang='grc' dir='ltr'>τῶν</span> <span class='ocrx_word' id='word_1_611' title='bbox 1561 1840 1656 1867; x_wconf 86' lang='grc' dir='ltr'>τούτου</span> <span class='ocrx_word' id='word_1_612' title='bbox 1678 1841 1812 1877; x_wconf 84' lang='grc' dir='ltr'>κληρονο-</span> 
     </span>
    </p>
   </div>
   <div class='ocr_carea' id='block_1_98' title="bbox 1027 1883 1814 1922">
    <p class='ocr_par' dir='ltr' id='par_1_98' title="bbox 1027 1883 1814 1922">
     <span class='ocr_line' id='line_1_98' title="bbox 1027 1883 1814 1922; baseline 0.006 -13"><span class='ocrx_word' id='word_1_613' title='bbox 1027 1885 1099 1918; x_wconf 82' lang='grc' dir='ltr'>μεῖν,</span> <span class='ocrx_word' id='word_1_614' title='bbox 1114 1884 1161 1910; x_wconf 74' lang='lat' dir='ltr'><strong>xui.</strong></span> <span class='ocrx_word' id='word_1_615' title='bbox 1177 1884 1202 1910; x_wconf 88' lang='grc' dir='ltr'><strong>εί</strong></span> <span class='ocrx_word' id='word_1_616' title='bbox 1214 1885 1276 1911; x_wconf 79' lang='grc' dir='ltr'>καθ’</span> <span class='ocrx_word' id='word_1_617' title='bbox 1293 1883 1364 1920; x_wconf 73' lang='grc' dir='ltr'>αἷμα</span> <span class='ocrx_word' id='word_1_618' title='bbox 1378 1885 1466 1920; x_wconf 84' lang='grc' dir='ltr'>τούτῳ</span> <span class='ocrx_word' id='word_1_619' title='bbox 1484 1887 1664 1921; x_wconf 80' lang='grc' dir='ltr'>προσήκουσι,</span> <span class='ocrx_word' id='word_1_620' title='bbox 1682 1887 1729 1913; x_wconf 82' lang='grc' dir='ltr'>καὶ</span> <span class='ocrx_word' id='word_1_621' title='bbox 1743 1889 1814 1922; x_wconf 74' lang='grc' dir='ltr'>μετὰ</span> 
     </span>
    </p>
   </div>
   <div class='ocr_carea' id='block_1_99' title="bbox 1026 1929 1813 1967">
    <p class='ocr_par' dir='ltr' id='par_1_99' title="bbox 1026 1929 1813 1967">
     <span class='ocr_line' id='line_1_99' title="bbox 1026 1929 1813 1967; baseline 0.005 -11"><span class='ocrx_word' id='word_1_622' title='bbox 1026 1929 1144 1957; x_wconf 85' lang='grc' dir='ltr'>θάνατον</span> <span class='ocrx_word' id='word_1_623' title='bbox 1159 1930 1283 1965; x_wconf 85' lang='grc' dir='ltr'>ἀνάθεμα</span> <span class='ocrx_word' id='word_1_624' title='bbox 1301 1930 1362 1957; x_wconf 73' lang='grc' dir='ltr'>δέον</span> <span class='ocrx_word' id='word_1_625' title='bbox 1380 1931 1420 1966; x_wconf 83' lang='grc' dir='ltr'>τῷ</span> <span class='ocrx_word' id='word_1_626' title='bbox 1437 1932 1550 1965; x_wconf 82' lang='grc' dir='ltr'>τοιούτῳ</span> <span class='ocrx_word' id='word_1_627' title='bbox 1564 1932 1704 1967; x_wconf 78' lang='grc' dir='ltr'>λεχθῆναι,</span> <span class='ocrx_word' id='word_1_628' title='bbox 1719 1935 1767 1960; x_wconf 78' lang='grc' dir='ltr'>καὶ</span> <span class='ocrx_word' id='word_1_629' title='bbox 1782 1934 1813 1960; x_wconf 75' lang='grc' dir='ltr'><strong>τὸ</strong></span> 
     </span>
    </p>
   </div>
   <div class='ocr_carea' id='block_1_100' title="bbox 1025 1975 1814 2014">
    <p class='ocr_par' dir='ltr' id='par_1_100' title="bbox 1025 1975 1814 2014">
     <span class='ocr_line' id='line_1_100' title="bbox 1025 1975 1814 2014; baseline 0.006 -13"><span class='ocrx_word' id='word_1_630' title='bbox 1025 1975 1113 2010; x_wconf 74' lang='grc' dir='ltr'>δνομα</span> <span class='ocrx_word' id='word_1_631' title='bbox 1137 1976 1221 2003; x_wconf 77' lang='grc' dir='ltr'>αὐτοῦ</span> <span class='ocrx_word' id='word_1_632' title='bbox 1244 1976 1294 2012; x_wconf 83' lang='grc' dir='ltr'>τῆς</span> <span class='ocrx_word' id='word_1_633' title='bbox 1319 1976 1373 2004; x_wconf 88' lang='grc' dir='ltr'><strong>τῶν</strong></span> <span class='ocrx_word' id='word_1_634' title='bbox 1398 1977 1492 2013; x_wconf 78' lang='grc' dir='ltr'>ἱερέων</span> <span class='ocrx_word' id='word_1_635' title='bbox 1509 1979 1621 2014; x_wconf 87' lang='grc' dir='ltr'>μνήμης</span> <span class='ocrx_word' id='word_1_636' title='bbox 1644 1979 1814 2013; x_wconf 63' lang='grc' dir='ltr'>ἀπλλειφθῆ·</span> 
     </span>
    </p>
   </div>
   <div class='ocr_carea' id='block_1_101' title="bbox 1026 2031 1082 2050">
    <p class='ocr_par' dir='ltr' id='par_1_101' title="bbox 1026 2031 1082 2050">
     <span class='ocr_line' id='line_1_101' title="bbox 1026 2031 1082 2050; baseline 0 0"><span class='ocrx_word' id='word_1_637' title='bbox 1026 2031 1082 2050; x_wconf 80' lang='grc' dir='ltr'>ναι.</span> 
     </span>
    </p>
   </div>
   <div class='ocr_carea' id='block_1_102' title="bbox 1286 2070 1548 2104">
    <p class='ocr_par' dir='ltr' id='par_1_102' title="bbox 1286 2070 1548 2104">
     <span class='ocr_line' id='line_1_102' title="bbox 1286 2070 1548 2104; baseline 0.011 -8"><span class='ocrx_word' id='word_1_638' title='bbox 1286 2070 1376 2104; x_wconf 86' lang='grc' dir='ltr'>Νόμοι</span> <span class='ocrx_word' id='word_1_639' title='bbox 1390 2072 1548 2099; x_wconf 77' lang='grc' dir='ltr'>πολιτικοί.</span> 
     </span>
    </p>
   </div>
   <div class='ocr_carea' id='block_1_103' title="bbox 1062 2114 1812 2153">
    <p class='ocr_par' dir='ltr' id='par_1_103' title="bbox 1062 2114 1812 2153">
     <span class='ocr_line' id='line_1_103' title="bbox 1062 2114 1812 2153; baseline 0.005 -13"><span class='ocrx_word' id='word_1_640' title='bbox 1062 2114 1116 2140; x_wconf 74' lang='grc' dir='ltr'><strong>Καὶ</strong></span> <span class='ocrx_word' id='word_1_641' title='bbox 1130 2115 1205 2148; x_wconf 75' lang='grc' dir='ltr'>παρὰ</span> <span class='ocrx_word' id='word_1_642' title='bbox 1221 2114 1359 2149; x_wconf 67' lang='grc' dir='ltr'>διαφόρων</span> <span class='ocrx_word' id='word_1_643' title='bbox 1375 2116 1402 2141; x_wconf 80' lang='grc' dir='ltr'><em>δέ</em></span> <span class='ocrx_word' id='word_1_644' title='bbox 1417 2124 1448 2149; x_wconf 90' lang='grc' dir='ltr'><strong>γε</strong></span> <span class='ocrx_word' id='word_1_645' title='bbox 1463 2115 1611 2150; x_wconf 74' lang='grc' dir='ltr'>βασιλικῶν</span> <span class='ocrx_word' id='word_1_646' title='bbox 1627 2117 1717 2152; x_wconf 87' lang='grc' dir='ltr'>νόμων</span> <span class='ocrx_word' id='word_1_647' title='bbox 1732 2119 1812 2153; x_wconf 85' lang='grc' dir='ltr'>αίρε-</span> 
     </span>
    </p>
   </div>
   <div class='ocr_carea' id='block_1_104' title="bbox 1025 2161 1812 2199">
    <p class='ocr_par' dir='ltr' id='par_1_104' title="bbox 1025 2161 1812 2199">
     <span class='ocr_line' id='line_1_104' title="bbox 1025 2161 1812 2199; baseline 0.006 -13"><span class='ocrx_word' id='word_1_648' title='bbox 1025 2162 1111 2192; x_wconf 77' lang='grc' dir='ltr'>τικοίς</span> <span class='ocrx_word' id='word_1_649' title='bbox 1131 2161 1180 2187; x_wconf 75' lang='grc' dir='ltr'>οὐκ</span> <span class='ocrx_word' id='word_1_650' title='bbox 1193 2162 1392 2197; x_wconf 81' lang='grc' dir='ltr'>ἐπιτέτραπται</span> <span class='ocrx_word' id='word_1_651' title='bbox 1406 2163 1595 2198; x_wconf 85' lang='grc' dir='ltr'>κληρονομεῖν,</span> <span class='ocrx_word' id='word_1_652' title='bbox 1610 2164 1647 2199; x_wconf 80' lang='grc' dir='ltr'>μὴ</span> <span class='ocrx_word' id='word_1_653' title='bbox 1658 2164 1699 2191; x_wconf 75' lang='grc' dir='ltr'><strong>ὅτι</strong></span> <span class='ocrx_word' id='word_1_654' title='bbox 1710 2172 1742 2198; x_wconf 84' lang='grc' dir='ltr'><strong>γε</strong></span> <span class='ocrx_word' id='word_1_655' title='bbox 1757 2165 1812 2192; x_wconf 82' lang='grc' dir='ltr'>τῶν</span> 
     </span>
    </p>
   </div>
   <div class='ocr_carea' id='block_1_105' title="bbox 991 2207 1812 2244">
    <p class='ocr_par' dir='ltr' id='par_1_105' title="bbox 991 2207 1812 2244">
     <span class='ocr_line' id='line_1_105' title="bbox 991 2207 1812 2244; baseline 0.005 -11"><span class='ocrx_word' id='word_1_656' title='bbox 991 2212 1014 2241; x_wconf 85' lang='grc' dir='ltr'>ι)</span> <span class='ocrx_word' id='word_1_657' title='bbox 1029 2209 1083 2238; x_wconf 74' lang='grc' dir='ltr'><strong>τοίξ</strong></span> <span class='ocrx_word' id='word_1_658' title='bbox 1106 2207 1265 2238; x_wconf 76' lang='grc' dir='ltr'>ἐπισκόποις</span> <span class='ocrx_word' id='word_1_659' title='bbox 1284 2209 1441 2242; x_wconf 80' lang='grc' dir='ltr'>προσόντων</span> <span class='ocrx_word' id='word_1_660' title='bbox 1457 2209 1472 2244; x_wconf 80' lang='grc' dir='ltr'>ἢ</span> <span class='ocrx_word' id='word_1_661' title='bbox 1491 2209 1644 2244; x_wconf 81' lang='grc' dir='ltr'>κληρικοῖς,</span> <span class='ocrx_word' id='word_1_662' title='bbox 1672 2210 1732 2237; x_wconf 70' lang='grc' dir='ltr'>ἀλλ’</span> <span class='ocrx_word' id='word_1_663' title='bbox 1751 2211 1812 2238; x_wconf 74' lang='grc' dir='ltr'>οὐδὲ</span> 
     </span>
    </p>
   </div>
   <div class='ocr_carea' id='block_1_106' title="bbox 1026 2251 1812 2287">
    <p class='ocr_par' dir='ltr' id='par_1_106' title="bbox 1026 2251 1812 2287">
     <span class='ocr_line' id='line_1_106' title="bbox 1026 2251 1812 2287; baseline 0 -9"><span class='ocrx_word' id='word_1_664' title='bbox 1026 2253 1081 2278; x_wconf 76' lang='grc' dir='ltr'>τῶν</span> <span class='ocrx_word' id='word_1_665' title='bbox 1098 2253 1154 2283; x_wconf 84' lang='grc' dir='ltr'>τοῖς</span> <span class='ocrx_word' id='word_1_666' title='bbox 1169 2252 1274 2283; x_wconf 79' lang='grc' dir='ltr'>λαῐκοίς</span> <span class='ocrx_word' id='word_1_667' title='bbox 1293 2251 1479 2287; x_wconf 78' lang='grc' dir='ltr'>Χριστιανοῖς,</span> <span class='ocrx_word' id='word_1_668' title='bbox 1498 2255 1522 2279; x_wconf 81' lang='grc' dir='ltr'><strong>εί</strong></span> <span class='ocrx_word' id='word_1_669' title='bbox 1541 2254 1587 2279; x_wconf 71' lang='grc' dir='ltr'>καὶ</span> <span class='ocrx_word' id='word_1_670' title='bbox 1610 2253 1705 2284; x_wconf 81' lang='grc' dir='ltr'>παῖδες</span> <span class='ocrx_word' id='word_1_671' title='bbox 1720 2253 1812 2279; x_wconf 82' lang='grc' dir='ltr'>αὐτῶν</span> 
     </span>
    </p>
   </div>
   <div class='ocr_carea' id='block_1_107' title="bbox 1026 2296 1812 2334">
    <p class='ocr_par' dir='ltr' id='par_1_107' title="bbox 1026 2296 1812 2334">
     <span class='ocr_line' id='line_1_107' title="bbox 1026 2296 1812 2334; baseline 0.001 -11"><span class='ocrx_word' id='word_1_672' title='bbox 1026 2296 1133 2331; x_wconf 78' lang='grc' dir='ltr'>τύχοιεν</span> <span class='ocrx_word' id='word_1_673' title='bbox 1151 2297 1226 2328; x_wconf 72' lang='grc' dir='ltr'>ὄντες</span> <span class='ocrx_word' id='word_1_674' title='bbox 1236 2305 1243 2311; x_wconf 89' lang='grc'>·</span> <span class='ocrx_word' id='word_1_675' title='bbox 1256 2297 1281 2323; x_wconf 83' lang='lat' dir='ltr'><strong>oi</strong></span> <span class='ocrx_word' id='word_1_676' title='bbox 1295 2297 1322 2323; x_wconf 82' lang='grc' dir='ltr'><em>δέ</em></span> <span class='ocrx_word' id='word_1_677' title='bbox 1339 2305 1369 2330; x_wconf 83' lang='grc' dir='ltr'><strong>γε</strong></span> <span class='ocrx_word' id='word_1_678' title='bbox 1383 2297 1438 2324; x_wconf 86' lang='grc' dir='ltr'>τὼν</span> <span class='ocrx_word' id='word_1_679' title='bbox 1457 2299 1605 2332; x_wconf 79' lang='grc' dir='ltr'>αἱρετικῶν</span> <span class='ocrx_word' id='word_1_680' title='bbox 1621 2298 1726 2330; x_wconf 78' lang='grc' dir='ltr'>παῖδες,</span> <span class='ocrx_word' id='word_1_681' title='bbox 1740 2299 1812 2334; x_wconf 82' lang='grc' dir='ltr'>Χρι-</span> 
     </span>
    </p>
   </div>
   <div class='ocr_carea' id='block_1_108' title="bbox 1028 2345 1811 2378">
    <p class='ocr_par' dir='ltr' id='par_1_108' title="bbox 1028 2345 1811 2378">
     <span class='ocr_line' id='line_1_108' title="bbox 1028 2345 1811 2378; baseline 0.003 -10"><span class='ocrx_word' id='word_1_682' title='bbox 1028 2345 1130 2369; x_wconf 77' lang='grc' dir='ltr'>στιανοὶ</span> <span class='ocrx_word' id='word_1_683' title='bbox 1149 2345 1301 2378; x_wconf 86' lang='grc' dir='ltr'>γενόμενοι,</span> <span class='ocrx_word' id='word_1_684' title='bbox 1321 2345 1505 2377; x_wconf 66' lang='grc' dir='ltr'>ἀναγκάζουσι</span> <span class='ocrx_word' id='word_1_685' title='bbox 1531 2345 1593 2376; x_wconf 76' lang='grc' dir='ltr'>τοὺς</span> <span class='ocrx_word' id='word_1_686' title='bbox 1622 2345 1704 2376; x_wconf 79' lang='grc' dir='ltr'>ἰδίους</span> <span class='ocrx_word' id='word_1_687' title='bbox 1720 2346 1811 2378; x_wconf 78' lang='grc' dir='ltr'>γονεῖς</span> 
     </span>
    </p>
   </div>
   <div class='ocr_carea' id='block_1_109' title="bbox 1027 2390 1811 2426">
    <p class='ocr_par' dir='ltr' id='par_1_109' title="bbox 1027 2390 1811 2426">
     <span class='ocr_line' id='line_1_109' title="bbox 1027 2390 1811 2426; baseline 0.003 -11"><span class='ocrx_word' id='word_1_688' title='bbox 1027 2390 1179 2423; x_wconf 83' lang='grc' dir='ltr'>γενόμενοι,</span> <span class='ocrx_word' id='word_1_689' title='bbox 1202 2390 1388 2422; x_wconf 75' lang='grc' dir='ltr'>ἀναγκάζουσι</span> <span class='ocrx_word' id='word_1_690' title='bbox 1404 2391 1465 2420; x_wconf 66' lang='grc' dir='ltr'>τοὺς</span> <span class='ocrx_word' id='word_1_691' title='bbox 1488 2391 1569 2422; x_wconf 75' lang='grc' dir='ltr'>ἰδίους</span> <span class='ocrx_word' id='word_1_692' title='bbox 1591 2393 1679 2425; x_wconf 79' lang='grc' dir='ltr'>γονεῖς</span> <span class='ocrx_word' id='word_1_693' title='bbox 1699 2392 1811 2426; x_wconf 74' lang='grc' dir='ltr'>τρέφειν</span> 
     </span>
    </p>
   </div>
   <div class='ocr_carea' id='block_1_110' title="bbox 1028 2434 1813 2468">
    <p class='ocr_par' dir='ltr' id='par_1_110' title="bbox 1028 2434 1813 2468">
     <span class='ocr_line' id='line_1_110' title="bbox 1028 2434 1813 2468; baseline 0.004 -8"><span class='ocrx_word' id='word_1_694' title='bbox 1028 2434 1127 2465; x_wconf 79' lang='grc' dir='ltr'>αὐτοὺς</span> <span class='ocrx_word' id='word_1_695' title='bbox 1142 2435 1188 2461; x_wconf 84' lang='grc' dir='ltr'>καὶ</span> <span class='ocrx_word' id='word_1_696' title='bbox 1204 2434 1317 2466; x_wconf 77' lang='grc' dir='ltr'>ἐνδύειν,</span> <span class='ocrx_word' id='word_1_697' title='bbox 1336 2434 1382 2460; x_wconf 75' lang='grc' dir='ltr'>καὶ</span> <span class='ocrx_word' id='word_1_698' title='bbox 1398 2436 1498 2468; x_wconf 73' lang='grc' dir='ltr'>προῖκα</span> <span class='ocrx_word' id='word_1_699' title='bbox 1514 2435 1618 2466; x_wconf 81' lang='grc' dir='ltr'>τούτοις</span> <span class='ocrx_word' id='word_1_700' title='bbox 1631 2435 1813 2463; x_wconf 52' lang='lat' dir='ltr'><strong>stamina</strong></span> 
     </span>
    </p>
   </div>
   <div class='ocr_carea' id='block_1_111' title="bbox 1027 2480 1531 2515">
    <p class='ocr_par' dir='ltr' id='par_1_111' title="bbox 1027 2480 1531 2515">
     <span class='ocr_line' id='line_1_111' title="bbox 1027 2480 1531 2515; baseline 0 -9"><span class='ocrx_word' id='word_1_701' title='bbox 1027 2481 1057 2507; x_wconf 64' lang='grc' dir='ltr'>τὶ</span> <span class='ocrx_word' id='word_1_702' title='bbox 1075 2481 1175 2515; x_wconf 81' lang='grc' dir='ltr'>μέτρον</span> <span class='ocrx_word' id='word_1_703' title='bbox 1186 2480 1237 2514; x_wconf 77' lang='grc' dir='ltr'>τῆς</span> <span class='ocrx_word' id='word_1_704' title='bbox 1253 2481 1342 2507; x_wconf 82' lang='grc' dir='ltr'>αὐτῶν</span> <span class='ocrx_word' id='word_1_705' title='bbox 1360 2480 1531 2514; x_wconf 76' lang='grc' dir='ltr'>περιουσίας.</span> 
     </span>
    </p>
   </div>
   <div class='ocr_carea' id='block_1_112' title="bbox 1069 2526 1813 2563">
    <p class='ocr_par' dir='ltr' id='par_1_112' title="bbox 1069 2526 1813 2563">
     <span class='ocr_line' id='line_1_112' title="bbox 1069 2526 1813 2563; baseline 0.001 -10"><span class='ocrx_word' id='word_1_706' title='bbox 1069 2527 1099 2553; x_wconf 87' lang='lat'><strong>&#39;0</strong></span> <span class='ocrx_word' id='word_1_707' title='bbox 1115 2528 1152 2562; x_wconf 88' lang='grc' dir='ltr'>μὴ</span> <span class='ocrx_word' id='word_1_708' title='bbox 1167 2526 1285 2559; x_wconf 70' lang='grc' dir='ltr'>δοξάζων</span> <span class='ocrx_word' id='word_1_709' title='bbox 1301 2527 1350 2560; x_wconf 84' lang='grc' dir='ltr'>τὴν</span> <span class='ocrx_word' id='word_1_710' title='bbox 1364 2526 1445 2558; x_wconf 86' lang='grc' dir='ltr'>ἁγίαν</span> <span class='ocrx_word' id='word_1_711' title='bbox 1459 2527 1562 2561; x_wconf 82' lang='grc' dir='ltr'>Τριάδα</span> <span class='ocrx_word' id='word_1_712' title='bbox 1577 2527 1606 2552; x_wconf 83' lang='grc' dir='ltr'>ἐν</span> <span class='ocrx_word' id='word_1_713' title='bbox 1633 2528 1682 2562; x_wconf 82' lang='grc' dir='ltr'><strong>μιᾷ</strong></span> <span class='ocrx_word' id='word_1_714' title='bbox 1703 2527 1813 2563; x_wconf 77' lang='grc' dir='ltr'>θεότητι</span> 
     </span>
    </p>
   </div>
   <div class='ocr_carea' id='block_1_113' title="bbox 1030 2573 1812 2608">
    <p class='ocr_par' dir='ltr' id='par_1_113' title="bbox 1030 2573 1812 2608">
     <span class='ocr_line' id='line_1_113' title="bbox 1030 2573 1812 2608; baseline 0.001 -9"><span class='ocrx_word' id='word_1_715' title='bbox 1030 2573 1202 2607; x_wconf 78' lang='grc' dir='ltr'>ἰσοδύναμον,</span> <span class='ocrx_word' id='word_1_716' title='bbox 1228 2573 1291 2599; x_wconf 65' lang='grc' dir='ltr'>οὔτε</span> <span class='ocrx_word' id='word_1_717' title='bbox 1314 2573 1479 2608; x_wconf 74' lang='grc' dir='ltr'>Χριστιανὸς</span> <span class='ocrx_word' id='word_1_718' title='bbox 1499 2573 1622 2605; x_wconf 79' lang='grc' dir='ltr'>λέγεται,</span> <span class='ocrx_word' id='word_1_719' title='bbox 1644 2576 1690 2600; x_wconf 70' lang='grc' dir='ltr'>καὶ</span> <span class='ocrx_word' id='word_1_720' title='bbox 1716 2574 1812 2608; x_wconf 71' lang='grc' dir='ltr'>ἄφρων</span> 
     </span>
    </p>
   </div>
   <div class='ocr_carea' id='block_1_114' title="bbox 1029 2619 1758 2654">
    <p class='ocr_par' dir='ltr' id='par_1_114' title="bbox 1029 2619 1758 2654">
     <span class='ocr_line' id='line_1_114' title="bbox 1029 2619 1758 2654; baseline -0.001 -8"><span class='ocrx_word' id='word_1_721' title='bbox 1029 2621 1096 2650; x_wconf 74' lang='grc' dir='ltr'>ἐστὶ,</span> <span class='ocrx_word' id='word_1_722' title='bbox 1111 2620 1157 2645; x_wconf 82' lang='grc' dir='ltr'>καὶ</span> <span class='ocrx_word' id='word_1_723' title='bbox 1170 2619 1316 2653; x_wconf 66' lang='grc' dir='ltr'>αἱρετικὺς,</span> <span class='ocrx_word' id='word_1_724' title='bbox 1333 2619 1378 2645; x_wconf 80' lang='grc' dir='ltr'>καὶ</span> <span class='ocrx_word' id='word_1_725' title='bbox 1395 2619 1503 2654; x_wconf 80' lang='grc' dir='ltr'>ἄτιμος,</span> <span class='ocrx_word' id='word_1_726' title='bbox 1522 2619 1569 2645; x_wconf 80' lang='grc' dir='ltr'>καὶ</span> <span class='ocrx_word' id='word_1_727' title='bbox 1584 2620 1758 2654; x_wconf 86' lang='grc' dir='ltr'>τιμωρεῖται.</span> 
     </span>
    </p>
   </div>
   <div class='ocr_carea' id='block_1_115' title="bbox 1064 2706 1812 2743">
    <p class='ocr_par' dir='ltr' id='par_1_115' title="bbox 1064 2706 1812 2743">
     <span class='ocr_line' id='line_1_115' title="bbox 1064 2706 1812 2743; baseline -0.001 -10"><span class='ocrx_word' id='word_1_728' title='bbox 1064 2707 1205 2743; x_wconf 72' lang='grc' dir='ltr'>Λὶρετικός</span> <span class='ocrx_word' id='word_1_729' title='bbox 1221 2708 1279 2733; x_wconf 73' lang='grc' dir='ltr'>ἐστι</span> <span class='ocrx_word' id='word_1_730' title='bbox 1293 2708 1339 2733; x_wconf 76' lang='grc' dir='ltr'>καὶ</span> <span class='ocrx_word' id='word_1_731' title='bbox 1354 2708 1409 2738; x_wconf 82' lang='grc' dir='ltr'>τοῖς</span> <span class='ocrx_word' id='word_1_732' title='bbox 1420 2706 1492 2732; x_wconf 79' lang='grc' dir='ltr'>κατὰ</span> <span class='ocrx_word' id='word_1_733' title='bbox 1511 2707 1564 2732; x_wconf 85' lang='grc' dir='ltr'>τῶν</span> <span class='ocrx_word' id='word_1_734' title='bbox 1582 2707 1728 2742; x_wconf 79' lang='grc' dir='ltr'>αἰρετικῶν</span> <span class='ocrx_word' id='word_1_735' title='bbox 1747 2708 1812 2732; x_wconf 59' lang='grc' dir='ltr'><strong>ὑπῆ-</strong></span> 
     </span>
    </p>
   </div>
   <div class='ocr_carea' id='block_1_116' title="bbox 1029 2753 1811 2788">
    <p class='ocr_par' dir='ltr' id='par_1_116' title="bbox 1029 2753 1811 2788">
     <span class='ocr_line' id='line_1_116' title="bbox 1029 2753 1811 2788; baseline -0.001 -7"><span class='ocrx_word' id='word_1_736' title='bbox 1029 2763 1119 2781; x_wconf 85' lang='grc' dir='ltr'>κειται</span> <span class='ocrx_word' id='word_1_737' title='bbox 1135 2754 1226 2788; x_wconf 79' lang='grc' dir='ltr'>νόμοις</span> <span class='ocrx_word' id='word_1_738' title='bbox 1241 2755 1255 2780; x_wconf 87' lang='grc' dir='ltr'><strong>ό</strong></span> <span class='ocrx_word' id='word_1_739' title='bbox 1273 2754 1369 2788; x_wconf 77' lang='grc' dir='ltr'>μικρὸν</span> <span class='ocrx_word' id='word_1_740' title='bbox 1383 2753 1447 2787; x_wconf 78' lang='grc' dir='ltr'>γοῦν</span> <span class='ocrx_word' id='word_1_741' title='bbox 1462 2753 1594 2779; x_wconf 74' lang='grc' dir='ltr'>ἐκκλίνων</span> <span class='ocrx_word' id='word_1_742' title='bbox 1607 2753 1656 2787; x_wconf 76' lang='grc' dir='ltr'>τῆς</span> <span class='ocrx_word' id='word_1_743' title='bbox 1671 2753 1811 2788; x_wconf 61' lang='grc' dir='ltr'><strong>ὸρῦοόὁξνιν</strong></span> 
     </span>
    </p>
   </div>
   <div class='ocr_carea' id='block_1_117' title="bbox 1029 2799 1811 2834">
    <p class='ocr_par' dir='ltr' id='par_1_117' title="bbox 1029 2799 1811 2834">
     <span class='ocr_line' id='line_1_117' title="bbox 1029 2799 1811 2834; baseline -0.001 -8"><span class='ocrx_word' id='word_1_744' title='bbox 1029 2801 1145 2830; x_wconf 69' lang='grc' dir='ltr'>πίστεως</span> <span class='ocrx_word' id='word_1_745' title='bbox 1156 2808 1164 2815; x_wconf 87' lang='grc'><strong>·</strong></span> <span class='ocrx_word' id='word_1_746' title='bbox 1178 2799 1245 2825; x_wconf 74' lang='grc' dir='ltr'>ἀλλὰ</span> <span class='ocrx_word' id='word_1_747' title='bbox 1264 2802 1309 2825; x_wconf 82' lang='grc' dir='ltr'>καὶ</span> <span class='ocrx_word' id='word_1_748' title='bbox 1326 2799 1461 2834; x_wconf 64' lang='grc' dir='ltr'>μηδεμίιν</span> <span class='ocrx_word' id='word_1_749' title='bbox 1480 2799 1632 2834; x_wconf 81' lang='grc' dir='ltr'>στρατείαν,</span> <span class='ocrx_word' id='word_1_750' title='bbox 1645 2799 1718 2833; x_wconf 79' lang='grc' dir='ltr'>ῆτην</span> <span class='ocrx_word' id='word_1_751' title='bbox 1738 2800 1811 2825; x_wconf 68' lang='lat' dir='ltr'><strong>elav-</strong></span> 
     </span>
    </p>
   </div>
   <div class='ocr_carea' id='block_1_118' title="bbox 1029 2845 1811 2882">
    <p class='ocr_par' dir='ltr' id='par_1_118' title="bbox 1029 2845 1811 2882">
     <span class='ocr_line' id='line_1_118' title="bbox 1029 2845 1811 2882; baseline -0.005 -8"><span class='ocrx_word' id='word_1_752' title='bbox 1029 2848 1075 2874; x_wconf 71' lang='grc' dir='ltr'><strong>οὖν</strong></span> <span class='ocrx_word' id='word_1_753' title='bbox 1103 2847 1231 2882; x_wconf 64' lang='grc' dir='ltr'>ὁημόαιον</span> <span class='ocrx_word' id='word_1_754' title='bbox 1260 2845 1389 2881; x_wconf 80' lang='grc' dir='ltr'>φροντίδα</span> <span class='ocrx_word' id='word_1_755' title='bbox 1417 2845 1537 2880; x_wconf 76' lang='grc' dir='ltr'>μετιέναι</span> <span class='ocrx_word' id='word_1_756' title='bbox 1567 2845 1630 2876; x_wconf 66' lang='grc' dir='ltr'>τοῦς</span> <span class='ocrx_word' id='word_1_757' title='bbox 1654 2845 1811 2879; x_wconf 71' lang='grc' dir='ltr'>αἰρετικους</span> 
     </span>
    </p>
   </div>
  </div>
