1951 3065
183 174 252 207 1053

657 173 862 203 SYNTAGMA
883 173 1196 207 ALPHABETICUM.
1218 189 1252 195 --
1273 176 1307 206 A.

1737 171 1805 203 154

182 232 356 266 θεσπίζομεν,
375 231 443 267 μήτε
459 229 666 266 ἀξιωματικοὺς
681 231 817 265 γίνεσθαι,
837 232 873 266 μὴ
895 232 965 258 διδά-

1022 228 1216 266 decernimus;
1238 235 1333 269 utique
1355 241 1406 262 nec
1422 234 1571 270 dignitates
1584 233 1693 267 assequi
1710 239 1802 266 posse,

181 287 257 305 σκειν
270 277 393 309 τούτους,
407 277 445 312 μὴ
457 277 625 312 χειροτονίας
637 279 735 310 ποιεῖν,
753 279 790 312 μὴ
802 277 963 304 λιτανεύειν·

181 324 338 359 alpes-Job;
355 323 383 350 δὲ
399 324 515 358 λέγομεν
531 324 637 355 πάντας
653 321 724 350 εἶναι
740 325 803 354 τοὺς
827 323 863 358 μὴ
885 332 966 358 μετα-

180 370 371 405 λαμϐάνοντας
383 369 437 396 τῶν
450 370 628 404 ἁγιασμάτων
637 369 714 405 παρὰ
725 369 778 396 τῶν
791 369 886 404 ἱερέων
895 370 965 396 κατὰ

181 416 231 449 τὴν
246 415 327 449 ἁγίαν
339 414 386 442 τοῦ
397 414 467 441 Θεοῦ
488 414 666 449 Ἐκκλησίαν.

216 463 363 496 Μανιχαϊοι
389 461 436 487 καὶ
453 461 616 487 Δονατιεπταλ⁵
644 461 680 495 μὴ
708 461 844 496 ἐχέτωσαν
861 462 894 488 τὰ
912 452 966 488 τῶν

179 507 328 542 ὀρθοδὸξων
339 508 485 541 προνόμια,
499 506 568 533 ἀλλὰ
580 506 627 533 καὶ
641 507 763 541 ἐσχάτως
775 507 966 543 τιμωρείσθω-

181 562 249 580 σαν⁸
267 553 399 584 ὡσαύτως
424 553 469 579 καὶ
489 553 514 578 oi
537 553 786 588 Ἀπολλιναριστσὶ,
811 554 859 580 καὶ¹
883 554 908 580 οἱ
928 554 966 589 μὴ

179 601 240 631 ταῖς
259 599 351 632 ἁγίαις
375 600 507 633 τέσσαρσι
526 599 647 630 συνόδοις
672 599 841 634 πειθόμενοι,
868 601 914 626 καὶ
941 601 966 627 οί

180 643 313 681 κατὰτῆς
330 645 411 678 ἁγίας
434 644 455 671 δ’
476 645 586 671 συνόδου
606 644 623 679 ἢ
640 645 730 680 λέγειν
751 655 777 672 τι
798 646 967 680 ἢδιδάσκειν

179 691 345 724 τολμῶντες.

215 738 377 772 Μανιχοιῖος,
399 737 424 764 εἰ
440 738 470 764 ὲν
487 737 636 773 Ῥωμαϊκῷ
653 737 728 774 τόπῳ
742 739 838 775 ὀφθείη
854 739 965 774 διάγων,

179 784 264 810 ἁποτε
269 783 317 818 μνέ
322 783 388 810 σθω.

215 830 401 857 Μοντανισταὶ
420 830 571 865 ἐξαιρέτως
599 830 701 865 μηδένα
722 830 776 857 τῶν
795 832 861 867 παρ’
875 831 967 862 αὐτοῖς

180 875 358 910 καλουμένων
372 876 555 911 Πατριαρχῶν
567 877 583 911 ἢ
596 876 734 912 κληρικῶν
745 877 820 908 ἐντὸς
829 877 967 911 ἐχέτωσαν

179 921 518 953 Κωνσταντινουπόλεως·
544 921 743 949 κωλυέσοωσαν
767 922 796 949 δὲ
821 923 870 950 καὶ
890 924 965 954 ἐντὸς

180 967 265 1000 αὐτῆς
281 967 489 1002 στρατεύεσθαι,
502 967 519 1003 ἢ
535 968 661 995 συσσίτια
672 969 769 1000 ποιεῖν,
782 968 799 1004 ἤ
811 968 965 1004 ἀνδράποδα

181 1012 396 1047 ἐμπορεύεσθαι.
446 1024 448 1029 ι

213 1059 358 1095 Αἱρετικὺς
377 1059 449 1087 κατὰ
469 1058 612 1095 ὀρθοδόξου
630 1060 668 1096 μὴ
689 1061 875 1096 μαρτυρείτω.

221 1147 465 1176 Ἐκδαλλέσθωσαν
477 1149 505 1175 δὲ
519 1148 568 1175 καὶ
581 1150 609 1175 αἱ
623 1150 762 1185 αἱρετικαὶ
773 1152 902 1184 γυναῖκες
912 1152 965 1178 τῶν

178 1194 329 1228 δεδομένων
345 1194 501 1229 προνομίων
516 1196 579 1227 ταῖς
594 1195 746 1229 όρθοδόξοις
756 1204 763 1211 ·
784 1197 813 1223 οὐ
830 1197 884 1232 γὰρ
900 1198 965 1232 περὶ

178 1240 227 1275 τὴν
243 1239 375 1267 ίκάνωσιν
396 1240 447 1275 τῆς
465 1241 578 1276 προικὸς
594 1241 685 1268 αὐτῶν
710 1242 757 1269 καὶ
782 1243 837 1269 τῶν
862 1252 967 1278 προγα-

182 1286 280 1321 μιαίων
293 1286 402 1320 δωρεῶν
419 1288 674 1322 προτιμηϐήσοντοι
690 1288 745 1314 τῶν
760 1290 901 1325 προτέρων
921 1291 967 1317 δα-

179 1332 294 1359 νειστῶν
321 1334 369 1359 τοῦ
393 1333 500 1369 ἀνδρδς,
524 1333 618 1369 ὥσπερ
642 1334 670 1361 αἱ
692 1334 837 1368 όρθόδοξοι.
853 1336 965 1373 Ἐπειδὴ

179 1378 234 1413 γὰρ
265 1378 356 1414 φησὶν,
372 1379 470 1410 ἑαυτὰς
484 1379 538 1406 ⁴τῶν
549 1380 596 1406 τοῦ
613 1380 679 1407 Θεοῦ
693 1381 838 1416 χωρίζουσι
846 1382 964 1417 δωρεῶν,

179 1425 227 1452 καὶ
240 1426 289 1459 τῆς
305 1425 440 1459 ἀχράντου
459 1426 603 1457 κοινωνίας
619 1426 669 1459 τῆς
687 1426 835 1461 meumr];
851 1427 967 1462 Ἐκκλη-

180 1469 241 1501 σίας
255 1469 438 1506 ἀλλοτριοῦσι,
462 1470 567 1498 δίκαιον
583 1472 616 1499 ἂν
629 1473 670 1507 εἴη
687 1473 732 1499 καὶ
743 1472 798 1499 τῶν
809 1473 876 1508 παρ’
887 1474 966 1508 ἡμῶν

180 1516 376 1551 δεδωρημένων
392 1517 453 1548 ταῖς
473 1517 599 1544 εὐσεϐέσι
624 1518 680 1544 τῶν
696 1518 836 1551 γυναικῶν
855 1519 965 1546 δικαίων

1018 287 1068 306 nec
1086 280 1201 312 docere,
1225 287 1274 307 nec
1289 280 1479 307 ordinationes
1497 280 1598 312 facere,
1616 286 1667 305 nec
1692 278 1802 305 litanias

1017 325 1166 352 celebrare.
1182 325 1302 352 Dicimus
1326 329 1415 352 autem
1434 325 1581 351 haereticos
1604 331 1664 351 esse
1693 331 1800 353 omnes,

1017 370 1061 403 qui
1080 370 1267 402 sacramentis,
1284 377 1343 403 qua:
1356 369 1458 396 dantur
1473 377 1487 396 a
1504 368 1693 396 sacerdotibus
1711 368 1738 394 in
1755 367 1801 394 lici

1017 418 1150 449 Ecclesia,
1167 425 1221 444 non
1240 422 1455 445 communicant.

1053 463 1192 490 Manichzei
1209 468 1235 490 et
1249 464 1396 490 Donatistae
1415 462 1631 490 ortltodoxornm
1651 461 1801 496 privilegiis

1017 518 1051 538 ne
1071 510 1207 542 fruantur,
1235 517 1329 537 verum
1346 510 1427 537 etiam
1451 514 1573 536 extremo
1594 509 1728 543 supplicio
1744 507 1803 534 alti-

1017 557 1138 585 cinntnr.
1162 555 1295 583 Similiter
1310 562 1337 583 et
1353 556 1570 591 Apollinaristze,
1587 555 1659 589 iique
1675 554 1720 588 qui
1734 562 1802 588 qua-

1018 607 1080 629 tuor
1108 603 1211 630 sanctis
1231 602 1356 630 conciliis
1371 610 1424 628 non
1442 602 1590 633 obediunt;
1606 606 1633 628 et
1648 600 1803 635 quicunque

1017 655 1111 674 contra
1141 655 1266 683 quartntn
1301 653 1428 676 sanctum
1459 648 1607 675 concilium
1638 648 1683 675 vel
1711 647 1803 674 dicere

1017 694 1171 727 quidpiam.
1190 693 1231 720 vel
1247 693 1346 720 docere
1359 695 1417 720 ausi
1435 697 1510 720 sunt.

1054 739 1230 772 Manichacus,
1249 739 1271 766 si
1301 739 1327 765 in
1350 739 1411 766 loco
1436 739 1561 766 Romano
1586 738 1684 772 degere
1704 736 1804 771 depre-

1017 784 1121 812 hensus
1140 784 1234 817 fuerit,
1246 784 1408 812 decolletur.

1054 830 1228 858 Montanistaa
1262 831 1398 865 prmcipue
1431 829 1533 857 nullum
1558 837 1665 863 eorum,
1689 829 1736 862 qtti
1761 828 1805 856 di-

1018 882 1130 908 cuntur,
1162 877 1401 911 patriarcharum.
1423 876 1466 903 vel
1495 875 1657 902 clcricorttm
1688 875 1806 902 habeant

1020 923 1091 950 intra
1113 922 1391 956 Constantinopolim.
1404 920 1609 948 Prohibeantur
1624 925 1715 947 autem
1732 921 1805 947 intra

1019 978 1079 999 eam
1100 970 1223 997 militiam
1250 976 1389 1001 exercere,
1406 968 1447 995 vel
1462 967 1677 996 comessationes
1702 967 1804 997 facere,

1019 1016 1060 1043 vcl
1076 1016 1210 1050 mancipia
1224 1023 1325 1043 etnere.

1054 1061 1205 1088 llarreticus
1234 1059 1419 1087 testimonium
1441 1064 1537 1087 contra
1559 1058 1740 1086 orthodoxum
1772 1063 1805 1083 ne

1019 1107 1102 1134 dicat.

1055 1153 1124 1185 Quin
1142 1156 1171 1179 et
1185 1153 1320 1180 haeretica:
1334 1151 1466 1179 mulieres
1483 1149 1637 1186 privilegiis
1663 1157 1722 1184 quae
1738 1149 1805 1177 dan-

1021 1203 1064 1225 tur
1075 1199 1236 1226 orthodoxis
1251 1197 1390 1226 excidant.
1408 1196 1466 1225 Non
1482 1197 1554 1224 enim
1569 1197 1644 1224 circa
1660 1195 1732 1223 dotis
1750 1203 1806 1223 sua:

1018 1249 1046 1272 et
1065 1244 1242 1272 donationum
1267 1249 1331 1272 ante
1356 1243 1465 1278 nuptias
1487 1242 1680 1270 sufﬁcientiam
1708 1241 1808 1276 priori-

1019 1293 1070 1318 bus
1087 1290 1136 1317 viri
1163 1290 1345 1317 creditoribus
1369 1289 1560 1324 pratl'erentur,
1574 1287 1804 1322 quemadmodum

1021 1337 1146 1364 mulieres
1156 1336 1325 1363 orthodoxae.
1338 1335 1473 1368 Quoniam
1488 1335 1561 1362 enim
1575 1335 1691 1369 seipsas.‘
1704 1333 1804 1368 inquit,

1019 1389 1034 1409 a
1057 1381 1102 1408 Dei
1134 1381 1213 1408 donis
1232 1386 1372 1415 separant,
1398 1385 1426 1407 ct
1449 1380 1483 1406 ab
1502 1379 1645 1414 impolluta
1673 1378 1804 1406 Ecclesia:

1018 1427 1160 1455 catltolicze
1175 1426 1369 1454 communione
1384 1426 1515 1458 alienant,
1527 1433 1635 1460 aequum
1652 1426 1733 1452 etiam
1750 1430 1804 1456 est,

1018 1478 1049 1501 ut
1068 1481 1081 1500 a
1097 1473 1203 1507 juribns
1218 1477 1244 1499 et
1266 1472 1415 1506 privilegiis
1435 1472 1486 1506 piis
1512 1472 1676 1498 mulieribus
1694 1479 1708 1497 ει
1725 1471 1804 1498 nobis

1019 1521 1157 1549 concessis
1173 1520 1337 1547 alicncntur.
1355 1519 1461 1546 Etenim
1474 1519 1592 1553 religiosi
1610 1518 1801 1553 religiosorum

179 1562 228 1589 καὶ
255 1563 413 1598 προνομίων
447 1563 665 1598 ἁλλοτριοῦσθαι.
683 1563 743 1590 Τῶν
764 1564 818 1600 γὰρ
845 1565 965 1592 εὐσεὸῶν

1022 1566 1206 1594 benefactores
1220 1570 1247 1592 ct
1262 1565 1432 1600 legislatores
1446 1573 1461 1591 a
1473 1565 1526 1592 Deo
1536 1564 1679 1591 constituti
1694 1571 1804 1595 sumus,

180 1609 304 1640 εὐσεϐεῖς
329 1610 405 1641 δντες
423 1610 566 1645 εὐεργέται
584 1611 632 1637 καὶ
647 1611 794 1645 νομοθέται
809 1613 877 1646 πρὸς
890 1612 965 1643 [Θεοῦ

179 1656 400 1691 καθεστήκαμεν,
415 1657 446 1682 οὒ
459 1657 514 1683 τῶν
527 1658 590 1692 περὶ
601 1657 745 1692 ἐλαχίστου
761 1657 795 1684 τὰ
807 1658 857 1692 τῆς
872 1658 965 1692 ὑγιοῦς

179 1704 297 1735 πίστεως
314 1703 478 1737 τιθεμένων·
505 1706 594 1730 κοινὸν
618 1704 671 1738 γὰρ
700 1703 767 1738 ἡμῖν
794 1704 871 1730 οὐδὲν
898 1704 966 1738 πρὸς

179 1749 310 1780 ἐκείνους.
326 1749 393 1780 Ταῖς
411 1749 536 1784 νομίμοις
549 1757 580 1783 γε
597 1749 650 1784 μὴν
666 1750 730 1781 τοὺς
748 1749 904 1785 αἱρετικοὺς
917 1758 964 1777 τα.-

180 1796 245 1830 φαῖς
261 1794 457 1830 παραδίδοσθαι
478 1794 689 1831 συγχωροῦμεν.

214 1851 338 1879 ΚΕΦΑΛ.
357 1851 395 1879 Γ’.
417 1850 483 1883 Πῶς
498 1851 547 1887 δεῖ
561 1851 614 1884 τὰς
631 1852 796 1886 λεγομένας
809 1852 928 1887 circinat;

355 1887 462 1917 ποιεῖν,
484 1886 550 1920 ἤτοι
570 1887 605 1913 τὰ
619 1889 788 1921 συμπόσια.

219 1930 249 1957 '0
269 1930 318 1965 μὲν
339 1929 372 1957 td
390 1931 440 1965 τῆς
459 1931 488 1957 ὲν
519 1930 632 1965 Γάγγρᾳ
657 1931 766 1958 συνόδου
789 1932 891 1963 κανὼν,
904 1934 966 1965 τοὺς

179 1977 318 2003 κοινωνεῖν
335 1975 372 2010 μὴ
397 1975 580 2010 ἀνεχομένους
595 1977 652 2007 τοῖς
669 1977 700 2003 ὲκ
721 1977 840 2008 πίστεως
855 1978 903 2004 καὶ
920 1979 966 2005 εὐ-

179 2020 288 2052 λαδείας
304 2021 352 2052 τὰς
365 2020 514 2054 λεγομένας
529 2021 640 2054 ἀγάπαις
654 2021 839 2057 ὲνἙκκλησίᾳ
849 2023 966 2057 ποιοῦσ,,

179 2069 226 2093 καὶ
241 2067 282 2098 εἰς
300 2066 382 2104 τιμὴν
398 2065 447 2093 τοῦ
464 2066 567 2102 Κυρίου
584 2067 652 2097 τοὺς
672 2066 804 2101 ἀδελφοὺς
820 2069 859 2100 είς
876 2068 967 2095 ἑστία-

181 2122 222 2139 σιν
246 2112 516 2147 προσλαμὸάνουσιν,
536 2113 574 2142 ὼς
591 2113 822 2148 βδελυσσομένους
840 2114 871 2140 τὸ
891 2114 966 2147 γινό-

180 2166 271 2192 μενον,
285 2157 325 2192 τῷ
337 2157 490 2191 ἁναθέματι
507 2159 698 2191 παραπέμπει.
726 2157 757 2183 Εἰ
776 2158 831 2191 γὰρ
849 2157 895 2183 καὶ
909 2159 966 2189 τοῖς

1020 1620 1071 1639 non
1090 1617 1181 1639 autem
1199 1619 1293 1638 eorutn
1310 1610 1355 1644 qui
1366 1617 1460 1637 sanam
1477 1610 1556 1636 Iidem
1570 1608 1647 1643 parvi
1661 1608 1780 1644 pettdttnl
1795 1616 1803 1634 :

1020 1658 1087 1686 nihil
1104 1658 1176 1685 enim
1194 1657 1272 1684 nobis
1291 1664 1353 1684 cum
1371 1656 1404 1683 iis
1419 1662 1565 1684 commune
1587 1659 1638 1682 est.
1658 1654 1805 1683 llmreticos

1020 1709 1110 1732 atttetn
1128 1705 1254 1739 legitimis
1275 1702 1411 1738 sepulcris
1436 1703 1505 1729 tradi
1529 1701 1727 1736 permittimus.

1016 1850 1094 1878 CAP.
1109 1849 1153 1878 lll.
1173 1849 1311 1883 Quomodo
1324 1858 1435 1884 agapas,
1449 1857 1507 1885 quia
1520 1853 1658 1882 vocantur,
1671 1856 1718 1875 seu
1739 1857 1805 1876 con-

1230 1886 1298 1912 vivia
1314 1885 1447 1912 celebrare
1467 1885 1570 1912 deceat.

1053 1930 1220 1958 Undecimus
1236 1938 1296 1966 syn.
1309 1930 1461 1964 Gangrenaa
1478 1937 1565 1958 canon
1591 1929 1626 1957 iis
1645 1930 1690 1965 qui
1707 1937 1802 1957 eorum

1017 1976 1239 2004 communionem
1259 1983 1312 2003 non
1332 1977 1434 2008 ferunt,
1454 1976 1501 2010 qui
1531 1983 1564 2002 ex
1593 1975 1645 2002 fide
1661 1981 1688 2002 et
1704 1976 1802 2009 pietate

1018 2029 1116 2056 agapas
1127 2021 1215 2048 dictas
1235 2022 1262 2048 in
1285 2021 1406 2048 ecclesia
1420 2025 1563 2056 peragunt,
1580 2026 1608 2048 et
1625 2020 1651 2047 in
1670 2021 1801 2048 honorem

1019 2068 1124 2095 Domini
1145 2066 1243 2095 fratres
1259 2067 1292 2095 ad
1309 2067 1465 2094 convivium
1482 2067 1631 2101 accipiunt,
1649 2066 1684 2093 ab
1701 2073 1734 2092 eo
1751 2065 1800 2092 uti-

1017 2124 1071 2151 que
1089 2116 1161 2151 quod
1185 2115 1286 2142 factum
1304 2119 1345 2141 est
1372 2113 1563 2145 abhorrentes,
1588 2113 1732 2140 anathema
1755 2112 1803 2138 dc-

1020 2162 1137 2189 mtntiat.
1164 2162 1238 2188 Licet
1265 2160 1338 2188 enim
1356 2167 1371 2186 a
1392 2159 1545 2186 canonibus
1570 2157 1803 2193 subsequentibus

181 2203 380 2238 ῥηθησομένοις
405 2203 500 2229 κανόσι
527 2203 614 2229 ταῦτα
649 2202 773 2236 γίνεσθαι
799 2203 965 2238 ἀπείρηται,

1022 2209 1072 2236 tale
1087 2208 1225 2244 quidpiam
1254 2207 1310 2234 ﬁeri
1335 2207 1448 2234 vetitum
1468 2207 1518 2238 sit,
1537 2205 1687 2240 aliquando
1705 2209 1797 2232 tamen

156 2243 162 2250 “
180 2249 236 2276 ἀλλ’
251 2247 297 2275 οὖν
315 2250 371 2280 τοῖς
385 2249 475 2284 ἀγαθῇ
491 2248 590 2284 γνώμη
605 2249 684 2275 τοῦτο
700 2248 801 2283 δρῶσιν
824 2248 899 2274 ἐστιν
913 2249 966 2282 ὅπη

181 2295 295 2328 ἐφεῖται.

221 2341 250 2366 Ὀ
265 2341 293 2366 δὲ
310 2339 349 2366 οδ¹
366 2340 415 2374 τῆς
432 2343 460 2372 ς’
476 2340 585 2366 συνόδου
609 2340 710 2373 κανὼν,
729 2341 776 2367 καὶ
790 2342 804 2367 ὸ
819 2340 862 2375 κη’
876 2341 924 2375 τῆς
937 2341 966 2366 ἐν

180 2386 342 2421 Λαοδικείᾳ,
364 2386 520 2421 ἀφορισμὺν
556 2386 783 2413 ὲπανατείνονται
808 2388 863 2417 τοίς
893 2386 966 2412 ἔνδον

181 2431 327 2466 ἐκκλησίας
352 2431 369 2466 ἢ
395 2431 442 2458 τοῦ
465 2431 605 2466 Κυριακοῦ
621 2432 769 2464 δειπνοῦσι,
788 2434 834 2459 καὶ
855 2432 965 2466 ἀγάπην

181 2478 260 2512 δῆθεν
281 2477 413 2508 ἐσθίουσι,
432 2478 480 2504 καὶ
504 2477 658 2512 ἁκούμὸιτα
680 2478 843 2512 στρωννύειν
859 2478 965 2512 τολμῶ-

183 2531 224 2549 σιν
235 2531 242 2538 '
263 2523 331 2550 ἀλλὰ
347 2523 401 2558 γὰρ
415 2523 487 2555 ἄπας
504 2525 586 2555 τόπος
605 2524 643 2557 τῷ
662 2524 720 2559 Θεῷ
754 2524 918 2558 ἁνατεΟειμέ
935 2533 965 2555 ος

182 2570 311 2604 κυριακὸς
323 2569 441 2602 λέγεται.
460 2569 586 2604 Ἀρχαίον
599 2569 627 2594 δὲ
639 2567 673 2603 ἦν
684 2569 755 2603 ἔθος,
769 2569 838 2604 μετὰ
850 2571 899 2604 τὴν
911 2570 964 2595 τῶν

183 2616 263 2642 θείων
286 2616 429 2642 κοινωνῖαν
455 2615 613 2650 μυστηρίων
638 2615 729 2649 κοινὴν
746 2615 885 2649 τράπεζαν
901 2615 965 2646 τοὺς

182 2661 327 2692 πλουσίους
339 2662 394 2691 τοῖς
408 2661 505 2695 πένησι
522 2660 689 2696 προτιθέναι.
708 2661 809 2687 Τούτου
825 2661 872 2687 τοῦ
887 2661 965 2692 ἔθους

182 2706 228 2732 καὶ
247 2706 261 2732 ὁ
277 2705 366 2739 μέγας
391 2705 538 2736 ἀπόστολος
559 2705 663 2737 Παῦλος
683 2707 711 2732 ὲν
726 2707 758 2740 τῇ
779 2706 845 2740 πρὸς
869 2706 965 2740 Κοριν-

182 2751 255 2783 θίους
274 2752 411 2787 μέμνηται
436 2751 476 2777 α’·
493 2753 595 2780 ἐκεῖνος
610 2752 664 2786 γὰρ
682 2752 728 2779 καὶ
751 2752 860 2786 ἀγάπην
885 2751 964 2778 τοῦτο

182 2797 270 2829 καλεῖ,
286 2798 302 2832 ἢ
324 2797 360 2827 ὡς
374 2798 414 2828 είς
439 2797 553 2832 ἀγάπην
570 2797 695 2831 συνάγον,
713 2798 729 2833 ἦ
747 2799 783 2829 ὡς
804 2798 838 2824 δι’
852 2798 963 2832 ἀγάπην

182 2843 345 2877 γενόμενον·
368 2843 427 2869 ἀλλ’
446 2843 483 2874 ὡς
507 2844 653 2879 παραίιεον
679 2845 827 2871 σκανδάλου
852 2845 963 2877 γεγονὸς

182 2888 307 2924 ὕστερον,
331 2891 353 2915 οἱ
372 2890 438 2916 θεῖαι
456 2890 571 2925 Ιιατ⁷ρῑς
595 2889 749 2917 ἐκλυειαν·
769 2889 918 2925 ἀκούμειτςι
934 2891 961 2917 δὲ

1016 2255 1051 2282 iis
1065 2255 1112 2289 qui
1131 2255 1203 2281 bono
1221 2253 1345 2280 instituto
1362 2252 1387 2279 id
1405 2251 1518 2284 faciunt,
1531 2251 1695 2286 permissum
1713 2255 1765 2278 est.

1054 2341 1107 2376 18
1132 2340 1235 2366 Canon.
1254 2345 1344 2366 autem
1369 2339 1402 2365 74
1435 2347 1496 2375 syn.
1523 2347 1560 2369 νι.
1595 2346 1645 2366 nec
1674 2347 1728 2366 non
1766 2339 1803 2367 98

1015 2395 1076 2422 syn.
1094 2385 1264 2416 Laotlicettae,
1280 2385 1313 2411 iis
1327 2384 1372 2419 qui
1398 2384 1472 2412 intus
1490 2385 1633 2412 ecclesiam
1655 2385 1695 2412 vel
1712 2386 1802 2412 locum

1018 2430 1188 2458 Dominicutn
1218 2437 1324 2457 (mnam
1356 2435 1483 2462 suntunt,
1518 2430 1673 2465 ibidemque
1701 2439 1803 2466 agapas

1015 2477 1173 2508 comedunt,
1186 2481 1212 2502 et
1230 2476 1374 2503 accubitus
1389 2481 1513 2504 sternere
1528 2477 1589 2504 ausi
1603 2483 1678 2508 sunt.
1691 2486 1802 2505 excom-

1016 2524 1227 2551 tnunicationem
1253 2524 1380 2550 intentat.
1407 2523 1502 2551 Omnis
1532 2529 1623 2551 autent
1650 2525 1726 2552 locus
1749 2525 1804 2551 lico

1015 2575 1197 2597 consecratus
1217 2570 1374 2596 llominicus
1393 2571 1505 2597 dicitur.
1530 2570 1591 2597 Erat
1621 2571 1714 2605 utique
1742 2578 1803 2596 mos

1014 2617 1154 2650 antiquus,
1174 2621 1202 2642 ιιι
1217 2625 1278 2650 post,
1299 2617 1454 2643 divinorum
1482 2616 1672 2652 mysteriorum
1690 2617 1801 2650 partici-

1014 2663 1162 2695 pationem,
1179 2661 1276 2689 divites
1293 2669 1467 2689 communem
1489 2670 1612 2689 mensam
1634 2662 1803 2697 pauperibus

1014 2712 1190 2741 opponerent.
1208 2707 1294 2741 Hujus
1316 2707 1525 2735 consuetudinis
1543 2708 1667 2734 meminit
1683 2715 1800 2741 magnus

1014 2753 1153 2786 apostolus
1168 2752 1269 2780 Paulus
1286 2754 1312 2780 in
1334 2757 1420 2788 prima
1434 2753 1555 2788 Epistola
1573 2754 1606 2780 ad
1626 2753 1799 2786 Col‘llllitins;

1013 2806 1128 2834 eamque
1142 2800 1303 2827 charitatem
1325 2801 1459 2835 appellat,
1478 2800 1518 2827 vel
1539 2805 1568 2826 ut
1585 2800 1618 2827 ad
1634 2801 1798 2827 charitaleut

1013 2845 1222 2877 conducentem,
1247 2846 1288 2873 vel
1312 2850 1340 2872 ut
1363 2851 1475 2881 propter
1501 2846 1663 2874 citaritatetn
1687 2847 1800 2879 laetati),

1015 2889 1113 2916 V’ct'ttttt
1139 2898 1201 2917 cum
1227 2895 1322 2925 postca
1339 2891 1462 2918 scandali
1483 2891 1591 2918 occasio
1609 2894 1690 2924 esset,
1706 2899 1720 2918 a
1736 2897 1799 2918 san-
