1951 3065
113 99 190 133 1061

156 161 190 185 '0
217 159 250 186 δὲ
279 163 307 195 η’
329 160 442 194 ταύτης,
461 159 493 186 Et
515 159 607 195 μέντοι
624 161 658 187 δι’
677 161 824 196 ὑπηρέτου,
846 162 923 194 φησι,
942 164 960 189 Α

108 205 163 240 τὴν
178 205 392 240 δεδηλωμένην
408 205 514 232 ικεσίαν
537 205 605 241 ὑπὲρ
622 206 677 232 τῶν
695 207 925 241 προσφευγόντων

107 252 144 286 τῇ
176 251 331 287 ἐκκλησίᾳ
355 251 402 278 καὶ
416 251 552 281 δεομένων
572 252 733 286 ἐπικουρίας
748 253 761 278 ὁ
775 253 926 282 ἐπίσκοπος

106 297 299 332 ποιήσαιτο,
325 298 373 324 καὶ
392 299 424 333 τῇ
445 297 499 323 τῶν
525 297 632 324 πολλῶν
659 298 709 332 οὐχ
742 298 923 325 ὑποπεσείται

108 343 242 377 μέμψει,
278 343 327 370 καὶ
355 344 405 378 τὴν
422 344 451 370 ὲν
475 343 513 378 τῷ
531 343 708 379 στρατοπέδῳ
735 344 923 379 ταλαιπωρίαν

104 388 309 421 ἐκφεύξεται.

152 434 187 461 Ὀ
204 435 236 460 δὲ
255 435 291 468 θ’,
308 435 364 466 Τὰς
380 436 459 468 ιμετὰ
474 436 627 470 συνοδικῆς,
654 435 923 470 φησὶ,ιδιαγιλὼσεως

106 480 185 511 πρὸς
215 480 272 507 τὸν
294 480 410 515 βασιλέα
425 480 471 507 τοῦ
487 482 638 508 ἐπισκόπου
659 481 841 516 πεμπομένας
864 482 924 507 ὲπι-

107 525 221 556 στολὰς
255 526 312 552 ὑπὸ
331 525 378 552 τοῦ
396 526 445 561 τῆς
460 527 565 558 πόλεως
580 527 688 561 ἐκείνης
707 527 921 562 μητροπολίτου,

106 571 140 596 ὲν
157 567 177 607 ᾖ
197 571 259 602 τὰς
282 571 426 606 διατριϐὰς
442 573 456 598 ὁ
470 572 596 607 βασιλεὺς
610 573 649 608 τῷ
673 574 823 609 τηνικαῦτα
838 576 924 601 ποιεῖ-

107 624 171 645 ται,
193 616 404 650 ἀνακρίνεσθοιι
419 618 469 651 δεῖ,
498 619 546 645 καὶ
570 619 594 645 εί
620 618 658 654 μὴ
684 620 813 654 φορτικαὶ
833 620 921 655 τούτῳ

106 662 267 694 δοκοῦσιν,
283 663 451 690 ὲπιδίδοσϐαι
462 672 469 679 ·
484 665 509 690 εἰ
523 664 544 690 δ’
556 663 613 697 οὖν,
629 666 697 700 πρὸς
712 666 758 693 τὸν
775 665 921 702 πέμψαντα

107 707 229 739 ταύτας
247 707 477 742 ἀνακομίζεσοαι.

155 753 193 781 '0
209 754 244 781 δὲ
259 757 295 786 κ’,
314 754 371 789 Τῆς
387 754 467 781 ἐνίων
481 755 672 791 ἀναισχυντίας
690 745 803 789 εἵνεκεν,
822 757 865 783 ἵνα
881 757 920 793 μὴ

107 800 146 826 τὰ
160 800 221 834 τῆς
237 801 392 836 ἱερωσύνης
403 801 584 834 διαδάλλοιτο,
597 803 645 829 καὶ
658 802 736 838 παρὰ
754 803 809 830 τῶν
823 804 852 830 ἐν
861 805 920 835 ταῖς

108 847 260 880 παρόδοις
286 846 499 881 καθεστηκότων
524 849 694 882 ἐπισκόπων,
723 849 920 884 ἀνακρίνεσθαι

108 893 183 924 τοὺς
202 892 341 924 ἀπιόντας
357 901 402 919 ποι
418 893 473 920 τῶν
490 894 643 930 ἀρχιερέων
665 895 730 931 χρὴ,
745 896 800 923 τῶν
819 904 921 932 μητρο-

110 938 259 970 πολιτῶν,
277 936 365 973 οἶμαι,
381 936 421 970 οἷς
433 940 457 966 οε
475 941 591 968 τοιοῦτοι
617 941 728 974 πάντως
747 942 918 971 ὑπόκεινται.

111 984 194 1017 Πρὸς
212 985 328 1011 ἐκείνων
350 985 404 1020 γὰρ
419 985 466 1012 καὶ
490 986 570 1020 μόνον
594 987 657 1019 τοὺς
681 987 727 1015 ὑπ’
741 989 834 1020 αὐτοῖς
852 990 919 1016 ἀνα-

109 1031 272 1063 κρίνεσθαι
297 1031 386 1066 χρεὼν
403 1033 583 1064 ἐπισκόπους,
601 1033 660 1060 ἐστι
677 1034 700 1061 δ’
717 1035 762 1062 ὅτε
787 1037 834 1063 καὶ
854 1037 918 1068 τοὺς

113 1077 156 1111 μὴ
175 1078 382 1112 ὑποκειμένους
399 1079 504 1112 αὐτοῖς,
522 1081 570 1107 καὶ
584 1081 690 1112 τούτοις
704 1082 780 1117 παρὰ
803 1083 919 1114 κανόνας

109 1131 141 1148 τι
179 1124 302 1157 πράξειν
327 1125 512 1159 ὡρμημένοις,
534 1126 583 1161 οὐχ
602 1127 677 1159 ὅπως
705 1127 742 1163 μὴ
768 1131 918 1162 συναινεϊν,

111 1170 192 1196 ἀλλὰ
207 1172 257 1198 καὶ
270 1171 444 1207 ἀπελέγχειν,
463 1174 510 1200 καὶ
521 1172 559 1205 ὡς
574 1171 630 1201 οἷόν
643 1183 684 1207 τε,
698 1174 869 1203 διακωλύειν.
887 1177 916 1203 El

114 1218 172 1251 μὲν
196 1218 253 1252 γὰρ
269 1219 374 1244 ἀπίοιεν
402 1220 472 1254 πρὸς
499 1220 624 1254 βασιλέα,
641 1222 719 1256 ἢύπ¹
733 1223 816 1250 αὑτοῦ
833 1233 918 1258 προσ-

114 1263 284 1297 κληθέντες,
301 1263 317 1298 ῆ
330 1264 385 1290 τῶν
399 1265 649 1301 προδεδηλωμένων
664 1267 785 1302 εὐλόγων
815 1269 916 1295 ὑποθέ-

116 1317 194 1335 σεων
211 1310 303 1345 χάριν,
319 1311 425 1344 ἐφεῖναι
447 1312 552 1344 τούτοις
566 1313 614 1347 τὴν
629 1313 758 1348 πάροδον,
772 1315 820 1345 τὰς
840 1313 917 1350 εἰρη-

114 1355 204 1386 νικὰς
219 1355 310 1382 αὐτῶν
330 1357 573 1391 σημειωσαμένους
599 1359 755 1390 ἐπιστολάς.
781 1361 812 1386 Et
829 1361 857 1386 δὲ
880 1361 915 1387 δι’

115 1400 258 1432 ἐπίδειξιν
283 1400 381 1434 ἄλογον
405 1402 444 1432 εἰς
465 1402 611 1436 ἀλλοτρίαν
635 1403 711 1430 πόλιν
735 1405 912 1440 ἀπέρχονται,

116 1445 230 1476 διδάξαι
242 1446 287 1472 τὸν
303 1447 421 1473 ἐνταῦθα
439 1447 504 1474 λαὸν
519 1449 648 1483 οἰόμενοι,
668 1450 714 1476 καὶ
732 1451 912 1486 καταισχῦναι

118 1491 170 1517 τὸν
194 1491 297 1526 ταύτης
314 1491 476 1524 ἐπίσκοπον,
496 1493 511 1528 ἢ
531 1493 598 1529 πρὸς
616 1493 728 1528 βασιλέα
745 1494 813 1524 ἰδίας
836 1505 914 1531 ποιη-

119 1537 235 1572 σόμενοι
261 1538 411 1571 ἀξιώσεις,
439 1539 477 1575 μὴ
497 1540 665 1575 κοινωνῆσαι
686 1540 802 1573 τούτοις,
822 1541 860 1573 ὼς
884 1543 916 1568 ὲκ

120 1584 173 1610 τοῦ
194 1585 307 1616 κανόνος
321 1583 380 1612 οὖσι
398 1586 615 1621 καθῃρημένοις.

169 1630 199 1656 '0
219 1630 274 1664 γὰρ
287 1630 337 1665 τῆς
359 1633 387 1657 ἐν
409 1632 561 1668 ’Δντιοχείᾳ
579 1633 614 1660 ια’
635 1635 682 1660 καὶ
701 1634 752 1669 τῆς
774 1635 915 1667 κοινωνίας

123 1676 335 1710 ἀποκηρύττει,
366 1678 414 1703 καὶ
442 1677 493 1711 τῆς
529 1677 608 1710 ἀξίας
640 1679 793 1715 ἀπόϐλητον
821 1680 914 1716 τίθησι

123 1722 217 1747 πάντα
232 1721 383 1749 ἐπίσκοπον
408 1723 424 1758 ἤ
450 1719 648 1760 πρεσδῦτερον,
668 1726 684 1761 ἥ
705 1726 772 1758 ὅλως
786 1727 849 1755 ὄντα
868 1728 914 1754 τοῦ

121 1766 249 1798 κανόνος,
275 1766 322 1793 τὸν
346 1768 410 1794 ἄνευ
429 1768 540 1804 γνώμης
558 1770 605 1797 καὶ
627 1772 802 1806 γραμμάτων
816 1774 870 1799 τῶν
886 1774 915 1799 ὲν

121 1813 156 1845 τῇ
177 1813 298 1847 ἐπαρχίᾳ
318 1813 487 1846 ἐπισκόπων,
506 1815 554 1840 καὶ
576 1815 693 1850 μάλιστα
708 1817 756 1843 τοῦ
773 1826 913 1853 μητροπο-

122 1857 334 1888 λῐτου,-ἁπιέναι
351 1859 419 1893 πρὸς
443 1859 568 1894 βασιλέα,
590 1862 637 1888 καὶ
651 1862 722 1897 ὑπὲρ
742 1863 912 1897 ἀναγκαίων,

122 1905 208 1938 φημὶ,
226 1905 407 1939 πραγμάτων,
425 1906 612 1941 τολμήσαντα.

167 1950 237 1976 ’Λῦ.λ’
248 1951 307 1976 οὐδὲ
324 1951 338 1976 ό
351 1950 389 1983 ις’
407 1943 458 1985 τῆς
473 1953 501 1978 ὲν
516 1952 648 1986 Καρθαγέ
655 1961 685 1988 νη
713 1953 757 1980 διὰ
775 1954 912 1990 θαλάσσης

127 1998 238 2032 μακρὰν
253 1997 311 2024 ὁδὸν
325 1998 483 2024 στέλλεσθαι
496 1999 541 2025 τὸν
556 1999 705 2026 ἐπίσκοπον
720 2001 874 2035 ἐπιτρέπει,
888 2001 912 2026 εί

126 2044 163 2077 μή
178 2043 220 2069 τοί
237 2051 269 2076 γε
284 2043 353 2076 μετὰ
368 2044 459 2071 κοινοῦ
482 2044 660 2080 ψηφίσματος
682 2046 738 2073 τῶν
762 2047 812 2082 τῆς
829 2048 913 2082 ἐπαρ-

124 2090 186 2123 χίας
203 2089 371 2122 ἐπισκόπων,
387 2090 448 2116 κατ’
468 2090 607 2125 ἐξαίρετον
620 2090 648 2117 δὲ
666 2091 713 2117 τοῦ
737 2092 786 2127 τῆς
801 2092 910 2119 συνόδου

123 2135 157 2161 τὰ
186 2135 283 2169 πρῶτα
310 2135 441 2170 φέροντος
470 2137 679 2173 πατριάρχουῆ
709 2139 909 2174 μητροπολίτου

625 104 831 135 SYNTAGMA
849 103 1165 134 ALPIIABETICUM,
1187 117 1221 122 -
1241 106 1277 135 Α.

1693 106 1762 139 1062

1014 162 1131 186 Octavus
1148 164 1238 186 autem
1256 160 1378 194 ejusdem
1403 167 1462 196 syni
1481 169 1579 192 canon.
1599 163 1626 189 Si
1645 166 1766 197 quédvm.

984 204 1085 238 inquit,
1103 204 1248 239 episcopus
1264 205 1419 238 petitionem
1445 213 1521 232 suam
1550 213 1598 240 pro
1623 207 1655 234 iis
1671 209 1714 241 qui
1734 209 1766 236 ad

975 251 1120 278 ecclesiam
1149 250 1322 285 confugiunt.
1337 255 1364 278 et
1379 251 1481 278 auxilio
1496 256 1595 285 egent,
1621 260 1668 287 per
1687 255 1766 281 miuir

978 301 1065 324 strum
1084 301 1176 322 notam
1198 296 1305 326 fecerit.
1323 302 1379 324 tum
1410 297 1527 331 plurium
1561 299 1766 333 reprehensioni

978 350 1032 369 non
1048 342 1100 368 erit
1117 341 1263 372 obnoxius.
1278 346 1333 369 tum
1350 343 1491 378 angustias
1525 344 1552 370 in
1583 345 1682 372 castris
1699 346 1768 373 etru-
1799 360 1803 371 ς

977 388 1043 423 girl.

1010 433 1104 462 Nonus
1125 443 1215 463 autem
1229 443 1326 466 canon.
1360 435 1482 468 Litterae,
1509 436 1607 470 inquit,
1626 436 1658 463 ad
1675 444 1764 470 regem

976 480 1011 507 ab
1038 481 1168 516 episcopo
1200 489 1261 509 cum
1297 482 1419 517 synodali
1448 482 1603 516 cognitione
1627 483 1764 510 mittenda)

976 527 1010 554 ab
1027 527 1103 555 urbis
1126 529 1199 556 illius
1223 529 1443 563 metropolitano,
1473 529 1498 555 in
1530 537 1583 563 qua
1618 537 1664 556 rex
1699 534 1764 556 tunc

976 575 1107 607 temporis
1121 579 1255 607 versatur,
1274 575 1326 609 logi
1340 576 1458 608 debent;
1477 583 1548 610 quae,
1562 575 1585 602 si
1604 584 1658 602 non
1682 577 1765 603 mole-

976 622 1025 645 stae
1040 619 1103 646 visre
1118 620 1185 651 sint,
1198 621 1363 653 tradantur;
1380 629 1458 649 secus
1475 626 1578 654 autem,
1593 622 1627 649 ad
1641 630 1702 649 eum
1716 623 1762 657 qui

975 663 1083 692 easdem
1098 665 1171 693 misit
1178 685 1186 697 ,
1206 671 1387 701 reportentur.

1009 752 1102 780 Canon
1118 759 1207 781 autent
1223 755 1270 786 20,
1305 755 1345 782 Ne
1358 761 1466 790 propter
1482 765 1629 791 paucorum
1644 779 1651 787 .
1663 758 1761 792 inquit,

974 799 1170 834 impudentiam
1187 802 1372 829 sacerdotium
1403 803 1610 837 condemnetur,
1626 805 1762 832 antistites

938 834 958 861 Β
972 846 1018 881 qui
1034 847 1125 881 aliquo
1145 848 1256 880 abeunt,
1268 849 1303 876 ab
1317 849 1452 884 episcopis
1468 851 1514 885 qui
1530 851 1670 878 constituti
1686 857 1762 885 sunt,

971 891 999 919 in
1019 894 1134 921 transitu
1149 895 1300 922 examinari
1327 895 1437 928 debent,
1450 904 1465 923 a
1488 897 1716 930 metropolitanis,
1733 904 1763 925 ut

971 938 1037 965 mihi
1047 939 1163 972 videtur,
1178 941 1276 974 quibus
1291 941 1425 976 ejusmodi
1435 949 1530 970 omnes
1543 942 1659 978 subjecti
1676 950 1738 972 sunt
1750 965 1757 977 ,

970 984 1004 1012 iis
1018 986 1090 1012 enim
1126 987 1193 1014 solis
1213 987 1356 1022 episcopos
1370 988 1422 1015 sibi
1445 989 1583 1023 subjectos
1599 989 1759 1017 examinare

970 1031 1012 1059 fas
1026 1038 1076 1063 est,
1093 1037 1120 1060 et
1137 1034 1301 1068 quandoque
1327 1034 1380 1061 sibi
1399 1043 1453 1062 non
1479 1035 1627 1069 subjectos,
1648 1036 1759 1070 quando

970 1078 1072 1112 aliquid
1098 1083 1194 1111 praeter
1210 1086 1342 1106 canonem
1356 1078 1446 1106 facere
1465 1080 1658 1115 aggrediantur
1677 1088 1684 1107 :
1702 1088 1756 1107 non

971 1123 1052 1150 tuodo
1068 1129 1097 1149 ut
1113 1124 1185 1158 quod
1200 1124 1301 1151 factum
1318 1129 1361 1152 est
1375 1133 1430 1151 non
1459 1125 1581 1157 laudent,
1598 1126 1645 1153 sed
1658 1131 1687 1153 ut
1714 1133 1758 1152 re-

969 1168 1152 1204 prehendant,
1174 1174 1198 1196 et
1216 1178 1264 1204 pro
1281 1170 1384 1198 viribus
1408 1171 1568 1205 impediant.
1588 1171 1616 1198 Si
1635 1172 1707 1198 enim
1725 1172 1757 1198 ad

969 1221 1060 1249 regem
1075 1214 1293 1249 proﬁciscantur,
1311 1217 1352 1244 vel
1368 1217 1402 1244 ab
1430 1225 1462 1244 eo
1476 1217 1659 1250 accersiti,vel
1674 1225 1760 1253 prop-

968 1263 1009 1286 ter
1035 1261 1182 1294 petitioncs
1206 1262 1351 1289 manifesto
1376 1263 1536 1296 rationales,
1554 1264 1687 1291 transitus
1711 1264 1760 1291 iis-

967 1305 1028 1331 dem
1045 1305 1150 1332 dandus
1165 1311 1217 1338 est,
1240 1307 1321 1333 modo
1338 1307 1440 1336 litteras
1455 1308 1583 1342 paciﬁcas
1602 1309 1759 1337 ostendant.

968 1351 1046 1383 Quod
1063 1352 1086 1378 si
1106 1358 1215 1386 propter
1232 1352 1379 1380 absurdam
1401 1355 1614 1381 ostentationem
1627 1355 1659 1381 ad
1676 1354 1757 1381 aliam

967 1397 1104 1425 civitatem
1131 1398 1237 1430 abeant,
1251 1399 1380 1434 populant
1417 1400 1473 1427 illic
1494 1401 1593 1428 docere
1613 1401 1640 1427 in
1665 1402 1758 1428 animo

967 1443 1108 1473 habentes,
1126 1449 1152 1471 ct
1165 1444 1224 1478 ejus
1240 1444 1396 1479 episcopum
1413 1446 1516 1480 pudore
1531 1445 1697 1477 sulfundere,
1716 1445 1758 1471 rei

967 1490 1000 1516 ad
1021 1497 1122 1523 regem,
1142 1496 1170 1516 ut
1187 1498 1250 1517 suas
1267 1490 1410 1524 petitiones
1437 1491 1563 1524 offerant,
1588 1500 1649 1518 cum
1665 1493 1708 1521 iis,
1729 1496 1758 1518 ut

970 1537 1015 1571 qui
1036 1544 1166 1564 acanone
1182 1537 1298 1571 depositi
1326 1537 1391 1569 sint,
1406 1544 1460 1564 non
1484 1541 1526 1564 est
1550 1538 1757 1564 communicau-

970 1584 1046 1610 dum.

1008 1629 1114 1655 Etenim
1144 1637 1204 1664 syn.
1222 1629 1397 1656 Antiochenze
1414 1637 1501 1657 canon
1522 1629 1552 1656 Η
1572 1637 1680 1658 omnem
1700 1632 1757 1665 epi-

969 1683 1083 1710 scopum
1097 1676 1137 1701 vel
1152 1675 1351 1710 presbyterum,
1364 1676 1406 1703 vel
1420 1676 1467 1710 qui
1483 1676 1595 1703 omnino
1610 1685 1643 1704 ex
1652 1685 1757 1704 canone

969 1721 1013 1753 sit.
1029 1721 1075 1756 qui
1090 1721 1159 1748 citra
1173 1715 1335 1748 sententiam
1353 1725 1397 1756 ct\
1412 1721 1518 1749 litteras
1546 1722 1755 1756 provincialium

970 1769 1160 1802 episcoporum
1195 1773 1223 1795 et
1249 1768 1400 1803 prwsertim
1431 1768 1654 1802 metropolitani,
1672 1776 1756 1796 ausus

969 1815 1049 1841 tuerit
1077 1815 1110 1841 ad
1135 1822 1237 1848 regem,
1264 1814 1343 1841 etiam
1375 1818 1486 1848 propter
1512 1822 1556 1841 res
1577 1814 1757 1848 necessarias,

969 1859 1114 1893 proﬁcisci,
1133 1860 1240 1886 abdicat
1270 1864 1322 1886 eta
1338 1859 1470 1894 dignitate
1493 1860 1577 1895 ejicit.

1003 1952 1087 1978 Porro
1103 1958 1151 1977 nec
1165 1950 1260 1984 synodi
1286 1950 1448 1984 Carthagen.
1464 1957 1569 1977 canone
1584 1950 1618 1978 l6
1640 1952 1756 1985 permis-

966 2005 1025 2024 sum
1042 2001 1092 2028 est,
1108 2000 1137 2023 ut
1156 1995 1298 2030 episcopus
1314 2000 1389 2022 trans
1408 2002 1482 2022 mare
1497 1995 1602 2030 longius
1621 1997 1753 2028 mittatur,

966 2042 1018 2070 nisi
1049 2050 1110 2069 cum
1145 2041 1284 2068 communi
1318 2040 1529 2075 prm'incialium
1560 2041 1751 2076 episcoporum

966 2088 1226 2115 consenquﬂttum
1252 2087 1349 2114 melius
1372 2092 1453 2120 esset,
1473 2087 1495 2114 si
1522 2094 1536 2114 a
1563 2088 1659 2123 synodi
1685 2095 1752 2122 prte-

967 2136 1047 2166 lt-cto,
1066 2134 1220 2169 patriarcha
1236 2134 1341 2161 scilicet
1356 2134 1397 2160 vel
1426 2134 1648 2168 metropolitano.
1680 2133 1753 2160 litte-

123 2181 348 2216 ὲντετυπωμένης
363 2183 411 2208 καὶ
422 2186 634 2218 σεσημασμένης
647 2186 766 2220 γραφῆς,
783 2187 910 2213 συνιστά-

973 2189 1010 2207 ‘as
1021 2185 1147 2208 exaratas
1162 2180 1338 2214 signatasqtte
1363 2180 1471 2212 habeat,
1489 2187 1550 2214 quae
1579 2179 1612 2206 iis
1637 2179 1669 2206 ad
1681 2187 1752 2214 quos

124 2235 175 2261 σης
199 2226 294 2254 τοῦτον
322 2229 391 2263 πρὸς
420 2228 467 2261 οὓς
491 2230 596 2262 ἄπεισι,
620 2231 667 2258 καὶ
691 2230 822 2267 ἀξιούσης
847 2234 912 2267 περὶ

122 2281 216 2300 autat).

163 2318 193 2345 '0
221 2319 249 2346 δὲ
277 2319 314 2346 οα¹
341 2321 452 2357 ταύτης,
474 2322 535 2349 οὐδὲ
557 2323 627 2358 πρὸς
655 2322 752 2358 ἑτέραν
775 2323 911 2358 ὑπἀὑτῷ

121 2365 254 2392 τελοῦσαν
270 2368 419 2402 παροικίαν
445 2368 609 2404 εὐπρόσοδον
628 2369 781 2404 ἀποδημεῖν
800 2370 910 2402 δικαιοῖ,

121 2412 202 2438 κάκεῖ
219 2413 368 2454 ὃιιξτρίόειν
385 2416 431 2441 ἐπὶ
446 2415 525 2448 πολὺ,
537 2417 587 2450 τὴν
610 2417 789 2450 πρωτὸτυπον
811 2416 912 2452 ἐκκλη-

123 2459 186 2485 σίαν
206 2460 460 2495 καταλιμπάνοντα,
486 2462 533 2488 καὶ
562 2461 618 2488 τῶν
642 2462 824 2497 σωτηριωδῶν
839 2463 908 2498 αὐτῇ

123 2507 363 2542 παραγγελμάτων
391 2508 587 2544 ὀλιγωροῦντα,
618 2509 732 2544 κέρδους
768 2510 833 2536 ἰδίου
860 2510 910 2546 τὴν

123 2554 261 2588 σωτηρίαν
276 2554 322 2580 τοῦ
336 2555 401 2581 λαοῦ
417 2556 590 2590 προϊέμενον.

158 2599 338 2633 Πιιλσαμών.
364 2601 410 2627 Ἐκ
442 2601 537 2627 τούτου
556 2602 628 2632 τινὲς
649 2601 850 2636 συλλογίζονται
872 2602 909 2637 μὴ

123 2643 232 2676 ἐξεῖναι,
247 2647 316 2681 μήτε
334 2647 378 2673 τὸν
399 2647 451 2673 ὑπὸ
465 2648 551 2674 ἐθνῶν
571 2648 619 2682 τῆς
634 2648 740 2679 οἰκείας
754 2649 909 2682 ἐπισκοπῆς

123 2689 298 2724 ἐκδ).ηοἐντα,
317 2692 346 2717 ἐν
371 2692 452 2728 ἑτέρᾳ
478 2693 523 2719 ὑπ’
539 2693 613 2728 αὐτῷ
635 2693 751 2728 τελούσῃ
770 2694 909 2719 κατοικεῖν

123 2738 263 2771 παροικίᾳ,
279 2738 348 2772 μήτε
373 2739 419 2764 τον
443 2739 547 2774 φαύλης
568 2740 616 2766 καὶ
638 2740 740 2775 μικρᾶς
755 2739 908 2772 ἐπισκοπῆς

123 2783 334 2817 προϊστάμενον,
357 2785 396 2815 είς
418 2785 515 2818 ἑτέραν
537 2784 824 2821 πολυανθρωποτέραν
855 2784 909 2819 χώ-

124 2835 182 2862 ραν,
201 2828 318 2864 ὑποτελῆ
339 2830 385 2856 καὶ
412 2831 512 2867 ταύτην
537 2833 612 2868 αὐτῷ
631 2832 818 2868 τυγχάνουσαν
831 2851 839 2864 ,
859 2831 908 2858 αὑ-

964 2227 1148 2262 proticiscitur
1174 2235 1235 2254 eum
1264 2227 1466 2260 commendent,
1498 2230 1526 2253 et
1550 2227 1631 2262 digne
1660 2226 1693 2253 de
1718 2233 1751 2252 eo

965 2275 1122 2308 loquantur.

999 2319 1017 2328 Π
1153 2325 1174 2328 ,ν
1224 2318 1252 2328 η·
1283 2318 1355 2328 _!,,_l
1376 2327 1397 2328 κε
1429 2326 1491 2328 κηκᾼ
1506 2318 1523 2328 l!
1563 2326 1614 2328 _,__.
1643 2325 1747 2328 _._,..,.,._

998 2319 1090 2346 Canon
1117 2325 1206 2346 autem
1224 2318 1253 2345 71
1280 2318 1399 2353 ejusdem
1427 2318 1523 2354 synodi
1563 2326 1616 2345 non
1641 2318 1772 2363 mquam;

962 2374 1023 2394 esse
1037 2371 1141 2398 censet,
1157 2371 1187 2394 ut
1217 2367 1363 2401 episcopus
1390 2365 1528 2400 primitiva
1553 2373 1602 2392 sua
1630 2364 1749 2391 ecclesia

962 2374 1023 2394 esse
1037 2371 1141 2398 censet,
1157 2371 1187 2394 ut
1217 2370 1363 2401 episcopus
1390 2370 1528 2400 prnntttva
1553 2373 1602 2392 sua
1630 2370 1749 2391 ccclesta

962 2413 1006 2439 diu
1036 2413 1176 2443 derelicta.
1194 2412 1226 2439 ad
1252 2412 1332 2439 aliam
1366 2411 1491 2439 ditiorem
1534 2411 1690 2445 parochiam
1722 2370 1778 2444 ini

962 2459 1071 2486 ὀίωοοεί
1088 2467 1136 2486 sua
1151 2459 1329 2485 constitutam
1357 2457 1557 2492 proﬁciscatur,
1572 2462 1598 2484 et
1617 2457 1671 2483 illic
1685 2464 1751 2483 ver-

961 2511 1047 2538 setur,
1075 2507 1184 2538 proprio
1198 2505 1291 2538 utique
1307 2503 1383 2531 lucro
1413 2504 1503 2538 populi
1527 2504 1642 2530 salutem
1678 2506 1752 2537 post-

962 2546 1079 2586 pom-ns.-

999 2598 1153 2625 Balsama".
1173 2598 1242 2624 Hinc
1269 2596 1398 2631 colligunt
1429 2595 1564 2625 nonnulli,
1595 2594 1667 2628 quod
1694 2601 1748 2619 non

961 2647 1025 2673 licet
1041 2645 1064 2671 (‘i
1077 2644 1123 2678 qui
1140 2652 1153 2670 a
1169 2642 1279 2678 proprio
1292 2643 1449 2676 episcopatu
1471 2649 1484 2666 ιι
1503 2639 1615 2674 paganis
1643 2639 1749 2670 eiet-tos

961 2692 1053 2721 fuerit,
1068 2690 1093 2715 in
1109 2689 1159 2714 alia
1175 2687 1302 2722 parochia
1338 2687 1370 2713 ad
1387 2693 1417 2713 se
1435 2686 1585 2720 pertinente
1614 2683 1747 2714 habitare;

960 2745 1010 2764 nec
1023 2737 1045 2762 ei
1064 2736 1109 2770 qui
1127 2743 1209 2770 parvo
1229 2739 1255 2760 ιιι
1270 2733 1380 2768 pauperi
1395 2729 1561 2765 episcopatui
1595 2733 1701 2764 praeest,
1721 2728 1747 2755 in

960 2785 1041 2811 aliam
1070 2783 1207 2817 regionem
1239 2779 1438 2815 popuiosioretn
1470 2776 1579 2810 sibique
1613 2774 1747 2802 tributum

961 2831 1109 2860 solventem
1144 2826 1320 2856 dcsultatorie
1346 2823 1523 2856 descendere,
1541 2822 1592 2850 nisi
1613 2829 1658 2849 rex
1677 2828 1745 2849 con-

1798 380 1805 408 ξ

1798 416 1807 447 ι

1801 451 1805 463 1
