1948 3064
139 81 210 116 ιοιιτ

623 85 769 116 SYNTAG
775 86 829 116 ΜΛ
852 87 871 114 .-\
877 85 952 115 LPIl
959 83 1055 114 ABET
1063 84 1123 114 ICU
1130 85 1165 114 Μ.
1173 81 1222 100 ’--
1244 84 1276 114 Β.

1711 80 1778 113 1098

137 143 186 178 τῆς
201 141 285 176 ἁγίας
299 143 452 174 κοινωνίας,
470 143 535 178 πρὶν
547 142 608 178 ἂνὴ
625 143 700 170 αἰτία
726 143 830 178 δειχθῇ,
846 142 879 169 δι’
896 142 927 177 ἢν

986 146 1076 169 sancta
1100 141 1298 168 communione
1321 147 1463 176 separare,
1477 139 1641 175 priusquam
1665 143 1779 166 ostensa

135 188 160 214 oi
177 187 402 222 ἐκκλησιαστικοὶ
418 190 532 220 κανόνες
547 189 626 215 τοῦτο
653 188 778 223 γίνεσθαι
803 187 932 215 κελεύου-

136 243 194 261 σιν.
215 234 246 261 El
259 234 288 261 δέ
303 243 344 266 τις
358 236 434 270 παρὰ
446 235 533 261 ταῦτα
545 236 596 270 τῆς
613 234 694 269 ἁγίας
715 234 858 265 κοινωνίας
878 243 931 269 χω-

136 280 210 314 ρίσει
239 281 312 311 τινὰ,
340 281 444 312 ἐκεῖνος
476 280 536 315 μὲν,
549 280 579 311 ὅς
595 279 696 311 ἀδίκως
720 279 770 313 τῆς
788 279 932 310 κοινωνίας

136 326 287 361 ἐχωρίσθη,
306 326 435 361 λυόμενος
451 326 497 353 τοῦ
513 326 654 362 χωρισμοῦ
672 325 725 352 ὑπὸ
738 325 786 352 τοῦ
803 325 930 360 μείζονος

137 372 245 408 ἱερέως,
260 372 308 407 τῆς
321 373 401 406 ἁγίας
418 373 555 405 ἀξιούσθω
572 371 713 403 κοινωνίας
724 379 731 386 ·
758 372 771 398 6
786 371 814 398 δὲ
829 370 932 401 ἀδίκως

135 418 214 450 τινὰς
227 418 331 453 ταύτης
343 418 458 453 χωρίσαι
473 418 625 452 τολμήσας,
640 417 692 444 ὑπὸ
707 417 753 443 τοῦ
767 417 872 452 ἱερέως,
885 415 931 449 ὑφ’

135 465 166 492 ὃν
178 464 321 497 τέτακται,
336 464 540 500 χωρισοὴσεται
567 464 617 497 τῆς
633 463 790 495 κοινωνίας,
808 462 851 497 ἐφ’
868 463 930 489 ὅσον

137 511 170 538 ἂν
185 511 282 546 χρόνον
299 511 399 542 ἐκεῖνος
418 510 523 545 συνίδῃ,
540 510 593 542 ἵνα,
607 510 675 545 ὅπερ
689 509 791 541 ἀδίκως
805 508 927 544 ἰποίησε,

135 557 252 588 δικαίως
264 557 412 592 ὑπομείνῃ.

174 603 212 629 Οὐ
226 604 266 629 δεῖ
281 603 344 634 τοὺς
372 604 540 635 ἐπισκόπους
555 603 572 638 ἦ
589 602 738 638 κληρικοὺς
762 602 929 636 ἀναγκάζειν

135 649 214 681 τινὰς
244 651 430 684 καρποφορεῖν
450 650 466 684 ἢ
491 649 630 684 ἀγγαρίας
653 649 765 681 διδόναι,
780 648 797 683 ἢ
812 649 876 679 τοὺς
891 648 929 684 μὴ

136 695 207 722 οὕτω
227 695 370 727 ποιοῦντας
390 697 550 730 ἀφορίζειν,
569 695 586 730 ἣ
614 694 837 730 ἀναθεματίζειν,
857 694 873 729 ἢ
891 694 929 729 μὴ

137 741 238 768 διδόναι
252 741 408 776 κοινωνίαν,
426 743 443 777 ἦ
462 742 499 777 μὴ
513 741 669 775 βαπτίζειν·
687 740 818 776 ἀθέμιτον
830 741 895 776 γάρ.

313 830 407 857 ΑΡΧΗ
428 827 496 857 ΤΟΥ
515 830 536 856 Β
555 828 752 856 ΣΤΟΙΧΕΙΟΥ.

191 876 318 904 ΚΕΦΑΛ.
339 876 377 904 Α’.
397 876 465 910 Περὶ
483 876 537 903 τοῦ
550 876 637 909 ἁγίου
650 875 875 909 βαπτίσματος.

182 922 262 948 Ὰλλὰ
277 922 331 958 γὰρ
344 923 391 948 ἐπὶ
407 922 440 948 τὸ
458 922 522 956 ἑξῆς
544 922 594 955 ἤδη
627 921 766 956 μετιόντες
786 921 928 957 στοιχεῖον,

135 968 171 995 τὲ
186 968 310 1003 περὶτοῦ
324 968 403 1001 ἁγίου
422 967 613 1002 βαπτίσματος
630 966 768 1001 προῦργου
784 964 862 1002 οἶμαι
888 967 927 993 δι-

136 1014 247 1046 ιξιέναι.

178 1060 209 1086 Ὀ
222 1059 265 1093 μζ¹
282 1060 336 1086 τῶν
351 1060 438 1094 ἁγίων
453 1060 612 1087 ἀποστόλων
634 1060 724 1087 κανὼν
744 1061 789 1086 τον
812 1059 862 1094 μὲν
883 1058 930 1085 τοῦ

136 1104 253 1138 ἀληθοῦς
269 1105 421 1140 ἠξιωμένον
447 1104 646 1140 βαπτίσματος,
666 1105 704 1136 ὡς
719 1105 749 1132 τὸ
765 1104 811 1131 τοῦ
827 1104 930 1139 Κυρίου

136 1151 280 1186 ἐπίταγμα
305 1152 351 1177 καὶ
365 1152 382 1186 ἡ
394 1151 447 1178 τῶν
460 1151 617 1179 ἀποστόλων
632 1151 689 1187 ἔχει
711 1151 871 1187 παράδοσις,
893 1151 930 1186 μὴ

135 1197 334 1228 ἀναϐατιτίζειν
351 1197 459 1223 κελεύει
471 1204 478 1212 ⁶
490 1197 534 1223 τδν
546 1197 574 1223 δέ
587 1206 618 1231 γε
639 1197 778 1228 δυσσεὸὦς
793 1197 862 1232 πρὸς
877 1197 931 1223 τῶν

136 1242 243 1269 ἀσεϐῶν
273 1241 440 1276 μολυνθέντα
467 1242 569 1277 μᾶλλον
594 1242 611 1277 ἢ
630 1241 825 1276 βαπτισθέντα,
847 1243 931 1278 μηδὲν

137 1288 341 1320 ἑπιδοιάζοντας
364 1287 574 1320 ἀναὸαπτίζειν.
591 1288 622 1314 Et
647 1288 675 1313 δὲ
694 1287 726 1314 rb
741 1288 790 1323 μὲν
804 1288 931 1323 ἀληθινόν

140 1333 190 1368 ήδη
203 1333 405 1368 βαπτισάμενος
422 1333 513 1368 ἔτυχε,
528 1333 596 1368 πρὸς
616 1333 643 1359 δὲ
660 1334 714 1360 τῶν
727 1334 833 1361 ἀσεὸὦν
848 1335 933 1369 μεμό-

137 1379 233 1405 )υντ.ιι
246 1378 370 1414 ὕστερον,
384 1379 463 1414 μύρῳ
477 1379 602 1415 χρίεσθαι
615 1379 696 1413 μόνον
708 1388 714 1395 ·
730 1380 863 1407 καὶτοῦτο
877 1381 932 1416 γὰρ

138 1426 220 1460 μέρος
235 1424 304 1452 εἶναι
319 1427 478 1452 πιστεύεται
493 1425 540 1452 τοῦ
567 1425 639 1452 θείου
661 1426 865 1461 βαπτίσματος·
885 1427 932 1453 τοῦ

135 1471 164 1498 δὲ
181 1472 218 1506 μὴ
232 1471 304 1497 οὕτω
317 1471 466 1503 ποιοῦντος,
483 1471 532 1498 εἰτ’
545 1471 591 1498 οὖν
613 1472 775 1504 ἐπισκόπου,
788 1473 844 1498 εἴτε
862 1481 930 1508 πρε-

137 1517 279 1551 σϐυτέρου.
311 1517 418 1543 τελείαν
443 1516 663 1551 καταψηφίζεται
684 1517 734 1553 τὴν
757 1517 925 1552 καθαίρεσιν,

136 1563 174 1594 ὡς
188 1563 354 1597 ἐγγελῶντος
367 1563 412 1590 τὸν
429 1564 545 1599 σταυρὸν
562 1563 609 1590 τοῦ
622 1563 736 1598 Κυρίου,
753 1564 800 1590 καὶ
813 1563 859 1590 τὸν
875 1564 927 1590 σω-

137 1610 230 1645 τήριον
254 1609 336 1635 αὺτοῦ
352 1609 593 1644 διακωμῳδοῦντος
619 1609 745 1637 Θάνατον.
762 1610 832 1645 Φησὶ
845 1610 898 1645 γὰρ
913 1610 928 1636 6

136 1656 207 1688 θεῖος
219 1655 396 1687 ’Δπόστολογ
432 1655 579 1687 Ἑκουσίως
609 1656 823 1691 ἁμαρτανόντων
847 1656 928 1691 ἡμῶν

138 1702 208 1738 μετὰ
217 1702 265 1737 τὴν
276 1703 425 1734 ἒπῖγνωσιν
436 1701 486 1736 τῆς
498 1701 638 1736 ἀληθείας,
648 1702 697 1727 οὐκ
708 1701 747 1727 ἔτι
760 1701 825 1736 περὶ
837 1701 929 1736 ἁμαρ-

134 1750 202 1776 τιῶν
217 1750 395 1777 ἀπολείπεται
410 1750 501 1782 ουσία,
519 1750 578 1784 ἤτοι
596 1749 640 1776 διὰ
658 1749 847 1785 βαπτίσματος
859 1749 928 1776 x60-

135 1804 231 1832 αροις·
263 1794 303 1829 εἷς
332 1797 387 1832 γὰρ
408 1798 422 1824 ὁ
446 1797 494 1824 τοῦ
517 1796 636 1830 Χριστοῦ
649 1796 773 1828 θάνατος,
788 1797 834 1823 καὶ
849 1796 878 1822 ἓν
896 1796 928 1823 τὸ

136 1842 320 1877 καθαρτήριον
340 1842 493 1877 βάπτισμα.

171 1888 213 1914 Τὰ
227 1889 296 1915 αὑτᾶ
311 1889 356 1915 καὶ
369 1890 383 1915 ὁ
395 1890 443 1924 τῆς
464 1890 493 1915 ὲν
521 1889 688 1926 Καροαγένῃ
701 1890 811 1916 συνόδου
829 1893 849 1916 ν’
867 1890 928 1917 δίει-

134 1942 251 1961 ταττετα
256 1943 275 1961 ι.

178 1977 208 2005 Ὀ
222 1978 249 2004 δὲ
262 1979 306 2013 μο’
326 1979 405 2011 aut;
419 1977 472 2006 τῶν
482 1980 570 2015 ἁγίων
582 1981 740 2008 ἀποστόλων
761 1981 802 2013 είς
817 1981 928 2016 Πατέρα

136 2024 183 2050 καὶ
200 2024 264 2050 Υίδν
278 2025 325 2050 καὶ
335 2024 413 2059 ἅγιον
434 2026 546 2062 Πνεῦμα
569 2026 713 2062 βαπτίζειν
735 2027 807 2054 κατὰ
831 2027 861 2054 τὸ
880 2028 926 2054 τοῦ

137 2070 241 2105 Κυρίου
256 2073 444 2106 παρεγγυᾱται
456 2073 558 2107 λόγιον,
573 2073 642 2100 ἀλλὰ
657 2075 695 2110 μὴ
709 2074 749 2105 είς
759 2075 834 2110 τρεῖς
844 2074 928 2110 ἀνάρ-

137 2126 213 2152 χους,
225 2117 242 2152 ἢ
256 2120 330 2151 τρεῖς
345 2119 431 2150 υἱοὺς,
447 2119 464 2154 ἢ
478 2121 553 2155 τρεῖς
567 2121 771 2156 παρακλήτους.
786 2118 833 2153 Εἷς
845 2121 900 2157 γὰρ
913 2121 927 2148 6

984 183 1068 212 fuerit
1083 191 1166 213 causa
1179 189 1293 221 propter
1302 193 1385 221 quam
1396 184 1580 213 ecclesiastici
1590 191 1713 212 canones
1726 184 1780 211 hoc

983 229 1042 256 ﬁeri
1075 229 1249 265 praecipiunt.
1280 229 1309 257 Si
1338 231 1401 264 quis
1432 235 1524 257 autem
1552 234 1651 264 praeter
1679 229 1737 256 hinc
1762 236 1778 256 a

983 279 1077 302 sancta
1109 275 1304 303 communione
1331 276 1490 311 quempiam
1524 275 1704 310 separaverit.
1733 275 1780 303 ille

982 320 1093 355 quidem
1109 321 1155 355 qui
1177 320 1278 356 injuste
1292 328 1308 348 a
1323 321 1518 348 communione
1534 325 1681 354 separatus
1695 324 1747 352 est,
1763 328 1777 346 ο

983 366 1081 402 majori
1096 367 1242 395 sacerdote
1259 367 1435 402 separatione
1447 367 1567 399 solutus,
1587 371 1684 394 sancta
1701 374 1779 394 com-

982 414 1116 441 munione
1144 413 1244 449 dignus
1283 413 1436 446 habeatur;
1465 414 1514 448 qui
1546 417 1637 440 autem
1675 413 1778 447 injuste

982 459 1099 494 aliquem
1124 459 1159 487 ab
1177 467 1208 487 ea
1231 466 1362 494 separare
1379 466 1465 486 ausus
1489 458 1584 490 fuerit,
1601 466 1617 485 a
1632 459 1777 485 sacerdote

981 505 1027 532 cui
1049 505 1155 537 subest,
1187 505 1383 532 communione
1409 504 1577 536 movebitur,
1600 503 1725 538 quandiu
1750 504 1774 530 ei

982 551 1071 579 visum
1089 550 1182 583 fuerit,
1199 555 1228 578 ut
1242 551 1315 586 quod
1330 550 1432 585 injuste
1446 550 1519 582 fecit,
1534 550 1607 585 juste
1624 550 1773 577 sustineat.

1017 598 1077 625 Non
1093 602 1203 632 oportet
1214 597 1359 633 episcopos
1372 597 1413 624 vel
1427 597 1544 625 clericos
1557 604 1654 631 cogere
1667 597 1775 631 aliquos

982 645 1089 672 fructus
1105 644 1214 676 oﬂ‘erre,
1234 644 1274 671 vel
1290 644 1416 679 angarias
1434 644 1510 676 dare,
1527 643 1568 670 vel
1586 650 1633 670 eos
1650 643 1697 677 qui
1720 650 1775 669 non

981 690 1019 717 ita
1035 690 1140 717 faciunt
1153 697 1310 724 segregare,
1327 689 1368 716 vel
1382 689 1627 722 anatlteniatizare,
1645 688 1687 715 vel
1698 695 1776 715 com-

982 737 1116 764 munione
1145 743 1265 769 movere,
1291 735 1333 763 vel
1349 743 1403 763 non
1419 735 1576 770 baptizare;
1602 734 1678 761 nefas
1701 733 1776 761 enim

981 787 1035 810 est.

1156 828 1211 864 38
1230 827 1364 856 ιΝιΤιυιι
1385 827 1549 855 LITTEll/E
1565 827 1596 854 Β.

1156 874 1234 902 CAP.
1252 874 1273 901 l.
1298 874 1336 901 De
1353 882 1430 902 sacra
1455 875 1597 909 baptismo.

1015 921 1074 949 Jam
1091 929 1157 950 vero
1174 929 1238 949 cum
1251 921 1284 949 ad
1297 921 1453 956 proximam
1472 921 1591 948 litteram
1612 925 1774 956 perventum

981 968 1029 1000 sit,
1038 974 1128 1004 operae
1141 969 1257 1003 pretium
1268 968 1322 996 erit
1335 968 1368 995 de
1382 974 1462 995 sacro
1477 967 1614 1002 baptismo
1626 967 1773 995 disserere.

1017 1057 1112 1084 Canou
1127 1062 1286 1085 sanctorum
1300 1057 1489 1092 apostolorum
1505 1057 1540 1084 47
1555 1065 1617 1084 eum
1634 1058 1680 1091 qui
1695 1057 1773 1092 juxta

982 1103 1092 1130 Domini
1104 1108 1271 1138 praeceptum
1284 1108 1309 1130 et
1322 1103 1499 1137 apostolicam
1515 1103 1691 1131 traditionem
1706 1111 1771 1131 vero

982 1150 1118 1185 baptismo
1134 1150 1234 1185 dignus
1255 1150 1365 1178 habitus
1391 1149 1483 1181 fuerit,
1510 1158 1563 1177 non
1578 1150 1668 1178 denuo
1685 1151 1776 1186 bapti-

983 1204 1046 1224 zare
1059 1196 1159 1231 jubet;
1181 1204 1244 1224 eum
1264 1201 1354 1224 autem
1374 1197 1420 1231 qui
1435 1197 1469 1224 ab
1489 1197 1581 1232 impiis
1601 1196 1705 1225 nefarie
1718 1198 1776 1233 pol—

983 1243 1057 1269 lutus
1079 1241 1170 1276 potius
1200 1249 1281 1277 quam
1301 1242 1458 1277 baptizatus
1482 1242 1578 1274 fuerit,
1604 1243 1663 1270 sine
1681 1243 1773 1279 aliqua

983 1290 1145 1318 diﬂicultale
1159 1290 1344 1324 rebaptizare.
1363 1291 1442 1324 Quod
1464 1290 1486 1317 si
1511 1290 1658 1325 quisquam
1680 1297 1773 1316 verum

984 1336 1151 1371 baptismum
1180 1341 1336 1367 assecutus,
1359 1336 1393 1362 ab
1425 1335 1516 1370 impiis
1536 1340 1630 1369 postea
1654 1335 1774 1369 pollutus

986 1382 1079 1414 fuerit,
1089 1388 1230 1417 unguento
1242 1383 1374 1410 duntaxat
1387 1383 1539 1418 inungatur
1552 1392 1559 1410 ε
1574 1382 1599 1409 id
1613 1383 1686 1409 enim
1702 1383 1774 1409 sacri

987 1429 1111 1464 baptismi
1125 1436 1187 1464 pars
1203 1437 1264 1456 esse
1279 1430 1411 1456 creditur.
1430 1429 1496 1456 Eum
1507 1430 1552 1464 qui
1571 1437 1651 1457 secus
1665 1429 1772 1461 iecerit,

943 1486 967 1517 ο
984 1475 1042 1502 sive
1062 1475 1208 1510 episcopus
1223 1475 1269 1506 sit.
1285 1475 1342 1502 sive
1359 1474 1509 1510 presbyter,
1533 1474 1646 1501 omnino
1663 1475 1774 1509 deposi-

986 1521 1061 1548 tione
1077 1521 1265 1549 mulctandum
1284 1521 1396 1555 statuit;
1424 1526 1455 1548 ut
1471 1522 1517 1556 qui
1539 1529 1648 1548 crucem
1664 1521 1771 1548 Domini

986 1567 1108 1600 irrideat,
1131 1571 1159 1594 et
1180 1567 1352 1595 salutiferam
1374 1567 1435 1602 ejus
1451 1572 1566 1595 mortem
1584 1575 1633 1602 pro
1650 1567 1772 1594 ludibrio

985 1613 1092 1641 habeat.
1112 1612 1181 1641 Dicit
1201 1614 1274 1641 enim
1295 1613 1405 1641 divinus
1426 1614 1574 1649 Apostolus
1601 1622 1608 1640 :
1628 1623 1637 1640 ι
1660 1613 1726 1640 Nam
1749 1614 1773 1641 si

984 1659 1057 1686 ultro
1087 1661 1295 1694 prccavcrimus
1321 1665 1383 1695 post
1414 1665 1554 1695 accvptam
1588 1660 1772 1695 cognitionem

985 1707 1118 1739 veritatis,
1153 1714 1208 1734 non
1237 1708 1326 1734 adlmc
1361 1714 1411 1742 pro
1445 1707 1565 1741 peccatis
1594 1707 1700 1742 reliqua
1731 1713 1775 1734 est

984 1754 1084 1786 hostia,
1103 1763 1113 1779 ι
1136 1754 1192 1782 sive
1207 1761 1255 1788 per
1270 1754 1439 1788 baptismum
1457 1753 1605 1786 lustratio;
1628 1762 1681 1781 una
1699 1755 1773 1781 enim

982 1806 1023 1829 est
1038 1800 1140 1828 ChriSti
1166 1808 1249 1832 mors,
1266 1804 1292 1827 ct
1309 1807 1390 1832 unus,
1407 1800 1453 1834 qui
1480 1804 1590 1835 purgat,
1607 1800 1773 1835 baptismus.

1019 1889 1119 1916 Eadem
1136 1889 1216 1916 etiam
1234 1887 1330 1914 statuit
1347 1893 1434 1912 canon
1451 1886 1486 1913 50
1512 1886 1608 1921 synodi
1627 1886 1773 1921 Carthagi-

983 1935 1094 1963 n'ensis.
1195 1937 1200 1941 ‘

1016 1982 1112 2008 tianon
1129 1984 1220 2007 autem
1246 1982 1333 2005 sanet.
1351 1982 1440 2013 apost.
1457 1978 1491 2005 49
1508 1979 1533 2004 in
1547 1978 1657 2005 nemine
1683 1979 1772 2005 Patris

983 2033 1010 2056 et
1024 2027 1086 2054 Filii
1105 2030 1132 2053 et
1155 2025 1274 2060 Spiritus
1291 2024 1391 2056 sancti,
1414 2024 1492 2059 juxta
1518 2024 1641 2051 divinum
1664 2025 1772 2051 Domini

982 2082 1150 2105 sermonem,
1167 2071 1407 2107 baptizarejubet,
1427 2079 1479 2098 non
1495 2076 1585 2098 autem
1608 2071 1635 2098 in
1660 2072 1772 2099 nomine

983 2120 1065 2148 trium
1080 2118 1207 2155 principii
1223 2118 1388 2152 cxperlium,
1408 2117 1448 2145 vel
1466 2117 1548 2144 trium
1570 2117 1714 2149 Filiorum,
1729 2119 1771 2145 vel

135 2164 252 2199 ἄναρχος
270 2164 375 2200 Πατὴρ,
391 2165 435 2191 διὰ
451 2166 481 2192 τδ
494 2167 626 2198 ἀναίτιον,
645 2167 693 2194 καὶ
706 2164 747 2199 εἷς
762 2168 777 2194 6
792 2167 866 2200 Υἱὸς,
884 2167 927 2194 διὰ

986 2166 1066 2194 trium
1083 2165 1301 2198 Paracletorum;
1317 2171 1389 2192 unus
1401 2163 1474 2191 enim
1490 2168 1533 2190 est
1556 2164 1617 2191 sine
1635 2164 1771 2199 principio

134 2210 185 2245 τὴν
215 2211 335 2246 ἄρρητον
363 2211 503 2247 γέννησιν,
524 2213 573 2239 καὶ
586 2211 627 2244 εἷς
650 2213 664 2239 6
691 2214 881 2249 Παράκλητος,
898 2213 929 2240 τὸ

137 2256 252 2291 Πνεῦμα
266 2257 296 2283 τὸ
311 2257 400 2291 ἅγιον.
416 2258 461 2284 διὰ
485 2258 536 2294 τὴν
551 2259 583 2285 ἐκ
605 2259 652 2285 τοῦ
677 2259 827 2294 ἀγεννήτου
844 2259 929 2286 ὲκπό-

137 2310 244 2337 ρευσιν.
265 2304 297 2330 Οἱ
308 2304 335 2329 δὲ
353 2304 390 2339 μὴ
414 2303 485 2330 οὕτω
503 2304 655 2338 ποιοῦντες,
671 2305 817 2332 ἐπίσκοποι
833 2305 849 2340 ἢ
864 2313 929 2340 πρε-

136 2349 276 2383 σϐύτεροι,
295 2351 435 2386 ἐπιτιμίαν
454 2352 616 2386 ὑφίστανται
631 2352 680 2388 τὴν
701 2353 872 2388 καθαίρεσιν.

179 2441 210 2468 ⁷0
221 2441 249 2468 δέ
267 2451 297 2476 γε
314 2440 346 2474 ν’,
370 2449 428 2478 τρια
441 2442 618 2478 βαπτίσματι
635 2444 700 2479 μιᾶς
721 2444 847 2478 μυήσεως
865 2445 928 2472 ἑπι-

136 2488 235 2520 τελεῖν,
252 2490 327 2524 τρεῖς
342 2489 444 2523 δηλαδὴ
466 2489 628 2520 καταδύσεις
646 2490 675 2515 ἐν
691 2490 731 2516 ἑνὶ
747 2490 926 2525 βαπτίσματι,

136 2535 185 2560 καὶ
198 2534 301 2569 ἑκάστῃ
316 2534 370 2560 τῶν
383 2535 557 2561 καταδύσιων
572 2535 601 2561 ἓν
616 2536 702 2570 ὄνομα
716 2537 764 2571 τῆς
776 2536 857 2570 ἁγίας
868 2537 929 2563 ὲπι-

135 2579 226 2613 λέγειν
239 2580 354 2614 Τριάδος
366 2588 373 2594 ·
389 2579 458 2607 ἀλλὰ
478 2580 515 2616 μὴ
527 2579 557 2606 ἓν
574 2580 717 2615 βάπτισμα
735 2581 776 2613 είς
789 2581 833 2608 τὸν
845 2582 928 2609 θάνα-

135 2635 181 2652 τον
196 2627 241 2652 τοῦ
256 2626 359 2660 Κυρίου
375 2627 526 2661 διδόμενον,
552 2627 611 2662 ἦτοι
625 2627 699 2659 ἅπαξ
717 2627 862 2654 καταδύειν
882 2629 928 2654 τὸν

137 2673 348 2707 βαπτιζόμενον,
370 2673 417 2699 καὶ
442 2674 481 2704 είς
494 2673 559 2708 μίαν
583 2673 731 2700 κατάδυσιν
747 2673 793 2699 τὸν
806 2673 853 2700 τοῦ
870 2675 927 2700 Κυ-

138 2720 197 2753 ρίου
222 2719 399 2754 ἐπιφημίζειν
431 2719 556 2750 θὰνστον.
578 2719 645 2755 ὡςή
672 2719 865 2754 παριπληξίας
880 2720 927 2753 γέ-

138 2774 227 2799 μουσα
241 2766 294 2791 τῶν
307 2765 480 2800 Εὑνομισνῶν
492 2765 597 2799 αἵρεσις
612 2765 769 2791 ὑποτίθεται
780 2773 788 2780 ⁸
803 2763 836 2800 ἦς
853 2766 899 2792 καὶ
913 2766 927 2791 6

137 2813 160 2843 ζ’
175 2811 222 2845 τῆς
239 2811 260 2846 β’
284 2811 392 2838 συνόδου
408 2810 499 2837 κανὼν
523 2812 671 2846 μέμνηται.
687 2812 724 2837 Οὐ
749 2811 802 2846 γὰρ
823 2809 899 2837 εἶπεν
913 2812 927 2837 6

300 2860 434 2888 Parnm“
457 2860 515 2889 Gtt.
541 2858 678 2889 CXLlV.

981 2213 1074 2244 Pater,
1084 2217 1195 2247 propter
1203 2211 1435 2242 incausalitatcm,
1445 2215 1470 2238 et
1482 2218 1554 2238 unus
1563 2210 1648 2238 Filius
1660 2216 1771 2246 propter

981 2258 1145 2286 ineffabilem
1162 2258 1379 2293 generationem,
1400 2261 1428 2293 e_t
1442 2265 1512 2284 unus
1527 2256 1686 2284 Paracletus
1711 2257 1768 2291 Spi-

980 2304 1051 2331 ritus
1071 2307 1184 2331 sanctus
1206 2307 1317 2338 propter
1331 2310 1409 2330 suam
1425 2303 1459 2329 ab
1478 2303 1601 2337 ingenito
1618 2304 1777 2337 processio:

981 2358 1054 2377 nem.
1073 2349 1199 2384 Episcopi
1216 2354 1307 2376 autem
1323 2353 1351 2376 et
1366 2349 1518 2384 presbyteri
1529 2349 1578 2384 qui
1598 2356 1679 2377 secus
1696 2349 1769 2377 fece-

982 2397 1047 2427 rint.
1059 2403 1149 2431 pana!
1161 2395 1345 2430 depositionis
1365 2395 1479 2422 obnoxii
1499 2399 1574 2423 sunt.

1016 2443 1110 2470 Canon
1126 2447 1217 2470 autem
1233 2442 1268 2469 50
1288 2442 1340 2469 tria
1357 2441 1440 2470 unius
1457 2442 1581 2478 mysterii
1603 2442 1770 2478 baptismata

983 2490 1115 2526 pet-[icere
1133 2491 1208 2525 jubet
1233 2491 1308 2524 (tres
1329 2498 1428 2525 nempe
1451 2491 1643 2518 immersiones
1666 2492 1693 2518 in
1715 2500 1770 2519 uno

981 2536 1141 2571 baptismo,
1174 2541 1201 2563 et
1230 2536 1263 2563 ad
1299 2543 1524 2571 unamquamque
1563 2537 1769 2564 immersioncm

981 2588 1066 2609 unum
1082 2579 1265 2608 S.‘l‘rinitatis
1277 2588 1377 2608 nomen
1391 2581 1594 2616 pronuntiare),
1608 2589 1662 2609 non
1675 2587 1768 2610 autem

981 2635 1065 2655 unum
1078 2628 1245 2662 baptismum
1258 2627 1304 2662 qui
1318 2628 1399 2654 datur
1411 2628 1436 2654 in
1449 2632 1565 2655 mortem
1579 2627 1702 2656 Domini:
1717 2629 1770 2656 hoc

979 2679 1032 2706 est,
1055 2682 1117 2701 eum
1138 2674 1185 2708 qui
1202 2674 1366 2709 baptizatur,
1386 2674 1472 2701 semel
1489 2673 1665 2708 immergere.
1681 2680 1706 2701 et
1722 2676 1769 2702 nni

981 2719 1152 2746 immersioni
1176 2724 1290 2746 mortem
1313 2719 1421 2745 Domini
1439 2719 1588 2753 ascribere,
1612 2720 1651 2746 uti
1669 2727 1768 2747 vesana

982 2765 1216 2792 Eunomianorum
1234 2764 1345 2792 lia‘resis
1361 2764 1485 2791 decernit
1499 2773 1505 2792 :
1522 2765 1603 2799 cujus
1619 2765 1658 2792 rei
1673 2767 1770 2793 memi—

982 2812 1019 2838 nit
1043 2811 1055 2836 7
1084 2819 1146 2838 can.
1171 2811 1188 2837 2
1215 2819 1274 2845 syn.
1306 2809 1363 2836 Non
1385 2811 1457 2837 cutim
1480 2811 1550 2838 dixit
1577 2811 1719 2846 Dominus,
1738 2812 1766 2840 In

1531 2857 1568 2888 35
