1948 3064
93 142 157 172 llOl

557 140 760 172 SYNTAGMA
783 138 1097 169 ALPIIABETICUM.
1118 152 1149 155 --
1170 138 1202 166 Β.

1653 135 1721 166 1102

90 201 139 235 τὴν
153 200 293 227 εἰσέπειτα
308 200 371 235 περὶ
385 200 434 236 τὴν
452 199 544 226 πίστιν
558 199 679 235 σπουδὴν
707 199 753 224 καὶ
770 197 819 233 τὴν
832 198 886 223 τῶν

957 197 1056 230 gisset;
1074 196 1126 222 nisi
1143 203 1253 230 propter
1278 202 1397 230 sequens
1419 194 1446 222 in
1479 194 1530 222 fide
1549 193 1682 225 studium,
1698 201 1722 219 οι

94 247 245 281 ανθρώπων
262 248 360 274 σπάνιν
377 247 583 281 συγκατάῦασις
600 247 716 280 γένοιτο.

132 293 163 319 Ὀ
177 293 205 319 δὲ
223 293 270 328 τῆς
283 294 312 319 ἐν
336 293 501 330 Καρθαγένῃ
519 293 560 329 με’
587 293 729 328 βαπτίζειν
750 293 885 328 ἀπείρηκε

90 337 136 365 τὸν
147 339 237 371 νόσοις
252 339 268 374 ἢ
290 340 392 374 ἑτέροις
408 340 593 375 συμπτώμασι
607 340 637 366 τί)
651 339 725 373 ὑγιὲς
740 339 886 374 ἀφῃρημέ-

90 393 136 412 νον
154 384 203 411 τοῢ
232 385 296 411 νοῦν
325 386 349 412 εί
367 386 404 421 μὴ
421 386 518 420 ῥαΐσας
542 386 652 422 μικρὸν,
664 385 713 421 τὴν
742 385 812 420 ὑπὲρ
836 385 886 420 τῆς

92 430 215 463 πίστεως
236 431 399 466 προαίρεσιν
425 432 471 458 καὶ
481 431 527 458 τὸν
552 432 726 467 προσήκοντα
739 431 820 458 πόθον
837 439 886 466 ση-

94 477 189 511 μήνειε
203 478 236 513 τῇ
252 479 340 512 φωνῇ.
359 477 390 504 EE
408 477 436 504 δὲ
453 478 505 513 πρὸ
521 478 569 509 τῆς
584 477 726 508 ἀσθενείας
746 485 887 513 μαρτυρη-

93 521 154 558 θείη
174 523 205 549 τὸ
225 522 366 558 βάπτισμα
390 523 538 558 ἐπιζητῶν,
565 524 611 551 καὶ
639 523 673 550 δι’
690 522 779 554 αἰτίας
811 522 887 553 τινὰς

96 569 322 604 ὑπερτιθέμενος,
349 569 543 604 ἀναμφιϐόλως
560 569 789 604 βαπτισθήσεται.
807 569 889 603 Ζήτει

95 616 142 641 καὶ
157 616 186 641 ἐν
198 616 236 649 τῷ
249 618 272 642 α’
289 624 352 650 κεφ.
368 615 416 642 τοῦ
429 615 450 642 Α
467 616 601 651 στοιχείου
623 616 724 642 κανόνα
742 614 775 650 ιβ’
792 615 842 650 τῆς
860 615 889 641 ὲν

103 661 187 696 Ἀγκύ
193 671 226 698 pq
243 662 366 689 συνόδου.

137 707 167 733 '0
178 707 207 733 δὲ
221 710 248 739 ς’
259 708 307 742 τῆς
320 709 348 734 ἐν
355 707 681 743 Νεοκαισαρειᾳσυνόδου
691 706 744 732 τῶν
754 705 890 740 γυναικῶν

94 753 143 785 τὰς
157 753 313 787 ἐγκύμονας
341 754 391 779 οὐκ
405 752 533 787 ἀπείργει
562 752 730 787 βουλομένας
759 751 893 786 βαπτίσα-

97 801 169 826 σ’)αι.
187 800 224 826 Οὐ
246 800 300 836 γὰρ
323 800 448 826 κοινωνεῖ
460 799 574 831 ταύταις
589 798 637 825 τοῦ
658 798 833 834 φωτίσματος
847 798 892 824 καὶ

95 846 125 872 τὸ
140 845 270 880 ἔμϐρυον,
290 845 374 880 μήπω
386 845 461 880 παρᾶ
474 844 523 879 τῆς
539 844 648 879 φύσεως
669 843 816 879 δεξάμενον
841 842 891 878 τὴν

938 242 1080 269 hominum
1093 242 1224 276 inopiam,
1239 241 1264 269 id
1276 242 1299 268 ei
1317 241 1452 268 indultum
1472 240 1567 268 fuerit.

974 288 1069 315 Canon
1083 295 1147 314 vero
1163 287 1198 315 45
1210 295 1271 322 syn.
1285 287 1413 322 Carthag.
1429 294 1491 313 eum
1503 287 1548 321 qui
1561 293 1616 320 pra;
1632 285 1726 313 morbo

938 334 1028 361 aliove
1042 341 1106 361 casu
1126 335 1245 361 sanitate
1262 333 1361 361 mentis
1379 333 1503 367 privatus
1521 327 1615 363 fuerit,
1632 332 1723 366 bapti-

940 386 1003 406 zare
1019 379 1156 414 prohibet,
1187 378 1240 405 nisi
1258 386 1354 412 parum
1371 379 1569 405 convalesceus
1601 377 1724 404 volunta-

941 429 993 451 tem
1012 432 1092 451 suam
1108 426 1180 452 circa
1194 424 1273 451 fidem
1292 429 1320 451 et
1335 424 1456 451 debitum
1483 424 1649 451 desiderium
1664 432 1728 451 voce

940 469 1088 504 signiﬁcet.
1118 469 1194 503 Quod
1230 469 1253 497 si
1281 476 1355 501 eum,
1388 474 1535 504 antequam
1569 474 1727 504 aegrotaret.

940 515 1108 550 baptismum
1124 515 1286 550 quaesivisse
1298 522 1415 549 eumque
1445 515 1553 549 aliquas
1572 516 1607 542 ob
1627 522 1728 542 Causas

940 561 1093 596 distulisse,
1124 562 1284 589 testimonio
1320 562 1467 596 probatum
1496 560 1592 593 fuerit,
1625 562 1729 592 absque

940 610 1017 637 Omni
1033 610 1191 636 difficultate
1202 609 1396 643 baptizabitur.
1415 607 1513 640 Quaeve
1528 608 1611 634 etiam
1630 608 1656 634 in
1673 609 1730 642 pri-

941 663 988 683 mo
1004 663 1066 691 cap.
1083 656 1182 682 littera:
1204 655 1227 682 Α
1242 661 1376 681 eanonem
1411 653 1445 680 12
1473 660 1535 688 syn.
1567 653 1730 688 Ancyranae.

977 701 1072 728 Canon
1102 706 1193 728 autent
1211 700 1227 728 6
1251 708 1312 735 syn.
1337 698 1493 726 Neocmsar.
1515 699 1645 727 mulieres
1661 708 1731 734 pne

942 747 1191 783 gnantes,quan_do
1208 745 1358 776 voluerint,
1373 745 1508 780 baptiZari
1526 753 1582 772 non
1592 746 1731 780 prohibet.
1781 770 1788 772 _

944 792 1082 827 Embryon
1108 792 1181 819 enim
1207 791 1234 818 in
1264 790 1401 825 baptismo
1427 797 1489 817 cum
1513 790 1546 817 iis
1566 790 1633 816 nihil
1652 791 1733 818 habet

944 847 1102 871 commune,
1131 838 1232 873 quippe
1247 837 1320 872 quod
1352 845 1366 863 a
1395 841 1492 863 natura
1527 837 1590 863 boui
1615 842 1642 864 et
1669 837 1733 863 mali

95 891 143 918 τοῦ
161 890 264 924 ἀγαθοῦ
279 890 439 926 προαίρεσιν
455 891 502 917 καὶ
515 890 563 917 τοῦ
578 890 710 925 χείρονος,
727 889 780 915 οὐδ’
791 886 846 915 οἶόν
859 897 889 915 τε

960 885 1107 912 lectionem
1122 891 1175 910 non
1190 882 1300 921 habeat,
1312 886 1338 909 et
1354 881 1526 916 impossibile
1535 882 1570 909 sit
1582 887 1611 909 ut
1621 887 1733 916 praestet

96 936 182 964 ταῦτα
198 937 433 972 περιεργάσασθαι
454 937 529 967 ὅπως
550 936 642 971 ἔχουσι
670 935 816 966 διαθέσεως
829 943 836 950 ·
855 935 889 961 τὰ

96 984 124 1010 δέ
136 992 168 1018 γε
182 983 277 1014 νήπια,
294 983 337 1009 διὰ
362 983 417 1009 τῶν
441 982 581 1017 ἀναδόχων
609 981 825 1016 κατατιθέμενα,
842 980 890 1006 καὶ

97 1029 190 1064 ξργοις
218 1029 308 1060 αὐτοῖς
329 1027 523 1063 φωτιζόμενα,
551 1028 601 1063 τῆς
623 1027 700 1059 θείας
715 1024 889 1054 κοινωνοῦσιν

97 1075 270 1110 ἐλλάμψεως.

140 1121 171 1148 '0
185 1121 212 1148 δὲ
228 1124 254 1153 ς’
268 1121 313 1147 τοῦ
331 1120 468 1156 Τιμοθέου
481 1119 697 1155 Ἀλεξανδρείας,
707 1120 739 1146 Ἡ
755 1127 891 1154 κατηχου-

100 1169 168 1202 μένη
184 1167 266 1201 γυνὴ,
284 1167 363 1201 φησὶ,
379 1166 403 1192 εί
419 1166 489 1192 κατὰ
506 1165 556 1201 τὴν
577 1166 687 1200 ἡμέραν
703 1165 732 1190 ὲν
795 1165 893 1199 βαπτι-

100 1214 197 1249 σθῆναι
217 1213 358 1247 προέθετο,
374 1212 409 1238 τὰ
426 1213 486 1238 κατ’
511 1211 573 1243 ἔθος
599 1211 668 1246 αὐτῇ
690 1211 823 1246 συμϐαίη,
852 1211 892 1242 είς

100 1260 149 1296 τὴν
165 1259 296 1286 ἐπιοῦσαν
312 1257 502 1293 ὑπερτιθέσθω
515 1257 546 1283 τὸ
561 1256 700 1292 φώτισμα.

141 1307 172 1332 '0
186 1305 214 1331 δὲ
229 1304 252 1331 α’
268 1305 363 1337 αὐτοῦ,
391 1305 422 1330 Εἰ
437 1304 556 1333 παιδίον,
582 1305 659 1338 φησὶ,
675 1302 891 1338 κατηχούμενον,

101 1353 117 1388 ἢ
133 1353 181 1380 καὶ
198 1352 267 1387 ἀνὴρ
281 1352 331 1385 τῆς
345 1351 422 1386 ίερᾶς
432 1350 598 1385 τελουμένης
614 1349 722 1380 θυσίας,
738 1349 893 1384 προσελθὼν

101 1399 258 1433 ἀπονήρως,
273 1398 326 1424 τῶν
343 1397 423 1423 θείων
438 1396 625 1432 μεταλήψεται
641 1395 747 1430 δώρων,
763 1394 894 1430 ἀγνοοῦν-

102 1454 148 1478 τας
171 1445 217 1472 τοῦ
245 1445 340 1479 ἱερέως
357 1443 427 1470 εἶναι
457 1443 551 1469 τοῦτον
569 1441 785 1477 κατηχούμενον,
813 1442 895 1474 εὐθὺς

104 1491 288 1528 βαπτιζίσθο›”
306 1492 357 1517 ὑπῖ
370 1491 423 1525 γὰρ
441 1490 487 1516 τοῦ
507 1489 609 1525 Κυρίου
626 1489 840 1524 προσκέκληται.

145 1538 175 1564 ὐ
191 1537 218 1563 δὲ
238 1540 262 1562 κ’
284 1536 330 1562 τοῦ
361 1535 480 1570 μεγάλου
498 1534 651 1566 Βασιλείου,
670 1533 726 1564 Τὰς
753 1533 897 1568 αἱρετικὰς
909 1554 931 1583 c

104 1584 237 1618 γυναῖκας
256 1582 304 1609 καλ¹
325 1582 408 1617 μήπω
421 1580 468 1607 τοῦ
483 1580 556 1606 θείου
568 1579 725 1615 ἠξιωμένας
743 1579 897 1614 βαπτίσμα-

101 1639 161 1662 ’.ο-ς,
178 1630 236 1656 ἀλλ’
248 1630 276 1655 ἐν
290 1630 323 1664 τῇ
335 1628 390 1654 τῶν
406 1627 620 1662 κατηχουμένων
634 1625 711 1658 τάξει
726 1624 899 1660 παραμενού-

106 1686 154 1708 ca;
168 1676 265 1708 εἰσέτι,
279 1676 303 1701 εἰ
315 1675 465 1709 παρθενίαν
479 1671 688 1708 ὁμολογήσαιεν,
698 1669 758 1697 εἷτα
770 1671 900 1705 ἀνδράσιν

106 1722 206 1753 ἑαυτὰς
219 1722 332 1760 ὲξιδοῖεν,
356 1720 392 1756 μὴ
409 1719 643 1751 καταδικάζεσθαι
662 1717 699 1750 ὡς
726 1718 900 1753 ψευσαμένας

106 1770 155 1804 τὴν
175 1768 334 1804 ὁμολογίαν.
353 1767 424 1793 Ὀσα
440 1766 495 1800 γὰρ
515 1766 528 1791 ὁ
544 1764 626 1799 νόμος
647 1764 734 1797 λέγει,
749 1765 804 1794 τοῖς
820 1765 849 1790 ὲν
862 1763 901 1798 τῷ

107 1816 183 1851 νόμῳ
195 1815 271 1841 λαλεῖ
282 1822 288 1829 ·
307 1812 511 1849 βαπτισάμεναι
527 1811 582 1846 γὰρ
595 1811 648 1837 τῶν
669 1811 723 1845 προ
737 1809 786 1836 τοῦ
803 1809 902 1844 βαπτί-

109 1870 213 1897 σματος
239 1859 408 1894 σφαλμάτων
438 1857 567 1884 ἁπάντων
592 1856 769 1891 συγχώρησιν
782 1855 901 1890 ἔχουσιν,

109 1909 171 1935 ἐπεὶ
182 1907 230 1934 καὶ
248 1905 409 1941 σύμπαντες
424 1905 448 1930 οἱ
462 1902 660 1933 πιστεύσαντες
673 1903 721 1928 καὶ
735 1901 905 1936 βαπτισάμε-

100 1957 150 1982 “νοι
168 1953 223 1980 οὐδ’
247 1951 392 1988 ἡντιναοῦν
408 1951 542 1985 ὑπέχουσι
561 1949 640 1983 δίκην
654 1948 712 1974 ἀνθ’
735 1945 772 1974 ὧν
788 1947 841 1981 πρὸ
856 1947 903 1974 τοῦ

111 1998 300 2035 βαπτίσματος
322 1996 449 2031 ἥμαρτον
460 2002 466 2009 ·
492 1993 579 2020 ταῦτα
594 1994 648 2027 γὰρ
661 1994 695 2019 τὰ
707 1992 842 2028 πρεσϐεῖα
856 1992 906 2018 καὶ

111 2044 239 2079 ἐξαίρετα
254 2042 302 2076 τῆς
319 2040 510 2076 πνευματικῆς
525 2039 745 2073 ἀναγεννήσεως.

153 2090 184 2116 '0
200 2088 227 2115 δὲ
242 2088 263 2114 δ’
281 2087 329 2114 τοῦ
344 2086 475 2120 Θεοφίλου
492 2084 711 2120 Ἀλεξανδρείας,
741 2083 805 2118 περί
832 2091 904 2114 τινος

111 2137 146 2172 τῇ
161 2135 216 2170 ἰδία
227 2133 433 2169 συμφθαρέντος
456 2131 596 2165 ἁδελφιδῇ,
618 2130 651 2156 Et
669 2130 718 2164 μὲν
734 2129 786 2164 πρὸ
799 2127 846 2154 τοῦ
861 2128 907 2163 βα-

113 2182 276 2214 πτίσματος,
300 2179 378 2213 φησὶ,
401 2177 488 2212 ταύτῃ
512 2176 657 2211 ἐμίγνυτο,
681 2175 728 2202 καὶ
743 2174 814 2209 μετὰ
828 2173 908 2199 τοῦτο

941 937 972 956 ea
989 937 1050 964 quae
1067 929 1093 956 in
1108 928 1244 963 baptismo
1262 927 1383 961 polliceri
1396 926 1485 954 debet.
1501 925 1622 954 Infantes
1641 932 1731 954 autem

941 983 989 1010 per
1008 979 1180 1010 suseeptores
1210 981 1276 1001 suos
1304 973 1616 1008 assumpti,eormnquc
1642 973 1732 1007 operi-

943 1020 993 1047 bus
1024 1019 1190 1052 illuminati,
1221 1018 1389 1046 sacrosancti
1422 1017 1552 1052 baptismi
1583 1018 1731 1052 participes

943 1065 1022 1092 ﬁunL

979 1110 1073 1137 Canon
1095 1114 1186 1154 autem
1201 1109 1217 1137 6
1234 1109 1370 1137 Timothei
1403 1109 1596 1142 Alexandrini,
1617 1109 1713 1137 Mulier
1726 1129 1734 1142 .

944 1157 1043 1193 inquit,
1057 1156 1270 1188 catechumena.
1283 1156 1304 1183 si
1324 1163 1357 1182 eo
1367 1155 1412 1182 die
1428 1155 1454 1182 in
1474 1163 1527 1189 quo
1539 1156 1670 1190 baptizari
1686 1157 1735 1183 de-

945 1202 1192 1238 stinaverat,‘quod
1205 1203 1365 1229 mulieribus
1377 1202 1446 1229 solet
1459 1202 1482 1228 ei
1497 1202 1615 1234 acuidat,
1632 1203 1735 1237 baptis-

945 1258 1019 1278 mum
1039 1250 1067 1276 in
1085 1249 1159 1276 diem
1173 1254 1334 1284 sequentem
1351 1248 1472 1275 differat.

980 1295 1108 1330 Ejusdem
1125 1301 1213 1321 canon
1227 1293 1253 1325 l,
1269 1293 1296 1320 Si
1316 1293 1433 1327 puellus,
1444 1293 1544 1327 inquit,
1560 1294 1736 1321 catechume-

946 1349 1008 1374 nus,
1035 1342 1076 1368 vel
1107 1340 1158 1371 vir.
1180 1341 1244 1367 dum
1274 1347 1351 1366 sacra
1375 1339 1405 1366 ﬁt
1429 1339 1544 1370 oblatio,
1574 1339 1737 1373 adveniens,

946 1394 1088 1415 sacrorum
1107 1385 1241 1413 donorum
1259 1384 1396 1419 particeps
1413 1384 1503 1411 factus
1525 1384 1618 1416 fuerit,
1641 1392 1735 1411 sacer-

946 1434 1008 1461 dote
1040 1432 1189 1463 neSvientc,
1211 1439 1244 1458 an
1264 1431 1418 1465 baptizatus
1441 1431 1485 1461 sit,
1518 1438 1616 1462 necne.
1645 1431 1737 1458 statim

948 1479 1121 1514 baptizetur;
1141 1485 1154 1504 a
1167 1477 1223 1504 Deo
1237 1477 1309 1503 enim
1323 1481 1453 1503 vocatur.

982 1525 1037 1560 40
1045 1524 1199 1551 Vicesimus
1209 1528 1299 1550 autem
1310 1523 1399 1557 magni
1411 1522 1500 1548 Basilii
1514 1529 1613 1554 canon,
1624 1520 1739 1548 llazreti-

951 1579 1000 1604 ere,
1014 1570 1113 1606 inquit,
1129 1570 1270 1602 mulieres,
1287 1576 1348 1603 qure
1366 1569 1489 1595 nondum
1500 1568 1637 1602 baptismo
1652 1567 1739 1601 dignm

951 1618 1050 1646 habitae
1065 1620 1139 1649 sunt,
1156 1616 1203 1643 sed
1222 1616 1248 1642 in
1268 1615 1364 1641 ordine
1372 1614 1462 1640 adhuc
1478 1614 1738 1640 catechumeuorum

951 1668 1072 1695 manent,
1090 1663 1113 1690 si
1130 1660 1315 1696 virginitatem
1331 1659 1462 1694 professa).
1474 1666 1535 1686 sese
1551 1663 1644 1694 postea
1675 1657 1742 1684 viris

953 1711 1074 1743 tradant,
1093 1714 1123 1737 ut
1146 1708 1226 1735 (idem
1255 1706 1383 1734 fallentes
1411 1713 1467 1732 non
1494 1710 1558 1732 sunt
1584 1703 1740 1740 puniendte.

952 1757 1128 1791 Quaecunque
1146 1754 1220 1782 enim
1238 1753 1305 1780 dicit
1321 1752 1375 1784 lex,
1402 1751 1436 1778 iis
1454 1750 1519 1778 dicit
1546 1750 1592 1785 qui
1617 1749 1668 1777 sub
1681 1748 1743 1784 lege

953 1805 1038 1834 sunt;
1069 1799 1214 1835 baptizatze
1242 1802 1333 1824 autem
1358 1796 1520 1823 delictorum
1536 1794 1660 1821 omnium
1681 1799 1744 1820 ante

954 1847 1122 1882 baptismum
1140 1844 1324 1872 admissorum
1337 1842 1446 1869 veniam
1463 1843 1682 1875 consequuntur,
1706 1838 1745 1865 si-

954 1893 1064 1929 quidem
1085 1898 1180 1919 omues
1208 1890 1255 1925 qui
1276 1889 1392 1916 credunt
1419 1893 1446 1915 et
1471 1886 1657 1922 baptizantur,
1689 1892 1739 1920 pro

956 1939 1077 1975 peccatis
1094 1937 1260 1971 baptismum
1279 1933 1499 1969 praecedentibus
1533 1931 1601 1958 nulli
1630 1930 1745 1957 omnino

956 1992 1044 2020 poenae
1060 1983 1170 2010 obnoxii
1185 1987 1258 2009 sunt.
1279 1981 1345 2007 llaec
1357 1979 1430 2006 enim
1454 1984 1519 2005 sunt
1535 1978 1670 2013 praecipua
1687 1976 1745 2011 spi—

957 2031 1066 2059 titualis
1083 2027 1298 2065 regenerationis
1313 2026 1465 2062 privilegia.

994 2078 1115 2110 Quartus
1131 2080 1222 2101 autent
1235 2072 1378 2107 Theophili
1396 2070 1570 2098 Alexandrini
1581 2070 1614 2097 de
1630 2069 1746 2104 quodam

958 2131 1021 2152 cum
1033 2120 1196 2149 consobrina
1207 2127 1255 2147 sua
1267 2118 1372 2154 polluto
1386 2126 1394 2144 :
1410 2117 1449 2150 Si,
1460 2116 1561 2151 inquit,
1571 2120 1634 2142 ante
1645 2115 1749 2150 baptis-

960 2175 1034 2196 mum
1049 2174 1112 2194 cum
1133 2165 1177 2192 illa
1195 2165 1270 2195 coiit.
1301 2167 1329 2190 et
1357 2166 1454 2197 postea
1482 2161 1517 2188 ab
1537 2168 1568 2187 ea
1594 2160 1748 2191 abstinuit,

243 2206 390 2260 άπὲέὲχὲτὸ,
410 2206 515 2259 μενέτω
530 2206 666 2252 ’διακονος
678 2229 685 2236 ·
713 2206 813 2255 ’τὸ-γὰρ
829 2220 898 2254 ἅγιοι

961 2218 1070 2242 maneat
1086 2213 1240 2242 diaconus;
1262 2213 1459 2238 sacrosanctus
1488 2207 1562 2235 enim
1595 2206 1750 2241 baptismus

114 2274 258 2309 βάπτισμα
268 2271 302 2298 τὰ
318 2270 418 2306 πρώην
430 2269 514 2296 αὑτοῦ
528 2268 693 2303 ἐκαθάρισεν
704 2267 906 2301 ἁμαρτήματω

114 2321 139 2347 εἰ
161 2319 190 2346 δὲ
204 2318 273 2354 μετὰ
285 2317 315 2343 τὸ
331 2317 473 2352 βάπτισμα
485 2315 547 2350 ἔσχε
559 2313 672 2349 ταύτην,
685 2312 847 2347 ἐκϐληθήτω
862 2311 908 2338 τοῦ

115 2366 238 2400 κλήρου¹
267 2363 306 2398 τῷ
324 2362 351 2389 δὲ
381 2363 410 2394 ἐξ
429 2361 541 2395 ἀγνοίας
573 2360 654 2387 αὐτὸν
687 2357 909 2393 χειροτονήσαντι

115 2412 192 2439 οὐδὲν
213 2410 313 2446 βλάϐος
325 2409 357 2435 ὲκ
373 2408 470 2434 τοῦτου
484 2407 639 2441 γενήσεται.
838 2431 841 2434 ,

157 2458 187 2484 '0
202 2457 230 2483 δὲ
245 2455 264 2482 δ’
281 2455 327 2482 τοῦ
344 2455 422 2488 ἁγίου
448 2452 584 2488 Κυρίλλου
613 2451 715 2483 κανὼν,
742 2450 803 2477 Κᾶν
828 2457 911 2485 χωρι-

118 2504 197 2538 σμῖιν,
211 2504 306 2538 φησὶν,
333 2499 504 2536 ὑπομείνωσι
520 2507 593 2530 τινες
616 2498 670 2524 τῶν
683 2497 909 2532 κατηχουμὲνων,

118 2550 300 2585 πταισμάτων
315 2548 407 2574 ἕνεκεν
424 2545 647 2580 ὲπιτιμηθέντες,
663 2544 710 2570 καὶ
733 2543 852 2578 μέλλωσι
865 2550 911 2568 τει-

119 2595 228 2630 λευτᾷν,
246 2591 484 2628 βαπτιζὲσθωσαν,
502 2592 547 2616 καὶ
565 2589 601 2623 μὴ
615 2587 746 2622 ἁμέτοχοι
769 2587 819 2621 τῆς
834 2587 912 2622 χάρι-

120 2650 165 2673 τος
177 2639 231 2666 τῶν
248 2638 428 2673 ἀνθρωπίνων
439 2635 527 2670 ὰποδη
533 2635 680 2670 μείτωσαν.

163 2687 194 2713 Ὀ
210 2686 237 2712 δὲ
252 2685 275 2720 β’
290 2680 338 2711 τοῦ
357 2682 492 2717 Τιμοθέου
515 2679 719 2714 Ἀλεξανδρείας
740 2678 915 2714 κατηχούμε-

122 2740 168 2759 νον
191 2729 373 2765 δαιμονῶντα,
398 2728 464 2762 πρὶν
492 2726 510 2761 ἢ
541 2724 588 2751 τοῦ
614 2723 772 2758 ἀκαθάρτου
788 2722 914 2756 δαίμονος

122 2777 305 2813 καθαρθῆναι,
318 2774 418 2802 κωλύει
434 2772 629 2808 βαπτίζεσθαι·
644 2770 776 2805 ἀθέμιτον
799 2769 854 2803 γὰρ
870 2769 916 2794 τὸν

124 2824 301 2860 παρασχόντα
318 2822 414 2848 ἐαυτόν
428 2819 466 2855 τῷ
478 2818 589 2854 πονηρῷ
604 2818 711 2852 δαίμονι
727 2817 767 2848 είς
779 2815 916 2850 ἐνοίκησιν

125 2874 158 2907 τῇ
180 2871 247 2906 πρὸς
257 2870 291 2897 τὰ
306 2869 397 2904 φαῦλα
412 2868 494 2903 ῥοπῇ,
507 2866 554 2892 καὶ
570 2865 599 2892 τὸ
613 2864 671 2900 φῶς
682 2863 729 2891 ’τοῦ
742 2863 821 2897 ἁγίου
835 2862 918 2888 lived-

961 2263 1051 2297 priora
1082 2259 1143 2294 ejus
1158 2263 1269 2294 peccata
1284 2255 1459 2291 expurgavit.
1486 2253 1535 2281 Sin
1565 2257 1657 2280 autem
1688 2260 1748 2279 eam

961 2311 1023 2343 post
1038 2306 1205 2341 baptismum
1229 2306 1311 2331 etiam
1331 2302 1469 2332 habuerit.
1484 2308 1498 2328 ο
1512 2301 1586 2328 clero
1607 2299 1749 2334 ejiciatur;

961 2354 984 2381 ei
996 2357 1087 2380 autem
1101 2351 1282 2386 quienmdein
1296 2357 1329 2376 cx
1340 2348 1497 2384 ignorantia
1511 2345 1662 2377 ordinavit,
1680 2344 1751 2372 nihil

962 2400 1060 2428 exinde
1076 2397 1169 2425 damni
1185 2396 1331 2424 inferetur.
1509 2424 1512 2427 λ

998 2446 1119 2478 Quartus
1136 2447 1227 2470 autem
1259 2442 1348 2469 sancti
1379 2439 1476 2476 Cyrilli
1493 2446 1604 2469 canon,
1632 2437 1660 2464 Si
1692 2437 1752 2472 qui,

963 2492 1062 2526 inquit,
1075 2488 1266 2518 catechumeni
1284 2487 1452 2515 exsistentes
1464 2484 1650 2521 segregationi
1666 2483 1754 2518 subji-

963 2538 1084 2567 ciantur,
1113 2539 1226 2570 propter
1253 2533 1352 2560 delicta
1378 2539 1489 2567 ptenam
1532 2529 1684 2557 subeuntes
1701 2548 1710 2560 ,
1727 2533 1755 2553 rt

964 2581 1121 2610 moribundi
1137 2581 1203 2613 sint,
1227 2579 1412 2614 bapti‘zcntur.
1439 2583 1468 2605 et
1484 2577 1581 2612 gratis:
1596 2584 1650 2603 non
1667 2575 1754 2610 parti-

965 2629 1039 2664 cipes
1055 2636 1070 2655 e
1085 2626 1153 2654 vivis
1169 2633 1204 2653 ne
1217 2625 1363 2652 excedant.

1004 2673 1148 2701 Secundus
1182 2677 1275 2699 autem
1303 2670 1438 2698 Timothei
1462 2667 1638 2697 Alexandrini
1666 2673 1754 2693 canon

967 2721 1195 2747 catechumeuum
1205 2726 1219 2745 a
1231 2720 1355 2745 dtemone
1365 2717 1510 2744 obsessum
1523 2713 1654 2749 baptizari
1670 2716 1756 2745 vetat,

969 2772 1116 2802 antequam
1131 2765 1281 2799 abimpuro
1292 2764 1416 2791 daamone
1427 2766 1569 2797 purgetur.
1589 2759 1672 2787 Nefas
1681 2759 1754 2785 enim

970 2819 1021 2846 est,
1040 2818 1069 2840 ut
1085 2813 1132 2848 qui
1151 2820 1179 2840 se
1196 2813 1304 2847 impuro
1332 2810 1450 2837 dzemoni
1468 2816 1517 2844 pro
1541 2807 1682 2834 domicilio
1711 2806 1757 2832 dat

972 2869 1022 2888 sua
1043 2860 1076 2888 ad
1091 2860 1194 2886 malum
1226 2857 1412 2893 propcnsione
1428 2876 1435 2888 ,
1451 2856 1539 2882 lucent
1561 2854 1643 2882 etiam
1674 2851 1760 2879 divini
