1948 3064
99 175 170 210 1105

572 179 777 210 SYNTAGMA
797 177 1154 208 ALPilABETICUM.—
1176 177 1209 208 Β.

1658 170 1724 205 1106

96 235 147 268 τῆς
161 233 301 269 ἁμαρτίας
317 234 529 270 ἀσπαπῖμεθὰκ
545 237 609 268 τοὺς
623 237 651 263 δὲ
665 237 703 272 μὴ
725 235 797 263 οὕτω
817 244 883 270 φρο-

949 234 1006 261 atic
1033 238 1141 269 peccata
1173 233 1378 268 amplectamur.
1405 230 1458 258 Eos
1482 236 1573 258 autem
1599 230 1646 264 qui
1671 236 1725 255 non

97 279 223 313 νοῦντας,
242 279 281 315 τῷ
296 280 452 316 ἁναθὲματι
461 283 656 317 παραπέμπει.

140 365 172 392 ’0
186 365 214 392 δὲ
233 366 296 400 ριβ’,
318 366 350 393 Ἦ
365 367 410 394 διὰ
427 368 473 395 τοῦ
490 368 681 404 βαπτίσματος
703 371 794 405 χάρις,
809 371 886 404 φησὶ,

97 411 149 446 τὴν
163 412 264 446 γνῶσιν
275 413 340 447 ἡμῖν
353 415 408 440 τῶν
420 415 627 450 ἁμαρτημάτων
642 416 886 449 ἀποκαλύπτουσα,

99 457 228 493 βοήθειαν
242 460 283 490 εἰς
295 459 325 485 τὸ
351 459 388 495 μὴ
399 460 571 495 ἁμαρτάνειν
587 462 714 497 παρέχει,
729 462 767 497 τῷ
785 463 888 497 γνῶναι

98 503 159 529 τίνα
170 503 212 531 δεῖ
224 504 374 539 ἐπιζητεῖν,
393 508 439 532 καὶ
454 507 514 534 τίνα
527 508 607 534 παντὶ
622 508 709 534 σθένει
720 509 843 543 φεύγειψ
856 508 887 535 οὐ

101 548 155 583 μὴν
173 549 241 576 ἀλλὰ
255 551 301 576 καὶ
314 551 431 586 δύναμιν
445 551 562 587 παρέχει
576 553 716 587 κρυπτῶς,
733 553 803 580 ὥστε
817 555 887 588 ἀγα-

100 595 154 629 πᾷν
171 595 218 621 καὶ
233 596 435 632 προθυμεῖσθαι
448 598 581 633 πράττειν
592 599 622 625 τὸ
633 601 761 635 ποιητέον
772 609 779 616 ο
793 601 890 627 ἑκάτε-

100 648 146 673 ρον
161 641 225 675 γὰρ,
240 641 256 676 ἥ
272 650 302 668 τε
319 643 419 675 γνῶσις
433 643 479 670 καὶ
494 644 510 679 ὴ
524 644 629 679 ἀγάπη,
641 644 733 680 δῶρον·
743 644 821 672 Θεοῦ.
836 644 889 671 Τὺν

98 685 126 711 δὲ
145 687 182 721 μὴ
202 687 274 713 οὓτω
304 688 382 723 δόξης
411 689 518 724 ἔχοντα,
546 690 614 717 ἀλλὰ
629 691 659 717 τὸ
686 691 787 718 εἰδέναι
807 691 832 717 τί
848 691 889 718 δεῖ

98 735 187 759 ποιεῖν
199 734 281 769 μόνον
291 735 341 771 τὴν
353 737 433 771 χάριν
449 738 514 772 ἡμῖν
529 737 630 764 διδόναι
644 739 776 774 οἰόμενον,
792 739 821 765 οὑ
834 740 888 774 μὴν

98 780 145 806 καὶ
163 780 193 806 τὸ
207 781 319 817 ἀγαπᾷν
335 782 348 808 ὃ
369 783 410 809 δεῖ
429 785 527 816 ποιεῖν,
554 785 612 815 τοῖς
627 784 809 820 κληρονόμοις
826 793 889 812 σνν-

98 825 190 852 τάττει
203 826 249 852 τοῦ
265 827 435 862 ἀναθέματος
448 837 455 844 ·
472 829 539 856 διότι
555 831 570 865 ή
585 831 686 864 γνῶσις
703 831 770 866 μόνη
785 831 887 865 φυσιοῖ,

98 871 114 906 ἡ
133 871 160 898 δὲ
172 872 266 907 ἀγάπη
277 873 425 908 οἰκοδομεῖ.

138 916 168 943 ὐ
182 918 209 943 δὲ
239 917 290 953 ριγ’
315 920 371 951 τοῖς
387 920 495 954 λέγουσι
518 921 649 948 δύνασθαι
665 923 740 957 ἡμᾶς
759 922 805 949 καὶ
824 922 886 958 δίχα.

96 963 146 997 τῆς
158 963 202 989 διὰ
214 964 259 990 τοῦ
281 964 471 1000 βαπτίσματος
488 967 599 1002 χάριτος
612 968 659 999 τὰς
673 968 782 1000 ἐντολὰς
796 969 884 1003 πράτ-

95 1016 155 1035 τειν
187 1010 246 1044 μὲν,
273 1011 486 1046 δυσχερέστερον
514 1014 554 1045 δὲ,
584 1013 654 1048 αὕτη
672 1014 726 1050 γὰρ
744 1015 885 1050 εὐχέρειαν

98 1053 183 1089 μόνην
196 1056 236 1086 είς
250 1055 280 1082 τὸ
297 1057 399 1089 ταύτας
414 1058 539 1085 ἀνύττειν
552 1059 656 1092 δίδωσι,
677 1060 725 1086 τοῦ
746 1060 886 1095 ἀναθεμα-

96 1109 141 1132 τος
157 1102 270 1135 τιμᾶται
293 1104 403 1138 σαφῶς·
422 1105 452 1131 τὸ
467 1106 521 1132 πᾶν
536 1106 589 1140 γὰρ
607 1107 664 1132 ὲστι
679 1106 730 1141 τῆς
751 1106 826 1138 θείας
838 1107 886 1142 χά-

97 1154 183 1181 ριτος,
199 1148 329 1184 κάκείνης
345 1150 408 1177 ἄνευ
424 1150 501 1177 οὐδὲν
518 1152 571 1179 τῶν
583 1152 696 1179 δεόντων
713 1152 892 1188 κατορθῶσαι-

95 1193 245 1226 δυνάμεθαέ
257 1195 294 1221 Οὖ
309 1196 362 1230 γὰρ
374 1194 445 1229 εἷπε,
457 1199 550 1232 φησὶν,
565 1198 578 1224 ὁ
591 1199 701 1233 Κύριος,
714 1199 806 1234 Χωρὶ;
818 1198 885 1234 ἐμοῦ

96 1239 217 1274 εὐχερῶς
231 1240 260 1266 οὐ
278 1241 391 1268 δύνασθε
405 1244 502 1276 ποιεῖν,
518 1244 594 1277 ἀλλὰ,
618 1253 630 1272 ι
653 1246 743 1280 Χωρὶς
761 1245 827 1281 ἐμοῦ
854 1245 885 1272 οὐ

96 1285 211 1312 δύνασθε
230 1289 316 1314 ποιεῖν
333 1289 419 1315 οὐδέν.
442 1299 451 1315 ι

141 1332 175 1359 '0
189 1333 217 1359 δὲ
230 1334 331 1367 ταύτης
357 1334 392 1370 ιη’
420 1337 481 1368 τοὺς
496 1336 546 1372 ἤδη
567 1337 794 1373 τετελευτηκότας
822 1339 886 1365 οὔτε

100 1378 255 1413 βαπτίζειν,
275 1380 336 1407 οὔτε
350 1382 405 1408 τῶν
420 1382 501 1409 Θείων
520 1383 627 1410 κελεύει
646 1384 817 1419 μεταδιδόναι
836 1395 887 1421 μυ-

102 1426 233 1461 στηρίων.
251 1427 297 1464 Μὴ
312 1431 451 1462 συνιέντες
465 1431 519 1467 γάρ
531 1440 603 1464 τινες
619 1432 672 1459 τῶν
697 1433 887 1461 ἀποστολικῶν

99 1472 230 1506 ῥημάτων
241 1473 289 1509 τὴν
306 1475 431 1510 δύναμιν,
450 1478 478 1504 ὲν
491 1478 523 1512 τῇ
544 1478 612 1513 πρὸς
636 1479 798 1513 Κορινθίους
820 1481 888 1515 γρά-

99 1525 196 1549 φοντος
211 1518 316 1555 πρώτῃ,
333 1520 426 1547 (Ἐπεὶ
439 1522 467 1548 τί
479 1524 640 1558 ποιήσουσιν
654 1524 678 1549 οἱ
693 1523 888 1560 βαπτιζόμενοι

99 1563 170 1599 ὑπὲρ
187 1565 240 1591 τῶν
253 1567 369 1600 νεκρῶν,
401 1569 425 1594 εί
445 1569 514 1601 ὅλως
532 1570 624 1606 νεκροὶ
647 1571 696 1597 οὐκ
714 1571 887 1606 ὲγείρονται;

99 1609 126 1635 τί
146 1610 194 1636 καὶ
205 1611 381 1645 βαπτίζονται
404 1614 472 1650 ὑπὲρ
486 1616 540 1642 τῶν
554 1616 674 1650 νεκρῶνς
693 1626 702 1642 t
719 1617 742 1643 οῐ
761 1618 811 1653 μὲν
827 1619 889 1650 τοὺς

98 1657 212 1691 νεκροὺς
238 1658 330 1686 αὐτῶν
352 1660 510 1694 ὲὸάπτιζον,
537 1663 561 1689 oi
588 1663 617 1690 δὲ
639 1663 736 1695 ἄλλους
751 1664 821 1700 ὑπὲρ
834 1664 889 1690 τῶν

100 1702 205 1737 νεκρῶν
234 1703 337 1736 ζῶντας
351 1715 358 1722 ο
381 1707 440 1734 ἀλλ’
471 1709 483 1734 ὁ
500 1707 592 1735 κανὼν
611 1709 691 1736 τοῦτο
701 1710 802 1737 κωλύει
816 1711 890 1746 γίνε-

101 1749 176 1777 σθαι.
211 1750 248 1776 Οὐ
278 1751 332 1786 γὰρ
354 1753 418 1784 τοὺς
440 1754 488 1788 ἤδη
510 1754 677 1791 τεθνηκότας
692 1757 706 1782 ὁ
726 1757 890 1789 Ἀπὸστολος

102 1794 208 1821 κελεύει
225 1795 377 1831 βαπτίζειν,
394 1799 410 1834 ἦ
429 1800 488 1826 ἀντ’
501 1801 614 1827 ἐκείνων
631 1802 742 1833 ἄλλους·
759 1802 817 1828 ἀλλ’
829 1803 891 1829 ἐπεὶ

100 1841 125 1867 οἱ
146 1841 350 1878 βαπτιζόμενοι,
368 1845 550 1879 μανθάνοντες
566 1846 612 1872 τοῦ
627 1846 687 1873 καθ’
699 1848 773 1882 ἡμᾶς
786 1856 889 1883 μυστη-

102 1889 160 1923 ρίου
185 1889 234 1924 τὴν
258 1889 382 1925 δύναμιν,
402 1891 472 1927 μετὰ
493 1892 548 1919 τῶν
569 1893 658 1919 ἄλλων
678 1893 726 1919 καὶ
740 1894 891 1920 ἀνάστασιν

102 1934 208 1969 νεκρῶν
225 1936 284 1970 ἦτοι
300 1937 435 1972 σωμάτων
445 1938 570 1970 ἐλπίζειν,
581 1939 765 1973 διδάσκονται,
778 1940 826 1966 καὶ
842 1940 891 1974 τὴν

100 1981 130 2006 ὲν
147 1982 179 2016 τῇ
195 1981 374 2019 κολυμὸήϐρᾳ
393 1984 540 2011 κατάδυσιν
560 1985 608 2012 καὶ
635 1985 765 2012 ἀνάδυσιν
783 1986 828 2012 τὸν
844 1985 891 2012 θά-

101 2035 182 2054 νατον
197 2027 378 2063 ὑπεμφαίνειν
398 2030 444 2056 καὶ
472 2031 520 2066 τὴν
537 2032 705 2064 ἀνάστασιν,
736 2032 805 2067 πρὸς
828 2033 892 2064 τοὺς

103 2074 167 2108 περὶ
180 2074 281 2110 ταύτην
294 2075 453 2110 ἀμφιϐόλως
466 2077 588 2112 ἔχοντας,
601 2077 684 2113 φησὶν
694 2078 890 2112 ὀἌπόστολος,

101 2121 142 2146 ὃτι
154 2121 184 2146 Εἰ
202 2120 239 2156 μὴ
255 2121 405 2153 ἀνάστασίς
418 2123 488 2153 ἐστι,
504 2123 532 2149 τί
546 2124 709 2158 ποιήσουσιν
724 2124 747 2150 οἱ
764 2123 892 2158 βαπτιζό-

104 2176 179 2202 μενοι
195 2168 238 2193 ὲπ*
256 2168 343 2195 ἐλπίδι
369 2168 415 2195 τοῦ
437 2169 588 2205 ἀναστῆναι
614 2169 678 2200 τοὺς
691 2170 823 2204 νεκρούςς
843 2180 894 2205 μα-

102 2214 310 2246 ταιοπονοῦντες
341 2214 445 2247 λοιπὸν,
463 2214 490 2241 εἴ
517 2223 549 2249 γε
567 2215 632 2250 περὶ
644 2214 695 2249 τῆς
716 2215 893 2247 ἀναστάσεως

102 2260 331 2295 ἁμφιὸάλλουσιν.
349 2258 396 2292 Οἷς
408 2261 458 2296 μὲν
474 2260 527 2295 γὰρ
539 2261 717 2296 πράττουσιν,
729 2261 892 2296 ὁμολογοῦσι

103 2307 259 2342 προσδοκᾷν
272 2307 321 2342 τὴν
336 2307 486 2333 ἀνάστασιν
498 2314 504 2321 “
521 2305 560 2338 οἷς
576 2307 603 2333 δὲ
625 2307 672 2334 νῦν
689 2307 826 2342 λέγουσιν,
843 2309 893 2342 ἁρ-

102 2353 213 2380 νοῦνται
226 2353 329 2388 αὐτήν
347 2353 525 2388 βαπτίζονται
553 2354 607 2388 γὰρ
624 2353 695 2388 ὑπὲρ
709 2353 764 2381 τῶν
788 2354 893 2389 νεκρῶν

102 2401 135 2435 τῇ
151 2399 231 2433 φύσει
247 2399 392 2434 σωμάτων,
415 2401 455 2431 εἰς
471 2400 626 2435 ἀφθαρσίαν
653 2400 699 2426 καὶ
716 2400 787 2426 αὐτὰ
808 2409 893 2435 μετα-

103 2444 287 2478 σκευασθῆναι
305 2445 477 2476 πιστεύοντες
489 2452 497 2461 ⁸
524 2445 585 2471 ἐπεί
596 2445 638 2471 τοί
655 2453 686 2479 γε
733 2445 809 2481 ψυχὴ
824 2445 892 2472 ἀθά-

103 2498 182 2521 νατος
191 2490 272 2524 φύσει
283 2489 387 2524 πέφυκε
397 2490 444 2516 καὶ
457 2490 632 2525 ἀτελεύτητος
643 2498 650 2505 ⁸
664 2490 751 2517 ταῦτα
764 2490 792 2517 δὲ
805 2491 894 2526 φθορᾷ

101 2537 150 2564 καὶ
169 2535 313 2563 ἀλλοιώσει
338 2536 490 2564 ὑπόκειται.
519 2537 568 2563 Διὰ
588 2537 641 2572 γὰρ
666 2537 747 2563 τοῦτο
765 2536 836 2572 ειπερ
852 2545 894 2568 τις

100 2584 146 2610 διὰ
163 2583 294 2618 ῥημάτων
314 2582 440 2618 ὁμολογεί
456 2581 608 2613 πιστεύειν,
625 2582 669 2608 διὰ
684 2582 738 2608 τῶν
765 2581 895 2616 πραγμά-

101 2639 156 2656 των
168 2629 306 2655 δείκνυσιν
321 2630 334 2655 ὁ
359 2629 460 2664 ἱερεὺς,
486 2628 626 2660 εἰκονίζων
641 2629 670 2654 ὲν
685 2628 725 2663 τῷ
742 2627 819 2654 ὕδατι
844 2627 894 2663 τὴν

103 2677 242 2712 ἀλήθειαν.

100 2734 230 2761 ΚΕΦΑΛ.
247 2735 284 2761 B'.
300 2735 369 2767 Περὶ
390 2733 449 2760 τῶν
475 2733 747 2768 ἀμφιϐαλλομένων
764 2734 893 2767 νηπίων.

352 2771 378 2795 el
401 2769 641 2802 ἐϐαπτίσθησαν.

143 2815 173 2842 ’0
189 2815 230 2843 πδ¹
243 2816 292 2850 τῆς
313 2815 396 2849 ἕκτης
414 2815 536 2848 συνόδου,
553 2814 592 2842 ἔτι
609 2815 637 2842 δὲ
658 2816 705 2841 καὶ
720 2815 734 2841 ὁ
749 2815 786 2850 οβ’
798 2816 849 2850 τῆς
864 2816 893 2841 ὲν

104 2861 281 2897 Καρθαγένῃ,
301 2862 335 2888 τὰ
350 2861 578 2896 ἁμφιόαλλὸμενα
592 2863 686 2897 νήπια,
711 2863 735 2888 ει
760 2862 805 2888 τοῦ
821 2863 894 2889 θείου

103 2908 251 2937 ceruina:
281 2907 480 2939 βαπτίσματος,
505 2907 567 2938 μήτ’
584 2907 672 2935 ἄλλων
689 2908 817 2940 ἀσφαλῶς
833 2909 892 2937 επι-

941 280 976 306 ita
1007 280 1121 311 faciunt,
1152 284 1179 307 et
1207 279 1380 314 potiSsimum
1409 277 1456 312 qui
1487 284 1568 305 secus
1594 275 1727 306 sentiunt,

938 326 1113 353 anathemate
1128 325 1201 352 ferit.
1495 358 1514 362 _

974 373 1068 400 Catton
1098 372 1160 403 ita,
1193 371 1299 404 Gratia,
1327 370 1429 405 inquit,
1460 361 1513 404 per
1548 367 1726 404 baptismum,

940 423 1115 454 peccatorum
1155 417 1337 452 cognitionem
1372 415 1564 448 manifestans,
1593 413 1725 441 auxilium

939 467 1051 502 praebet,
1067 471 1161 493 utnon
1174 465 1292 499 amplius
1307 468 1445 498 peccetur,
1460 467 1487 490 et
1503 467 1532 490 ut
1548 465 1728 496 cognoscatur

940 520 1064 547 quaenam
1092 519 1216 547 quaerere
1245 515 1432 545 et,qua.-nam
1465 508 1592 536 omnibus
1624 505 1728 533 viribus

941 559 1037 594 fugere
1049 563 1189 594 oporteat;
1201 558 1266 592 quin
1279 561 1307 584 et
1317 556 1468 592 potentiam
1479 558 1587 582 secreto
1599 552 1727 587 largitur,

941 609 969 632 ut
983 612 1117 637 amemus,
1134 608 1161 631 et
1174 604 1201 631 id
1225 603 1296 638 qttod
1322 601 1476 629 faciendun:
1494 604 1536 629 est
1550 602 1680 633 praestare
1700 596 1728 622 in

940 651 1033 678 animo
1048 649 1212 677 habeamus.
1232 649 1299 676 Eum
1323 653 1414 675 autem
1439 646 1486 682 qui
1502 653 1555 672 non
1579 645 1615 671 ita
1629 642 1728 672 credit,

940 697 986 725 sed
1005 697 1099 728 sentit,
1121 696 1236 731 gratiam
1262 695 1349 722 solum
1376 695 1442 721 dare
1465 697 1495 720 ut
1519 691 1641 720 sciamus
1663 689 1730 724 quid

939 744 1095 771 faciendum
1112 743 1159 773 sit.
1186 750 1238 770 non
1258 746 1350 769 autem
1375 747 1470 768 amare
1493 739 1520 766 id
1548 736 1620 773 quod
1640 735 1730 763 facere

940 795 1059 826 oportet,
1093 789 1165 816 inter
1199 787 1383 816 analltematis
1410 785 1532 814 haeredes
1561 781 1728 812 constituit;

939 835 1069 870 quoniam
1098 833 1214 862 scientia
1247 833 1305 861 sola
1338 833 1436 864 intlat,
1475 829 1596 858 charitas
1636 831 1728 854 autem

940 881 1067 908 aedificat.

902 914 926 944 Β
976 928 1071 956 Canon
1098 933 1189 954 autent
1218 925 1270 953 115
1297 932 1347 953 eos
1367 925 1415 960 qui
1439 923 1545 954 dicunt,
1572 926 1652 956 posse
1677 924 1731 945 nos

940 974 1047 1008 absque
1068 973 1155 1008 gratia
1179 980 1227 1007 per
1246 972 1412 1006 baptismum
1438 970 1501 998 data
1522 966 1651 995 mandata
1667 971 1731 999 per-

940 1020 1031 1052 ﬁcere,
1049 1018 1189 1045 dillicilius
1209 1026 1274 1046 vero
1289 1037 1297 1051 ,
1320 1017 1422 1053 quippe
1443 1016 1518 1051 quod
1545 1021 1575 1041 ea
1599 1013 1732 1040 duntaxat

940 1066 1129 1093 mandatorum
1157 1064 1363 1092 exsecutionem
1380 1062 1531 1091 faciliorem
1548 1059 1654 1091 reddat,
1666 1063 1733 1084 ana-

940 1111 1060 1139 tltetnate
1086 1111 1181 1147 punit;
1198 1110 1289 1138 omnia
1306 1110 1379 1137 enim
1402 1117 1417 1135 a
1434 1107 1526 1136 divina
1555 1104 1643 1140 gratia
1664 1101 1734 1130 deri-

939 1162 1047 1190 vantur,
1064 1162 1090 1185 et
1107 1158 1166 1186 sine
1183 1158 1228 1184 illa
1251 1156 1318 1184 nihil
1333 1163 1367 1184 ex
1385 1155 1420 1182 iis
1434 1161 1496 1189 qua:
1512 1159 1595 1187 agere
1612 1153 1732 1185 oportet,

940 1209 1068 1239 praestare
1093 1211 1251 1239 possumus.
1265 1203 1327 1230 Non
1341 1202 1414 1229 enim
1429 1200 1498 1228 dixit
1513 1197 1655 1227 Dominus,
1667 1194 1734 1222 Sino

940 1258 984 1278 me
1008 1250 1075 1277 nihil
1094 1249 1174 1277 facile
1198 1249 1329 1284 perficere
1359 1246 1483 1282 potestis,
1502 1245 1562 1276 scd,
1580 1252 1589 1270 ι
1603 1242 1669 1270 Sine
1690 1247 1735 1267 me

940 1296 1010 1324 nihil
1034 1295 1147 1322 omnino
1163 1295 1276 1330 potestis
1290 1294 1400 1321 facerm
1411 1303 1420 1319 t

977 1341 1107 1377 Ejusdem
1131 1348 1222 1368 autem
1255 1349 1315 1377 syn.
1343 1348 1433 1367 canon
1467 1338 1500 1366 ts
1527 1345 1574 1365 eos
1604 1335 1652 1371 qui
1677 1335 1733 1369 jam

942 1388 1042 1416 mortui
1059 1391 1136 1420 sunt,
1152 1395 1203 1415 ttec
1218 1387 1369 1422 baptizare,
1382 1393 1434 1413 nec
1449 1385 1541 1413 divina
1555 1383 1590 1411 iis
1602 1381 1734 1416 mysteria

941 1433 1149 1462 communicare
1163 1434 1251 1469 jubet.
1268 1432 1385 1466 Quidam
1400 1432 1475 1459 enim
1498 1430 1645 1458 verborum
1669 1433 1736 1461 apo-

942 1480 1100 1508 stolicorum
1120 1480 1184 1512 vim,
1211 1479 1340 1514 inprima
1356 1479 1389 1506 ad
1412 1476 1571 1506 Corinthios
1592 1473 1734 1510 Epistola:

945 1536 954 1552 ι
970 1525 1037 1553 Nam
1060 1525 1125 1560 quid
1144 1525 1246 1552 faciunt
1263 1525 1310 1560 qui
1334 1524 1508 1559 baptizantur
1531 1529 1581 1558 pro
1604 1518 1743 1554 mortttis,.

943 1574 965 1601 si
982 1573 1095 1600 omnitto
1114 1573 1214 1601 tuortui
1229 1580 1283 1599 non
1300 1571 1465 1607 resurgunt?
1477 1571 1543 1606 quid
1564 1569 1647 1597 etiam
1663 1569 1743 1603 bap--

943 1617 1063 1644 tizantur
1103 1624 1152 1652 pro
1195 1617 1336 1644 mortuis?
1364 1626 1373 1642 ι
1419 1624 1473 1644 non
1514 1615 1699 1649 intelligentes
1725 1636 1734 1647 ,

942 1667 1064 1690 mortuos
1086 1670 1163 1695 suos,
1185 1663 1231 1690 alii
1246 1667 1338 1690 autem
1357 1663 1425 1689 alios
1453 1662 1530 1689 vivos
1554 1668 1604 1696 pro
1619 1667 1698 1689 mort.
1712 1661 1735 1688 is

941 1709 1127 1744 baptizabant.
1154 1709 1255 1736 Vcrum
1284 1717 1338 1736 tton
1351 1709 1429 1744 jubet
1447 1709 1594 1744 Apostolus
1615 1715 1664 1736 eos
1689 1708 1736 1743 qui

942 1753 1042 1780 mortui
1057 1758 1134 1786 sunt,
1152 1753 1304 1788 baptizare,
1323 1753 1366 1780 vel
1382 1753 1452 1781 alios
1464 1760 1515 1788 pro
1538 1752 1573 1780 iis
1587 1761 1593 1786 ;
1609 1753 1655 1780 seti
1671 1752 1743 1787 quia»

942 1799 988 1833 qui
1018 1798 1194 1833 baptizantur
1208 1799 1262 1826 vim
1287 1795 1411 1834 mysterii
1438 1799 1525 1826 nostri
1549 1798 1734 1831 addiscentes,

943 1845 1015 1872 inter
1029 1845 1082 1871 alia
1095 1849 1266 1872 ntortuorum
1283 1852 1394 1880 quoque
1413 1852 1461 1872 Seu
1477 1851 1625 1880 corporum
1642 1851 1736 1872 resur-

943 1891 1089 1918 rectionem
1113 1899 1225 1926 spcrarc
1251 1891 1396 1923 docentur,
1415 1891 1543 1926 quodque
1581 1891 1608 1917 in
1626 1890 1736 1917 lavacro

943 1938 1081 1965 demcrsio
1109 1942 1137 1965 et
1159 1937 1280 1964 emersio
1304 1942 1419 1964 mortem
1446 1942 1472 1964 et
1501 1937 1735 1964 resurrectionem

943 1985 1084 2016 denotent,
1111 1983 1145 2010 iis
1165 1983 1210 2017 qui
1233 1984 1266 2010 dc
1287 1983 1490 2010 resurrectione
1511 1982 1648 2012 dubitant,
1670 1981 1736 2008 dicit

944 2030 1104 2065 Apostolus,
1131 2029 1159 2056 Si
1187 2036 1241 2056 non
1264 2033 1306 2056 est
1348 2028 1526 2060 resurrectio,
1548 2027 1612 2063 quid
1633 2027 1736 2054 facient

944 2077 991 2112 qui
1015 2076 1067 2104 sub
1089 2076 1141 2102 hac
1169 2082 1227 2109 spe,
1253 2074 1326 2109 quod
1343 2074 1442 2102 mortui
1468 2078 1625 2109 resurgent,
1642 2073 1735 2108 bapti-

944 2123 1067 2150 lantur?
1097 2122 1231 2157 Deinceps
1271 2122 1376 2149 frustra
1391 2121 1537 2157 llaborant,
1555 2121 1578 2148 si
1595 2121 1628 2148 de
1642 2127 1736 2148 resur-

945 2170 1071 2197 rectione
1088 2169 1235 2202 dubitant;
1262 2176 1311 2203 per
1334 2176 1366 2195 ea
1393 2167 1466 2195 enim
1487 2175 1547 2202 quae
1573 2167 1688 2199 faciunt,
1706 2174 1737 2194 se

945 2215 1177 2244 resurrectionem
1193 2219 1353 2250 exspectare
1367 2214 1497 2246 fatentur,
1520 2217 1548 2241 et
1565 2221 1613 2248 per
1627 2221 1659 2241 ea
1675 2221 1737 2248 quas

906 2263 1000 2302 Diam
1026 2262 1122 2289 dicunt
1146 2261 1269 2288 eamdem
1294 2261 1440 2295 denegattt.
1462 2259 1639 2293 Baptizautur
1663 2259 1736 2286 ettim

946 2315 996 2343 pro
1014 2307 1178 2342 corporibus
1202 2310 1302 2334 natura
1325 2305 1456 2339 mortuis,
1481 2305 1577 2333 eadem
1600 2305 1627 2332 in
1643 2305 1737 2332 incor-

945 2354 1155 2389 ruptibilitatent
1191 2352 1369 2380 transmutari
1404 2352 1565 2385 credentes;
1605 2352 1736 2387 quoniam

946 2401 1037 2428 anima
1053 2404 1151 2427 natura
1166 2399 1334 2427 immortalis
1354 2404 1397 2426 est
1413 2402 1441 2425 et
1457 2398 1517 2425 sine
1534 2399 1599 2431 tine,
1618 2405 1736 2432 corpora

945 2451 1035 2474 autent
1056 2445 1226 2480 corruptioui
1242 2449 1270 2472 et
1295 2443 1439 2472 mutationi
1463 2443 1581 2471 obnoxia
1606 2447 1679 2471 sunt.
1705 2443 1738 2471 Et

945 2496 1091 2527 propterea
1115 2499 1175 2526 (μιν)
1201 2492 1347 2527 quisquam
1372 2499 1403 2518 se
1425 2491 1539 2518 credere
1563 2498 1629 2518 voce
1652 2490 1737 2518 conli-

947 2543 1029 2570 tctur,
1056 2538 1187 2566 sacerdos
1211 2546 1240 2565 re
1273 2538 1404 2571 ostendit,
1437 2537 1463 2564 in
1491 2544 1562 2572 aqua
1591 2537 1736 2564 veritatem

946 2589 1156 2620 repraesentans.

946 2732 999 2768 E2
1012 2731 1089 2759 CAP.
1110 2731 1142 2758 ll.
1173 2732 1210 2759 De
1244 2731 1390 2768 infamibus
1405 2731 1437 2768 de
1464 2729 1559 2764 quibus
1587 2728 1736 2762 dubitatur,

1112 2771 1201 2794 utrum
1219 2767 1348 2802 baptizari
1363 2767 1471 2801 fuerint,
1491 2772 1580 2792 necne.

981 2814 1075 2842 Conon
1097 2814 1132 2841 84
1148 2822 1208 2850 syn.
1231 2821 1256 2840 νι
1277 2820 1328 2840 nec
1345 2820 1398 2839 non
1422 2812 1457 2838 8‘).
1471 2810 1569 2846 synodi
1593 2809 1737 2845 Carthagi—

947 2861 1041 2889 uensis
1082 2859 1202 2887 infantes
1236 2859 1270 2886 de
1310 2857 1411 2893 quibus
1444 2857 1606 2888 dubitatur,
1645 2859 1735 2882 utrutn

947 2911 1156 2937 sacrosanctum
1171 2906 1336 2942 baptismum
1364 2905 1482 2932 assecuti
1500 2903 1617 2935 fuerint,
1640 2910 1735 2937 necne,
