1948 3064
192 111 264 142 1107

788 114 973 144 ΜΑΤΤΗᾹΞΙ
995 114 1209 145 BLASTAHIS

1747 114 1824 149 1103

193 172 288 203 utpote
310 176 362 196 ncc
379 169 445 204 ipsis
472 173 582 205 propter
600 173 707 197 aetatem
732 170 797 197 illud
818 171 982 204 scientibus,

1042 173 1262 208 μαρτυρούντων,
1279 172 1362 208 χωρὶς
1378 172 1572 207 ἐπιδοιασμοῦ,
1588 171 1730 207 βαπτίζειν
1742 181 1827 208 προτ-

194 222 245 242 nec
263 214 324 243 aliis
338 215 371 242 de
386 223 418 243 ea
440 223 470 243 re
484 216 592 243 ﬁrmum
611 216 796 243 testimonium
818 216 979 250 ferentibus,

193 260 298 296 absque
314 262 391 288 omni
406 262 594 289 controversia
609 262 782 297 rebaptizare
798 262 886 296 jubet.
905 262 982 290 Licet

193 308 266 334 enim
290 303 374 335 unum
391 308 559 344 baptismum
587 310 715 338 conliteri
739 310 832 337 divino
857 309 982 346 symbolo

194 353 285 381 edocti
307 362 415 387 sumus,
437 360 529 382 tamen
554 356 619 390 quia
635 355 705 385 dixit
727 356 881 383 Dominus:
898 365 908 382 ι
923 355 981 383 Nisi

193 399 256 433 quis
272 407 305 427 ex
325 407 397 435 aqua
413 405 440 427 et
456 400 560 435 Spiritu
579 405 692 429 renatus
708 401 800 433 fuerit,
821 408 875 428 non
891 404 985 436 potest

196 445 300 474 intrare
333 445 362 473 in
398 454 512 482 regnum
548 446 722 479 caelorum,»
762 447 913 475 cavendum
950 453 983 474 ne

194 491 322 527 infantes,
344 493 436 520 divina
472 493 676 520 illuminatione
711 493 819 528 privati,
856 497 986 528 vesteque

196 538 299 572 nuptiis
327 539 488 566 cwlestibus
510 544 572 574 apta
601 546 656 567 non
687 539 796 570 induti,
821 547 836 566 a
864 539 984 566 thalamo

196 582 280 610 simul
298 588 325 611 et
340 591 356 611 ιι
371 591 457 620 regno
471 584 671 620 ,excludamur.
694 584 807 619 Oportet
822 585 894 612 enim
909 588 938 612 ut
955 584 982 612 in

194 629 287 657 dubiis
299 630 414 657 dubium
433 638 482 665 per
496 635 571 658 certa
590 632 726 658 vincatur.

195 673 270 701 CAP.
295 673 338 702 ΙΙΙ.
361 675 400 702 De
423 676 574 709 irritantibus
600 676 785 711 Agarenorum
823 675 986 710 baptizatit;

271 714 296 736 et
310 710 343 736 de
356 710 500 745 baptizalis
516 711 548 737 ab
565 712 598 737 iis
613 710 658 745 q'ui
679 719 731 738 non
747 710 918 738 ordinantur.

235 756 332 785 Videre
353 761 395 785 est
417 758 443 784 in
465 756 688 792 profundissimis
710 757 860 791 impietatis
882 757 983 791 Agere-

197 809 294 829 norum
312 803 434 831 tenebris
451 804 539 831 lucem
564 804 658 838 gratiae
683 804 843 838 pollentem,
861 809 888 830 et
907 803 941 830 ab
955 810 986 830 ea

197 857 252 876 non
275 849 476 883 absconditam,
502 854 550 878 aut
571 850 757 883 exstinctam;
778 850 908 885 quoniam
935 856 985 876 nec
1003 843 1022 870 Β

196 895 351 924 inﬁdelibus
381 895 475 932 signa,
503 903 551 923 eos
581 896 615 923 ad
649 896 770 925 divinam
801 895 984 930 cognitionem

195 941 373 975 perducentia
388 962 396 974 ,
423 941 530 969 invidit.
554 940 639 968 Moris
658 941 745 976 igitur
765 945 807 968 est
834 942 905 975 apud
928 940 987 975 ple-

196 994 297 1022 rosque
319 987 521 1022 Agarenorum,
547 991 578 1014 ut
602 986 723 1014 infantes
743 994 808 1014 suos
830 994 884 1013 non
911 986 987 1021 prius

196 1033 408 1065 circumcidant,
427 1041 509 1068 quam
536 1032 685 1060 Christiani
702 1033 870 1063 sacerdotes.
893 1033 938 1067 qui
954 1032 988 1060 iis

197 1078 335 1106 tributarii
346 1085 421 1111 sunt,
435 1079 518 1106 etiam
529 1078 608 1106 inviti
626 1085 673 1105 eos
686 1078 824 1113 baptizare
841 1082 986 1113 cogantur.

198 1124 235 1151 De
252 1124 304 1151 hac
333 1124 416 1157 igitur
445 1132 476 1152 re
506 1129 716 1153 controversum
741 1129 801 1152 erat
826 1124 852 1152 in
881 1124 988 1160 synodo

197 1169 340 1202 Trullana,
352 1170 527 1198 sanctissimo
542 1170 615 1198 Luca
633 1171 760 1199 thronum
776 1172 988 1206 patriarchalcm

200 1220 320 1246 tenente,
350 1219 440 1242 utrum
465 1215 594 1243 nimirum
618 1223 667 1243 eos
687 1218 720 1243 ad
746 1223 836 1243 veram
855 1216 990 1244 Christia—

198 1268 295 1288 nurum
311 1261 391 1288 ﬁdem
412 1261 575 1289 accedentes
589 1262 774 1296 rebaptizare.
791 1262 833 1289 vel
850 1269 989 1296 unguento

197 1308 331 1334 duntaxat
348 1307 479 1341 inungere
495 1312 642 1342 oporteat;
659 1312 686 1335 et
715 1308 854 1335 decretum
871 1306 923 1334 fuit
943 1315 990 1334 eos

198 1354 258 1380 sine
280 1353 466 1381 controversia
499 1354 708 1388 rebaptizandos
736 1361 818 1385 csse;
849 1353 991 1388 baptismo

197 1400 269 1425 enim
279 1399 389 1433 quoloti
398 1403 488 1432 erant,
504 1407 557 1426 non
568 1407 600 1426 cx
611 1399 655 1433 pio
665 1399 800 1427 instituto.
812 1399 858 1426 sed
869 1403 898 1426 ut
908 1407 988 1426 vene-

199 1445 260 1472 licio
269 1444 508 1472 etincantamento
518 1445 560 1472 usi
570 1449 644 1477 sunt,
658 1453 692 1472 ne
706 1445 879 1473 circumcisis
890 1450 931 1471 ten
945 1453 990 1480 pe-

198 1496 351 1518 ratncntum
379 1492 503 1527 corporis
523 1493 681 1520 morbosum
707 1497 733 1518 et
755 1491 905 1519 malcolons
927 1499 991 1519 eva-

196 1538 283 1565 deret.

235 1624 263 1651 ld
276 1624 358 1651 etiam
377 1623 523 1658 quaesitum
544 1623 596 1650 fuit
607 1631 626 1650 ο
641 1623 766 1650 Manuelc
782 1622 919 1649 llcracieze
934 1623 994 1656 cpi--

200 1677 294 1702 scopo,
307 1677 341 1696 an
365 1677 426 1697 eum
447 1670 495 1704 qui
509 1678 523 1697 ιι
540 1677 594 1696 non
610 1669 749 1701 ordinato,
766 1669 813 1696 sed
837 1669 991 1696 ordinatum

200 1716 346 1743 simulante
363 1716 517 1750 baptizatus
542 1715 643 1748 fuerat,
662 1721 693 1741 ut
721 1715 828 1742 fidelem
853 1713 992 1748 suscipere

203 1765 330 1796 oporteat
353 1761 417 1794 (hoc
441 1760 523 1788 etiam
547 1765 613 1787 tunc
637 1759 768 1794 temporis
802 1759 828 1785 in
851 1758 910 1793 ejus
928 1765 991 1792 pro-

202 1807 293 1836 vincia
314 1801 486 1839 accidebat);
501 1810 530 1833 et
547 1806 668 1833 decrevit
691 1806 824 1841 synodus.
839 1812 887 1832 eos
907 1804 990 1832 ctiam

203 1852 413 1887 rebaptizandos
439 1859 511 1879 esse.
539 1851 684 1884 Quoniam,
715 1850 812 1885 inquit,
839 1850 990 1877 secundum

202 1906 323 1927 moues
348 1902 438 1932 apost.
452 1897 487 1926 46
510 1903 536 1925 et
551 1897 597 1929 47,
621 1897 688 1924 solis
701 1897 838 1931 episcopis
854 1900 881 1923 et
898 1903 989 1923 sacer-

202 1945 313 1972 dotibus
323 1944 495 1972 sacrosancti
504 1943 633 1979 baptismi
647 1943 848 1971 administratio
858 1949 990 1970 concessa

203 1997 273 2018 erat.
291 1991 363 2025 Quin
378 1996 407 2018 et
421 1991 473 2019 hoc
496 1991 600 2018 clarum
626 1995 668 2017 est
689 1997 722 2016 ex
738 1989 891 2016 canonibus
911 1988 947 2015 26
965 1993 993 2015 et

203 2039 238 2066 Mi
254 2039 350 2074 synodi
368 2038 539 2070 Laodicente,
565 2037 652 2064 altero
676 2036 785 2072 quidem
807 2036 921 2070 iubente
944 2044 992 2064 eos

203 2093 258 2113 non
275 2085 403 2119 adjurare
426 2085 473 2119 qui
495 2084 530 2111 ab
553 2085 681 2118 episcopo
703 2083 823 2118 promoti
844 2090 898 2110 non
915 2088 991 2115 sunt,

204 2131 290 2159 altero
322 2136 414 2158 autem
444 2130 640 2158 illuminandos
677 2129 760 2157 [idem
796 2129 932 2164 episcopis
965 2134 992 2156 et

1035 219 1193 246 τάττουσιν.
1213 217 1244 244 Εἰ
1269 218 1323 254 γὰρ
1336 219 1382 245 καὶ
1397 217 1426 246 ἓν
1449 218 1591 254 ὁμολογεῖν
1608 218 1750 254 βάπτισμα
1770 219 1828 245 ἀπὸ

1035 265 1082 291 τοῦ
1095 264 1168 291 θείου
1185 265 1321 300 συμϐόλου
1345 263 1537 298 δεδιδάγμεθα,
1556 262 1614 289 ἀλλ’
1632 263 1725 298 ἐπειδὴ
1741 263 1755 289 ὁ
1770 263 1827 290 Κύ-

1037 319 1095 345 ριος
1105 311 1169 346 ἔφη.
1186 319 1196 336 ι
1207 310 1271 337 Ἐὰν
1286 311 1323 345 μή
1336 319 1378 341 τις
1395 309 1512 345 γεννηθῇ
1530 309 1561 343 ἐξ
1575 309 1670 340 ὓδατος
1686 309 1733 336 καὶ
1741 309 1827 336 ﬂueti-

1037 365 1132 392 ματος,
1149 357 1180 382 οὑ
1194 356 1307 384 δύναται
1329 356 1462 383 εἰσελθεῖν
1486 356 1528 388 εἰς
1546 355 1595 391 τὴν
1615 355 1756 391 βασιλείαν
1769 355 1826 382 τῶν

1036 402 1186 438 οὺρανῶν,ι
1198 402 1361 437 εὐλαϐητέον
1379 401 1417 437 μὴ
1430 403 1465 438 τῇ
1477 402 1606 436 στερήσει
1620 400 1667 428 τοῦ
1681 400 1754 428 θείου
1768 410 1827 436 φω-

1035 449 1179 484 τίσματος.
1208 449 1238 475 τὸ
1259 448 1399 483 προσῆκον
1416 447 1456 483 τῷ
1480 447 1661 482 πνευματικῷ
1686 447 1769 482 γάμῳ
1788 446 1826 481 μὴ

1037 493 1221 528 περικείμενα
1235 492 1348 528 ἔνδυμα,
1365 492 1414 519 τοῦ
1424 493 1566 528 νυμφῶνος
1581 492 1639 527 ἅμα
1651 492 1760 527 καὶτῆς
1777 491 1827 526 βα-

1038 539 1140 571 σιλείας
1150 540 1303 575 ἀποῤῥιφῇ.
1316 539 1381 566 Δέον
1393 539 1446 574 γὰρ
1460 540 1489 566 ἐν
1500 541 1558 571 τοῖς
1566 539 1731 574 ἀμφιϐόλοις
1745 539 1827 574 νικᾷν

1037 586 1133 621 φιλανθ
1138 586 1237 621 ρώπως
1253 587 1284 613 τὸ
1303 586 1500 621 ἀναμφίὸολον.

1038 677 1164 704 ΚΕΦΑΛ.
1182 675 1219 703 I".
1235 676 1305 711 Περὶ
1321 675 1381 702 τῶν
1392 675 1618 711 βαπτιζομένων
1633 675 1752 709 νηπίων
1767 674 1829 701 τῶν

1339 711 1387 745 Ἀγ
1392 710 1526 744 αρηνῶν.

1074 759 1150 785 Ἰδεῖν
1168 757 1226 783 ἔστι
1245 757 1296 783 κάν
1308 757 1346 792 τῷ
1374 757 1451 792 βαθεῖ
1474 757 1562 792 σκότῳ
1575 756 1625 790 τῆς
1639 756 1694 782 τῶν
1709 755 1830 790 Ἀγαρη-

1039 804 1093 830 νῶν
1110 803 1269 835 δυσσεῦείας
1291 803 1321 829 τὸ
1349 803 1407 836 φῶς
1427 801 1621 828 ὲνδυναστεῦον
1636 801 1685 835 τῆς
1701 801 1829 836 χάριτος,

1037 850 1084 877 καὶ
1100 849 1153 877 ὑπὸ
1167 849 1271 882 ταύτης
1286 848 1324 884 μὴ
1339 848 1619 882 καταλαμϐανόμενον
1635 847 1651 882 ἢ
1676 846 1829 882 σϐεννύμε-

1036 904 1081 922 νον
1092 904 1098 912 ·
1112 895 1175 922 ἐπεὶ
1185 894 1240 921 τῶν
1253 893 1373 930 σημείων
1384 894 1446 920 οὐδὲ
1458 895 1515 924 τοῖς
1530 894 1655 924 ἀπίστοις
1666 892 1829 927 ἐφθόνησεν,

1036 942 1171 977 ὲνάγουσα
1196 941 1308 973 τούτους
1332 941 1401 976 πρὸς
1415 940 1464 975 τὴν
1479 939 1555 966 θείαν
1573 939 1733 973 ἐπίγνωσιν.
1747 937 1830 969 Ἐθος

1037 988 1104 1022 γοῦν
1113 988 1172 1013 ἐστι
1187 986 1241 1013 τῶν
1256 986 1417 1021 Ἀγαρηνῶν
1436 985 1493 1015 τοῖς
1507 983 1656 1015 πλείστοις,
1673 985 1711 1018 μὴ
1726 982 1832 1018 πρότε-

1040 1041 1085 1069 ρον
1100 1033 1133 1059 τὰ
1149 1033 1267 1067 σφέτερα
1284 1031 1459 1066 περιτέμνειν
1482 1029 1580 1066 βρέφη,
1598 1029 1664 1063 πρὶν
1677 1029 1711 1054 ἂν
1728 1028 1753 1053 οἱ
1765 1027 1832 1053 ὑπο-

1037 1080 1124 1110 τελεῖς
1151 1078 1228 1109 ιντες
1256 1078 1347 1109 αὐτοῖς
1374 1076 1427 1103 τῶν
1454 1075 1627 1111 Χριστιανῶν
1657 1074 1752 1108 ἱερεῖς,
1782 1073 1832 1098 καὶ

1038 1127 1151 1157 ἄκοντες
1165 1123 1359 1158 ἀναγκασθῶσι
1372 1122 1456 1149 ταῦτα
1469 1120 1610 1157 βαπτίσαι.
1627 1119 1766 1154 Ἐζητήθη
1775 1119 1832 1144 τοί-

1040 1183 1088 1200 νυν
1102 1174 1137 1200 τὰ
1166 1174 1231 1208 περὶ
1256 1174 1352 1199 τούτου
1376 1172 1404 1198 ὲν
1427 1173 1460 1207 τῇ
1473 1171 1544 1198 κατὰ
1564 1170 1613 1205 τὴν
1629 1168 1833 1204 βασιλεύουσαν

1041 1220 1154 1255 συνόδῳ,
1168 1220 1260 1246 Λουκᾶ
1272 1219 1320 1245 τοῦ
1333 1217 1406 1253 ιε.ροῦ
1416 1219 1462 1244 τὸν
1476 1216 1679 1252 πατριαρχικδν
1693 1214 1834 1244 ίθύνοντος

1041 1267 1146 1302 θρόνον,
1164 1267 1188 1291 εἰ
1207 1266 1247 1291 δεῖ
1258 1265 1320 1295 τοὺς
1333 1263 1480 1294 τοιούτους,
1495 1264 1529 1297 τῇ
1551 1262 1664 1296 ἀληθινῇ
1690 1259 1745 1286 τῶν
1761 1260 1833 1293 Χρι-

1043 1312 1159 1339 στιανῶν
1187 1311 1279 1338 πίστει
1303 1309 1553 1345 προσερχομένους,
1580 1306 1790 1338 ἀναὸαπτίζειν,
1815 1305 1832 1338 ἢ

1045 1358 1123 1394 μόνον
1138 1357 1225 1392 χρίειν
1242 1356 1280 1388 τῷ
1299 1355 1387 1391 μύρῳ,
1399 1355 1446 1381 καὶ
1459 1353 1605 1389 ὲψηᾳίσθη,
1621 1352 1732 1383 τούτους
1750 1352 1835 1376 ἀνα-ι⁴

1043 1403 1180 1438 τιρῥήτως
1195 1401 1272 1432 αὖθις
1297 1400 1437 1436 βαπτίζειν
1448 1409 1455 1416 ’
1471 1401 1539 1434 ὅπερ
1554 1399 1607 1434 γὰρ
1623 1398 1768 1425 ἐλούσαντο
1783 1397 1834 1430 βᾶ.-

1044 1448 1199 1483 πτισμα,οὺ
1218 1449 1288 1474 κατὰ
1305 1448 1404 1473 σκοπὸν
1420 1446 1530 1480 εύσεῦῆ,
1546 1445 1603 1472 ἀλλ’
1619 1445 1655 1475 ὡς
1670 1443 1834 1479 φαρμακεία

1044 1495 1060 1529 ἢ
1076 1494 1199 1528 ὲπαοιδίξι
1217 1495 1268 1520 τινὶ
1280 1493 1365 1527 τούτῳ
1378 1493 1530 1529 ἐχρήσαντο
1542 1500 1548 1507 ·
1565 1491 1606 1525 ἐφ’
1656 1491 1694 1525 μὴ
1710 1489 1835 1523 νοσώδης

1044 1541 1060 1576 ἦ
1075 1541 1195 1575 δυσώδης
1210 1542 1226 1575 ἡ
1245 1541 1343 1574 κρᾶσις
1358 1540 1412 1566 τῶν
1430 1538 1563 1574 σωμάτων
1584 1539 1641 1568 τοῖς
1658 1535 1836 1571 περιτμηθη-

1044 1586 1168 1621 σομένοις
1187 1586 1341 1620 γενήσεται.

1085 1632 1218 1667 Ἐζητήθη
1245 1631 1292 1658 καὶ
1319 1631 1418 1662 τοῦτο,
1438 1630 1485 1656 τοῦ
1509 1628 1673 1664 Ἥρακλεῑας
1699 1628 1834 1663 ἐρομένου

1042 1678 1180 1712 Μανουὴλ,
1204 1679 1228 1703 εἰ
1252 1678 1304 1712 χρὴ
1324 1677 1451 1712 δέχεσθαι
1477 1677 1514 1707 ὼς
1538 1676 1642 1705 πιστὸν,
1669 1674 1699 1701 ὃν
1724 1674 1834 1708 ἁνίερος

1042 1723 1184 1752 ἐϐάπτισε,
1198 1723 1228 1749 τὸ
1252 1722 1376 1757 ίερᾶσθαι
1401 1722 1573 1755 πλασάμενος
1595 1720 1684 1756 (τοῦτο
1713 1720 1769 1754 γὰρ
1787 1720 1834 1745 ἐπὶ

1042 1768 1091 1802 τῆς
1101 1769 1206 1803 ὲνορίας
1219 1767 1301 1794 αὑτοῦ
1314 1766 1463 1801 τηνικαῦτα
1475 1765 1600 1801 συνέὒη),
1616 1766 1663 1792 καὶ
1678 1765 1834 1800 ἑψηφίσατο

1044 1816 1058 1848 ἡ
1080 1814 1189 1845 σύνοδος
1213 1814 1260 1841 καὶ
1272 1814 1383 1845 τούτους
1400 1811 1644 1843 ἁναΰαπτίζεσθαι.
1672 1810 1752 1838 Ἑττεὶ
1767 1810 1833 1844 γὰρ,

1043 1861 1122 1896 φησὶ,
1136 1860 1207 1887 κατὰ
1218 1859 1279 1892 τοὺς
1299 1860 1391 1895 ἱεροὺς
1403 1859 1457 1885 τῶν
1474 1858 1631 1885 ἀποστόλων
1648 1858 1777 1887 κανόνας,
1788 1855 1834 1881 τῗιν

1044 1910 1092 1941 μς¹
1109 1906 1156 1933 καὶ
1169 1905 1222 1941 μζ,
1241 1906 1332 1940 μόνοις
1350 1906 1509 1936 ἐπισκόποις
1525 1904 1603 1938 ἐδόθη
1616 1903 1662 1929 καὶ
1675 1903 1796 1937 ἱερεῦσιν
1817 1903 1834 1935 ἡ

1041 1953 1088 1980 τοῦ
1104 1953 1181 1986 ἁγίου
1211 1951 1399 1987 βαπτίσματος
1425 1951 1519 1985 τελετή
1530 1959 1538 1966 ·
1553 1950 1692 1977 δείκνυται
1706 1948 1734 1975 δὲ
1753 1949 1834 1974 τοῦτο

1043 1998 1088 2025 καὶ.
1103 1999 1135 2025 ὲκ
1151 1997 1198 2024 τοῦ
1215 1996 1261 2029 κς¹
1274 1997 1323 2023 καὶ
1347 1996 1395 2031 μς¹
1411 1996 1461 2030 τῆς
1487 1997 1516 2022 ὲν
1546 1994 1692 2029 Λαοδικείᾳ.
1709 1994 1833 2024 συνόδου,

1042 2043 1088 2070 τοῦ
1108 2043 1158 2078 μὲν
1188 2043 1225 2078 μὴ
1248 2042 1404 2078 ἑφορκίζειν
1422 2042 1485 2073 τοὺς
1513 2043 1552 2077 μὴ
1571 2040 1761 2076 προαχθέντας
1779 2041 1835 2066 ὑπὸ

1043 2089 1202 2117 ἐπισκόπων
1224 2089 1390 2121 κελεύοντος,
1417 2089 1463 2114 τοῦ
1477 2088 1517 2121 δὲ,
1545 2088 1608 2118 τοὺς
1631 2087 1835 2121 φωτιζομὲνους

1043 2134 1092 2170 τὴν
1107 2134 1199 2161 πίστιν
1217 2133 1399 2167 ἀπαγγέλλειν
1412 2134 1467 2165 τοῖς
1486 2133 1646 2164 ἐπισκόποις
1671 2132 1688 2166 ἦ
1706 2132 1835 2167 πρεσϐυ-

204 2175 372 2211 presbyteris
400 2176 528 2203 recitare.
560 2176 646 2203 Porro
667 2175 789 2210 pmdicti
816 2182 936 2202 canones
965 2182 988 2202 vt

1043 2181 1148 2215 τέροις·
1163 2181 1192 2206 οὑ
1208 2181 1261 2215 μὴν
1276 2179 1344 2207 ἀλλά
1365 2180 1412 2206 καὶ
1426 2180 1450 2206 οἱ
1470 2179 1598 2214 ῥηθέντες
1612 2179 1662 2212 τῆς
1680 2176 1707 2209 ς’
1723 2177 1834 2203 συνόδου

205 2220 312 2257 synodi,
331 2225 358 2248 et
380 2221 478 2256 synodi
501 2219 740 2255 Carthaginensis,
757 2227 806 2248 eos
833 2220 868 2247 de
890 2220 992 2255 quibus

204 2268 348 2296 dubitatur
382 2274 417 2295 an
448 2266 578 2302 baptizati
608 2265 722 2296 fuerint.
755 2272 859 2297 necne,
889 2266 994 2300 absque

206 2314 297 2349 aliqua
316 2313 476 2342 diﬂicultate
493 2312 635 2347 baptizare
653 2311 743 2346 jubet.
770 2311 829 2339 Non
853 2311 927 2339 enim
953 2311 993 2339 las

205 2368 256 2388 nec
275 2364 363 2387 tutum
386 2363 455 2388 erat,
479 2363 509 2385 ut
526 2358 681 2392 baptizatus
699 2357 735 2385 ab
753 2357 848 2392 aliquo
860 2357 907 2392 qui
925 2357 995 2392 bapa

204 2405 318 2438 tizandi,
330 2410 358 2434 et
373 2412 420 2440 per
433 2404 599 2438 baptismum
611 2407 784 2438 peccatorum
800 2403 991 2431 remissionem

203 2451 354 2487 elargientli
374 2449 522 2486 potentiam
545 2457 599 2476 non
614 2449 750 2484 acceperit
769 2450 778 2484 (
791 2449 891 2476 etenim
905 2448 993 2484 bapti-

203 2506 281 2526 smus
290 2503 465 2532 peccatorum
479 2497 575 2524 sordes
589 2495 679 2531 eluit),
691 2495 784 2524 divino
799 2495 918 2524 ﬁdelium
930 2495 995 2522 cho-

204 2554 236 2573 ro
259 2545 462 2581 adiungeretur.
479 2543 636 2571 Periculum
652 2543 725 2570 enim
741 2550 795 2570 non
810 2550 924 2578 parvum
940 2547 991 2574 est,

204 2599 237 2619 ne
252 2595 361 2626 propter
375 2589 533 2625 huiusmodi
547 2589 744 2617 dubitationem
757 2588 811 2624 43
829 2588 991 2616 lustratione

203 2637 288 2665 divini
317 2636 447 2671 baptismi
470 2636 604 2671 privetur,
627 2640 653 2662 et
685 2642 735 2661 nos
752 2642 814 2661 cutn
831 2641 885 2660 non
903 2634 991 2668 bapti-

202 2689 263 2712 lato
282 2683 363 2711 tacite
380 2682 629 2710 communicemus.
647 2681 675 2708 Si
692 2681 755 2716 quis
767 2685 859 2707 autem
874 2680 990 2708 ulterius

201 2731 285 2762 dicat,
314 2729 387 2763 quod
416 2733 526 2764 propter
551 2735 645 2762 preces
668 2735 683 2754 a
699 2726 783 2754 laico
817 2726 936 2758 habitas,
963 2732 990 2754 ct

203 2782 314 2812 propter
333 2775 422 2804 sancti
439 2775 570 2809 unguenti
585 2773 719 2805 chrisma,
734 2773 886 2807 baptismus
902 2781 917 2799 ιι
936 2781 988 2799 non

202 2823 328 2849 ordinato
344 2823 424 2850 datus
449 2829 531 2849 verus
557 2820 712 2855 baptismus
736 2820 856 2853 reputari
875 2819 983 2850 debeat,

204 2867 263 2900 pari
279 2868 387 2896 ratione
399 2868 490 2896 dicere
504 2871 603 2903 pateat,
620 2867 692 2902 quod
714 2866 732 2893 ii
750 2866 797 2901 qui
811 2874 826 2893 a
842 2873 897 2892 non
914 2866 988 2892 ordi-

1045 2225 1092 2252 καὶ
1108 2227 1156 2259 τῆς
1172 2226 1201 2252 ἐν
1222 2225 1400 2261 Καρθαγένῃ,
1420 2225 1482 2256 τοὺς
1508 2225 1666 2260 ἀμφιϐόλως
1680 2223 1794 2258 ἔχοντας
1810 2224 1835 2249 εί

1044 2271 1239 2304 ἐϐαπτίσαντο,
1260 2271 1377 2306 ἀμελητὶ
1390 2270 1534 2306 βαπτίζειν
1547 2269 1776 2304 προστάττουσιν.
1796 2270 1835 2295 Οὐ

1047 2317 1101 2353 μὴν
1114 2315 1148 2353 ἦν
1169 2317 1243 2344 ὅσιον
1258 2317 1318 2343 οὐδὲ
1336 2317 1467 2351 ἀσφαλὲς,
1486 2317 1531 2342 τδν
1555 2315 1742 2351 βαπτισθέντα
1759 2316 1836 2348 παρά

1044 2361 1091 2388 τοῦ
1115 2361 1151 2397 μὴ
1181 2362 1309 2394 λαϐόντος
1335 2362 1460 2394 ἐξουσίαν
1481 2361 1631 2395 βαπτίζειν,
1661 2361 1707 2387 καὶ
1727 2360 1772 2387 διὰ
1787 2361 1836 2386 τοῦ

1046 2408 1232 2444 βαπτίσματος
1241 2408 1338 2442 ἄφεσιν
1350 2407 1450 2434 διδόναι
1464 2407 1673 2442 ἁμαρτημάτων
1682 2409 1690 2439 (
1700 2407 1836 2441 ῥυπτικὸν

1044 2454 1099 2488 γὰρ
1113 2453 1216 2480 τούτων
1232 2454 1262 2480 τὸ
1279 2453 1451 2488 βάπτισμα),
1465 2453 1503 2488 τῷ
1518 2452 1583 2488 θείῳ
1599 2453 1654 2479 τῶν
1667 2453 1773 2478 πιστῶν
1786 2462 1837 2479 κα-

1044 2498 1167 2532 ταλέγειν
1192 2498 1282 2534 χορῷ*
1301 2499 1331 2524 ού
1349 2499 1446 2534 μικρὸς
1473 2498 1528 2533 γὰρ
1541 2499 1554 2524 ὁ
1577 2498 1711 2529 κένδυνος,
1728 2498 1836 2532 μήποτε

1045 2545 1120 2578 παρὰ
1133 2543 1178 2570 τὸν
1193 2543 1314 2570 τοιοῦτον
1337 2543 1497 2577 δισταγμὸν,
1516 2543 1596 2575 αὐτὸς
1611 2543 1659 2577 μὲν
1671 2543 1720 2577 τῆς
1738 2544 1772 2568 ἐκ
1788 2543 1835 2569 τοῦ

1044 2590 1122 2623 ἁγίου
1153 2589 1341 2625 βαπτίσματος
1370 2590 1532 2624 καθάρσεως
1553 2589 1685 2624 στερηθῇ.
1713 2589 1795 2623 ἡμεῖς
1810 2589 1838 2615 δὲ

1043 2636 1204 2672 ἀϐαπτίστῳ
1214 2636 1340 2671 λάθωμεν
1351 2636 1550 2668 κοινωνοῦντες.
1568 2636 1600 2663 El.
1609 2636 1637 2662 δέ
1647 2644 1688 2672 τις
1702 2636 1840 2663 ὲνὶσταιτο

1044 2683 1142 2715 λέγων,
1162 2683 1206 2709 διὰ
1236 2682 1284 2714 τὰς
1299 2682 1445 2717 γινομένας
1468 2682 1544 2717 παρὰ
1567 2682 1614 2708 τοῦ
1627 2671 1724 2708 λαῖκοῦ
1740 2683 1835 2717 εὐχὰς,

1043 2729 1090 2755 καὶ
1105 2729 1153 2764 τὴν
1169 2728 1257 2764 χρίσιν
1274 2729 1321 2755 τοῦ
1347 2728 1426 2762 ἁγίου
1442 2727 1541 2763 μύρου,
1567 2728 1665 2762 ἀληθὲς
1683 2728 1785 2763 χρῆναι
1800 2729 1829 2754 τὰ

1043 2775 1112 2809 πρὸς
1126 2775 1172 2801 τοῦ
1189 2775 1298 2810 ἀνιέρου
1328 2775 1466 2810 διδόμενον
1494 2774 1651 2807 λογίζεσθαι
1680 2774 1836 2812 βάπτισμα,

1042 2821 1127 2851 οὕτως
1143 2821 1176 2847 ἂν
1188 2821 1272 2856 φήσαι
1286 2823 1333 2847 καὶ
1348 2821 1410 2852 τοὺς
1423 2820 1662 2855 χειροτονηθέντας
1679 2820 1747 2855 πρός
1763 2829 1834 2852 τινος

1042 2868 1151 2903 ἀνιέρου
1167 2869 1214 2896 καὶ
1228 2868 1274 2895 τὸν
1287 2868 1436 2895 ἐπίσκοπον
1448 2867 1674 2904 ὑποκριναμένου,
1688 2867 1745 2894 δεῖν
1757 2866 1829 2894 εἶναι
