1948 3064
694 98 726 107 ‘-

101 166 169 199 111:5

603 158 805 190 SYNTAGMA
821 153 996 186 ALPUABE
1007 150 1186 182 [ICU.\1..—
1200 149 1234 178 Β.

1667 138 1736 173 ΗΜ

98 226 142 251 ὅτε
162 222 267 252 τούτων
283 220 447 249 καθάπτοιτό
466 227 518 251 τις,
533 218 607 244 ἐστιν
620 217 638 243 ἃ.
657 215 733 250 παρὰ
755 214 786 240 τὸ
805 220 889 248 προσ-ι
905 227 913 250 λ

969 206 1143 243 prehendere
1165 207 1255 239 potest
1270 202 1429 237 quisquam,
1448 207 1479 227 ea
1502 206 1563 234 qua:
1590 205 1644 224 non
1660 196 1738 223 decet

98 271 167 305 ἧκον
179 269 319 304 δρώντων,
333 266 383 294 κᾶν
397 267 436 297 εἰς
451 265 530 300 ὓϐριν
548 264 639 293 αὐτοῖς
654 264 679 288 οἱ
695 261 801 295 ἔλεγχοι
813 259 887 292 λόγοι

99 313 271 348 λογίςωνται.

443 366 547 400 Νόμοι.

142 426 173 452 ’0
187 425 234 451 τὸν
263 423 376 458 βασιλέα
392 421 510 455 ὑϐρίζων
530 420 579 446 οὐκ
609 418 690 449 εὐθὺς
715 416 890 451 τιμωρεῖται,

104 473 166 499 οὕτε
182 480 209 497 τι
221 470 286 498 ἄλλο
303 467 423 504 σκληρὸν
439 467 456 501 ἢ
471 465 557 502 τραχῦ
574 463 705 498 ὑπομένει
718 470 724 477 ·
740 462 822 497 ἥγὰρ
839 459 893 487 ἀπὸ

105 517 276 550 κουφότητος
302 512 374 546 εἷπε,
395 513 443 539 καὶ
465 510 682 546 περιφρονείταιν
699 508 716 543 ἢ
738 507 768 540 ἐξ
790 505 893 538 ἀνοίας,

106 562 153 588 καὶ
177 561 305 587 ἐλεεῖταιο
328 559 345 594 ἢ
364 558 401 590 ὼς
419 556 609 591 ἀδικούμενος,
630 554 676 580 καὶ
700 552 892 587 συγχωρεῖται.

107 607 289 642 Ἀναφέρεται
301 605 330 632 δὲ
340 605 375 631 τὰ
390 604 455 639 περὶ
466 602 562 629 τούτου
575 601 616 636 τῷ
628 600 743 636 βασιλεῖ,
755 599 803 626 καὶ
815 597 895 628 αὐτὸς

109 656 140 680 ἐκ
165 653 214 687 τῆς
229 652 372 686 ποιότητος
384 650 431 676 τοῦ
453 649 602 684 προσώπου
625 648 724 683 κρίνει,
746 647 770 672 εἰ
794 644 897 680 ὀφείλει

110 699 321 734 συγχωρηθῆναι
338 698 354 733 ἦ
376 696 578 732 τιμωρηθῆναι.

149 746 181 773 Ὀ
201 745 364 772 καθοσίωσιν
381 743 562 778 πλημμελῶν,
578 742 637 776 ἦτοι
652 739 811 774 φατριάζων
827 736 899 764 κατὰ

111 792 253 827 βασιλέως,
274 790 346 824 ξίφει
365 788 551 824 τιμωρείσθω.

148 839 205 868 Πᾶς
217 839 230 862 ὁ
246 837 381 871 εὑρίσκων
395 835 528 870 φλυαρίαν
540 834 610 860 κατὰ
627 832 759 868 βασιλέως
773 831 801 857 ἐν
813 829 901 864 χάρτῃ

111 884 340 919 ὲσφραγισμένην
354 883 370 917 ἢ
389 883 589 918 ἀσφράγιστον,
604 881 652 907 καὶ
669 880 706 915 μὴ
729 877 903 920 παραχρῆμα
920 894 940 920 Β

113 931 209 962 καίων,
237 930 305 956 ἀλλὰ
332 927 539 962 ἀναγινώσκων,
564 926 719 953 ὑποκείσῦω
734 922 866 958 τιμωρίᾳ,

115 986 169 1004 τινι
184 976 313 1003 ὑπέκειτο
327 975 375 1002 καὶ
388 976 401 1001 δ
416 973 596 1003 συντεθεικὼς
612 973 662 1007 τὴν
679 970 824 1005 φλυαρίαν.

167 1076 294 1104 ΚΕΦΑΛ.
312 1073 352 1102 Η¹.
368 1074 438 1108 Περὶ
455 1073 514 1100 εῶν
532 1072 586 1099 τοῦ
600 1071 697 1106 γάμου
714 1068 854 1104 βαθμῶν.

161 1133 239 1174 ’Δλλᾷι
253 1131 307 1167 γὰρ
331 1131 381 1158 οὐκ
400 1130 434 1158 ἄν
449 1138 491 1161 τις
511 1127 588 1164 οϊμαι
602 1127 655 1154 τῶν
670 1126 701 1153 εὖ
736 1124 907 1161 φρονούντων

117 1170 228 1215 ἀωρίας
246 1179 320 1214 ἡμᾶς
346 1177 495 1212 γράψαιτο,
515 1175 586 1202 κατά
602 1183 634 1208 γε
652 1173 683 1200 τὺ
697 1172 745 1199 νῦν
759 1170 908 1203 διεξιόντας

119 1227 168 1254 καὶ
181 1225 216 1253 τὰ
232 1225 287 1252 τῶν
301 1223 456 1259 λεγομένων
473 1221 520 1249 τοῦ
540 1222 632 1256 γάμου
653 1218 777 1255 βαθμῶν,
793 1218 842 1244 καὶ
858 1216 908 1250 τῆς

119 1272 210 1299 αὐτῶν
224 1270 386 1305 συγγενείας
398 1270 448 1304 τήν
463 1277 492 1294 τε
513 1267 653 1302 ἐγγύτητα
669 1265 717 1292 καὶ
736 1263 888 1290 ἀπόστασιν
900 1269 907 1276 ⁸

119 1319 181 1345 ὅθεν
194 1318 226 1352 δὴ
243 1317 297 1343 τῶν
313 1315 572 1350 συγκεχωρημένων
586 1313 610 1338 οί
628 1311 677 1346 τὴν
698 1309 817 1336 κώλυσιν
833 1307 910 1341 ἕχον-

118 1372 164 1394 τες
183 1363 275 1396 σαφῶς
303 1361 490 1394 διακρίνονται
508 1359 556 1386 καὶ
573 1357 743 1392 ἐλέγχονται.
768 1354 839 1385 Τοὺς
861 1354 910 1388 μὲν

119 1410 166 1438 οὖν
181 1409 303 1445 βαθμοὺς
317 1407 371 1435 ἀπὸ
387 1406 545 1442 μεταφορᾶς
556 1403 683 1439 εἰρῆσθαί
696 1401 762 1436 φασί
775 1408 847 1431 τινες
856 1399 911 1424 τῶν

120 1457 168 1493 τῆς
187 1457 321 1492 κλίμακος
349 1451 528 1488 ἀναὸαθμῶν.
556 1451 601 1482 Ὧς
618 1450 673 1484 γὰρ
697 1448 731 1474 δι’
755 1446 868 1473 ἐκείνων
894 1445 911 1480 ή

121 1490 215 1534 ἄνοδος
235 1490 285 1528 καὶ
307 1501 324 1535 ὴ
339 1499 452 1530 κάθοδος
479 1498 597 1532 γίνεται,
624 1494 696 1521 οὕτω
713 1492 758 1519 διὰ
784 1491 839 1518 τῶν
862 1490 912 1524 τῆς

122 1548 284 1584 συγγενείας
300 1546 414 1582 βαθμῶν
439 1545 466 1572 οἵ
482 1553 512 1570 τε
527 1543 649 1572 ἀνιόντες
666 1541 714 1567 καὶ
728 1540 752 1565 oi.
770 1538 913 1568 κατιόντες
928 1563 947 1584 Γ

122 1582 314 1628 εὑρίσκονταιο
330 1592 354 1617 οι
373 1589 403 1616 δὲ
425 1589 463 1624 μὴ
489 1587 576 1618 οὕτως
600 1586 707 1620 ἔχοντες
737 1585 770 1610 ἐκ
796 1582 913 1614 πλαγίου

123 1639 315 1674 γνωρίζονται,
333 1637 496 1672 Προόαίνειν
514 1634 606 1669 μέντοι
620 1631 759 1666 πεφύκασι
776 1629 847 1656 κατὰ
865 1629 914 1663 τὴν

123 1686 177 1712 τῶν
201 1685 356 1718 γεννήσεων
372 1681 447 1713 τάξιν
461 1689 467 1695 ·
483 1680 604 1714 ἑκάστην
627 1678 682 1713 γὰρ
701 1677 830 1711 γέννησιν
847 1674 914 1710 βαθ-

125 1730 176 1764 μὸν
198 1728 340 1756 ἀποτελεῖν
359 1727 408 1753 ἕνα
431 1726 600 1760 νενόμισται.
619 1723 729 1750 Τούτων
752 1723 777 1748 οἱ
803 1721 853 1756 μὲν
876 1721 916 1751 είς

126 1776 238 1807 πλάτος,
254 1775 279 1802 el
295 1774 322 1801 δὲ
342 1774 379 1804 είς
396 1772 477 1808 βάθος
493 1771 676 1798 ἐκτεῖνονται·
701 1770 748 1796 καὶ
761 1769 785 1794 ot
804 1768 853 1802 μὲν
869 1766 915 1793 τοῦ

127 1823 246 1853 πλάτους
272 1821 322 1855 τὴν
342 1820 428 1854 αὐτὴν
445 1819 512 1853 πρὸς
530 1816 663 1851 ἀλλήλους
679 1814 852 1847 ἀποσώζουσι
866 1813 916 1840 τά·

126 1870 179 1902 ξιν.
196 1868 258 1894 Υἱοὶ
273 1866 323 1901 μὲν
343 1865 397 1900 γὰρ
416 1865 504 1894 ὄντες,
525 1862 572 1888 τὸν
586 1861 695 1896 πρῶτον
711 1860 831 1890 ἅπαντες
848 1859 918 1892 πλη-

128 1914 206 1950 ροῦσι
228 1913 349 1948 βαυμόν”
365 1911 477 1945 ἀδελφοὶ
493 1909 532 1941 δὲ,
555 1908 623 1943 πρὸς
641 1906 773 1940 ἀλλήλους
791 1905 835 1931 τὸν
859 1903 919 1930 δεύ-

127 1968 218 1995 τερον,
235 1959 287 1986 κᾶν
299 1958 429 1984 ἐπέκεινα
445 1953 495 1982 ὦσι
512 1953 566 1981 τῶν
577 1954 644 1980 δέκα.
658 1961 665 1968 ·
680 1952 746 1978 διότι
758 1951 821 1982 τοὺς
835 1959 920 1984 γαμι-

129 2007 183 2037 κῶς
202 2004 424 2039 συναπτομένους
439 2003 471 2028 ἐκ
495 2000 542 2027 τοῦ
561 1998 645 2026 αὑτοῦ
673 1997 789 2032 αἵματος
811 1996 920 2030 ἀνάγκη

129 2054 207 2081 πᾶσα
234 2051 271 2088 μὴ
290 2050 399 2081 πλείους
426 2048 497 2075 εῐναι
524 2046 579 2073 τῶν
605 2045 671 2072 δύο·
691 2043 779 2079 ταύτῃ
804 2051 846 2069 τοι
872 2043 920 2068 καὶ

130 2097 225 2126 τούσδε
249 2087 349 2132 μόνους
369 2096 401 2121 ὲκ
417 2094 472 2121 τῶν
487 2092 610 2126 ἀδελφῶν
630 2089 809 2125 θεωροῦντες,
830 2087 921 2115 δευτέ-

131 2152 180 2181 ρου
205 2143 296 2179 φαμὲν
321 2139 392 2168 εἶναι
412 2139 530 2175 βαθμοῦ,
556 2137 626 2164 κατὰ
641 2137 691 2172 τὴν
719 2135 816 2169 διπλῆν
830 2133 921 2161 αὐτῶν

131 2188 241 2217 πάντως
268 2186 414 2220 γέννησινο
427 2183 560 2213 ὡσαύτως
586 2182 610 2209 οἱ
632 2180 740 2215 ἀνεψιοὶ
761 2179 807 2206 τὸν
829 2178 922 2213 τρίτον

131 2234 273 2268 ἐπέχουσι,
296 2233 344 2259 καὶ
370 2231 395 2257 οἱ
412 2228 633 2265 πρωτεξάδελφοι
656 2227 701 2253 τὸν
718 2226 860 2260 τέταρτον,
875 2223 923 2250 καὶ

131 2280 176 2307 τὸν
193 2280 274 2306 ἕκτον
299 2278 325 2304 οἱ
349 2276 547 2310 διοεξαὸελφοι,
572 2275 620 2301 καὶ
644 2272 745 2307 ἐφεξῆς
771 2270 924 2303 ἀναλόγως.

132 2328 165 2355 υἱ
177 2327 207 2353 δὲ
223 2325 295 2352 κατά
310 2324 392 2360 βάθος
417 2322 448 2349 οὐ
460 2323 560 2352 πάντες
573 2321 619 2347 τὸν
632 2319 714 2346 αὐτὸν
730 2318 836 2353 βαθμὸν
850 2317 927 2352 ἔχου-

133 2382 190 2405 σιν,
203 2372 260 2399 ἀλλ’
278 2373 302 2398 oi
316 2372 366 2406 μὲν
378 2371 432 2398 υἱοὶ
445 2370 493 2397 τὸν
510 2369 630 2404 πρῶτον,
647 2369 672 2394 ot
685 2367 793 2401 ἔγγονοι
807 2366 853 2392 τὸν
866 2363 927 2390 δεύ-

133 2428 224 2455 τερον,
253 2419 301 2446 καὶ
326 2417 352 2443 οἱ
379 2417 530 2451 δισὲγγονοι
552 2415 599 2441 τὸν
618 2413 722 2449 τρίτον,
747 2413 795 2438 καὶ
825 2409 927 2444 ἐφεξῆς

133 2465 253 2500 ὁμοίως⁸
273 2463 340 2498 παρ’
359 2462 373 2489 ὃ
397 2462 445 2488 καὶ
469 2461 501 2488 οὺ
527 2460 598 2487 κατὰ
614 2460 663 2490 τὰς
688 2458 820 2493 γενέσεις,
840 2455 877 2487 ὥς
894 2463 927 2489 γε

134 2511 209 2543 εδοξε
224 2510 280 2540 τοῖς
305 2508 508 2543 ἀρχαιοτέροις,
532 2505 600 2532 ἀλλὰ
615 2504 687 2531 κατὰ
707 2503 758 2537 τὴν
769 2502 928 2535 οἰκειότητα

135 2559 183 2585 καὶ
209 2558 260 2592 τὴν
276 2556 324 2583 τοῦ
347 2556 445 2590 γένους
460 2553 611 2588 ἐγγύτητα,
627 2553 674 2579 καὶ
696 2551 747 2586 τὴν
776 2549 929 2576 ἀπόστασιν

136 2604 216 2635 αὖθις
230 2603 299 2637 πρὸς
319 2602 369 2638 τὴν
389 2602 502 2638 πρώτην
519 2600 566 2626 τοῦ
580 2599 677 2632 γένους
693 2598 793 2632 ἀρχὴν,
818 2595 929 2622 κάλλιον

136 2652 200 2682 τοὺς
217 2647 549 2687 βαθμοῦς“ὸνομὰζεσθαι.
564 2645 674 2677 Μεταξὺ
688 2645 742 2679 γὰρ
763 2643 865 2677 πατρὸς
883 2642 930 2668 καὶ

138 2698 198 2724 υἱοῦ
229 2697 315 2732 μικρά
328 2705 370 2727 τις
383 2695 524 2724 διάστασις
539 2701 546 2709 ·
565 2693 681 2719 πάππου
697 2691 726 2717 δὲ
744 2688 928 2722 καὶέγγόνου,

141 2744 244 2779 μείζων
258 2751 264 2758 ·
281 2742 440 2777 δισεγγόνου
457 2740 486 2766 δὲ
498 2739 566 2774 πρὸς
581 2738 628 2765 τὸν
641 2736 734 2769 αὑτὸν,
752 2735 793 2761 ἐτι
809 2734 910 2770 μείζων
920 2739 927 2748 ’

139 2790 212 2818 οὕτω
229 2790 349 2825 σχέσεως
363 2788 458 2823 ἔχουσι
469 2786 518 2814 καὶ
527 2786 552 2812 οἱ
569 2785 602 2812 ἐκ
622 2783 751 2818 πλαγίου.

941 256 1087 285 facientes,
1115 251 1225 279 etiamsi
1255 249 1399 277 acerbiora
1429 246 1512 274 verba
1540 245 1573 272 iis
1603 243 1736 279 iniuriosa

941 302 1098 329 videantur.
1297 288 1307 292 ’

1295 351 1386 385 Leges.

978 411 1030 445 Qui
1045 417 1135 445 regem
1148 407 1316 436 contumelia
1332 405 1425 437 allicit,
1438 411 1491 430 non
1506 402 1597 430 statim
1614 399 1738 435 punitur,

944 462 992 485 aut
1011 457 1111 484 dnrunt
1129 453 1242 488 aliquod
1267 452 1364 482 subit;
1389 450 1432 478 vel
1455 449 1528 476 enim
1557 454 1612 481 pra:
1632 446 1742 472 levitate

946 505 1055 531 loculus
1070 505 1121 532 est,
1138 505 1164 526 et
1184 497 1390 528 contemnitur;
1407 495 1450 521 vel
1474 501 1506 520 ex
1529 490 1694 527 ignorantia,
1716 494 1743 515 et.

946 548 1124 576 miseratione
1139 546 1239 580 digitus
1254 548 1297 570 est
1311 551 1318 576 ;
1336 542 1378 569 vel
1401 545 1431 567 nt
1446 539 1549 573 injuria
1574 536 1700 568 affectus,
1715 539 1744 561 et

948 595 1133 623 condonatnr.
1150 591 1213 618 Haec
1242 595 1335 616 autem
1361 587 1394 614 ad
1419 592 1508 619 regem
1533 582 1700 612 referuntur.
1718 585 1745 606 et

949 642 1009 676 ipse
1033 638 1185 667 secundum
1224 635 1388 671 qualitatem
1422 637 1547 666 persona:
1572 628 1680 664 jndicat
1708 633 1744 652 an

949 686 1051 714 remitti
1068 685 1108 711 vel
1126 682 1215 719 puniri
1230 682 1339 708 debeat.

987 731 1039 764 Qui
1059 731 1131 757 ἐπεῖπε
1151 727 1305 762 maiestatis
1327 725 1370 753 vel
1382 721 1585 758 coniurationis
1607 726 1671 747 reus
1692 722 1745 751 est,

951 777 1042 812 gladio
1065 775 1206 810 puniatur.

987 821 1041 858 45
1058 820 1190 854 Quisquis
1203 817 1337 846 invenerit
1355 816 1489 843 famosum
1514 811 1635 839 libellutu
1651 813 1746 836 contra

955 875 1056 902 regem,
1073 867 1101 893 in
1121 866 1216 892 charta
1231 863 1406 897 obsignatum
1423 859 1463 886 vel
1477 866 1530 885 ttott
1551 856 1727 889 obsignatum
1738 873 1746 883 ,

955 919 983 942 et
996 921 1048 940 non
1074 912 1167 940 statim
1181 907 1378 938 combussuit,
1394 905 1441 933 sed
1457 903 1564 938 legerit,
1588 907 1675 936 ptenze
1699 899 1750 925 ob-

956 960 1056 987 noxius
1083 959 1119 985 sit
1133 957 1176 984 cui
1193 956 1216 983 is
1238 955 1285 990 qui
1315 952 1437 980 libellum
1463 949 1595 976 infantem
1627 943 1750 973 conscri-

958 1007 1014 1042 psit

1029 1062 1108 1090 CAP.
1135 1059 1205 1087 Vlll.
1226 1058 1262 1084 De
1288 1055 1417 1091 gradibus
1437 1054 1464 1080 in
1493 1050 1678 1078 matrimonio.

997 1120 1082 1147 Nemo
1103 1126 1152 1145 nos
1169 1114 1354 1144 accusaverit.
1379 1111 1489 1146 opinor,
1514 1109 1560 1144 qui
1584 1107 1694 1142 quidem
1708 1112 1752 1134 sa-

960 1169 1027 1204 piat,
1050 1165 1133 1194 veluti
1164 1171 1221 1191 rem
1248 1161 1366 1188 alienant
1406 1161 1532 1192 agentes,
1560 1154 1583 1182 si
1612 1154 1664 1181 hoc
1691 1152 1753 1180 loro

961 1215 1093 1251 graduum
1111 1208 1295 1240 matrimonii,
1316 1213 1387 1241 quos
1413 1207 1525 1236 vocant,
1538 1207 1566 1230 et
1580 1199 1753 1235 cognationis

961 1260 1120 1289 eorumdcnt
1151 1261 1204 1284 tam
1220 1252 1453 1290 propinquitatem
1468 1256 1551 1284 qttattt
1570 1245 1752 1275 remotionem

963 1311 1154 1340 exponamus;
1185 1301 1256 1328 unde
1280 1299 1325 1326 ﬁet
1342 1304 1371 1325 ut
1387 1297 1434 1332 qui
1463 1294 1568 1329 aliquid
1589 1293 1690 1319 habent
1704 1291 1756 1317 im-

964 1351 1123 1389 pedimenti,
1141 1357 1155 1375 a
1181 1345 1325 1381 permissis
1342 1344 1415 1371 clare
1444 1340 1562 1369 discerni
1600 1338 1708 1373 possint
1729 1340 1758 1362 et

965 1383 1142 1433 deprehendi.
1159 1394 1307 1421 Enimvero
1328 1391 1432 1426 gradus
1452 1387 1538 1423 aliqui
1558 1387 1648 1413 dictos
1665 1383 1757 1419 perbi-

965 1431 1030 1474 bent
1044 1454 1059 1472 a
1072 1441 1252 1471 translatione
1271 1439 1403 1474 graduum
1431 1435 1521 1463 scala.
1541 1433 1649 1468 Quippe
1673 1431 1757 1458 sicuti

967 1500 1015 1527 per
1038 1498 1084 1518 eos
1101 1487 1261 1516 ascenditur
1276 1489 1304 1512 et
1329 1482 1516 1510 desrenditur.
1534 1481 1570 1506 ita
1593 1486 1640 1507 uer
1656 1477 1758 1511 gradus

967 1536 1137 1573 cognationis
1163 1539 1218 1561 tant
1240 1530 1422 1559 ascendentes
1451 1534 1532 1562 quam
1560 1523 1759 1552 descendentes

966 1584 1153 1612 inveniuntur.
1184 1579 1235 1612 Qui
1270 1584 1334 1604 vero
1363 1575 1403 1602 sic
1427 1573 1516 1601 allecti
1540 1579 1594 1598 non
1620 1573 1696 1602 sunt,
1725 1575 1759 1594 ex

967 1634 1125 1657 transverso
1139 1628 1352 1661 cognoscuntur.
1369 1621 1505 1648 Craterum
1516 1617 1617 1653 gradus
1631 1616 1668 1642 ita
1681 1622 1759 1642 cout-

967 1677 1054 1713 parati
1074 1679 1150 1706 sunt,
1180 1679 1209 1700 ut
1225 1671 1377 1700 secundum
1396 1667 1521 1695 ordinem
1545 1662 1760 1700 generationnm

968 1711 1130 1759 procedant.
1150 1720 1257 1754 Quippe
1274 1721 1414 1750 receptum
1426 1718 1478 1744 est,
1495 1716 1524 1739 ut
1538 1711 1666 1746 qumlibet
1681 1715 1762 1743 gent?

969 1771 1040 1799 ratio
1062 1769 1176 1805 gradum
1205 1772 1289 1792 unum
1314 1762 1448 1790 absolvat.
1470 1759 1573 1786 Deinde
1594 1755 1705 1790 quidam
1734 1754 1760 1780 in

970 1802 1158 1846 latitudinem,
1177 1811 1289 1847 quidam
1306 1810 1434 1836 deorsum
1450 1805 1644 1833 extenduntur.
1665 1802 1717 1835 Qui
1735 1802 1761 1826 itt

969 1862 1162 1890 latitudinem,
1176 1857 1301 1885 eumdem
1322 1856 1393 1882 itttcr
1406 1861 1435 1881 se
1451 1853 1540 1879 locum
1559 1854 1678 1877 servant.
1695 1847 1766 1874 Nam

970 1909 1016 1944 qtti
1033 1907 1110 1935 liberi
1129 1910 1203 1936 sunt.
1223 1903 1342 1938 primum
1365 1907 1462 1928 omnes
1490 1899 1604 1934 gradum
1625 1895 1762 1928 implent:

971 1954 1017 1989 qui
1037 1953 1151 1982 fratres,
1179 1949 1300 1978 secundo
1316 1948 1387 1974 inter
1402 1954 1431 1973 se
1446 1946 1530 1980 gradu
1547 1943 1713 1977 junguntur,
1732 1939 1765 1966 li-

971 1988 1014 2029 cet
1028 2000 1122 2035 plures
1148 2002 1262 2024 numero
1278 1994 1334 2022 sint
1354 2000 1436 2028 quant
1467 1991 1571 2018 decem.
1596 1988 1702 2022 Quippe
1717 1988 1764 2021 qui

972 2043 1143 2074 matrimonii
1171 2042 1230 2076 lege
1258 2040 1329 2066 itttcr
1355 2046 1385 2065 se
1411 2036 1577 2072 copulantur
1605 2042 1638 2060 ex
1668 2033 1765 2060 eodem

973 2090 1117 2126 sanguine,
1141 2087 1255 2115 omnino
1271 2083 1462 2112 necessarium
1480 2085 1522 2108 est
1541 2085 1571 2108 ut
1586 2080 1677 2114 plures
1694 2077 1764 2105 duo-

974 2139 1025 2165 bus
1041 2144 1096 2164 non
1113 2135 1178 2163 sint.
1196 2133 1256 2166 Qua
1284 2131 1367 2158 etiam
1385 2130 1419 2157 de
1442 2136 1526 2156 causa
1555 2129 1603 2154 ltos
1629 2125 1703 2153 solos
1731 2131 1765 2151 ex

974 2182 1105 2211 fratribus
1119 2180 1336 2208 considerantes.
1352 2175 1466 2203 secundi
1483 2174 1582 2208 gradus
1597 2179 1659 2199 esse
1693 2170 1764 2197 diei-

940 2235 963 2263 D
978 2238 1049 2262 mus,
1068 2228 1182 2256 omnino
1199 2227 1305 2252 ratione
1325 2221 1442 2257 duplicis
1455 2227 1553 2247 eorum
1570 2217 1764 2254 generationis.

979 2274 1168 2304 Consimiliter
1195 2272 1313 2299 fratrum
1340 2274 1506 2297 sororumve
1535 2265 1614 2292 liberi
1652 2262 1765 2299 gradum

978 2331 1041 2358 erga
1061 2326 1171 2356 patruos
1188 2325 1212 2346 et
1236 2316 1381 2345 avunculo:
1410 2314 1524 2343 tertium
1550 2312 1687 2343 obtinent,
1702 2317 1767 2337 cou-

979 2369 1083 2397 soltrini
1098 2372 1226 2402 quartum
1256 2365 1327 2391 inter
1343 2370 1384 2395 se,
1403 2360 1509 2388 sobrini
1523 2363 1643 2390 sextum,
1671 2357 1768 2384 eadem

979 2416 1007 2442 in
1020 2413 1127 2441 creteris
1139 2411 1244 2438 ratione
1255 2409 1410 2436 observata.
1427 2406 1479 2438 Qui
1493 2411 1558 2431 vero
1574 2411 1603 2430 se
1626 2401 1769 2437 porrigunt

979 2460 1108 2488 deorsum
1126 2464 1180 2483 non
1192 2462 1289 2482 omnes
1303 2452 1428 2480 eumdem
1445 2450 1558 2486 gradum
1580 2448 1681 2474 habent
1695 2455 1702 2479 ;
1720 2446 1769 2472 sed

981 2507 1029 2534 lilii
1042 2505 1174 2540 primum,
1188 2505 1302 2536 nepotes
1319 2500 1445 2531 alterum,
1465 2500 1632 2532 pronepotes
1647 2493 1769 2524 tertium,

979 2557 1007 2580 et
1031 2549 1121 2578 caueri
1148 2546 1337 2576 consimiliter.
1369 2543 1487 2577 Ideoque
1516 2549 1569 2568 tton
1611 2541 1765 2567 sccnndunt

981 2596 1182 2633 generationes,
1216 2593 1255 2621 uti
1273 2592 1373 2628 priscis
1400 2590 1522 2625 placuit,
1555 2588 1602 2615 sed
1621 2585 1771 2614 secundum

982 2642 1225 2671 necessitudinem,
1238 2643 1265 2666 et
1283 2637 1392 2674 generis
1408 2639 1652 2671 propinquitatem,
1670 2630 1772 2666 gradus

982 2691 1064 2718 hosce
1077 2686 1215 2715 numerari
1227 2689 1347 2720 prmstat.
1362 2682 1428 2710 Nam
1439 2682 1510 2709 inter
1531 2684 1634 2714 patrem
1649 2682 1674 2704 et
1686 2675 1771 2702 tilium

981 2736 1112 2770 exiguum
1142 2731 1279 2768 quoddam
1315 2729 1489 2757 intervallum
1522 2722 1677 2756 est.Majns
1703 2720 1774 2746 inter

983 2790 1062 2811 arum
1079 2785 1106 2807 οι
1130 2783 1267 2814 nepotem.
1283 2777 1356 2803 lIIlCI‘
1372 2783 1453 2802 avum
1472 2778 1499 2800 et
1527 2774 1705 2807 pronepotem
1725 2765 1774 2793 θιΙ·

984 2829 1038 2856 ltnc
1066 2813 1173 2859 majus.
1185 2824 1287 2851 Eadem
1312 2823 1338 2849 in
1369 2821 1424 2849 illis
1450 2819 1533 2848 etiam
1560 2816 1666 2845 obtinet
1692 2813 1773 2846 ratio,

985 2875 1030 2910 qui
1054 2878 1119 2903 sunt
1133 2880 1165 2901 ex
1183 2876 1354 2900 transverso.
