1948 3064
177 108 243 140 1115

418 168 516 196 Divisio
551 171 729 205 cognationis.

209 215 277 240 Cum
306 219 396 241 autem
422 216 547 250 generale
578 225 676 244 nomen
695 218 730 245 sit
747 220 883 253 cognatio,
902 220 958 254 pri-

175 268 218 286 ma
239 260 374 288 divisione
399 262 424 288 in
454 263 507 289 dtto
533 263 686 291 scinditur:
717 264 743 290 in
769 267 957 300 cognationem

175 311 292 338 naturae,
315 312 342 334 et
367 308 584 341 adrogationcm.
616 309 719 336 Natura
745 317 874 345 cognatus
904 317 957 344 est,

175 356 262 385 pater,
280 352 353 379 verbi
369 360 460 384 causa,
480 353 562 384 ﬁlius.
583 359 682 388 mater,
701 355 765 388 lilia,
785 356 878 388 frater,
893 365 958 384 con-

175 397 316 429 sobrinus,
334 399 472 431 sobrinus,
491 400 595 427 sobrini
610 401 692 433 lilius,
713 406 795 436 atque
810 403 854 429 alii
874 403 953 430 tales.

175 443 357 478 Adrogatione
388 452 463 476 vero,
479 453 568 478 socer,
595 455 689 480 gener,
707 447 794 474 frater
819 449 955 483 coniugis,

175 488 248 515 [ilius
261 490 415 524 adoptivus.
437 490 556 518 Rursum
584 494 710 523 cognatio
726 495 860 521 naturalis
890 495 958 521 bifa-

175 534 243 561 riam
270 534 412 566 dividitur,
433 536 557 564 videlicet
572 537 598 564 in
621 543 780 571 procreatos
808 547 840 566 cx
855 540 957 573 nuptiis

175 578 315 613 legitimis.
345 585 374 607 et
400 582 480 615 vulgo
501 584 643 617 quaesitos.
677 584 824 619 Adrogatio
849 593 958 620 quoque

175 625 359 653 subdividitur
383 627 409 653 in
428 627 588 656 afﬁnitatem
613 634 639 657 et
655 625 840 662 adoptionem.
866 631 960 658 Affini-

175 675 217 696 tas
241 675 283 697 est
298 673 473 700 necessitudo
490 681 551 708 qua:
576 675 700 709 provenit
715 683 746 703 ex
763 676 958 705 matrimoniali

175 716 359 749 copulatione.
377 719 505 752 Adoptio,
524 719 640 751 alicuius
671 722 697 748 in
714 722 799 749 lilium
821 724 959 758 cooptatio

175 762 243 788 citra
260 763 490 797 conjunctionem.

282 863 318 891 De
333 864 502 900 fraternitate
522 874 568 900 per
583 867 748 900 adoptione»:
764 867 853 901 farta.

210 920 378 949 Fraternilas
395 926 486 950 autem
501 922 572 950 facta
600 931 647 957 per
662 923 836 957 adoptionem
853 923 960 957 legibus

175 965 320 1002 repugnat.
350 964 456 1003 Qu'ipbe
498 965 595 996 liberis
628 969 751 997 destituti
785 970 960 1004 adoptione!"

175 1015 324 1042 connnenti
368 1023 485 1048 sumus,
515 1015 650 1042 bonorum
690 1016 960 1043 transmittendorum

178 1069 273 1088 causa.
288 1061 495 1088 Frater-nitatem
518 1069 584 1088 vero
610 1070 655 1096 per
668 1062 844 1096 adoptionem
863 1061 960 1088 factam

179 1106 251 1132 nulla
268 1106 337 1131 ralio
351 1106 500 1139 probabilis
516 1106 672 1134 introducit.
685 1107 744 1134 Jam
763 1108 786 1134 si
805 1115 858 1141 qua
880 1107 962 1134 ratio-

180 1159 240 1177 nem
271 1151 437 1183 probabilem
471 1151 628 1184 liabent,ea
654 1152 693 1180 lex
712 1154 793 1180 etiam
820 1153 960 1185 admittit;

178 1203 238 1231 qua:
260 1197 323 1224 talia
340 1205 394 1224 non
409 1202 482 1232 sunt,
501 1198 600 1233 rejirit.

214 1242 269 1278 56
293 1242 412 1271 Rursum
427 1251 475 1278 per
499 1244 714 1271 subdivisianem
738 1244 857 1273 affinitas
874 1246 913 1273 vel
928 1253 960 1272 ex

177 1288 283 1314 duobus
307 1289 452 1322 generibus
481 1289 619 1321 consistit,
643 1291 681 1316 uti
711 1298 773 1317 cum
797 1296 912 1325 patritus
935 1296 962 1318 et

177 1333 269 1360 fratris
292 1334 364 1362 filius
379 1342 439 1362 cum
470 1336 553 1362 amita
573 1337 687 1370 ejusque
716 1337 807 1364 fratris
825 1338 962 1365 sororisve

179 1379 232 1407 lilia
248 1381 365 1415 copulati
383 1385 462 1414 sunt;
485 1382 528 1408 vel
549 1383 707 1409 consolnini
733 1383 797 1415 duo.
815 1391 876 1411 cum
893 1384 962 1412 dua-

179 1426 230 1454 bus
253 1427 447 1459 consobrinis;
477 1436 538 1462 quae
563 1429 672 1463 proprie
698 1429 799 1456 dicitur
819 1429 960 1460 altinitas:

153 1497 156 1499 .
177 1474 218 1500 vel
234 1473 285 1500 alia
307 1481 415 1508 quoque
437 1482 552 1508 persona
576 1475 684 1501 duobus
713 1475 789 1502 hisce
814 1476 961 1510 generibus

768 115 952 146 MATTIlrEI
979 118 1117 148 BLASTA
1126 118 1146 147 [ἰ
1153 118 1188 147 IS

1727 119 1810 155 11ιὸ

1185 176 1333 208 Διαίρεσις
1351 173 1407 209 τῆς
1429 175 1620 208 συγγενείας.

1045 221 1155 247 Γενικὸν
1167 220 1194 246 δὲ
1209 220 1293 254 ὖνομα
1309 220 1377 247 οὖσα
1393 222 1410 255 ὴ
1428 221 1586 255 συγγένεια.
1601 222 1642 252 εἰς
1661 221 1708 248 δύο
1726 224 1809 250 κατὰ

1009 266 1122 300 πιώτην
1133 266 1265 299 διαίρεσιν
1283 267 1423 300 τέμνεται.
1440 266 1480 297 είς
1499 275 1528 292 τε
1542 266 1573 293 τὸ
1592 267 1683 301 φύσει,
1706 270 1754 296 καὶ
1772 269 1809 295 τδ

1010 312 1093 339 Θέσει.
1111 313 1165 339 Καὶ
1185 312 1266 345 φύσει
1284 311 1334 346 μὲν
1352 313 1486 346 συγγενής
1505 313 1573 344 ἐστι,
1597 313 1687 348 πατὴρ
1702 314 1807 348 τυχὸν,

1009 359 1077 390 υίὸς,
1109 360 1212 393 μήτηρ,
1244 357 1380 392 θυγάτηρ,
1407 358 1530 391 ἀδελφὸς,
1555 358 1674 393 ἀνεψιὸς,
1704 360 1808 391 ἐξανε-

1009 404 1081 438 ψιδς,
1098 405 1111 430 ὁ
1129 404 1160 429 ὲκ
1180 404 1226 429 τοῦ
1240 403 1351 438 ἀνεψιοῦ
1365 404 1519 439 γεννηθεὶς,
1534 405 1581 431 καὶ
1593 405 1644 431 ὅσα
1662 404 1781 432 τοιαῦτα
1797 413 1806 421 ·

1009 450 1083 476 θέσει
1099 450 1138 479 δὲ.
1160 449 1301 484 πενθερὸς,
1320 449 1459 484 γαμϐρὸς,
1473 450 1698 485 γυναικάδεὶφος,
1719 451 1807 483 Θετδς

1010 496 1077 526 υίύς.
1097 495 1134 521 Τὸ
1159 496 1239 530 φύσει
1259 495 1287 521 δὲ
1302 496 1384 522 πάλιν
1409 496 1607 530 ὑποδιαιρεῐται
1626 496 1665 527 εἰς
1681 496 1740 528 δύο,
1757 497 1807 528 εἵς

1008 549 1038 566 τε
1055 540 1085 567 τὺ
1101 541 1170 576 μετά
1186 542 1276 575 γάμου
1302 541 1428 576 νόμιμον,
1443 542 1491 570 καὶ
1508 541 1539 568 τὺ
1552 543 1584 568 ἐκ
1599 543 1726 576 πορνείας
1749 552 1806 577 γε-

1009 589 1086 620 γονός
1100 595 1107 603 ·
1129 587 1160 613 τὸ
1187 587 1215 613 δὲ
1234 587 1306 614 θέσει
1328 587 1526 622 ὑποδιαιρεῖται
1550 590 1597 615 καὶ
1618 589 1683 614 αὐτὸ
1707 589 1748 620 εἷς
1769 598 1805 615 τε

1009 632 1179 666 ἀγχιστείαν,
1205 634 1252 660 καὶ
1267 633 1359 659 θέσιν·
1377 635 1424 660 καὶ
1449 632 1524 660 ἐστιν
1536 633 1679 667 ἀγχιστεία
1703 634 1753 667 μὲν
1785 635 1804 669 ἡ

1009 678 1038 710 ἐξ
1052 678 1239 713 ὲπιγαμῦρίας
1261 679 1427 712 συγγένεια’
1451 680 1594 714 ἀγχιστεία
1613 680 1634 706 δ’
1660 679 1734 706 ἔστιν
1759 681 1805 706 οἰ-

1010 724 1118 756 κειότης
1137 725 1291 759 προσώπων
1306 725 1337 750 ἐκ
1348 725 1519 759 γάμωνὴμῖν
1534 726 1716 759 συνημμένων
1731 733 1804 758 συγ-

1009 770 1116 803 γενείοις
1142 770 1236 802 ἐκτός·
1254 770 1329 801 θέσις
1345 771 1384 801 δὲ,
1401 771 1417 805 ἡ
1443 772 1527 806 χωρὶς
1554 770 1694 806 σαρκικῆς
1715 779 1804 797 συνα-

1010 815 1090 848 φείας
1110 815 1242 842 υἱοθεσία.
1454 812 1458 816 ”

1250 873 1319 907 Περὶ
1330 874 1554 908 ἁδελφοποιΐας.

1053 931 1084 958 'H
1104 931 1196 965 μέντοι
1210 931 1386 965 ἀδελφοποιῖα
1397 931 1427 956 οὐ
1444 931 1559 965 νόμιμόν
1574 931 1646 957 ἐστιν
1659 939 1666 946 ·
1683 931 1803 963 ἄπαιδες

1014 977 1063 1011 μὲν
1080 976 1134 1010 γὰρ
1154 976 1240 1007 ὄντες,
1262 975 1449 1010 ἐσοφισάμεοα
1474 976 1523 1010 τὴν
1538 976 1673 1002 υἱοθεσίαν
1685 978 1725 1008 εἱς
1740 977 1802 1003 δια-

1012 1022 1091 1057 δοχὴν
1113 1021 1168 1048 τῶν
1184 1021 1375 1056 πραγμάτων·
1391 1021 1439 1056 τὴν
1464 1021 1493 1047 δὲ
1511 1022 1704 1055 ἀδελφοποιῖαν
1722 1023 1809 1049 οὐδε-“

1014 1068 1063 1102 μία
1078 1068 1181 1102 εἰσάγει
1197 1067 1306 1101 εὔλογος
1321 1068 1468 1103 πρόφασις,
1492 1068 1530 1094 Τὰ
1549 1069 1598 1102 μὲν
1611 1066 1659 1094 οὖν
1677 1069 1707 1094 τὸ
1723 1068 1802 1094 εὔλο-

1012 1120 1060 1148 γον
1075 1114 1170 1149 ἔχοντα
1196 1115 1243 1141 καὶ
1258 1115 1271 1140 ὁ
1286 1114 1367 1149 νόμος
1383 1114 1491 1147 ἐδέξατο
1505 1121 1511 1128 ·
1528 1115 1561 1141 τὰ
1575 1114 1602 1140 δὲ
1619 1114 1657 1150 μὴ
1682 1114 1801 1141 τοιαῦτα.

1012 1161 1042 1187 οὐ
1056 1160 1229 1195 παρεδέξατο.

1048 1247 1133 1274 Πάλιν
1159 1247 1220 1274 καθ’
1237 1247 1424 1282 ὑποδιαίρεσιν
1446 1247 1480 1273 τὰ
1507 1247 1535 1279 ἐξ
1560 1248 1719 1282 ἀγχιστείας
1736 1249 1752 1283 ἦ
1768 1250 1802 1276 sx

1011 1293 1058 1320 δύο
1075 1293 1160 1327 γενῶν
1186 1293 1353 1324 συνίσταται,
1369 1292 1407 1324 ὡς
1433 1292 1503 1324 θεῖος
1520 1293 1566 1319 καὶ
1586 1294 1695 1328 ἀνεψιὸς
1717 1303 1802 1320 συνα-

1013 1339 1125 1373 φθέντες
1141 1339 1201 1375 Θείᾳ
1216 1341 1262 1366 καὶ¹
1274 1339 1382 1374 ἀνεψιᾷ,
1397 1338 1414 1374 ἢ
1429 1339 1475 1365 δύο
1489 1340 1720 1374 πρωτεξάὸε).φοι,
1738 1342 1802 1367 δυτὶ

1015 1384 1263 1420 πρωτεξαδέλφαις,
1278 1384 1324 1410 καὶ
1336 1383 1459 1411 καλεῖται
1475 1385 1617 1419 ἀγχιστεία
1632 1393 1638 1400 ·
1656 1385 1672 1419 ἢ
1690 1394 1802 1420 παρεμ-

1013 1429 1143 1463 ϐέὸληται
1159 1431 1205 1456 καὶ
1220 1429 1314 1464 ἕτερον
1329 1429 1475 1463 πρόσωπον
1492 1429 1594 1463 μεταξὺ
1610 1429 1664 1455 τῶν
1675 1429 1722 1455 δύο
1735 1430 1801 1457 τούς

1013 1483 1066 1501 των
1086 1475 1184 1509 γενῶν,
1208 1476 1255 1502 καὶ
1278 1475 1402 1501 καλεῖται
1423 1475 1452 1507 ἐξ
1476 1475 1633 1509 ἀγχιστείας
1649 1477 1799 1509 τριγένεια.

177 1519 333 1552 intervenit,
348 1524 375 1547 et
389 1525 502 1547 vocatur
519 1521 574 1548 haec
590 1521 672 1548 trium
689 1528 817 1555 generum
836 1529 882 1555 per
903 1521 961 1548 afﬁ-

1019 1521 1074 1546 illai
1092 1521 1120 1546 δὲ
1140 1520 1226 1547 ταῦτα
1248 1520 1294 1546 καὶ
1307 1519 1416 1546 κωλυτὰ
1437 1521 1484 1548 καὶ
1495 1519 1631 1552 ἀκώλυτοι,
1645 1519 1682 1551 ὡς
1696 1521 1726 1546 ἐν
1742 1522 1800 1552 τοῖς

178 1567 290 1594 nitatem
314 1567 461 1601 copulatio.
479 1566 510 1594 Et
538 1572 602 1594 sunt
617 1568 673 1594 lucc
687 1567 784 1600 partim
814 1568 960 1602 prohibita,

178 1613 277 1646 partim
316 1621 368 1640 non
391 1613 539 1648 prohibita,
567 1613 682 1640 sicutin
710 1614 889 1648 sequentibus
917 1622 963 1642 os-

179 1661 317 1688 tondetur.

214 1706 333 1740 Adoptio
348 1710 438 1733 autem
453 1705 494 1733 vel
511 1705 539 1733 lit
559 1713 605 1740 per
618 1707 816 1740 cooptationem
829 1707 854 1734 in
868 1708 964 1741 lilium,

181 1752 363 1779 succeSsionis
384 1752 478 1784 causa,
507 1752 548 1779 vel
575 1753 774 1789 susceptionem
802 1762 833 1780 ex
859 1755 966 1789 baptis-

181 1803 254 1826 mate
283 1806 379 1830 sacro,
409 1799 629 1826 confirmationis
655 1805 681 1825 et
709 1799 850 1831 doctrinam
885 1806 965 1836 atque

181 1847 263 1873 rliam
286 1846 436 1873 testimonii
453 1853 546 1873 causa.
567 1846 618 1872 Sed
636 1846 745 1881 adoptio
761 1855 790 1874 se
807 1848 920 1883 porrigit
932 1850 965 1876 ad

182 1892 368 1919 hiercditatem
390 1891 554 1918 adeundam.
573 1891 650 1919 Hunc
676 1893 748 1919 enim
771 1894 803 1920 ad
826 1894 906 1921 linem
926 1895 966 1922 la-

181 1943 224 1966 cta
237 1943 290 1967 est.
313 1937 350 1964 Ex
365 1938 525 1971 baptismate
540 1939 676 1971 susceptio
705 1938 836 1966 duntaxat
859 1940 885 1966 in
905 1949 967 1975 gra-

183 1982 265 2010 dibus
281 1981 516 2009 matrimoniorum
545 1987 691 2016 spectatur.
713 1983 746 2009 Et
770 1984 827 2011 lucc
854 1986 965 2018 quidem

182 2028 338 2065 generalior
352 2027 521 2062 cognationis
548 2033 589 2055 est
613 2029 722 2056 divisio.
742 2030 872 2065 Deinceps
885 2033 966 2060 etiam

182 2076 217 2104 de
243 2074 454 2110 particularibus
487 2074 609 2102 dicemus
626 2083 632 2102 :
649 2080 676 2102 et
704 2077 820 2110 primum
839 2078 873 2105 de
903 2086 968 2106 con-

183 2121 376 2157 sanguinitate.

320 2175 359 2202 De
390 2175 579 2202 necessitudine
603 2184 649 2210 per
661 2178 826 2211 sanguinem.

220 2234 363 2262 Gentilitas
393 2233 476 2267 igitur
500 2233 558 2260 sive
592 2234 814 2268 consanguinitas
835 2237 967 2265 dhiditur

185 2283 212 2308 in
231 2280 410 2309 ascendentes
439 2282 467 2306 et
485 2279 692 2311 descendentes,
719 2286 744 2306 et
761 2288 818 2314 eos,
836 2282 882 2316 qui
902 2289 966 2311 sunt

183 2335 216 2354 ex
231 2331 396 2353 transverso.
415 2323 600 2351 Ascendentes
622 2329 695 2355 sunt.
726 2325 771 2360 qui
790 2334 839 2354 nos
865 2335 965 2362 genue—

185 2378 260 2404 runt,
289 2370 364 2398 verbi
385 2369 482 2405 gratia.
499 2374 575 2404 pater
591 2374 620 2397 et
644 2374 740 2404 mater,
757 2379 824 2400 avus
849 2378 875 2401 et
893 2375 964 2406 avia.

185 2424 213 2446 et
227 2418 272 2453 qui
293 2421 358 2445 sunt
372 2417 415 2444 bis
446 2416 614 2450 superiores.
633 2415 843 2451 Descendentes,
871 2420 917 2454 qui
932 2428 965 2447 ex

187 2464 265 2491 nobis
277 2467 341 2490 sunt
359 2461 505 2496 procreati.
526 2461 599 2489 verbi
614 2462 712 2497 gratia,
733 2463 814 2495 filius,
837 2463 903 2496 ﬁlia,
920 2473 967 2492 ne-

186 2517 246 2544 pos,
262 2507 362 2543 neptis,
386 2515 522 2542 pronepos
535 2527 541 2539 ,
568 2508 717 2542 proneptis,
742 2514 767 2536 et
783 2510 831 2544 qui
850 2510 900 2537 bos
915 2518 967 2537 or-

185 2556 249 2583 dine
269 2559 432 2589 sequuntur.
459 2553 496 2580 Ex
529 2558 686 2581 transverso
712 2559 786 2587 sunt.
806 2556 852 2590 qui
878 2563 968 2591 neque

186 2609 237 2629 nos
254 2603 418 2636 ggnuerunt,
446 2607 533 2634 neque
561 2600 702 2634 procreati
727 2605 843 2629 suntex
871 2603 950 2630 nobis

186 2648 233 2676 sed
250 2648 283 2675 ad
299 2647 420 2675 eamdem
436 2646 570 2681 originem
593 2654 625 2674 ac
649 2647 803 2681 progeniem
827 2647 968 2676 nobiscum

187 2693 355 2723 referuntur.
371 2692 446 2719 verbi
474 2693 569 2728 gratia,
588 2691 682 2724 frater,
716 2700 808 2725 soror,
837 2698 964 2728 patruus,

189 2739 282 2770 amita,
303 2739 396 2766 fratris
419 2738 490 2766 ﬁlius
508 2743 534 2765 et
550 2738 616 2769 lilia,
645 2738 825 2766 consobrinus
838 2759 846 2770 ,
873 2745 971 2767 conso-

190 2783 280 2815 brina,
296 2788 322 2810 ct
337 2785 382 2818 qui
401 2783 449 2812 bos
475 2783 570 2811 ordine
600 2787 761 2818 sequuntur,
790 2783 915 2811 niinirmn
938 2792 970 2813 cx

191 2829 300 2864 obliquo
321 2830 436 2865 cognati.

1014 1567 1156 1600 ἑπομένοις
1171 1564 1352 1600 δειχθήσεται.

1056 1702 1088 1729 Ἥ
1109 1702 1137 1729 δὲ
1153 1701 1230 1735 Θέσις
1255 1702 1271 1738 ἢ
1289 1703 1358 1730 κατὰ
1379 1703 1518 1730 υἱοθεσίαν
1544 1703 1649 1738 γίνεται
1673 1704 1799 1740 διαδοχῆς

1016 1749 1106 1784 χάριν,
1127 1749 1143 1784 ἢ
1159 1749 1228 1776 κατὰ
1250 1749 1384 1784 ἀναδοχὴν
1402 1749 1450 1785 τὴν
1472 1749 1526 1775 ἀπὸ
1548 1749 1593 1775 τοῦ
1612 1749 1683 1776 Θείου
1701 1750 1800 1784 βαπτί-

1017 1803 1118 1829 σματος
1132 1795 1283 1830 στηριγμοῦ
1300 1796 1347 1821 ναὶ
1360 1794 1544 1826 διδασκαλίας,
1566 1794 1605 1820 ἔτι
1619 1795 1646 1821 δὲ
1666 1795 1714 1822 καὶ
1731 1804 1800 1830 μαρ-

1016 1841 1110 1874 τυρίας
1125 1841 1217 1867 ἕνεκα.
1238 1841 1308 1867 Ἀλλ’
1324 1842 1340 1875 ἡ
1357 1841 1406 1875 μὲν
1422 1841 1543 1868 υἱοθεσία
1558 1842 1604 1868 καὶ
1617 1842 1656 1872 είς
1670 1841 1801 1876 κληρονο-

1020 1887 1083 1922 μίαν
1097 1887 1253 1922 είσέρχεται
1265 1895 1271 1902 '
1295 1888 1339 1914 διὰ
1353 1888 1432 1914 τοῦτο
1447 1888 1502 1923 γὰρ
1521 1890 1568 1915 καὶ
1583 1888 1703 1922 ἐγεγόνει
1716 1896 1724 1904 ο
1740 1889 1757 1923 ἡ
1773 1889 1801 1915 δὲ

1017 1933 1072 1960 ἀπὸ
1091 1933 1137 1960 τοῦ
1163 1934 1242 1967 ἁγίου
1262 1933 1450 1968 βαπτίσματος
1465 1935 1504 1966 είς
1520 1935 1583 1963 τοὺς
1598 1935 1736 1968 γαμικοὺς
1755 1936 1802 1969 μό-

1018 1987 1082 2010 νους
1098 1978 1221 2013 ζητεῖται
1238 1978 1371 2014 βαθμούς.
1397 1979 1450 2005 Καὶ
1464 1978 1533 2014 αὕτη
1559 1980 1607 2014 μὲν
1619 1981 1635 2014 ἡ
1652 1979 1801 2006 καθολικω-

1017 2024 1084 2058 τέρα
1099 2025 1148 2059 τῆς
1168 2024 1328 2059 συγγενείας
1340 2024 1470 2059 διαίρεσις
1483 2031 1490 2038 '
1507 2025 1606 2060 ἐφεξῆς
1626 2026 1654 2052 δὲ
1671 2026 1735 2059 περὶ
1748 2026 1801 2052 τῶν

1018 2071 1090 2098 κατὰ
1115 2070 1199 2106 μέρος
1224 2070 1351 2106 ἐροῦμεν,
1379 2071 1424 2098 καὶ
1454 2071 1561 2106 πρῶτόν
1582 2080 1614 2105 γε
1631 2072 1685 2098 τῶν
1711 2072 1740 2104 ἐξ
1763 2072 1802 2098 αῖ-

1021 2124 1115 2151 ματος.

1142 2172 1212 2206 Περι
1227 2172 1282 2207 τῆς
1298 2172 1332 2205 ἐξ
1346 2172 1469 2207 αἵματος
1493 2173 1682 2207 συγγενείας.

1057 2231 1208 2265 Διαιρεῖται
1235 2229 1325 2256 τοίνυν
1344 2230 1376 2256 τὸ
1398 2229 1528 2264 ὁμογενὲς
1555 2229 1603 2256 καὶ
1626 2229 1656 2262 ἐξ
1688 2229 1801 2264 αἵματος

1022 2277 1062 2307 εἰς
1078 2284 1108 2302 τε
1135 2276 1271 2306 ἀνιόντας.
1288 2275 1334 2301 καὶ
1362 2276 1519 2308 κατιόντας,
1546 2275 1670 2306 καὶτοὺς
1689 2276 1721 2301 ἐκ
1739 2276 1803 2302 πλα-

1022 2322 1093 2356 γίου.
1110 2322 1163 2348 Καὶ
1179 2321 1299 2352 ἀνιόντες
1315 2321 1363 2355 μέν
1379 2322 1449 2348 εἰσιν
1464 2322 1488 2347 oi
1510 2321 1586 2356 ἡμᾶς
1600 2321 1802 2356 γεγεννηκότες,

1023 2366 1078 2395 οἷον
1095 2368 1186 2403 πατὴρ
1206 2368 1252 2394 καὶ
1269 2367 1372 2402 μήτηρ,
1387 2367 1499 2398 πάππος
1517 2368 1566 2394 ttat
1583 2367 1699 2401 μάμμη,
1719 2369 1766 2393 καὶ
1780 2368 1803 2393 οἱ

1023 2414 1125 2440 τούτων
1143 2414 1288 2448 ἀνωτέρω·
1309 2413 1450 2444 κατιόντες
1464 2413 1504 2446 δὲ,
1524 2413 1550 2439 oi
1563 2413 1593 2445 ἐξ
1609 2412 1688 2447 ἡμῶν
1706 2421 1802 2448 γεννη-

1024 2460 1126 2492 Θέντες,
1145 2457 1200 2486 οἷον
1215 2459 1284 2491 υίὸς,
1299 2459 1432 2493 Θυγάτηρ,
1447 2458 1570 2492 ἔγγονος,
1590 2458 1704 2492 ὲγγόνη.
1719 2458 1804 2492 δισέγ-

1024 2515 1115 2541 γονος,
1132 2505 1286 2540 δισεγγὸνη,
1303 2507 1350 2533 καὶ
1360 2506 1384 2531 οἱ
1395 2505 1497 2531 τούτων
1510 2504 1609 2538 ὲφεξῆς
1621 2512 1629 2520 ·
1645 2504 1678 2531 ὲκ
1691 2504 1803 2538 πλαγίου

1023 2552 1063 2584 δὲ,
1082 2553 1106 2578 ot
1126 2552 1196 2587 μήτε
1211 2553 1284 2587 ἡμᾶς
1295 2551 1502 2586 γεγεννηκότες,
1520 2551 1588 2585 μήτε
1604 2550 1634 2581 ἐξ
1652 2550 1730 2584 ἡμῶν
1744 2559 1804 2584 γεν-

1025 2598 1164 2633 νηθέντες,
1185 2598 1237 2625 ὑπὸ
1264 2598 1292 2624 δὲ
1314 2597 1363 2632 τὴν
1390 2596 1476 2631 αὐτὴν
1492 2597 1540 2623 καὶ
1571 2595 1635 2630 μίαν
1648 2595 1738 2630 ἀρχὴν
1763 2595 1804 2622 καὶ

1024 2644 1107 2680 γονὴν
1136 2645 1203 2679 ἡμῖν
1232 2643 1406 2678 ἀναγόμενοι,
1434 2639 1501 2675 οἷον,
1528 2641 1643 2675 ἀδελφὸς
1658 2660 1666 2673 ,
1694 2640 1802 2676 ἀδελφὴ,

1025 2692 1107 2724 θεῖος,
1121 2691 1191 2723 θεία,
1210 2690 1330 2725 ἀνεψιὸς,
1350 2688 1458 2724 ἀνεψιὰ,
1484 2688 1641 2722 ἐξάδελφος,
1663 2687 1802 2721 ὲξαδέλφη,

1026 2737 1074 2764 καὶ
1093 2737 1118 2763 οι
1133 2736 1236 2763 τούτων
1259 2737 1401 2769 ἐπέκεινα,
1423 2735 1448 2762 οἱ
1464 2734 1519 2761 ἀπὸ
1540 2732 1684 2768 λοξότητος
1708 2732 1803 2767 δηλαδή

1029 2791 1180 2818 συγγενεις.
