1948 3064
101 165 169 199 1137

589 162 792 193 SYNTAGMA
808 158 1119 191 ALPHABETICUM.
1134 169 1168 175 -
1189 156 1222 187 is.

1649 147 1730 182 113s

135 225 229 261 Ταύτῃ
255 223 303 252 καὶ
321 225 336 251 ό
364 224 386 251 θ’
411 224 444 259 τῇ
467 222 529 258 δίκῃ
546 221 637 249 δίδωσι
656 222 702 248 τὸν
730 219 880 255 παρθενίαν

970 215 1062 242 Eidem
1081 221 1167 249 ptente
1183 213 1200 240 9
1219 211 1300 239 etiam
1318 217 1406 238 canon
1425 207 1589 258 traditeum:
1605 206 1650 240 qui
1668 206 1722 256 vir-

105 272 234 307 μετιόντα
259 271 306 298 καὶ
328 270 374 297 τοῦ
393 270 450 305 βίου
475 268 701 304 ἀναχωρήσαντα,
716 267 763 294 ἅτε
778 266 822 293 τὸν
837 267 885 300 γά-

105 327 156 352 μον
176 317 398 352 βδελυσσόμενον,
422 316 470 343 καὶ
485 315 524 351 μὴ
539 315 574 341 δι’
590 314 655 342 αὐτὸ
670 314 701 340 τὸ
716 314 766 348 τῆς
781 313 886 349 παρθε-

104 363 164 396 νίας
182 363 263 389 καλὸν
281 363 327 389 καὶ
342 363 501 396 σεϐάσμιον.

146 409 178 437 Ὀ
192 410 221 436 δὲ
236 409 278 444 νγ¹
303 408 358 434 τῶν
380 408 465 442 ἁγίων
482 406 649 438 ἀποστόλων,
670 406 707 432 Οὐ
720 406 770 436 δεῖ.
792 405 884 441 φησὶν,

102 453 133 478 ἐν
160 453 219 484 ταῖς
244 452 300 478 τῶν
322 451 423 486 ἑορτῶν
442 451 570 487 ἡμέραις,
588 451 728 478 Σαϐϐάτου
743 451 823 485 τυχὸν
838 451 886 478 καὶ

102 497 258 532 Κυριακῆς,
275 497 290 531 ἢ
307 496 503 531 οίασδηπητοῦν
517 497 624 532 ἑτέρας,
639 497 711 523 οἴνου
723 496 769 523 καὶ
786 496 884 531 κρεῶν,

102 542 140 573 ὡς
155 541 373 576 ἐϐδελυγμένων,
395 542 556 578 ἀπέχεσθαι.
581 543 611 569 '0
619 542 647 569 δὲ
667 541 739 569 οὕτω
759 543 805 569 καὶ
821 551 887 578 φρο-

103 588 157 614 νῶν
179 588 226 613 καὶ
253 588 338 614 ποιῶν
352 607 360 621 ,
386 588 424 619 ὡς
450 589 501 622 τὴν
524 587 591 614 ίδίαν
615 589 886 623 κεκαυτηριασμένος

105 633 276 667 συνείδησιν.
295 634 344 660 καὶ
364 633 514 662 σκανδάλου
536 635 592 665 τοῖς
616 634 722 665 πολλοῖς
746 635 885 669 γινόμενος

102 672 200 710 αἴτιος,
219 679 244 704 εί
265 679 315 714 μὲν
341 679 388 706 τοῦ
407 679 508 714 κλήρου
533 680 587 714 εἴη,
608 680 804 714 καθαιρείσθω,
821 681 845 707 εί
858 681 886 709 δὲ

102 723 150 750 τοῦ
163 723 239 756 λαοῦ,
249 724 434 759 λὰφοριξέσθω·
450 726 474 751 εἰ
484 726 575 761 μήπου
587 734 629 758 τις
641 726 669 752 ἑν
681 726 887 762 ἀφωρισμένως

103 770 217 803 ἡμερῶν
235 771 371 804 περιόδοις
392 771 496 802 ἀσκῶν.
514 772 543 804 ἐξ
561 772 622 807 ἴσης
639 773 699 804 ταῖς
716 771 819 805 ἄλλαις,
837 773 887 799 κάν

102 815 141 848 τῷ
153 815 285 851 Σασὸάτῳ
312 816 359 843 καὶ
376 818 409 852 τῇ
433 817 559 853 Κυριακῇ
575 817 705 854 τηρήσεις
721 817 771 849 τὴν
786 817 886 852 ἐγκρά-

102 869 190 886 τειαν.

144 905 173 932 ’0
190 905 218 932 δὲ
233 905 281 940 τῆς
300 907 330 934 ὲν
356 906 478 942 ’Δγκύρᾳ
494 905 525 933 ιδ’
536 907 663 938 τοῖςλτῶν
678 909 768 943 κρεῶν
783 908 884 943 ἀπεχο-

104 951 196 984 μένοις
219 951 252 977 δι’
272 953 388 985 ἄσκησιν
413 952 542 986 γεύεσθαι
563 953 643 987 μόνον
669 953 715 979 ἐπὶ
738 953 794 980 τῶν
827 962 886 981 συν-

103 997 190 1029 άξεων
206 997 404 1030 παρεγγυᾶται·
434 997 481 1024 καὶ
503 997 601 1031 οὕτως,
619 999 644 1025 εί
660 998 810 1034 βούλοιντο,
835 1000 886 1035 τὴν

103 1042 208 1068 τούτων
221 1042 319 1078 ἐδωδὴν
335 1042 372 1077 μὴ
390 1043 560 1078 προσίεσθαι,
576 1043 643 1071 ἀλλά
657 1053 688 1078 γε
703 1045 757 1072 τῶν
774 1045 888 1081 συνεψό-

105 1088 195 1121 μένων
213 1088 317 1120 τούτοις
335 1088 460 1124 λαχάνων
485 1089 522 1125 μὴ
541 1090 740 1118 ἁπαναίνεσθαι
760 1091 810 1127 τὴν
838 1101 887 1127 με·

103 1134 233 1169 τάληψιν,
248 1134 286 1166 ὡς
306 1134 341 1161 ἂν
362 1134 487 1161 ἐντεῦθεν
504 1136 594 1162 πᾶσαν
617 1136 753 1172 πρόφασιν
770 1138 888 1165 σκανδά-

105 1179 155 1205 λου
172 1179 324 1213 περιέλωσι
339 1180 393 1207 τῶν
409 1181 541 1215 οἰομένων
561 1181 672 1214 τούτους
685 1184 728 1210 διὰ
746 1183 888 1220 βδελυρίαν

104 1224 160 1249 τῶν
184 1224 314 1250 τοιούτων
337 1225 502 1260 ἀπέχεσθαι.
521 1227 577 1253 Καὶ
603 1227 652 1262 οὐχ
669 1228 769 1263 ἥκιστα
783 1229 888 1261 τούτοις

105 1270 248 1297 ἑστιᾶσθαι
266 1272 388 1306 προσῆκε
405 1271 465 1298 κατ’
482 1271 589 1303 ὲκείνας
603 1273 656 1299 τῶν
675 1274 796 1308 ἡμερῶν,
808 1275 888 1309 ἡνίκα

104 1315 159 1342 τῶν
177 1316 323 1351 αἱρετικῶν
338 1317 403 1344 ἔνιοι
420 1318 560 1352 νηστεύειν
576 1319 630 1345 ἀπὸ
639 1319 741 1346 τούτων
750 1317 888 1354 είώῠασιν,

105 1362 145 1393 ὠς
170 1361 203 1389 ἃν
221 1361 258 1397 μὴ
279 1362 440 1397 συμῦαίνειν
468 1363 574 1395 δόξαιεν
598 1364 636 1399 τῷ
656 1365 768 1391 ἐκείνων
789 1368 890 1405 φρονή-

108 1416 188 1442 ματι,
204 1408 250 1434 καὶ
266 1409 384 1443 μάλιστα
401 1409 424 1435 εί
438 1409 544 1444 τύχοιεν
558 1410 786 1445 ἔπιχωριάξοντες
803 1413 887 1446 πόλει,

106 1453 145 1487 τῷ
171 1453 289 1488 πλείστῳ
306 1463 338 1488 γε
364 1455 443 1489 μέρει
466 1455 579 1482 τοιαῦτα
599 1456 726 1493 νοσούσῃ.
755 1459 786 1485 Ei
801 1459 829 1485 δὲ
853 1459 890 1495 μὴ

107 1501 247 1526 ὑπείκοιεν
277 1501 316 1535 τῷ
346 1502 448 1534 κανόνι,
467 1502 615 1537 κληρικοὺς
644 1504 694 1538 μὲν
719 1504 816 1538 ὄντας,
842 1508 891 1543 τῆς

108 1546 259 1580 ἱερωσύνης
274 1546 437 1581 ἀπογυμνοϊ,
455 1547 565 1580 λαῖκοὺς
582 1548 609 1575 δὲ
626 1549 762 1584 ἀφορίζει.

144 1591 205 1617 Τῶν
233 1592 261 1618 δὲ
287 1593 410 1619 Λατίνων
432 1594 457 1620 οἱ
488 1594 611 1629 μοναχοὶ.
640 1595 695 1622 τῶν
728 1595 777 1630 μὲν
804 1597 892 1631 κρεῶν

107 1636 293 1671 ἀπεχόμενοι,
324 1638 355 1663 τὸ
381 1638 409 1664 δὲ
436 1638 518 1674 στέαρ
543 1639 646 1666 τούτων
671 1641 741 1676 μετὰ.
769 1642 892 1678 λαχάνων

108 1681 262 1716 ἀδιαφόρως
279 1681 427 1715 ἐσθίοντες,
448 1682 478 1709 οὗ
499 1692 545 1718 μοι
563 1684 673 1711 δοκοῦσι
696 1685 742 1711 τοῦ
759 1687 892 1721 παρόντος

110 1726 206 1761 μέλειν
223 1727 314 1759 αὐτοῖς
331 1728 454 1760 κανόνοςο
475 1730 505 1756 οὐ
522 1730 576 1764 γὰρ
591 1730 635 1757 ίνα
651 1731 797 1758 σκάνδαλον
815 1741 890 1767 περι-

109 1772 226 1805 έλωσιν,
262 1773 319 1800 ἀλλ’
336 1773 379 1801 ίνα
405 1775 455 1810 τὴν
479 1776 600 1812 γαστέρα
624 1777 796 1813 ἐμπλήσωσι,
813 1778 892 1806 τοῦτο

108 1817 192 1852 δρῶσι
208 1818 311 1852 σαφῶς.

151 1862 181 1888 '0
195 1862 223 1888 δὲ
241 1862 328 1897 μέγας
344 1863 482 1896 Βασίλειος
499 1866 527 1892 ἐν
547 1866 585 1901 τῷ
599 1866 642 1901 κη’
661 1867 753 1893 κανόνι
790 1869 894 1902 γελοῖον

111 1908 219 1943 ἡγεῖται
234 1909 265 1935 τὸ
285 1909 417 1943 εὔξασθαί
441 1919 503 1938 τινα
519 1911 600 1938 ὑείων
613 1913 702 1946 κρεῶν
723 1914 892 1949 ἀπέχεσθαι·

111 1952 172 1979 ὅθεν
190 1953 236 1979 καὶ
259 1954 310 1988 τὴν
329 1955 497 1988 ἐπαγγελίαν
524 1956 681 1983 ἀθετεῖσθαι
709 1957 827 1990 κελεύει,
846 1961 893 1985 καὶ

110 1999 161 2033 τὴν
184 2000 283 2034 χρῆσιν
304 1999 359 2026 τῶν
385 2002 473 2035 κρεῶν
490 2002 637 2037 ἀδιάφορον
653 2003 727 2038 ἔχειν
740 2003 827 2040 (οὐδὲν
839 2005 894 2041 γὰρ

110 2045 213 2077 κτίσμα
228 2045 294 2072 Θεοῦ
309 2045 460 2081 ἀπόσλητον
480 2048 538 2081 μετ’
553 2049 730 2084 εὐχαριστίας
752 2050 890 2084 λαμὸανό-

112 2093 215 2124 μενον),
232 2090 279 2117 καὶ
298 2091 345 2117 τοῦ
359 2091 453 2118 λοιποῦ
470 2093 525 2120 τῶν
538 2094 708 2121 ἀπαιδεύτων
722 2096 895 2130 ἐπαγγελιῶν

110 2134 147 2166 ὡς
163 2136 373 2169 καταγελάστων
395 2137 557 2173 ἀπέχεσθαι.

153 2180 199 2207 Ἑν
213 2182 242 2207 δὲ
260 2183 310 2218 μιᾷ
324 2183 378 2209 τῶν
394 2183 460 2218 πρὸς
476 2185 521 2211 τὸν
535 2185 614 2220 ἅγιον
637 2186 813 2224 ’Δμφιλόχιον
833 2190 893 2216 ἑπι-

111 2227 224 2259 στολῶν,
242 2229 316 2264 φησί·
333 2229 393 2261 Τοῖς
411 2230 439 2256 δὲ
463 2231 577 2266 κομψοῐ,
594 2234 803 2269 ὲγκρατευταῐς,
824 2237 894 2272 πρδς
911 2248 933 2275 ι)

109 2274 140 2300 τὸ
152 2274 252 2309 σεμνδν
269 2275 359 2302 αὐτῶν
376 2275 534 2312 πρόϐλημα,
557 2278 603 2305 διὰ
623 2279 649 2305 τί
670 2280 717 2306 καὶ
740 2282 821 2316 ἡμεῖς
834 2282 895 2317 οὐχὶ

110 2319 199 2345 πάντα
213 2319 351 2354 ἐσθίομεν.
364 2320 452 2346 ἐκεῖνο
471 2321 591 2355 λεγέσθω
605 2331 612 2337 ⁸
629 2323 672 2349 ὅτι
689 2324 766 2351 οὐδὲν
785 2325 894 2360 Θαυμα-

111 2365 174 2391 στὸν
187 2364 214 2391 εῐ
230 2373 311 2391 τινων
324 2365 482 2401 ἀπεχόμεθα
494 2388 502 2399 ,
525 2368 619 2404 ἐπειδὴ
643 2369 689 2395 καὶ
713 2371 747 2397 τὰ
763 2372 896 2406 περιττώ-

111 2418 184 2444 ματα
201 2409 279 2444 ὴμῶν
295 2410 494 2446 βδελυττόμεθα
505 2420 511 2427 ¹
528 2413 600 2440 κατὰ
619 2415 667 2449 μέν
686 2423 717 2448 γε
742 2416 792 2450 τήν
817 2417 895 2448 ἀξίαν

109 2455 187 2482 οὐδὲν
202 2454 338 2490 διενήνοχε
353 2456 470 2491 λαχάνου
493 2458 590 2493 χόρτου
617 2459 651 2485 τὰ
669 2461 756 2495 κρὲαο
775 2462 844 2488 κατὰ
867 2463 895 2489 δὲ

109 2502 160 2535 τὴν
184 2501 239 2527 τῶν
260 2503 454 2537 συμφερόντων
481 2503 629 2539 διάκρισιν,
657 2505 695 2537 ὼς
720 2507 767 2533 καὶ
784 2509 814 2534 ὲν
840 2510 895 2541 τοῖς

110 2546 237 2582 λαχάνοις
260 2548 291 2574 τὸ
309 2548 439 2583 βλαῦερὸν
461 2548 509 2575 τοῦ
534 2551 703 2585 καταλλήλου
729 2554 894 2588 χωρίζομεν,

109 2594 182 2620 οὕτω
197 2597 245 2620 καὶ
258 2596 286 2620 έν
302 2595 358 2625 τοῖς
380 2594 489 2629 κρέασι,
503 2595 551 2622 τοῦ
567 2596 704 2632 χρησίμου
715 2598 744 2624 τὺ
762 2599 894 2634 βλαὸερδν

109 2640 297 2674 διακρίνομεν.
323 2640 400 2668 Ἐπεὶ
414 2641 534 2675 λάχανόν.
546 2642 645 2668 ἔστιτὸ
661 2642 784 2676 κώνειον,
800 2644 894 2682 ὥσπερ

111 2686 198 2721 κρέας
211 2686 242 2712 τὸ
259 2684 385 2720 γύπειον·
407 2687 464 2713 ἀλλ’
482 2689 556 2721 duo);
572 2688 635 2715 οὔτε
655 2690 826 2726 υίοσκύαμον
843 2693 895 2726 φά-

110 2741 153 2765 γοι
178 2732 212 2759 ἄν
229 2741 271 2764 τις
296 2733 358 2760 νοῦν
385 2733 466 2769 ἔχων,
481 2734 544 2761 οὔτε
562 2735 774 2776 γυπδςρὶψαιτο,
796 2737 832 2773 μὴ
849 2746 896 2772 με-

110 2778 198 2813 γάλης
213 2779 338 2814 ἀνάγκης
367 2780 584 2816 κατεπειγούσης
596 2789 603 2796 ⁸

111 2825 260 2858 ὴνόμησεν.

154 2871 182 2897 '0
204 2870 231 2897 δὲ
256 2871 306 2905 τῆς
324 2872 353 2897 ὲν
379 2871 490 2906 Γάγγρᾳ
508 2871 615 2898 συνόδου
633 2871 654 2906 β’
670 2872 793 2907 ἀνάθεμα
808 2881 893 2903 κατα-

623 2781 693 2807 ὥστε
710 2783 724 2808 ό
737 2783 832 2816 φαγὼν
845 2783 896 2809 οὐκ

938 261 1077 296 ginitatein
1093 259 1168 291 colit,
1184 263 1210 286 et
1225 265 1240 285 a
1255 258 1317 284 vitae
1331 255 1470 283 consortio
1486 251 1611 303 secessit,
1628 251 1722 301 matri-

938 307 1021 333 monii
1038 304 1214 333 abominandi
1231 310 1325 332 causa,
1342 309 1395 328 non
1411 304 1522 335 propter
1537 304 1624 332 ipsum
1641 303 1723 330 vri-gi-

936 351 1030 378 uitatis
1045 351 1145 377 bonum
1160 354 1185 377 et
1201 349 1416 376 venerationem.

972 397 1079 424 Tertius
1100 401 1191 424 autem
1211 400 1237 422 et
1257 392 1502 430 quinquagesimus
1524 393 1612 417 sanet.
1631 392 1721 422 apost.

937 451 1010 475 can.,
1043 443 1152 475 Diebus,
1169 441 1267 476 inquit,
1285 439 1375 471 festis,
1393 438 1513 465 Sabbalo
1531 440 1595 471 puta
1622 439 1650 461 et
1669 434 1722 461 [)0-

937 487 1047 519 niinica,
1071 488 1111 514 Vel
1136 487 1189 513 alia
1213 491 1388 521 quacunque,
1412 492 1465 510 non
1490 480 1682 509 abstinendum
1708 487 1722 506 a

937 533 999 560 vino
1023 538 1050 559 et
1077 533 1225 565 carnibus,
1251 536 1382 566 tanquam
1410 529 1491 556 rebus
1517 525 1722 554 abominandis.
1759 541 1767 544 -

936 578 1014 612 Quod
1033 579 1056 606 si
1074 578 1136 612 quis
1153 578 1189 605 ita
1206 577 1290 604 sentit
1306 580 1333 603 et
1350 574 1425 606 facit,
1441 573 1519 608 quasi
1537 572 1581 600 cui
1599 571 1723 598 cauterio

937 625 1022 652 recisa
1039 625 1074 652 sit
1088 623 1256 651 conscientia
1268 641 1276 654 ,
1290 627 1316 649 et
1332 621 1378 656 qui
1394 619 1516 648 scandali
1533 617 1725 652 compluribus

937 678 1046 698 causam
1063 670 1199 706 praebeat,
1215 669 1240 696 si
1256 668 1368 703 quidem
1382 675 1416 694 ex
1432 666 1506 694 clero
1522 665 1621 696 fuerit,
1638 664 1724 698 depo-

937 723 1029 748 natur,
1044 716 1086 743 sin
1104 723 1136 743 ex
1156 714 1268 749 populo,
1297 718 1455 748 segregetur
1470 720 1478 739 :
1493 711 1546 738 nisi
1564 711 1633 737 forte
1649 709 1726 744 quis-

937 763 1009 798 piam
1026 761 1208 789 determinato
1225 760 1329 787 dierum
1348 758 1452 786 ambitu
1470 762 1555 785 setnct
1573 762 1706 783 exercens
1718 775 1725 786 ,

939 809 1030 837 itidem
1047 813 1077 836 ut
1094 808 1155 835 aliis
1171 807 1267 834 diebus
1278 827 1286 838 ,
1302 806 1385 834 etiam
1403 805 1431 833 in
1449 803 1570 832 Sabbato
1587 807 1615 830 et
1633 801 1726 829 Domi-

939 854 999 882 niea
1015 854 1165 882 servaverit
1180 852 1384 880 abstinentiam.

973 900 1066 928 Canon
1087 907 1152 927 vero
1173 900 1206 926 Η
1225 898 1376 934 Aneyrame
1397 906 1458 934 syn.
1480 897 1607 933 praecepit
1626 895 1659 922 iis
1679 894 1732 929 qui.

939 946 1077 974 abstinent
1093 953 1107 974 a
1123 945 1252 973 carnibus
1265 944 1470 972 exercitationis
1484 951 1579 976 causa,
1593 942 1731 969 duntaxat

941 997 970 1020 ιιι
984 1001 1029 1021 cas
1044 993 1073 1020 in
1088 993 1270 1020 conventibus
1287 992 1402 1025 publicis
1417 992 1576 1026 degustent.
1592 993 1675 1023 atque
1690 988 1729 1014 ita

941 1040 963 1067 si
981 1040 1218 1068 manducationem
1235 1047 1331 1067 eorum
1347 1039 1490 1067 admittere
1505 1037 1612 1068 nolunt,
1629 1036 1733 1063 saltem

940 1084 1045 1112 olerum
1062 1092 1121 1112 cum
1140 1085 1180 1112 eis
1197 1089 1338 1112 eoetorum
1358 1083 1559 1120 perceptionem
1578 1089 1631 1108 non
1649 1087 1728 1107 recu-

940 1137 1002 1159 sent
1019 1140 1026 1159 :
1044 1136 1076 1158 ut
1096 1132 1146 1159 hac
1163 1132 1270 1160 ratione
1287 1139 1397 1159 onmem
1415 1129 1536 1158 scandali
1552 1127 1729 1155 occasionem

941 1177 1062 1205 adimant
1082 1177 1115 1206 iis
1133 1178 1179 1214 qui
1199 1182 1296 1214 putant
1317 1177 1391 1213 ipsos
1411 1174 1624 1204 abominationis
1643 1180 1730 1200 causa

941 1222 1069 1249 carnibus
1088 1222 1236 1250 abstinere.
1257 1223 1290 1250 Et
1307 1222 1419 1258 quidem
1438 1221 1573 1256 imprimis
1591 1227 1638 1247 eos
1655 1217 1730 1246 vesci

942 1268 1071 1296 carnibus
1089 1269 1217 1296 convenit
1233 1268 1267 1296 iis
1284 1269 1397 1301 diebus,
1414 1268 1514 1302 quibus
1533 1266 1651 1294 haeretici
1669 1264 1730 1300 qui-

942 1313 1001 1340 dam
1017 1321 1065 1348 per
1079 1314 1214 1349 jejunium
1230 1314 1264 1341 ab
1279 1314 1318 1342 eis
1334 1314 1470 1341 abstinere
1487 1314 1587 1344 solent,
1616 1319 1650 1338 ne
1666 1317 1728 1337 eum

942 1360 982 1387 eis
997 1360 1152 1387 consentire
1165 1360 1310 1387 videantur
1321 1379 1328 1392 ,
1344 1360 1493 1395 praesertim
1509 1359 1532 1386 si
1548 1357 1616 1385 forte
1630 1357 1731 1391 degant

944 1406 971 1433 in
992 1406 1069 1438 urbe,
1091 1406 1171 1441 cujus
1194 1406 1313 1433 maxima
1337 1413 1399 1440 pars
1422 1406 1474 1432 hoc
1495 1405 1591 1432 morbo
1614 1403 1729 1430 laboret.

944 1452 1021 1485 Quod
1042 1452 1065 1479 si
1085 1452 1182 1479 eanoni
1202 1460 1255 1479 non
1276 1453 1481 1487 obtemperent,
1502 1457 1528 1479 et
1550 1450 1641 1478 clerici
1662 1449 1733 1480 sint,

944 1505 990 1525 eos
1007 1497 1162 1526 sacerdotio
1180 1498 1293 1533 spoliat,
1310 1498 1396 1525 laicos
1412 1503 1503 1525 autem
1520 1501 1657 1531 segregat.

906 1577 926 1604 (ἶ
978 1589 1078 1617 Verum
1098 1589 1225 1616 monachi
1247 1589 1319 1617 inter
1340 1588 1462 1620 Latinos,
1483 1596 1497 1615 ει
1518 1587 1648 1615 carnibus
1667 1586 1730 1621 qui-

943 1634 1003 1661 dem
1024 1634 1207 1667 abstinentes,
1225 1641 1321 1661 eorum
1343 1638 1432 1661 autem
1454 1632 1645 1669 pinguedinem
1667 1640 1733 1659 cum

943 1680 1062 1708 oleribus
1079 1680 1317 1708 indiscriminatim
1334 1680 1519 1711 comedentes,
1537 1679 1602 1706 milii
1619 1686 1672 1705 non
1687 1678 1731 1705 vi-

942 1726 1042 1753 dentur
1062 1727 1206 1761 prtesentis
1228 1726 1342 1753 canonis
1364 1734 1456 1753 curam
1478 1733 1588 1759 gerere;
1609 1725 1635 1752 id
1656 1725 1730 1752 enim

943 1772 1022 1806 plane
1040 1771 1159 1804 faciunt,
1178 1779 1233 1799 non
1251 1778 1280 1800 ut
1298 1772 1456 1800 scandalum
1473 1772 1597 1799 auferant
1609 1793 1615 1805 ,
1633 1771 1681 1799 sed
1699 1777 1728 1798 ut

943 1822 1066 1845 ventrem
1083 1818 1222 1853 impleant.

981 1861 1095 1897 Magnus
1126 1869 1216 1890 autem
1235 1864 1353 1891 Basilius
1371 1864 1398 1891 in
1415 1864 1450 1891 28
1467 1863 1730 1891 canoneridieulmn

943 1908 1019 1935 ducit
1039 1916 1136 1936 vovere
1160 1910 1278 1944 aliquem
1304 1918 1319 1937 a
1344 1910 1468 1944 porcinis
1493 1910 1624 1937 carnibus
1648 1910 1731 1937 absti-

944 1962 1008 1982 nere
1025 1963 1033 1982 :
1053 1955 1125 1983 unde
1141 1960 1169 1983 et
1187 1955 1352 1990 promissum
1371 1957 1478 1983 irritum
1497 1956 1586 1983 facere
1599 1955 1687 1990 jubet,
1705 1960 1731 1982 et

944 2000 1069 2027 carnium
1095 2008 1174 2028 usum
1200 2001 1397 2029 indill‘erentem
1423 2001 1524 2029 habere
1547 2001 1632 2036 (nulla
1658 2001 1729 2027 enin

945 2044 992 2072 Dei
1004 2050 1127 2073 creatura
1139 2046 1284 2081 rejicienda
1295 2051 1346 2080 est,
1356 2047 1378 2074 si
1392 2054 1453 2074 cum
1464 2047 1612 2081 gratiarum
1624 2046 1731 2073 action:

945 2091 1117 2127 accipiatur),
1133 2097 1159 2119 et
1176 2093 1203 2119 in
1220 2097 1358 2127 posterum
1376 2094 1410 2121 ab
1427 2093 1525 2128 ineptis
1544 2093 1685 2128 promissis
1702 2097 1730 2119 ut

946 2137 1100 2165 ridiculosis
1113 2138 1262 2166 abstinere.

980 2183 1009 2210 In
1026 2192 1079 2211 una
1102 2189 1193 2212 autem
1208 2192 1241 2212 ex
1256 2184 1336 2220 epist.
1351 2184 1384 2212 ad
1402 2184 1431 2212 S.
1446 2184 1619 2220 Ampbiloch.
1633 2185 1731 2220 inquit,

947 2229 1068 2264 Egreglis
1083 2236 1174 2258 autem
1191 2231 1335 2259 Encratitis
1351 2231 1385 2258 ad
1402 2231 1560 2266 praeclaram
1575 2239 1670 2258 eorum
1685 2232 1732 2259 ob-

946 2274 1102 2307 jectionem,
1119 2282 1168 2302 cur
1184 2282 1234 2302 nos
1247 2283 1358 2310 quoque
1374 2283 1427 2302 non
1445 2276 1537 2303 omnia
1552 2276 1732 2306 comedimus.

948 2319 1014 2346 illud
1032 2320 1148 2352 dicatur,
1167 2320 1221 2356 56
1237 2321 1309 2356 quod
1329 2321 1428 2349 mirum
1448 2329 1501 2348 non
1519 2325 1571 2355 est,
1590 2322 1612 2349 si
1630 2323 1665 2349 ab
1682 2323 1732 2350 ali-

947 2365 1046 2400 quibus
1070 2366 1250 2399 abstinemus,
1272 2368 1402 2402 quoniam
1424 2373 1517 2395 nostra
1538 2369 1617 2395 etiam
1641 2376 1732 2396 excrc-

947 2416 1038 2438 menta
1057 2412 1258 2439 abominamur.
1277 2412 1414 2447 Dignitate
1431 2414 1503 2440 enim
1522 2414 1596 2441 olera
1613 2422 1629 2441 a
1646 2414 1732 2458 carni-

946 2458 998 2485 bus
1019 2457 1087 2485 nihil
1107 2458 1255 2491 dilTerunt;
1273 2459 1345 2493 quod
1364 2465 1456 2486 autem
1474 2460 1571 2487 attinet
1587 2461 1619 2487 ad
1638 2457 1732 2487 eorum

946 2511 1008 2538 qua:
1020 2509 1082 2531 sunt
1097 2504 1173 2531 utilia
1187 2505 1389 2535 discretionem.
1402 2506 1474 2533 sicut
1487 2510 1515 2533 et
1531 2506 1557 2533 in
1572 2506 1691 2534 oleribus
1705 2507 1737 2533 ida

946 2549 1018 2585 quod
1035 2554 1077 2578 est
1093 2551 1206 2578 noxium
1221 2551 1255 2578 ab
1271 2551 1330 2578 utili
1347 2559 1524 2586 separamus.
1542 2552 1578 2579 ita
1596 2553 1622 2579 in
1639 2553 1731 2579 carniv

946 2597 997 2623 bus
1019 2597 1091 2631 qttod
1113 2597 1223 2624 noxium
1245 2602 1287 2624 cst
1308 2597 1342 2625 ab
1365 2598 1424 2624 utili
1447 2598 1641 2625 discernimus.
1664 2597 1730 2624 Nam

946 2643 1006 2670 olus
1018 2643 1128 2677 quidem
1141 2648 1183 2671 est
1197 2643 1297 2676 cicuta,
1312 2644 1539 2679 quemadmodum
1553 2649 1580 2671 et
1593 2643 1731 2670 vulturina

946 2697 1010 2716 caro
1028 2695 1070 2716 est
1090 2697 1164 2723 caro,
1184 2695 1274 2718 tamen
1296 2697 1346 2718 nec
1367 2690 1561 2726 hyoscyamum
1584 2689 1733 2717 comederit

945 2736 1008 2770 quis
1029 2736 1129 2762 mentis
1152 2743 1276 2771 cornpos,
1297 2743 1346 2764 nec
1367 2737 1503 2763 vulturem
1526 2736 1656 2771 attigerit,
1679 2735 1733 2763 nisi

945 2789 1042 2817 magna
1056 2779 1167 2817 urgente
1181 2783 1353 2810 necessitate.
1363 2782 1544 2816 Quamobrem
1556 2782 1603 2816 qui
1614 2781 1732 2809 comedit

946 2836 999 2856 non
1015 2829 1108 2863 inique
1123 2829 1187 2864 egit.

981 2874 1074 2901 Canon
1097 2879 1189 2902 autent
1212 2875 1230 2901 ‘2
1254 2882 1313 2909 syn.
1333 2873 1435 2909 Gangr.
1457 2882 1531 2908 cum,
1553 2874 1600 2908 qui
1620 2882 1734 2902 carnem
