1948 3064
204 99 274 132 ί143

803 101 987 134 MATTH/EI
1002 105 1216 139 BLASTARLS

1738 145 1741 148 λ
1767 107 1851 144 ιιιι

202 158 308 185 Scilicet
335 164 394 192 qua:
408 164 423 184 a
448 156 614 192 martyribus
637 156 710 184 dicta
731 157 773 184 vel
802 157 872 185 facta
891 163 990 190 essentl

1048 161 1109 188 6λία
1122 159 1309 198 προήχθησαν,
1328 162 1382 189 τῶν
1396 162 1477 198 δῆθεν
1492 163 1546 192 ὑπὸ
1564 164 1619 191 τῶν
1633 164 1720 200 ἁγίων
1733 168 1852 202 μαρτύ-

203 208 232 229 υι
259 203 305 237 qni
328 204 354 230 in
378 210 426 230 eos
457 203 610 231 inciderent
626 203 666 230 vel
682 203 713 230 ad
738 204 925 233 inﬁdelitatem
952 205 993 233 vel

200 249 286 276 risum
306 249 518 279 deducerentur.

237 295 351 328 Quanta:
369 295 449 329 igitur
469 296 605 324 beatitatis
622 297 816 332 praedicatione
838 298 936 333 dignus
951 304 994 327 est

201 341 380 369 admirandus
411 342 457 369 ille
485 341 608 374 Simeon,
640 343 686 378 qui
717 343 914 379 Metaphrastes
938 346 992 373 dici

199 387 306 422 egregie
321 395 377 421 prae
396 387 458 414 aliis
474 388 583 421 meruit,
602 388 648 424 qui
670 391 756 417 sancti
775 389 893 425 Spiritus
908 392 992 427 inspi-

199 434 305 461 ratione
320 439 479 462 sanctorum
491 440 645 470 martyrum
653 444 702 471 pro
715 436 830 465 veritate
842 438 992 465 certamina

198 487 251 506 non
269 480 330 507 sine
343 481 436 508 multis
459 480 605 509 sudoribus
622 486 649 509 et
663 482 802 511 laboribus
818 484 993 520 conscripsit,

197 530 224 553 el
242 534 368 557 nervose.
382 528 541 562 eloquenter
563 528 756 564 sapienterque
769 529 823 565 58
837 530 993 562 exornavit,

199 573 232 600 ad
246 573 351 600 laudem
371 573 477 601 Domini
492 575 578 602 nostri
589 574 652 603 Jesu
664 575 778 609 Christi,
793 581 820 604 et
835 581 992 605 sanctorum

200 622 363 652 martyrum,
380 619 425 653 qui
444 626 493 654 pro
516 627 549 647 eo
566 621 714 647 certamina
731 621 869 654 obierunt,
893 629 992 657 peren-

199 671 261 691 nem
287 665 420 698 gloriam;
439 667 540 700 quique
557 674 639 694 omne
652 675 682 694 os
710 667 822 703 impium
838 668 992 701 obturavit,

197 715 225 737 et
254 710 306 744 piis
323 711 425 738 nullum
453 712 566 739 omnino
582 712 723 740 dubitandi
756 719 918 749 praetextum
946 721 991 741 re-

197 755 296 790 liquit.

233 802 326 829 Canon
347 807 436 829 autem
453 803 468 831 9
482 811 542 838 syn.
567 811 617 836 vn,
640 803 691 837 Qui
709 803 804 836 libros,
830 804 929 840 inquit,
945 811 991 832 sa-

1048 215 1102 243 ρων
1116 207 1293 243 πραχθέντων
1306 208 1323 245 ἢ
1338 208 1520 244 λαληθέντων,
1537 210 1581 245 ἐφ’
1591 207 1613 245 ᾧ
1629 210 1692 244 τοὺς
1706 212 1852 248 ἐντυγχά·

1048 260 1141 283 νοντας
1157 253 1197 283 είς
1214 253 1343 280 ἀπιστίαν
1359 254 1375 290 ἢ
1390 254 1497 288 γέλωτα
1511 255 1671 290 ἀνάγεσθαι.

1083 298 1171 325 Πόσου
1194 299 1284 326 τοίνυν
1302 299 1377 333 ἄξιος
1396 301 1429 327 ἂν
1444 302 1486 336 εἴη
1509 304 1688 338 μακαρισμοῦ
1701 304 1715 330 ὁ
1728 304 1848 340 θαυμά-

1047 353 1104 376 σιος
1119 345 1242 381 Συμεὼν,
1257 346 1270 372 ὁ
1293 347 1323 372 τὺ
1349 347 1490 375 καλεῖσθαι
1516 349 1722 385 Μεταφραστὴς
1742 351 1850 386 διαφεο

1048 391 1149 426 ρόντως
1163 391 1215 418 τῶν
1225 391 1313 419 ἄλλων
1327 393 1561 429 ἀπενεγκάμενος,
1579 396 1593 422 ὀ
1616 398 1650 432 τῇ
1671 397 1779 433 ἐπινοίᾳ
1792 398 1848 425 τοῦ

1046 437 1124 474 ἁγίου
1139 437 1298 473 Πνεύματος
1313 438 1347 465 τὰ
1357 439 1411 466 τῶν
1425 440 1511 475 ἁγίων
1528 441 1675 477 μαρτύρων
1688 443 1760 478 ὑπὲρ
1773 444 1850 479 ἀλη-

1046 481 1122 514 θείας
1136 483 1286 518 σκάμματα
1297 483 1405 516 πολλοῖς
1421 485 1515 520 ίδρῶσι
1538 487 1584 513 καὶ
1600 487 1692 519 πόνοις
1711 496 1846 522 συγγρα-

1044 529 1176 565 ψάμενος.
1190 530 1237 556 καὶ
1253 529 1459 566 δυνάμειλόγου
1476 532 1524 558 κα)⁵
1541 532 1623 568 σοφίᾳ.
1643 533 1783 565 καλλύνας
1801 535 1848 566 είς

1046 574 1130 609 ὕμνον
1139 574 1186 602 τοῦ
1206 575 1311 611 Κυρίου
1328 576 1406 611 ἡμῶν
1432 577 1522 613 Ἰησοῦ
1545 579 1665 614 Χριστοῦ
1692 582 1739 606 καὶ
1755 580 1846 612 δόξαν

1044 621 1251 654 διαιωνίζουσαν
1266 623 1321 649 τῶν
1339 623 1408 659 ὑπὲρ
1423 624 1505 651 αὑτοῦ
1532 625 1728 660 ἠγωνισμένων
1749 627 1846 661 ἁγίων

1046 668 1194 704 μαρτύρων
1203 677 1210 684 ·
1226 669 1273 695 καὶ
1290 670 1344 696 πᾶν
1356 669 1485 700 δυσσεῦὲς
1498 671 1662 706 ἀπορράψας
1679 672 1780 706 στόμα,
1791 673 1846 699 καὶ

1046 714 1108 749 μηδ’
1122 714 1264 749 ἡντιναοῦν
1282 715 1421 750 πρόφασιν
1445 716 1611 751 ἀμφιϐολίας
1635 718 1691 749 τοῖς
1708 718 1844 744 εὐσεϐέσι

1045 760 1215 788 καταλιπών.
1834 765 1842 771 “

1085 807 1114 834 '0
1129 807 1157 834 δὲ
1176 806 1197 834 θ’
1207 807 1257 843 τῆς
1274 807 1392 843 ὲῦδόμης
1416 808 1525 835 συνόδου
1547 807 1648 842 κανὼν,
1668 810 1708 836 Τὰ
1734 818 1843 845 συγγεο

199 856 261 876 eras
289 849 421 884 imagines
450 849 656 882 insectantium,
686 849 714 877 in
735 850 836 884 quibus
865 850 990 878 absurda:

1048 856 1205 892 γραμμὲνα,
1226 858 1304 892 φησὶ,
1323 858 1378 888 τοῖς
1391 856 1462 883 κατὰ
1474 856 1529 883 τῶν
1545 856 1630 891 ἁγίων
1646 857 1760 887 εἰκόνων
1774 859 1844 884 1w:-

197 903 291 923 eorum
318 896 462 930 opiniones
490 897 770 931 comprehenduntur,
801 897 900 924 retinet
925 897 990 925 abs-

196 942 354 977 conditque,
372 940 394 970 si
419 943 536 971 clericus
548 943 594 975 sit,
622 943 776 971 sacerdotio
790 948 926 971 exuatur:
948 943 991 971 sin

196 993 288 1016 autem
323 988 433 1023 laicus,
463 993 634 1025 segregetur.
665 989 805 1025 Ejusmodi
834 996 899 1017 vero
928 989 991 1017 libri

195 1035 274 1071 nihil,
305 1035 405 1073 inquit,
423 1043 439 1064 a
459 1035 586 1065 ludibriis
607 1037 757 1072 puerilibus
784 1036 927 1070 diﬂ‘erunt,
945 1040 991 1063 ut-

197 1092 260 1122 pote
275 1093 335 1121 que:
353 1086 466 1113 insanim
480 1089 506 1113 et
518 1086 639 1114 lasciviae
657 1086 854 1114 bacchationes
874 1086 947 1118 sint,
963 1085 991 1112 in

198 1132 300 1168 quibus
315 1132 477 1160 veneranda:
495 1132 630 1168 imagines
648 1131 728 1168 (proh
754 1132 898 1160 hominum
914 1139 992 1159 vesa-

197 1178 303 1212 niam!)
317 1178 388 1206 idola
405 1179 592 1206 nominantur.
608 1178 659 1212 Qui
677 1183 768 1206 autem
781 1186 829 1206 eos
843 1178 990 1210 invenerit,

198 1225 230 1252 ad
248 1225 351 1260 Magum
377 1226 501 1254 ecclesize
529 1225 659 1261 palatium
686 1225 787 1258 mittat,
811 1230 840 1253 ut
855 1229 992 1261 perpetua:

197 1271 359 1298 obscuritati
376 1271 528 1304 tradantur,
545 1271 598 1304 vel,
618 1276 647 1299 ut
665 1272 708 1299 lex
728 1271 817 1299 civilis
832 1271 918 1307 jubet,
934 1275 991 1299 sta-

199 1318 247 1344 tim
278 1317 440 1346 comburat.

232 1360 358 1390 Canones
375 1366 466 1389 autem
487 1369 546 1397 syn.
573 1360 685 1389 Laodic.
710 1361 743 1389 l5
761 1365 788 1389 et
814 1360 848 1389 59
869 1368 923 1389 non
952 1360 993 1388 si-

197 1414 267 1436 nunt
283 1416 312 1436 ut
330 1411 356 1436 in
381 1409 500 1436 ecclesia
517 1408 601 1443 aliqui
620 1413 718 1443 praeter
736 1407 823 1435 libros
842 1407 992 1435 canonicos

197 1454 304 1483 Veteris
321 1455 425 1483 scilicet
448 1460 473 1482 et
488 1454 556 1482 Novi
571 1454 736 1482 Tcstamenti
757 1454 890 1489 legantur.
911 1453 993 1480 nimi-

196 1509 259 1529 rum
275 1502 322 1536 qui
348 1502 374 1529 in
400 1501 435 1528 85
450 1509 512 1529 ean.
539 1500 691 1536 apostolico
722 1500 918 1527 continentur:
942 1507 993 1526 nec

384 1528 504 1583 psalmos
527 1528 672 1574 Davidicos
693 1546 762 1573 alios
784 1546 905 1580 privatos
922 1545 993 1580 psal—
1006 1528 1026 1556 (Ξ

197 1597 254 1624 lere
282 1595 456 1630 permittunt,
482 1593 637 1628 cnjusmodi
666 1596 742 1625 sunt,
768 1592 816 1627 qui
835 1591 992 1618 Salomonis

197 1648 224 1671 ct
242 1642 379 1670 nullorum
391 1642 510 1668 aliorum
526 1641 668 1669 dicuntur.

235 1689 320 1716 Porro
334 1695 422 1715 canon
439 1687 469 1714 l9
482 1695 543 1723 syn.
561 1695 586 1714 vr
602 1686 630 1714 in
645 1687 742 1714 diebus
759 1685 918 1718 Dominicis,
933 1685 991 1720 qui-

197 1736 250 1764 bus
266 1735 382 1770 populus
397 1735 431 1762 ab
448 1734 576 1769 operibus
589 1740 700 1761 cessans
720 1732 844 1760 ecclesiis
858 1732 991 1758 interesse

198 1783 279 1815 solet,
305 1781 448 1816 episcopos
471 1780 601 1807 doctrinae
625 1778 738 1807 ﬂumine
754 1785 802 1805 eos
817 1778 931 1813 irrigare
945 1777 992 1812 ju-

198 1830 255 1860 liet,
270 1835 303 1856 ex
324 1827 461 1863 przedictis
477 1825 626 1861 Scriptura:
647 1825 723 1853 libris
738 1824 820 1852 verba
834 1823 950 1859 tempori
965 1827 991 1850 et

199 1875 282 1903 rebus
309 1873 500 1902 convenientia
527 1872 705 1908 colligentes,
737 1870 889 1905 eademque
911 1870 990 1904 juxta

197 1927 357 1950 sanctorum
373 1920 484 1948 Patrum
498 1919 708 1954 expositionem.
721 1921 748 1945 et
762 1925 816 1944 non
837 1916 990 1944 secundum

197 1969 318 2002 privatos
336 1974 435 1994 sensus
449 1970 476 1993 et
490 1965 625 2001 judicium
648 1963 822 1998 interpretari
835 1972 842 1995 ;
858 1967 885 1990 et
900 1964 991 1997 potius

197 2015 226 2041 in
237 2013 278 2042 eis
289 2012 411 2041 celebres
426 2019 499 2043 esse.
514 2019 596 2046 quam
613 2010 639 2038 in
662 2011 695 2038 iis
715 2017 776 2045 quae
792 2010 864 2037 domi
882 2009 991 2036 inVenta

197 2065 272 2092 sunt,
303 2067 337 2086 ne
370 2058 517 2093 aliquando
542 2057 634 2085 forsan
659 2057 816 2085 lnesitantes
844 2055 992 2090 Scriptura:

197 2111 283 2139 scopo
305 2112 360 2131 non
377 2103 453 2130 lllniil
471 2103 624 2130 videantur.
652 2101 691 2129 Ex
714 2107 872 2130 sanctorum
899 2105 990 2128 autem

195 2151 307 2178 Patrum
329 2150 454 2178 doctrina
479 2155 646 2185 cngnoscent
670 2149 762 2184 populi
783 2156 908 2183 quaenam
941 2147 991 2175 eli<

197 2206 259 2233 gere
274 2201 300 2225 et
314 2205 438 2232 quamam
452 2197 545 2230 fugere
557 2201 702 2231 oporteat;
720 2200 748 2222 et
762 2196 845 2222 vitam
863 2202 941 2223 suam
953 2197 988 2221 ad
1006 2203 1026 2230 ι)

197 2244 307 2272 virtutis
323 2251 448 2271 normam
477 2242 678 2269 imminentium
696 2242 890 2276 suppliciorum
915 2245 989 2268 metu

197 2295 375 2325 component,
388 2294 415 2317 et
437 2289 598 2326 ignorantia:
626 2288 685 2316 vitii
701 2295 755 2316 non
780 2288 989 2315 convincentur.

196 2339 362 2372 Episcopum
381 2344 446 2364 vero
473 2336 519 2372 qui
542 2343 621 2364 secus
645 2335 739 2363 iecerit
756 2342 877 2370 praesens
902 2341 990 2362 canon

197 2391 253 2412 non
271 2383 359 2418 punit.

231 2521 327 2549 Canon
340 2524 431 2548 autem
458 2524 547 2554 apost.
568 2519 602 2546 58
616 2519 775 2554 episcopum
803 2519 843 2546 vel
858 2518 989 2546 clericum

195 2567 242 2604 qui
268 2568 370 2596 clerum
389 2574 469 2595 suum
488 2567 617 2603 negligit,
634 2573 660 2595 et
676 2568 802 2601 pietatem
829 2573 882 2594 non
900 2566 989 2599 docet,

195 2621 332 2652 segregat,
348 2619 374 2642 et
393 2615 420 2642 in
439 2615 562 2642 socordia
580 2619 797 2650 perseverantem
825 2613 955 2648 deponit.

249 2705 326 2738 Quod
342 2713 431 2732 sacros
450 2704 530 2731 libros
555 2704 722 2731 conscindere
737 2712 789 2730 non
807 2708 935 2737 oporteat.

230 2752 324 2779 Canon
340 2756 430 2779 autem
447 2751 481 2778 68
499 2759 523 2777 Vl
541 2759 601 2787 syn.
621 2751 771 2786 Scriptura;
807 2751 937 2779 divinitus
953 2751 991 2778 in-

195 2798 315 2832 spiratae.
327 2802 384 2825 tum
397 2797 512 2830 Veteris.
531 2802 586 2825 lum
600 2798 693 2829 Novae,
714 2805 819 2825 necnon
838 2797 951 2825 Patrum
965 2802 991 2825 et

196 2843 340 2872 doctorum
358 2845 599 2880 comprobatoruzn
626 2848 881 2880 praeceptorumth
905 2844 990 2872 libros

1042 902 1151 938 τήσασι,
1168 902 1216 934 τὰς
1230 901 1441 937 ἀσυλλογίστους
1465 902 1555 929 αὐτῶν
1570 902 1720 938 ὑπολήψεις
1737 903 1842 930 συλλο-

1042 949 1186 984 γιζόμενα,
1213 949 1228 975 ὸ
1257 949 1382 983 κατέχων
1415 949 1461 975 καὶ
1477 949 1618 983 κρύπτων,
1635 949 1766 985 κληρικὸς
1787 950 1841 984 ὢν,

1042 996 1092 1030 τῆς
1109 995 1261 1032 ἱερωσύνης
1277 994 1449 1028 ἀποδυέσθω,
1473 995 1568 1027 λαῖκὸς
1581 995 1620 1027 δὲ,
1636 996 1816 1031 ἀφοριξέσθω
1830 1015 1839 1023 .

1049 1041 1227 1077 Ἀθυρμάτων
1237 1041 1301 1078 γὰρ,
1317 1043 1395 1077 φησὶ,
1407 1041 1550 1074 παιδικῶν,
1565 1043 1641 1069 οὐδὲν
1658 1044 1736 1069 ταυτὶ
1752 1041 1846 1077 διενήο

1043 1096 1115 1123 νοχε,
1129 1088 1228 1124 μανίας
1254 1087 1318 1115 ὄντα
1344 1087 1392 1114 καὶ
1410 1088 1559 1120 ἀκολασίας
1581 1088 1778 1123 βακχεύματα’
1798 1088 1842 1115 εῐ-

1042 1134 1126 1167 δωλα,
1147 1132 1203 1168 -φεῦ
1231 1134 1279 1168 τῆς
1296 1134 1512 1169 παραπληξίαςί
1532 1134 1580 1166 τὰς
1608 1135 1711 1166 σεπτὰς
1727 1134 1842 1166 εἰκόνας

1043 1178 1233 1207 ἀποκαλοῦντα
1243 1186 1250 1194 ’
1267 1179 1325 1206 ἀλλ’
1341 1179 1357 1214 ἢ
1377 1180 1444 1215 πρὸς
1459 1179 1489 1206 τὸ
1513 1179 1563 1214 τῆς
1579 1179 1707 1215 Μεγάλης
1734 1180 1842 1214 ἐκκλη-

1044 1227 1104 1259 σίας
1120 1227 1134 1253 ὁ
1147 1225 1235 1262 εὑρὼν
1246 1226 1422 1252 ἐπισκοπεῖον
1434 1225 1657 1261 παρα-πεμπέτω,
1674 1227 1718 1260 ἐφ’
1731 1222 1755 1260 ᾧ
1769 1235 1842 1252 παν-

1043 1272 1116 1300 τελεῖ
1127 1274 1160 1308 τῇ
1177 1272 1296 1307 ἀφανείᾳ
1311 1271 1433 1307 δοθῆναι,
1451 1271 1532 1308 ἢ,“ὠς
1545 1273 1558 1298 ὀ
1574 1272 1715 1304 πολιτικὸς
1727 1273 1841 1300 κελεύει

1043 1319 1136 1354 νόμος,
1154 1319 1236 1349 εύοὺς
1249 1317 1435 1346 κατακαιέτω.

1085 1365 1113 1392 '0
1125 1364 1153 1391 δὲ
1167 1365 1217 1400 τῆς
1242 1366 1270 1392 ἐν
1283 1365 1428 1400 Λαοδικείᾳ
1446 1367 1475 1402 ιε’
1501 1365 1549 1392 καὶ
1563 1365 1577 1391 ό
1593 1364 1630 1391 νϐ’
1648 1365 1699 1392 οὐκ
1725 1365 1843 1400 ἐπιτρέ-

1043 1419 1125 1438 πουσι
1148 1410 1230 1438 πλέον
1246 1411 1300 1438 τῶν
1325 1411 1562 1446 κεκανονισμένων
1595 1410 1707 1446 βιϐλίων
1732 1411 1785 1446 τῆς
1808 1420 1840 1438 τε

1044 1457 1166 1489 Παλαιᾶς
1192 1458 1239 1495 καὶ
1272 1458 1391 1494 Καινῆς,
1413 1458 1455 1484 ἐπ’
1475 1457 1624 1493 ἐκκλησίας
1650 1458 1842 1492 ἀναγινώσκε-

1044 1504 1117 1535 σθαι,
1135 1503 1206 1539 ἆπερ
1218 1504 1256 1540 τῷ
1273 1506 1315 1530 πε¹
1328 1503 1427 1538 δηλαδὴ
1439 1502 1613 1538 ἀποστολικῷ
1628 1503 1721 1529 κανόνι
1736 1502 1840 1538 διείληι

1045 1559 1110 1577 πται
1122 1558 1129 1565 ⁸
1145 1550 1205 1577 οὐδέ
1219 1559 1250 1585 γε
1263 1550 1333 1586 πλὴν
1348 1549 1401 1577 τῶν
1414 1553 1451 1585 ρν¹
1466 1549 1581 1586 ψαλμῶν
1594 1549 1640 1576 τοῦ
1656 1549 1740 1575 Δαὸὶδ
1760 1549 1839 1575 ἰδιω-

1045 1598 1138 1628 τικοὺς
1153 1597 1264 1632 ἐτέρους
1281 1596 1355 1632 ᾄδειν
1368 1595 1490 1631 ἐφίησιν,
1505 1595 1541 1628 ὡς
1559 1595 1585 1622 oi
1595 1595 1643 1622 τοῦ
1660 1594 1838 1631 Σολομῶντος

1044 1643 1185 1678 λεγόμενοι
1197 1643 1244 1669 καί
1254 1651 1336 1670 τινων
1352 1641 1465 1677 ἑτέρων.

1084 1689 1114 1718 '0
1128 1689 1156 1716 δὲ
1172 1689 1223 1724 τῆς
1238 1689 1320 1723 ἕκτης
1339 1689 1448 1716 συνόδου
1461 1688 1504 1722 ιθ’,
1517 1689 1547 1716 ὲν
1567 1690 1628 1721 ταῖς
1647 1688 1838 1724 κυριωνὺμοις

1043 1736 1096 1764 τῶν
1125 1736 1248 1772 ἡμερῶν,
1275 1737 1305 1763 ἐν
1331 1734 1375 1768 αἷς
1396 1736 1524 1763 εἰώθασιν
1549 1736 1563 1763 ὁ
1586 1736 1660 1768 λαὸς,
1675 1736 1730 1762 τῶν
1744 1735 1836 1771 ἔργων

1043 1783 1186 1818 ἀφέμενοι,
1203 1783 1398 1819 προσεδρεύειν
1409 1783 1470 1815 ταῖς
1490 1783 1669 1818 ἐκκλησίαις.
1685 1783 1752 1815 τοὺς
1776 1784 1837 1809 ἑπι-

1043 1829 1161 1860 σκόπους
1171 1828 1277 1855 κελεύει
1292 1828 1331 1864 τῷ
1343 1829 1392 1863 τῆς
1408 1827 1585 1859 διδασκαλίας
1603 1828 1705 1862 νάματι
1720 1827 1836 1858 τούτους

1043 1874 1197 1910 κατάρδειν,
1210 1874 1419 1910 ὲρανιζομένους
1430 1874 1461 1901 ὲκ
1472 1873 1526 1900 τῶν
1541 1874 1680 1910 ῥηθέντων
1695 1873 1744 1908 τῆς
1758 1873 1836 1904 θείας

1042 1921 1153 1957 Γραφῆς
1172 1921 1283 1956 βιϐλίων
1297 1921 1332 1947 τὰ
1347 1921 1386 1956 τῷ
1402 1921 1492 1956 καιρῷ
1506 1920 1680 1956 προσήκοντα
1698 1919 1835 1955 pic-rima!

1042 1968 1098 1999 τοῖς
1117 1967 1261 2002 πράγμασι
1277 1966 1417 1995 καὶταῦτα
1429 1967 1606 2002 ἑρμηνεύειν,
1629 1966 1699 1992 κατὰ.
1711 1966 1762 2001 τὴν
1779 1966 1834 1993 τῶν

1043 2013 1124 2040 θείων
1139 2014 1271 2048 Πατέρων
1294 2013 1438 2049 ἐξήγησιν,
1458 2013 1527 2040 ἀλλὰ
1543 2013 1580 2048 μὴ
1602 2012 1630 2046 ἐξ
1647 2013 1756 2039 οίκείων
1772 2021 1834 2047 νοη-

1044 2060 1137 2095 μάτων
1158 2060 1205 2086 καὶ
1221 2059 1360 2094 λογισμῶν
1373 2067 1381 2075 ·
1399 2059 1447 2086 καὶ
1466 2059 1568 2094 μᾶλλον
1592 2059 1620 2085 ὲν
1633 2059 1740 2088 τούτοις
1762 2058 1835 2084 εὐδο-

1044 2107 1143 2141 κιμεῖν.
1161 2105 1176 2141 ἦ
1192 2106 1248 2136 τοῖς
1260 2105 1365 2132 οἴκοθεν
1391 2104 1594 2140 ἑξευρημένοις,
1613 2104 1656 2130 ἵνα
1675 2104 1712 2139 μὴ
1732 2104 1833 2139 ἀπορίᾳ

1044 2145 1098 2178 ἔσθ’
1114 2152 1180 2178 ὅπου
1196 2151 1403 2186 σιινεσχημὲνοι,
1415 2149 1512 2181 δόξωσι
1524 2149 1569 2176 τοῦ
1585 2157 1634 2175 σκο
1641 2148 1689 2175 τοῦ
1700 2149 1751 2182 τῆς
1763 2149 1834 2183 Γρα-

1043 2196 1096 2231 φῆς
1111 2195 1149 2230 μὴ
1166 2195 1349 2222 ἐπιὸατεύειν.
1371 2195 1418 2221 Ἐκ
1433 2195 1461 2221 δὲ
1476 2195 1524 2229 τῆς
1536 2202 1590 2221 των
1607 2194 1688 2221 θείων
1704 2194 1833 2230 Πατέρων

1042 2243 1218 2273 διδασκαλίας
1234 2242 1353 2269 είσονται
1379 2241 1404 2268 oi
1419 2241 1479 2268 λαοὶ
1492 2241 1553 2268 τίνοι
1568 2241 1608 2267 δεῖ
1623 2241 1773 2276 αἱρεῖσθαι,
1786 2241 1831 2267 καὶ

1042 2290 1122 2316 τίνων
1135 2288 1355 2320 ἀποδιῖστασθαι,
1369 2288 1415 2314 καὶ
1426 2288 1474 2323 τὴν
1485 2287 1590 2313 οἰκείαν
1603 2287 1676 2321 ζωὴν
1689 2287 1757 2322 πρὸς
1771 2288 1832 2321 ἀρε-

1042 2335 1090 2370 τὴν
1107 2334 1280 2370 ρυθμίσουσι,
1308 2334 1363 2360 δέει
1389 2334 1443 2360 τῶν
1467 2333 1671 2368 ἐπηρτημένων
1683 2333 1830 2364 κολάσεων,

1043 2381 1090 2408 καὶ
1103 2382 1141 2416 τῷ
1157 2382 1206 2416 τῆς
1218 2381 1329 2414 ἀγνοίας
1342 2380 1390 2415 οὐχ
1404 2380 1555 2407 ἁλώσονται
1574 2379 1655 2406 πάθει
1668 2387 1675 2394 '
1691 2379 1737 2405 τὸν
1753 2379 1781 2406 δὲ
1796 2380 1831 2415 μὴ

1042 2428 1113 2455 οὕτω
1132 2427 1237 2463 δρῶντα
1253 2426 1403 2453 ἐπίσκοπον
1426 2427 1440 2452 ὁ
1461 2425 1510 2461 μὲν
1524 2425 1620 2462 παρὼν
1635 2425 1685 2452 οὐκ
1702 2427 1832 2462 ἐπιπλήτ-

1041 2481 1081 2500 τει
1095 2472 1195 2499 κανών.

1083 2519 1114 2546 '0
1126 2519 1154 2546 δέ
1167 2527 1199 2553 γε
1220 2517 1398 2549 ἁποστολικὸς
1419 2521 1458 2552 νη¹
1484 2517 1526 2544 τὸν
1552 2516 1709 2552 ἀμελοῦντα
1736 2516 1784 2544 τοῦ
1797 2518 1832 2544 0!-

1042 2565 1118 2592 xeioa
1133 2565 1249 2599 κλήρου,
1265 2563 1312 2590 καὶ
1332 2562 1369 2598 μὴ
1385 2562 1585 2589 ἐκπαιδεὺοντα
1601 2562 1651 2598 τὴν
1678 2562 1829 2595 εὐσέϐειαν,

1042 2612 1191 2637 ἐπίσκοπον
1209 2610 1224 2645 ἤ
1249 2609 1391 2645 κληρικὸν,
1411 2609 1537 2644 hopich
1548 2617 1555 2625 ·
1571 2609 1738 2643 ἐπιμένοντα
1753 2609 1782 2635 δὲ
1799 2610 1828 2645 τῇ

1043 2657 1165 2693 ῥᾳθυμίᾳ
1180 2656 1318 2691 καθαιρεῖ.

1079 2703 1144 2729 "Utt
1158 2703 1195 2729 οὐ
1210 2702 1268 2736 χρὴ
1283 2702 1334 2734 τὰς
1347 2700 1427 2735 Ῐείεάς
1443 2701 1642 2735 κατατέμνειν
1655 2700 1798 2733 βΙϐλους.

1082 2750 1112 2776 '0
1133 2750 1161 2776 δὲ
1182 2748 1222 2784 ξη’
1237 2750 1271 2776 τὰ
1284 2749 1374 2784 βιϐλία
1389 2748 1438 2783 τῆς
1454 2748 1636 2775 θεοπνεύστου
1651 2748 1775 2783 Γραφῆς,
1785 2747 1829 2782 τῆς

1043 2796 1164 2827 Παλαιᾶς
1192 2804 1222 2821 τι
1248 2796 1295 2822 καὶ
1315 2796 1429 2830 Καινῆς,
1452 2794 1566 2821 καὶτῶν
1584 2794 1772 2829 ἐγκριθένῑων
1789 2794 1828 2820 καὶ

1042 2843 1282 2879 δεδοκιμασμένων
1303 2842 1434 2878 Πατέρων
1450 2843 1498 2869 καὶ
1515 2842 1639 2869 διδασκά)
1648 2851 1698 2875 ων,
1721 2841 1829 2876 ἐπισχή-
