1948 3064
109 141 181 176 1145

590 146 795 179 SYNTAGMA
815 147 1128 181 ALPHABETICUM.
1145 161 1178 167 —
1199 150 1233 182 B.

1670 149 1738 184 1146

108 210 170 228 mu
185 200 340 235 φυλάττειν,
363 201 412 229 καὶ
428 201 465 238 μὴ
486 202 697 240 κατατέμνεινῆ
714 203 895 239 διαφθείρειν,

966 211 1115 232 onservare
1128 203 1218 239 jubet,
1233 207 1261 231 et
1275 211 1329 232 non
1347 204 1526 234 conscindere
1551 209 1597 232 aut
1616 212 1739 233 corrum-

109 246 178 282 μηδι
208 247 266 279 τοῖς
297 247 519 283 βιϐλιοκαπήλοις
547 248 712 284 ῆμυρεψοῖς
743 249 898 277 ἀποδιδόναι

109 293 179 325 πρὸς
190 293 355 328 ἀφανισμὸν,
382 294 406 320 εί
429 295 465 329 μή
479 303 506 321 τι
517 294 570 328 ἄρα
582 295 672 322 τέλεον
684 295 736 322 ὑπὸ
765 294 865 330 σητῶν,
880 294 897 330 ἢ

110 338 219 372 ὓδατος,
238 339 254 375 ἢ
267 340 356 374 ἑτέρῳ
368 340 462 376 τρόπῳ
478 341 641 376 ἀχριιωθείη
655 348 661 356 ·
679 341 725 367 τὸν
736 340 764 367 δὲ
777 339 898 367 τοιοῦτόν

107 393 135 412 τι
154 387 241 412 ποιεῖν
256 386 434 422 ἁλισκόμενον
458 387 501 414 ὲπ¹
517 387 640 414 ὲνιαυτδν
652 386 841 422 ἀφορίζεσθαι.

451 475 554 509 Νόμοι.

146 517 186 546 Τὰ
216 519 289 546 κατὰ
314 520 487 554 Χριστιανῶν
511 520 718 555 συγγράμματα
743 520 898 555 Πορφυρίου

111 565 158 591 καὶ
171 565 260 592 ἄλλων
272 566 418 601 αίρετικῶν
438 567 622 599 καιέσθωσαν,
634 567 681 593 καὶ
692 560 725 592 τὰ
736 566 898 601 Νεστορίου,

112 611 159 637 καὶ
172 611 222 638 ὅσα
248 611 287 647 μὴ
305 614 446 647 συμφωνεῖ
471 614 530 644 ταῖς
556 613 585 639 ὲν
608 613 711 648 Νικαίᾳ
726 612 773 638 καὶ
795 612 900 647 Ἐφέσῳ

112 657 245 690 συνόδοις,
264 658 311 684 καὶ
341 659 468 694 Κυρίλλῳ
489 659 529 694 τῷ
551 658 767 694 Ἀλεξανδρείας,
786 654 823 684 ὧν
849 658 900 684 οὐκ

111 702 170 729 ἔστι
186 703 345 739 παρεξιέναι
360 704 410 740 τὴν
422 705 526 732 πίστιν.
555 705 586 731 Ol
609 704 638 731 δὲ
653 704 687 730 τὰ.
715 703 844 738 λεχθέντα
860 703 901 738 βι-

112 748 175 775 ϐλία
188 749 295 784 ἔχοντες
310 750 359 777 καὶ
372 750 605 786 ἀναγινώσκοντες
632 750 754 786 ἐσχάτως
769 748 901 784 τιμωρεί-

113 794 234 823 σθωσαν.

148 841 180 868 οι
194 841 393 877 μαθηματικοὶ,
411 843 449 879 μὴ
464 844 587 876 καίοντες
607 846 654 872 ἐπὶ
669 846 722 872 τῶν
743 845 901 873 ἐπισκόπων

113 885 164 918 τὰς
190 887 300 921 βίϐλους
324 889 427 923 αὐτῶν,
455 891 504 917 καὶ
528 891 560 926 τῇ
584 891 710 927 εὐσεϐείᾳ
730 891 899 927 προσιόντες,

113 933 206 968 πάσης
222 934 395 963 ἀπωθοῦνται
413 936 517 968 πόλεως
528 944 535 950 ·
549 937 740 972 εὑρισκόμενοι
757 939 786 965 δὲ
800 939 828 965 ὲν
842 939 902 970 ταῖς

113 979 219 1013 πόλεσι,
235 980 488 1016 δεπορτατεύονται,
501 983 559 1018 ἦτοι
578 983 760 1019 ἐξορίζονται.

154 1025 184 1052 Ὀ
200 1025 270 1060 ἔχων
284 1027 374 1062 βιϐλία
385 1029 553 1064 Μανιχαῐκὰ,
575 1031 621 1056 καὶ
636 1030 673 1066 μὴ
688 1030 814 1066 φανερῶν
831 1030 903 1058 αὐτὰ

112 1071 160 1098 ἐπὶ
175 1072 214 1108 τῷ
226 1073 372 1108 καυθῆναι,
384 1077 561 1110 τιμωρεῖται.

148 1116 182 1143 οι
212 1117 320 1153 ἔχοντες
346 1121 380 1147 τὰ
408 1121 530 1156 Σεϐήρου
560 1123 767 1158 συγγράμματα
798 1123 846 1150 καὶ
865 1123 903 1158 μὴ

113 1163 236 1196 καίοντες
252 1165 334 1199 αὐτὰ,
351 1168 588 1202 χειῳκοποῦνται.

112 1221 241 1249 ΚΕΦΔΔ.
262 1221 313 1250 IB’.
330 1223 401 1261 Περι
419 1224 479 1261 τῶν
493 1225 657 1258 βιοθανῶν,
673 1226 741 1261 ἤτοι
760 1227 821 1254 τῶν
833 1227 903 1254 tav-

343 1259 422 1292 ,τοὺς
438 1260 655 1294 ἀναιρούντων.

149 1301 220 1333 τοὺς
237 1302 371 1338 βιοθεινεῖς
399 1305 412 1330 ό
430 1305 634 1340 Ἀλεξανδρείας
654 1307 797 1341 Τιμόθεος,
825 1308 854 1334 ὲν
872 1308 904 1334 ιδ’

113 1349 219 1382 κανόνι,
231 1348 281 1383 τῆς
295 1349 424 1382 είωουίας
440 1351 509 1386 ὑπὲρ
527 1352 582 1378 τῶν
598 1352 721 1379 εὐσεϐῶν
733 1354 903 1388 προσφορᾶς,

113 1395 160 1422 καὶ
186 1395 281 1430 εὐχῆς,
307 1395 355 1422 καὶ
381 1395 553 1431 ψαλμῳδίας,
580 1397 693 1433 καὶτῆς
719 1398 905 1433 νομιζομένης

113 1441 200 1475 ὁσίας,
217 1441 362 1477 στέρεσθαι
382 1443 471 1477 ἀξιοῖ·
497 1444 554 1470 ὅσοι
581 1444 682 1480 δηλαδὴ
709 1444 755 1471 τὸν
774 1445 904 1479 λογισμὸν

114 1488 179 1522 ὑγιᾶ
191 1489 367 1524 κεκτημένοι,
386 1490 433 1516 καὶ
447 1490 485 1525 μὴ
501 1489 550 1522 τὰς
565 1490 667 1526 φρένας
685 1490 738 1517 ὑπὸ
753 1489 832 1517 νόσου
855 1499 906 1516 πα-

949 257 1033 285 pere;
1049 257 1137 284 neque
1150 250 1284 278 librorum
1301 252 1535 286 cauponatoribus
1551 255 1598 278 aut
1616 259 1740 285 unguen-

949 295 1027 323 tariis
1051 296 1187 330 perituros
1213 296 1341 329 tradere;
1370 297 1421 324 nisi
1447 298 1542 332 utique
1575 297 1687 324 omnino
1724 305 1739 324 a

948 341 1040 374 tineis,
1058 341 1099 368 vel
1116 349 1197 376 aqua,
1216 341 1257 368 vel
1275 341 1330 369 alio
1347 343 1428 369 modo
1443 342 1554 369 inutiles
1571 342 1667 369 redditi
1682 338 1747 368 t'ue-i

949 385 1005 412 rint
1019 394 1025 412 :
1039 393 1102 413 eum
1117 390 1208 412 autem
1225 386 1271 422 qui
1286 387 1323 414 ita
1338 387 1428 415 facere
1442 387 1628 423 deprehensus
1644 387 1691 422 sit,
1712 387 1739 414 in

950 439 1050 459 annum
1070 433 1216 468 segregari.

1298 478 1378 515 Leges
1383 498 1390 505 .

984 524 1128 561 Porphyrii
1173 526 1345 561 aliorumque
1390 525 1577 553 haereticorum
1607 525 1739 553 adversus

949 571 1122 600 Christianos
1146 572 1206 599 libri
1233 573 1448 604 comburantur;
1467 570 1583 598 Nestorii
1603 572 1694 602 etiam,
1712 576 1741 598 et

950 617 1106 651 quicunque
1118 616 1229 645 Nicaeno
1243 616 1437 652 Ephesinoque
1451 617 1587 650 conciliis,
1601 622 1627 644 et
1640 617 1742 652 Cyrillo

950 663 1146 695 Alexandrino.
1174 672 1290 698 quorum
1321 663 1399 690 (idem
1428 664 1559 692 excedere
1582 671 1637 690 non
1668 664 1740 695 lieet.

951 717 1005 736 non
1025 713 1191 737 consonant.
1217 709 1268 742 Qui
1292 714 1381 736 autem
1397 709 1486 737 dictos
1502 709 1587 737 libros
1603 709 1703 736 habent
1715 713 1742 736 et

951 755 1053 791 legunt,
1071 755 1167 784 ultimo
1191 755 1325 792 supplicio
1345 756 1508 784 adiciantur.

987 843 1174 872 Mathematici
1198 846 1243 880 qui
1279 853 1371 873 coram
1399 845 1535 880 episcopis
1563 845 1648 873 libros
1676 853 1742 873 suos

953 898 1007 918 non
1024 898 1210 924 concremant,
1227 899 1315 927 neque
1329 893 1361 918 ad
1379 892 1559 919 orthodoxam
1576 891 1654 918 tidem
1666 899 1743 918 acce-

952 937 1032 968 dunt,
1059 937 1134 964 omni
1165 938 1274 965 civitate
1301 937 1445 972 pellantur.
1471 936 1575 964 inventi
1595 942 1686 963 autem
1714 937 1741 962 in

951 983 1118 1014 civitatibus.
1142 983 1321 1018 deportantur
1338 984 1394 1011 sive
1409 983 1633 1010 exterminantur.

988 1028 1044 1064 59
1062 1029 1114 1062 Qui
1130 1028 1345 1057 Maniebzeorum
1364 1030 1450 1057 libros
1471 1029 1564 1060 habet,
1581 1033 1608 1055 et
1631 1035 1686 1055 non
1711 1027 1739 1054 ib

952 1076 1131 1111 propatulum
1151 1075 1255 1111 profert
1273 1080 1303 1103 ut
1318 1081 1540 1105 concrementur.
1556 1073 1679 1108 punitur.

990 1122 1042 1154 Qui
1061 1122 1156 1150 Severi
1174 1122 1261 1149 libros
1281 1122 1396 1155 habent,
1416 1127 1443 1149 et
1457 1121 1568 1149 eosdetn
1590 1128 1643 1147 non
1664 1126 1741 1147 com-

954 1167 1070 1200 burunt,
1084 1168 1213 1194 manibus
1232 1168 1407 1194 mutilantur.

987 1223 1065 1252 CAP.
1095 1222 1154 1250 ΧΗ.
1182 1222 1222 1250 De
1250 1225 1283 1250 iis
1308 1223 1354 1257 qui
1379 1223 1431 1249 vim
1456 1222 1509 1249 sibi
1535 1221 1667 1256 inferunt,
1692 1221 1745 1247 sive

1285 1258 1408 1286 suicidis.

993 1304 1047 1332 Eos
1062 1305 1110 1338 qui
1131 1313 1186 1331 vnn
1210 1305 1263 1332 sibi
1282 1304 1416 1337 inferunt,
1438 1303 1601 1330 Timotheus
1626 1301 1746 1329 Alexan-

955 1352 1053 1380 drinus
1077 1352 1104 1378 in
1126 1352 1169 1379 Η.
1193 1359 1257 1379 can.
1276 1352 1379 1378 usitata
1403 1359 1453 1386 pro
1477 1351 1528 1385 piis
1549 1349 1699 1380 oblatione,
1715 1352 1743 1375 et

955 1397 1094 1430 oratione,
1109 1403 1136 1425 et
1158 1397 1323 1432 psalmodia,
1340 1401 1368 1424 et
1391 1396 1472 1424 solita
1494 1395 1617 1430 piationc
1637 1393 1742 1428 privari

953 1443 1033 1478 jubet
1050 1448 1208 1478 :quotquot
1221 1443 1350 1470 videlicet
1365 1449 1431 1470 sana
1455 1441 1562 1468 ratione
1584 1439 1702 1474 praediti,
1719 1443 1748 1465 ct

957 1497 1013 1517 non
1030 1497 1085 1525 prie
1100 1490 1197 1518 morbo
1214 1490 1316 1517 mentis
1326 1494 1441 1524 expotes
1457 1487 1532 1520 facti,
1553 1491 1661 1521 propter
1677 1493 1745 1512 moe-

115 1534 313 1570 ρατραπέντες,
333 1535 376 1562 διὰ
387 1535 476 1571 λύπην
488 1537 505 1573 ἢ
519 1537 714 1572 μικροψυχίαν,
730 1538 763 1563 ὲκ
776 1537 870 1572 φόϐου,
884 1535 900 1572 ἢ

964 1545 1060 1569 'orem.
1077 1537 1119 1564 vel
1132 1536 1320 1568 timiditatem.
1338 1542 1394 1570 pra:
1407 1539 1493 1565 metu,
1506 1532 1549 1559 Vel
1562 1531 1745 1558 insultatione

115 1581 248 1617 ιπηρείας
265 1582 436 1617 ἡστινοσοῦν,
453 1583 567 1615 ἑαυτοὺς
584 1583 791 1620 διεχειρίσαντο.

452 1631 562 1665 Νόμος.

157 1675 188 1703 '0
205 1675 300 1703 ἑαυτὸν
312 1676 427 1711 ἀνελὼν,
444 1678 461 1714 ἢ
474 1677 579 1704 ἀνελεῖν
593 1678 781 1714 ἐπιχειρήσας,
796 1677 839 1704 διὰ
859 1677 906 1711 φί-

116 1720 164 1748 ϐον
186 1722 360 1758 ἐγκλήματος
387 1724 435 1751 καὶ
452 1724 490 1759 μὴ
507 1725 551 1751 διὰ
576 1725 664 1758 νόσον,
686 1725 849 1760 τιμωρεῖται
868 1723 906 1755 ὡς

116 1768 220 1796 ἀνελὼν
236 1769 340 1806 ἕτερον,
358 1771 406 1797 καὶ
421 1771 439 1806 ἡ
462 1771 541 1798 οὐσία
555 1771 640 1799 αὑτοῦ
655 1771 813 1807 δημεύεται.

282 1859 409 1886 ΚΕΦΑΛ.
425 1857 475 1886 ἰΓ.
497 1858 568 1893 Περὶ
584 1859 744 1891 βισέκτου.

153 1904 192 1931 Τδ
208 1904 256 1931 τοῦ
265 1904 413 1937 βισέκτου
431 1904 518 1940 ὄνομα
544 1905 698 1939 Ῥωμαϊκόν
726 1905 794 1937 ἐστι,
810 1903 908 1939 δηλοῦν

117 1951 148 1978 τδ
163 1951 204 1983 δὶς
220 1951 250 1984 ἒξ
261 1958 268 1966 ·
285 1951 313 1977 at
329 1951 383 1986 γὰρ
401 1949 559 1986 Ῥωμαϊκαὶ
579 1951 665 1984 λέξεις
681 1950 741 1977 ἀντὶ
755 1942 803 1976 τοῦ
814 1951 828 1975 δ
845 1950 875 1976 τὸ
893 1949 908 1984 β

118 1998 372 2033 προσλαμϐάνουσι.
382 1997 498 2031 Λέγεται
512 1997 540 2024 δὲ
552 1997 634 2030 οὕτω,
645 1997 691 2024 διὰ
703 1995 732 2023 τὸ
744 1996 784 2028 δὶς
797 1995 827 2029 ἓξ
838 1993 909 2022 εἶναι

117 2044 169 2075 τὰς
184 2043 256 2078 ὥρας
269 2044 319 2078 τῆς
330 2042 549 2078 προστιθεμένης
559 2043 665 2078 ἡμέρας
676 2042 714 2078 τῷ
723 2042 910 2078 Φεϐρουαρίῳ,

117 2091 166 2117 καὶ
180 2090 221 2121 δὶς
236 2089 267 2122 ἒξ
279 2090 328 2125 τῆς
340 2090 449 2123 νυκτὸς,
465 2089 527 2125 ἦτις
542 2091 614 2116 κατὰ
631 2089 790 2124 τετραετίαν
814 2088 912 2115 εἴωθεν

118 2134 332 2170 ἀπαρτίζεσθαι,
347 2134 394 2161 τοῦ
413 2134 618 2169 περιττεύοντος
630 2133 848 2170 τεταρτημορίου
862 2133 913 2168 τῆς

119 2178 227 2216 ἡμέρας
243 2181 304 2207 καθ’
317 2181 432 2207 ἕκαστον
448 2181 570 2207 ἐνιαυτὸν
587 2180 627 2211 είς
640 2179 705 2214 μίαν
719 2179 827 2215 ἡμέραν
839 2186 914 2214 τηνι-

954 1589 1130 1618 quacunque,
1145 1582 1198 1610 sibi
1217 1589 1317 1609 manus
1331 1580 1468 1607 violentas
1480 1577 1636 1606 intulerint.

1313 1626 1379 1654 Lex.

992 1677 1044 1710 Qui
1059 1676 1111 1704 sibi
1133 1679 1252 1702 mortem
1274 1672 1420 1704 conscivit,
1443 1675 1490 1698 aut
1507 1669 1682 1698 consciscere
1697 1674 1746 1695 co-

956 1728 1039 1751 natus
1054 1727 1107 1754 est,
1122 1724 1233 1756 propter
1251 1718 1378 1747 criminis
1393 1722 1508 1749 metum,
1526 1720 1553 1743 et
1566 1723 1619 1742 non
1635 1719 1748 1749 propter

957 1770 1097 1805 morbum,
1125 1766 1252 1802 punitur,
1287 1770 1317 1792 ut
1348 1763 1396 1799 qui
1424 1763 1509 1790 alium
1544 1759 1693 1792 interiecit,
1721 1763 1749 1786 et

958 1814 1115 1844 substantia
1129 1812 1189 1847 ejus
1207 1811 1377 1846 publicatur.

1109 1858 1186 1885 CAP.
1207 1856 1278 1883 Xlll.
1301 1856 1338 1882 De
1362 1862 1432 1881 anno
1448 1852 1590 1880 bissextili.

995 1905 1143 1933 Βίσεχστον
1165 1903 1264 1930 Latina
1285 1910 1338 1929 vox
1353 1905 1406 1934 est,
1423 1899 1584 1935 signiﬁcans
1608 1897 1650 1925 bis
1673 1903 1744 1924 sex:

959 1961 1042 1981 voces
1057 1951 1130 1979 enim
1149 1950 1254 1977 Latina:
1271 1948 1410 1982 accipiunt
1433 1946 1452 1972 Β
1473 1953 1521 1980 pro
1540 1944 1572 1971 D.
1599 1943 1636 1970 Ita
1652 1948 1743 1969 autem

960 2001 1073 2032 dicitur,
1094 1997 1166 2032 quod
1183 1996 1242 2023 dies
1262 1999 1289 2022 et
1309 2001 1362 2022 nox
1381 1991 1535 2020 Februario
1556 1990 1665 2021 additae,
1688 1988 1747 2015 sin‘

962 2046 1031 2082 gulae
1051 2045 1093 2072 bis
1121 2051 1169 2070 sex
1193 2042 1275 2069 horas
1301 2039 1474 2070 contineant,
1496 2037 1543 2072 qui
1559 2036 1669 2071 quidem
1689 2033 1748 2082 dies

962 2078 1062 2128 quarto
1079 2089 1204 2125 quolibet
1225 2095 1297 2114 anno
1318 2085 1413 2121 perﬁci
1429 2084 1545 2116 solebat,
1565 2086 1665 2117 quarta
1689 2078 1748 2107 diei

963 2143 1052 2174 parte.
1066 2144 1127 2172 qua
1143 2134 1260 2170 singulis
1275 2133 1356 2160 annis
1365 2131 1525 2162 excedebat,
1536 2134 1601 2157 tunc
1615 2132 1749 2162 temporis

966 2187 992 2214 in
1018 2193 1102 2213 unum
1118 2184 1190 2211 diem
1212 2181 1386 2216 composita;
1415 2179 1468 2207 iste
1489 2183 1579 2205 autem
1599 2174 1749 2203 Februario

122 2227 213 2253 καῦτα
232 2225 438 2261 συντιθεμένου,
459 2226 520 2261 ἥτις
546 2225 593 2252 καὶ
612 2225 789 2260 προστίθεται
815 2225 852 2260 τῷ
867 2226 904 2252 Φει

968 2231 1110 2266 adjicitur,
1137 2233 1165 2257 et
1195 2228 1294 2256 exinde
1317 2226 1348 2254 tit
1363 2225 1435 2261 quod
1453 2224 1513 2252 dies
1530 2223 1631 2250 habeat
1652 2220 1699 2253 9.9,
1723 2223 1752 2248 et

119 2271 268 2307 Spouxptqi.
287 2271 324 2302 ὡς
343 2269 414 2298 εῖναι
440 2271 489 2303 τὰς
513 2271 609 2298 τούτου
635 2271 743 2307 ἡμέρας
757 2269 810 2304 κθ’,
823 2271 872 2303 τὰς
886 2271 914 2298 δὲ

118 2318 167 2344 τοῦ
185 2317 311 2344 ἐνιαυτοῦ
329 2317 437 2353 ἡμέρας
451 2318 523 2351 τξς’.

155 2363 260 2398 Συνέϐη
273 2363 302 2389 δὲ
319 2364 408 2400 τούτῳ
423 2366 470 2390 καὶ
488 2365 637 2400 ἀλλαχόθεν
658 2364 707 2400 τὴν
724 2364 912 2401 προσηγορίαν

118 2410 222 2445 ταύτην
246 2409 350 2437 λαϐεῖν.
380 2410 427 2442 Et;
449 2411 513 2446 τρία
527 2411 638 2446 διῄρουν
651 2412 676 2438 οἱ
707 2411 840 2446 Ῥωμαῖοι
857 2411 912 2438 τῶν

122 2457 216 2492 μηνῶν
229 2457 277 2487 τὰς
297 2456 404 2492 ἡμέρας
416 2464 422 2471 ·
439 2456 546 2488 καὶτὰς
565 2457 614 2491 μὲν
638 2456 785 2492 ὠνόμαζον
813 2456 912 2483 καλάν-

119 2502 168 2534 δας
179 2510 186 2517 ⁸
203 2502 252 2533 τὰς
263 2502 302 2534 δὲ,
316 2502 411 2533 νόννας
421 2510 430 2518 ο
446 2502 494 2534 τὰς
504 2502 543 2536 δὲ,
555 2502 653 2537 εἰδοὺς,
663 2503 717 2529 διπὸ
730 2511 812 2530 τινων
825 2503 910 2537 τριῶν

125 2547 273 2582 Ῥωμαίων
290 2547 462 2583 εὐπατριδῶν
487 2547 558 2574 οὕτω
577 2547 735 2582 κληθείσας,
754 2549 783 2574 ὲν
803 2548 909 2582 καιροῖς

120 2593 218 2629 λοιμοῦ
236 2593 393 2628 θρεψάντων
404 2594 468 2625 τοὺς
482 2594 510 2620 εν
523 2594 556 2629 τῇ
577 2593 683 2629 Ῥώμῃ.
702 2593 758 2621 Καὶ
780 2593 910 2621 καλάνδαι

123 2640 174 2676 μὲν
203 2640 328 2675 ἐλέγοντο
352 2640 417 2675 παρ’
435 2639 527 2671 αὐτοῖς
543 2640 570 2666 αἱ
598 2640 662 2676 παρ’
677 2639 792 2674 Ἕλλησι
808 2647 910 2675 νουμη-

122 2686 194 2712 νίαι·
213 2686 259 2712 ἐπὶ
277 2685 326 2720 μὲν
341 2685 465 2721 Μαρτίου
481 2686 528 2712 καὶ
552 2686 654 2718 Μαΐου,
678 2685 790 2712 Ἰουλίου
807 2694 837 2711 τε
861 2684 910 2712 καὶ

129 2732 309 2767 Ὀκτωϐρίου,
327 2732 380 2759 ἀπὸ
407 2732 456 2765 τῆς
488 2731 600 2768 πρώτης
616 2732 698 2767 μέχρι
722 2733 770 2767 τῆς
785 2731 806 2764 ζ’
819 2740 826 2748 ·
842 2731 909 2758 atat

126 2778 184 2814 μετ’
197 2779 281 2810 αὑτὰς
297 2779 378 2810 εὐθὺς
397 2779 521 2812 λέγονται
536 2779 637 2812 νόνναι,
656 2779 736 2814 μέχρι
758 2780 807 2814 τῆς
822 2778 863 2811 ιε’,
880 2779 907 2805 αἰ

123 2825 152 2852 δὲ
166 2825 268 2859 λοιπαὶ,
281 2826 356 2853 εἰδοί.
380 2824 443 2852 Ἐπὶ
457 2825 484 2852 δὲ
499 2826 552 2852 τῶν
569 2825 656 2853 ἄλλων
668 2826 776 2852 πάντων
805 2825 906 2861 μηνῶν,

125 2869 176 2902 τὰς
194 2870 243 2904 μὲν
259 2872 352 2902 νόννας
365 2871 419 2898 ἀπὸ
439 2870 488 2905 τῆς
502 2871 521 2898 ε’
534 2871 626 2906 ἔλεγον
641 2871 687 2898 τοῦ
707 2871 799 2906 μηνὸς,
816 2871 864 2903 τὰς
879 2871 906 2898 δὲ

965 2285 1053 2304 annus
1070 2275 1133 2304 366.

999 2366 1121 2401 Contigit
1149 2368 1282 2399 praeterea
1308 2359 1518 2396 appellationem
1546 2358 1617 2385 hanc
1638 2356 1751 2384 aliunde

965 2414 1082 2442 desumi.
1101 2410 1219 2438 Romani
1235 2409 1371 2437 mensium
1388 2407 1447 2434 dies
1469 2406 1497 2433 in
1512 2405 1564 2432 tria
1583 2404 1750 2433 diviserunt.

964 2459 1033 2487 alios
1049 2456 1200 2488 Kalendas,
1229 2455 1299 2482 alios
1326 2453 1432 2485 Nonas,
1451 2452 1521 2479 alios
1537 2459 1601 2479 vero
1616 2451 1680 2478 ldus
1697 2457 1748 2478 no-

964 2505 1114 2535 minantes,
1131 2510 1145 2529 a
1159 2502 1248 2529 tribus
1262 2500 1424 2536 proceribus
1436 2498 1570 2526 Romanis
1588 2498 1629 2525 sie
1646 2498 1749 2529 dictos,

962 2550 1009 2586 qui
1023 2549 1049 2576 in
1067 2548 1150 2576 famis
1162 2547 1334 2581 temporibus
1344 2546 1485 2574 Romanos
1499 2545 1668 2572 nutriebant.
1693 2543 1749 2570 Ka-

962 2595 1050 2623 lendm
1058 2596 1092 2623 ab
1100 2595 1134 2622 iis
1142 2594 1222 2622 dictae
1231 2598 1304 2626 sunt,
1314 2600 1384 2628 quas
1391 2592 1478 2620 (ἔτιοοὶ
1490 2591 1630 2619 novilunia
1639 2593 1749 2623 vocant,

962 2650 1057 2670 mense
1068 2641 1178 2673 Martio.
1194 2640 1277 2672 Maio.
1289 2639 1362 2667 Julio
1385 2644 1413 2667 et
1428 2638 1552 2670 Octobri,
1572 2645 1587 2664 a
1602 2637 1692 2672 primo
1705 2636 1750 2664 die

962 2696 1047 2723 usque
1056 2688 1088 2725 ad
1099 2687 1257 2722 septimum,
1264 2686 1324 2714 dies
1332 2691 1423 2714 autem
1431 2685 1554 2721 proxime
1561 2688 1707 2719 sequentes
1714 2682 1749 2709 ad

961 2742 996 2762 xv
1009 2732 1092 2761 Nonae
1102 2733 1278 2766 dicebantur,
1295 2732 1392 2768 reliqui
1411 2739 1475 2759 vero
1485 2731 1559 2758 ldus.
1576 2729 1604 2757 In
1620 2729 1752 2757 omnibus

962 2788 1026 2808 vero
1042 2780 1156 2815 reliquis
1171 2780 1312 2807 Iliensibus
1333 2778 1424 2806 Nonas
1444 2786 1459 2805 a
1473 2777 1571 2812 quinto
1585 2775 1688 2804 mensis
1704 2774 1751 2802 die

960 2826 1152 2859 numerabant,
1164 2825 1227 2853 ldus
1241 2833 1306 2853 vero
1315 2833 1330 2852 ο
1346 2832 1406 2851 xm.
1418 2824 1532 2857 Propter
1542 2822 1614 2849 hanc
1631 2821 1751 2855 inaequa-

960 2873 1063 2901 Iitatcm
1103 2876 1233 2900 sacerdos
1269 2871 1386 2908 singulis
1423 2869 1573 2898 noviluniis
1612 2868 1750 2905 populum
