1948 3064
190 124 202 157 ἰ,
209 125 256 157 15!

789 128 974 161 ΜΑΤΤΗΑΞῙ
996 127 1217 160 BLASTARIS

1760 129 1832 160 1152

194 185 357 220 'nuuieatio,
373 186 432 215 sive
443 194 492 222 per
508 187 743 221 benedictionem,
765 189 823 217 sive
835 197 885 224 per
898 198 980 218 coro-

1044 189 1140 216 ἱικαίου
1154 189 1294 222 κοινωνία,
1310 188 1365 215 εἴτε
1377 188 1412 215 δι’
1425 187 1560 223 εὐλογίας,
1582 189 1637 215 εἴτε
1659 189 1705 216 διὰ
1726 198 1831 224 στεφα-

191 233 347 266 natlouem,
381 233 440 262 sive
467 242 517 270 per
545 236 759 262 instrumentum
786 236 981 265 contrahatur.

192 278 258 312 Qua
281 285 373 307 autem
398 285 498 315 praeter
517 281 600 309 hosce
622 282 719 309 modus
740 282 811 310 facta
840 289 917 316 sunt,
934 291 984 318 pro

191 332 246 351 non
258 325 409 353 contractis
426 325 573 354 habentur.

225 369 377 404 Legitimas
393 377 485 399 autent
510 372 620 406 nuptias
636 372 710 399 inter
725 380 755 400 se
780 372 897 401 Romani
914 380 982 401 con-

193 418 317 450 trahunt,
341 427 403 446 cum
425 427 455 446 ea
474 426 597 453 servant,
616 429 679 456 quae
703 422 811 455 legibus
826 422 860 449 de
877 422 982 457 nuptiis

188 469 328 500 praecepta
344 470 420 492 sunt.
438 465 553 500 Oportet
569 471 661 494 autem
685 475 776 495 mares
793 468 903 502 quidem
921 475 983 495 esse

191 511 308 546 puberes
321 532 328 544 ,
345 512 462 540 feminas
472 520 537 540 vero
550 513 601 540 viri
615 518 758 548 potentes:
788 515 840 542 hoc
852 520 904 547 est,
919 515 982 543 illos

189 558 320 585 excedere
336 559 471 586 decimum
496 564 628 593 quartum
653 568 770 593 annum,
794 561 843 588 has
862 562 982 596 majores

189 611 253 631 esse
278 604 424 631 duodecim
442 605 536 632 annis.
563 605 625 632 llaec
654 610 747 633 autetn
772 606 904 639 dicimus,
924 607 983 634 sive

192 649 401 683 patresfamilias
421 654 487 686 sint,
504 653 562 680 sive
578 652 750 682 ﬁliifamilias
767 653 798 687 ii,
814 654 863 690 qui
880 659 983 682 coeunt

190 696 217 723 in
233 697 452 726 matrimonium.
645 704 648 707 ‘

225 742 336 778 Nuptiz
355 752 410 772 non
423 745 491 772 liunt
507 746 559 773 nisi
576 747 753 775 Consentiam
770 751 824 775 tam
837 748 856 775 it
874 756 921 783 qut
933 755 981 776 co-

190 788 331 823 pulantur,
348 798 432 825 quam
451 792 499 826 qui
515 799 564 819 eos
581 793 682 820 habent
699 793 724 820 in
743 798 890 828 potestate.

224 833 339 869 Nuptias
363 844 418 864 non
443 837 495 864 viri
511 845 574 865 cum
596 839 712 866 muliere
727 840 906 874 concubitus,
933 841 981 869 sed

192 880 408 910 matrituouialis
424 890 521 911 eorum
539 891 695 913 consensus
708 885 786 915 facit.

223 970 310 998 Filius
322 972 513 1008 emancipatus
532 975 642 1010 plenam
659 983 744 1012 agens
761 981 883 1011 aetatem,
897 977 981 1005 etiam

189 1018 251 1045 sine
268 1025 406 1047 consensu
425 1021 513 1055 patris
531 1029 646 1050 uxorem
660 1024 748 1052 ducit.

222 1064 326 1093 Luctus
338 1067 548 1095 ascendentium
560 1077 614 1096 non
629 1070 746 1105 impedit
761 1071 874 1105 nuptias
886 1079 980 1100 carum

186 1117 368 1144 personarum
387 1121 448 1148 quae
463 1113 569 1149 lugent.
901 1124 903 1126 '

224 1156 276 1189 Qui
295 1158 364 1185 vivit
380 1159 407 1185 in
428 1161 567 1193 castitate,
592 1169 627 1189 ne
643 1168 760 1197 cogatur
787 1171 801 1191 a
832 1170 911 1199 patre
930 1174 981 1195 suo

187 1205 352 1231 cont-altero
366 1206 487 1240 nuptias,
503 1208 614 1235 tametsi
628 1209 822 1239 ﬁliusfamiliaa
837 1211 884 1239 sit.

221 1305 307 1335 Nemo
328 1313 436 1336 secreto
456 1314 616 1342 coronetur,
638 1311 686 1339 sed
708 1312 834 1347 pluribus
859 1321 980 1350 praesen-

185 1353 272 1381 tibus.
288 1354 340 1387 Qui
367 1359 459 1383 autem
476 1355 560 1384 fuerit
577 1365 662 1386 ausus
678 1358 706 1387 id
719 1358 821 1393 facere,
841 1368 922 1394 poena
936 1370 982 1390 ca-

189 1399 307 1435 stigetur
332 1409 338 1428 :
360 1401 397 1429 ita
425 1403 532 1431 scilicet
557 1409 587 1432 ut
609 1405 691 1433 etiam
720 1414 734 1433 a
750 1408 904 1441 sacerdote,
933 1410 980 1444 qui

185 1446 270 1474 rebus
286 1447 442 1477 inhonestis
465 1456 553 1478 semet
577 1451 787 1487 iuterposuerit,
816 1455 898 1490 digna
914 1463 980 1491 sup-

168 1493 447 1530 ,plicia‘esigantur,
464 1496 545 1532 juxta
560 1505 698 1526 canonum
722 1501 978 1529 ecclesiasticarum

185 1540 426 1570 constitutionem.

991 1544 1014 1574 C

221 1596 342 1629 Surdus,
358 1603 385 1626 et
403 1604 510 1631 mutus,
531 1604 558 1628 et
576 1608 665 1630 caecus
682 1603 794 1638 nuptias
812 1604 979 1633 contrahere

184 1648 312 1678 possunt,
325 1650 351 1672 et
363 1645 437 1674 dotis
454 1646 569 1674 nomine
585 1652 727 1676 tenentur.

185 1712 262 1740 CAP.
281 1712 328 1740 lll.
344 1713 380 1741 De
393 1714 426 1741 iis
439 1715 484 1750 qui
497 1716 604 1749 nuptias
622 1717 755 1752 legitimus
775 1719 978 1748 abominantur.

213 1802 319 1836 'Quacre
334 1809 396 1838 cap.
411 1803 428 1831 9
441 1803 540 1832 litterae
561 1806 591 1833 B.

185 1870 239 1906 62
255 1871 334 1914 ρΑΡ.
357 1871 455 1914 ιντηιη
469 1875 684 1914 contrahentibus
705 1878 849 1910 secundas,
875 1880 978 1914 tertias,

233 1906 322 1940 plures
342 1909 461 1943 nuptias,
481 1915 536 1937 tam
560 1911 623 1938 viris
641 1920 720 1946 quam
744 1906 911 1943 mulieribus.

220 2004 342 2034 Canonis
373 2007 405 2034 l7
425 2012 587 2036 sanctorum
608 2013 698 2044 apost.
716 2011 800 2039 verba
820 2017 908 2041 sunt:
926 2012 979 2047 Qui

186 2053 310 2087 geminas
327 2058 387 2088 post
406 2054 576 2090 baptismum
595 2059 737 2085 contraxit
753 2059 876 2094 nuptias,
892 2060 934 2087 vel
952 2060 978 2087 in

185 2100 382 2128 scortationem
396 2101 490 2136 lapsus
505 2107 558 2136 est,
570 2111 626 2131 non
645 2109 735 2139 potest
747 2105 894 2140 cpiscopus
906 2114 978 2140 esse,

184 2146 229 2173 vel
248 2146 402 2182 presbyter,
417 2147 460 2175 vel
476 2148 622 2182 diaconus,
641 2151 683 2177 vel
695 2151 808 2179 omnino
823 2153 894 2179 sacri
911 2160 979 2180 con-

186 2194 279 2230 sortii.
298 2193 365 2221 Nam
389 2200 535 2231 postquam
558 2197 680 2232 Spiritus
701 2199 790 2225 sancti
812 2199 902 2233 gratia
928 2207 978 2234 per

186 2240 258 2268 sacri
291 2240 464 2276 baptismatis
489 2243 664 2278 mysterium,
695 2244 771 2278 quod
805 2252 856 2272 nec
887 2245 978 2273 verbis

186 2286 316 2322 exprimi,
342 2295 394 2315 nec
411 2288 520 2324 concipi
553 2294 643 2316 mente
662 2294 766 2324 potest,
791 2290 825 2317 ab
849 2291 979 2320 omnibus

187 2333 316 2361 sordibus
333 2333 399 2361 eluit
411 2341 487 2367 eum,
513 2335 561 2370 qui
586 2335 751 2370 baptizatur,
770 2340 797 2363 et
811 2337 883 2366 lucis
895 2345 981 2373 capa-

186 2387 245 2407 ccm
272 2379 337 2408 fecit
354 2389 361 2408 :
378 2381 448 2408 nihil
471 2381 590 2416 amplius
616 2381 812 2417 impedimento
839 2389 892 2418 est,
912 2392 981 2420 quo-

188 2426 279 2454 minus
292 2427 362 2454 idem
374 2427 457 2456 etiam
476 2436 546 2464 pura
562 2429 713 2457 sacerdotii
726 2430 787 2458 luce
800 2431 979 2459 exhilaretur.

188 2473 289 2503 Verum
303 2480 365 2510 post
378 2484 488 2504 sacrum
511 2477 577 2504 illud
590 2479 744 2512 lavacrunt,
759 2480 834 2507 nulla
852 2487 902 2515 pro
914 2488 980 2515 pec-

187 2520 257 2548 catis
276 2522 382 2558 reliqua
400 2527 442 2551 est
466 2523 567 2557 hostia,
591 2532 653 2560 qua:
676 2526 863 2554 sacerdotium
886 2527 980 2564 largiri

186 2568 286 2603 possit.

995 2227 1016 2254 D

482 2628 520 2657 De
534 2629 687 2657 lectoribus.

225 2684 411 2719 Quamobrem
431 2690 532 2721 praeter
548 2694 611 2714 can.
630 2687 735 2714 faciunt
746 2686 865 2715 lectores
875 2687 920 2723 qui
936 2695 980 2716 se-

188 2732 295 2761 cundas
309 2733 419 2769 nuptias
429 2734 607 2768 contrahunt,
626 2740 654 2762 ct
673 2742 754 2762 suum
776 2735 900 2762 ordinem
913 2742 981 2763 con-

189 2784 311 2808 servant.

225 2826 314 2862 llujus
331 2831 444 2855 canonis
460 2827 550 2855 'etiant
578 2836 695 2863 magnus
718 2827 764 2855 ille
790 2827 906 2856 Basilius
923 2837 978 2857 mc-

189 2873 269 2904 miuit
286 2875 312 2902 in
331 2875 362 2902 l‘l
392 2883 497 2904 canone
511 2884 574 2911 suo,
588 2885 651 2905 cum
669 2876 708 2904 ait
725 2885 732 2904 ;
752 2877 804 2904 Eos
819 2877 864 2911 qui
881 2885 979 2905 secun-

1037 236 1172 270 νώμα-τος,
1190 235 1207 271 ἧ
1228 236 1273 262 διὰ
1288 235 1453 270 συμϐολαίου
1467 243 1474 250 ·
1497 235 1532 262 τὰ
1544 235 1574 262 δὲ
1592 237 1668 271 παρὰ
1678 236 1765 264 ταῦτα
1781 245 1830 272 γε-

1036 282 1139 317 νόμενα
1154 281 1193 314 ὡς
1213 281 1251 317 μὴ
1266 281 1399 315 γεγονότα
1410 281 1576 315 λογίζονται.

1070 373 1217 408 Ἐννόμους
1232 372 1260 399 δι
1280 372 1387 408 γάμους
1416 372 1519 407 μεταξῦ
1538 372 1663 408 ἀλλήλων
1681 373 1832 400 συνεστῶσι

1041 419 1184 455 Ῥωμαῖοι,
1214 419 1298 454 ἡνίκα
1327 419 1362 445 τὰ
1377 419 1442 454 περὶ
1468 419 1524 445 τῶν
1550 419 1647 453 γάμων
1664 420 1720 451 τοῖς
1734 420 1830 455 νόμοις

1035 465 1237 501 διηγορευμένα
1257 465 1408 500 φυλάξωσι.
1432 466 1479 492 Δεῖ
1494 465 1523 492 δὲ
1548 466 1612 497 τοὺς
1631 466 1681 500 μὲν
1709 466 1831 501 ἄρρενας

1035 512 1154 548 ὲφήῦους
1181 510 1264 544 εἶναι,
1289 512 1339 543 τὰς
1365 512 1393 538 δὲ
1422 511 1544 546 θηλείας,
1568 511 1664 547 ἀνδρὸς
1687 512 1829 544 δεκτικὰς,

1034 558 1169 590 τουτέστι,
1181 558 1244 590 τοὺς
1257 557 1308 592 μὲν
1332 557 1554 592 ὑπσρῦεῦηκέναι
1569 557 1615 584 τὸν
1626 566 1831 593 τεσσαρεσκαι-

1034 605 1147 631 δέκατον
1162 604 1269 640 χρόνον,
1288 604 1340 636 si;
1353 604 1382 630 δὲ
1412 604 1539 639 μείζονας
1554 601 1623 630 εἶναι
1648 604 1703 630 τῶν
1723 604 1831 631 δώδικοι

1035 651 1177 678 ἐνιαυτῶν.
1194 650 1286 677 Ταῦτα
1302 650 1330 677 δὲ
1343 651 1470 684 λέγομεν,
1497 651 1551 677 εἴτε
1572 650 1753 683 αὑτεξούσιοι,
1771 650 1828 676 εἴτε

1035 696 1191 728 ὑπεξούσιοί
1207 697 1275 723 εἰσιν
1290 697 1316 722 οι
1335 697 1403 732 πρὸς
1419 697 1509 732 γάμον
1527 698 1676 728 συνιόντες.

1070 742 1109 770 Οὐ
1124 744 1230 776 γίνεται
1241 742 1329 777 γάμος
1343 743 1368 769 si
1386 743 1424 778 μὴ
1437 743 1641 770 συναινέσουσιν
1650 743 1675 769 οι
1692 743 1831 770 συναπτό-

1036 798 1123 825 μενοι,
1140 789 1187 815 καὶ
1200 789 1224 815 oi
1239 789 1347 824 ἔχοντες
1363 789 1463 820 αὐτοὺς
1478 789 1667 821 ὗπεξουσίους.

1070 835 1122 862 Τὸν
1146 835 1236 870 γάμον
1253 835 1283 861 οὐ
1295 835 1326 861 ἰδ
1342 835 1565 870 συγκαθευδῆσαι
1577 836 1704 870 ἀλλήλοις
1723 836 1768 862 τὸν
1783 837 1830 864 ἂν·

999 873 1019 900 Β
1034 882 1085 917 δρα
1101 883 1149 909 καὶ
1160 883 1210 917 τὴν
1224 883 1343 916 γυναῖκα
1357 882 1525 918 συνίστησιν,
1543 882 1602 910 ἀλλ’
1623 883 1639 918 ἡ
1658 882 1766 918 γαμική
1778 885 1829 910 αὐ-

1034 928 1089 954 τῶν
1102 928 1268 960 συναίνεσις.

1075 974 1105 1000 '0
1119 973 1307 1007 αὐτεξούσιος,
1334 974 1442 1000 τελείαν
1468 975 1543 1008 ἄγων
1565 975 1615 1009 τὴν
1644 975 1768 1010 ἠλικίαν,
1781 975 1830 1002 καὶ

1034 1021 1118 1056 χωρὶς
1131 1020 1182 1054 τῆς
1195 1020 1243 1047 τοῦ
1266 1020 1369 1055 πατρὸς
1382 1021 1564 1052 συναινέσεως
1589 1022 1683 1055 γαμεῖ,

1068 1067 1110 1093 Τὰ
1125 1067 1210 1102 πένθη
1232 1066 1288 1092 τῶν
1307 1066 1437 1094 ἀνιόντων
1451 1067 1510 1098 join:
1540 1067 1681 1102 ἐμποδίζει
1698 1067 1762 1099 τοὺς
1779 1068 1830 1102 γά-

1034 1121 1101 1148 μους
1116 1112 1172 1139 τῶν
1188 1112 1360 1139 πενθούντων
1376 1112 1543 1146 προσώπων.

1073 1160 1104 1186 '0
1118 1160 1147 1185 ἐν
1166 1158 1330 1196 σωφροσύνῃ
1355 1159 1458 1193 διάγων
1476 1160 1512 1195 μὴ
1532 1160 1732 1194 ἀναγκαζέσθω
1757 1160 1828 1196 πρὸς

1033 1205 1121 1240 γάμον
1140 1206 1229 1232 ἐλθεῖν
1244 1205 1320 1241 παρὰ
1336 1205 1384 1234 τοῦ
1406 1206 1472 1233 ίδίου
1491 1206 1606 1241 πατρὸς,
1637 1207 1691 1234 κᾶν
1711 1207 1829 1240 busied-

1034 1259 1090 1282 σιος
1105 1248 1135 1287 ᾖ.

1068 1307 1174 1342 Μηδεὶς
1200 1308 1343 1343 μυστικῶς
1368 1308 1574 1342 στεφανούσθω,
1598 1309 1668 1336 ἀλλὰ
1682 1309 1830 1345 παρόντων

1033 1352 1163 1379 πλειόνων
1176 1361 1183 1368 ·
1202 1353 1216 1379 ὁ
1240 1353 1269 1379 δὲ
1283 1353 1363 1380 τοῦτο
1391 1354 1604 1388 κατατολμήσας
1633 1354 1756 1390 τιμωρίᾳ
1775 1363 1831 1381 σω-

1032 1399 1197 1433 φρονείσοω,
1213 1399 1335 1435 δηλονότι
1347 1400 1393 1433 καὶ
1405 1400 1452 1426 τοῦ
1471 1401 1577 1435 ἱερέως,
1586 1400 1624 1432 ὡς
1637 1401 1665 1427 ὲν
1675 1401 1732 1432 τοῖς
1741 1401 1830 1435 ἀπρε-

1032 1446 1113 1472 πέσιν
1141 1446 1238 1473 ἑαυτὸν
1267 1446 1519 1482 παρεμϐάλλοντος,
1538 1447 1588 1479 τὰς
1602 1447 1681 1480 ἀξίας
1695 1447 1829 1480 ιεὺούνας

1032 1493 1279 1528 εἰσπραττομένου,
1298 1493 1370 1520 κατὰ
1384 1493 1433 1528 τὴν
1450 1493 1504 1521 τῶν
1520 1493 1758 1529 ἑκκλησιαστικῶν
1777 1502 1829 1520 κα-

1029 1539 1116 1565 νόνων
1129 1538 1265 1571 διάταξιν.

1068 1594 1179 1629 Κωφδς,
1196 1595 1244 1622 καὶ
1256 1595 1364 1629 ἀλαλος,
1377 1597 1425 1623 καὶ
1433 1597 1544 1631 τυφλὸς,
1558 1596 1605 1623 καὶ
1617 1597 1717 1632 γαμεῖν
1730 1596 1829 1624 δύναν-

1030 1649 1087 1673 ται,
1102 1642 1146 1667 καὶ
1161 1642 1227 1677 περὶ
1239 1643 1353 1677 προικὸς
1368 1643 1518 1678 ἐνέχονται.

1031 1709 1157 1736 ΚΕΦΔΔ.
1174 1709 1211 1738 Γ¹.
1227 1710 1299 1744 Περὶ
1310 1711 1369 1738 τῶν
1381 1711 1453 1748 τοὺς
1465 1712 1614 1747 ἐννόμους
1626 1712 1742 1748 νόμους
1751 1713 1827 1746 ﬁds-

1322 1747 1529 1781 λυττομένων.

1067 1803 1148 1838 Ζήτει
1160 1804 1191 1830 τὺ
1207 1803 1230 1830 0'
1242 1812 1305 1839 κεφ.
1322 1804 1371 1831 τοῦ
1385 1805 1406 1831 Β
1422 1806 1568 1840 στοιχείου.

1031 1875 1157 1911 ΚΕΦᾹΛ.
1176 1876 1213 1902 A'.
1236 1876 1306 1907 Περὶ
1318 1875 1460 1911 atrii/«av,
1485 1876 1644 1911 τριγάμων,
1661 1877 1711 1905 καί
1727 1880 1826 1905 πολυ-

1067 1910 1169 1948 γᾴμων
1184 1911 1303 1948 ᾀνδρῶν
1319 1910 1356 1938 te
1364 1912 1413 1939 καί
1433 1912 1597 1948 γυναικῶν,
1615 1913 1665 1940 καί
1688 1913 1758 1948 περὶ
1782 1914 1829 1941 ὄι-

1066 1945 1171 1981 γάμων
1185 1947 1363 1982 ἱερωμένων.

1072 2015 1102 2042 Ὀ
1121 2014 1154 2047 ιζ’
1168 2015 1222 2042 τῶν
1236 2015 1322 2049 ἁγίων
1339 2015 1499 2043 ἀποστόλων
1521 2017 1624 2050 κανὼν,
1644 2018 1674 2044 '0
1697 2018 1762 2046 δυσὶ
1777 2020 1828 2053 γά-

1031 2072 1103 2098 μοις,
1125 2064 1203 2102 φησὶ,
1217 2063 1286 2098 μετὰ
1309 2063 1337 2090 τὸ
1353 2063 1496 2099 βάπτισμα
1511 2065 1656 2100 ὁμιλήσας,
1679 2066 1695 2102 ἢ
1711 2069 1829 2102 πορνείᾳ

1030 2098 1200 2145 περιπεσὼν,
1217 2110 1246 2136 οὐ
1259 2109 1371 2143 δύναται
1396 2108 1466 2137 εἶναι
1482 2111 1645 2144 ἐπίσκοπος,
1673 2112 1691 2148 ἦ
1704 2113 1829 2148 πρεοδύο

1030 2164 1121 2191 τερος,
1137 2155 1153 2191 ἢ
1167 2156 1301 2186 διάκονος.
1318 2157 1333 2191 ἢ
1348 2156 1418 2189 ὅλως
1430 2157 1477 2184 τοῦ
1497 2158 1638 2192 ἱερατικοῦ
1657 2160 1826 2193 καταλόγου.

1038 2202 1070 2228 Ἦ
1081 2202 1134 2238 γὰρ
1148 2202 1227 2238 χάρις
1242 2202 1289 2229 τοῦ
1306 2202 1441 2237 παναγίου
1454 2203 1673 2240 Πνεύματος.¹τῷ
1687 2206 1736 2232 τοῦ
1751 2207 1827 2233 θείου

1032 2248 1221 2283 βαπτίσματος
1249 2249 1406 2285 μυστηρίῳ,
1420 2249 1459 2284 τῷ
1475 2250 1546 2285 μήτε
1561 2242 1635 2286 λόγω
1653 2251 1739 2286 ρητῷ,
1756 2254 1827 2286 μήτε

1031 2296 1069 2330 νῷ
1097 2296 1276 2332 καταληπτῷ,
1302 2296 1404 2329 παντὸς
1430 2296 1519 2332 ῥύπου
1551 2297 1596 2324 τὸν
1621 2297 1827 2334 βαπισάμενον

1030 2342 1222 2374 ἁποπλύνασα,
1257 2343 1305 2370 καὶ
1321 2343 1411 2378 φωτὸς
1441 2344 1568 2371 δεκτικὸν
1597 2344 1777 2379 ἀποφήνασα,
1795 2345 1827 2372 οὐ

1032 2389 1132 2416 κωλύει
1151 2389 1248 2416 λοιπὸν
1271 2390 1317 2415 καὶ
1333 2389 1371 2424 τῷ
1391 2389 1505 2425 καθαρῷ
1522 2390 1592 2424 φωτὶ
1606 2391 1657 2425 τῆς
1672 2391 1827 2427 ἱερωσύνης

1030 2435 1126 2462 τοῦτον
1143 2435 1413 2470 καταφαιδρὺνεσθαι
1426 2443 1433 2450 ’
1452 2435 1523 2470 μετὰ
1537 2436 1567 2462 δέ
1583 2445 1615 2470 γε
1626 2437 1656 2463 τδ
1673 2437 1746 2464 θεῖον
1759 2438 1825 2464 λου-

1030 2482 1094 2517 τρὸν
1118 2481 1210 2508 οὐκέτι
1228 2483 1294 2518 περὶ
1309 2483 1454 2518 ἁμαρτιῶν
1472 2483 1652 2512 ὑπολείπεται
1668 2484 1761 2517 θυσία,
1781 2484 1826 2513 οἷα

1032 2528 1077 2553 καὶ
1095 2527 1247 2562 ἱερωσύνην
1264 2528 1444 2564 χαρίσασθαι.

1279 2630 1349 2664 Περὶ
1359 2630 1573 2665 ἀνα-γνωστῶν.

1070 2687 1152 2714 Ὥστε
1177 2688 1252 2723 παρὰ
1282 2689 1400 2720 κανόνας
1427 2688 1512 2724 δρῶσι
1529 2677 1585 2715 τῶν
1598 2690 1783 2723 όναγνωστῶν
1802 2692 1826 2718 οι

1006 2736 1013 2749 -’
1031 2734 1247 2770 διγαμὴσαντες,
1268 2736 1315 2762 καὶ
1329 2735 1377 2771 τὴν
1395 2735 1501 2762 οἰκείαν
1516 2735 1594 2768 τάξιν
1611 2736 1652 2762 ἐτι
1664 2737 1826 2772 διατηροῦν-

1032 2791 1087 2813 τες.

1067 2829 1119 2855 ’1ὀῦ
1137 2828 1248 2859 κκνόνος
1260 2829 1358 2855 τούτου
1378 2828 1424 2855 καὶ
1436 2829 1451 2855 ὸ
1467 2828 1554 2864 μέγας
1579 2829 1718 2864 μέμνηται
1743 2828 1826 2855 Baci-

1032 2878 1101 2908 '/.zta;
1121 2877 1148 2902 ἐν
1166 2875 1202 2911 τῷ
1219 2876 1363 2911 δωδεκάτῳ
1378 2875 1459 2902 αὑτοῦ
1473 2877 1574 2909 κανόνι,
1593 2876 1661 2908 Τοὺς
1673 2875 1819 2911 διγὰμους,
