1948 3064
203 158 271 193 1159

795 163 983 194 ΜΑΤΤῘΙΑΈΙ
1005 163 1219 195 BLASTARIS

1760 167 1834 201 1160

199 219 294 252 tertias
306 218 408 253 optavit
424 219 550 254 nuptias;
575 225 762 256 consuetaque
793 229 870 256 pmna
902 230 986 249 reme‘

1046 225 1207 260 ξυγγνώμης
1233 225 1367 259 ἀξιοῦται,
1396 226 1432 252 δι’
1457 225 1553 261 ἔφεσιν
1583 227 1755 259 παιδοποιΐας
1789 230 1837 256 τὸν

199 264 274 291 dimn
288 263 312 290 ei
326 264 481 297 adhibetur,
500 269 530 292 ut
553 265 640 293 tribus
665 266 745 294 annis
759 275 772 293 a
794 268 988 296 communione

199 315 336 339 arceatur.

485 431 523 458 De
549 431 707 467 polygamis.

236 487 330 514 Canon
346 487 363 514 3
386 495 446 522 syn.
471 487 625 515 Neocaesar.
640 507 647 519 ,
669 487 706 515 De
720 487 765 521 iis,
779 489 878 524 inquit,
899 490 945 524 qui
964 490 991 518 in

200 534 293 569 plures
310 534 419 567 nuptias
429 534 563 565 incidunt,
575 539 604 560 ut
621 534 689 561 ultra
703 539 759 561 tres
772 535 990 570 progrediantur.

202 584 309 613 tempus
320 577 429 614 quidem
444 578 624 613 praestitutum
639 578 816 606 manifestum
830 585 881 607 est.
894 581 928 608 At
945 588 987 608 re-

201 633 264 653 vera
278 624 452 652 manifestum
469 631 524 651 non
540 629 592 657 est,
620 632 684 652 cum
715 633 795 652 nemo
814 633 847 652 ex
872 627 992 661 antiquis

201 671 328 699 Patribus
342 671 407 698 illud
422 671 600 698 manifestum
618 671 724 698 fecerit.
748 671 801 699 Sed
823 673 992 708 resipiscen-

202 719 283 752 tium,
299 719 396 753 inquit,
419 717 485 745 fides
510 722 537 745 et
553 718 696 745 conversio
717 723 826 754 tempus
844 719 991 747 contrahit.

238 820 372 845 Caeterum
383 817 505 845 eruditus
517 817 561 844 ille
575 817 601 844 in
614 817 742 844 omnibus
755 817 883 850 Basilius,
899 821 994 846 oetua-

203 865 306 899 gesimo
319 871 426 891 canone
443 871 494 890 suo
508 883 516 896 ,
543 863 703 898 Nuptiarum
733 864 929 899 pluralitatem,
949 865 992 892 in-

203 910 273 945 quit,
306 910 406 937 silentii
433 909 550 944 caligine
585 908 678 936 Patres
707 909 879 942 obvelarunt,
911 910 992 937 veluti
1011 903 1030 930 Β

201 957 344 984 bestialem
376 961 403 984 et
434 956 549 983 alienam
580 956 614 983 ab
641 957 754 983 honesta
784 957 994 985 consuetudine.

202 1003 285 1031 Nobis
298 1009 389 1030 autem
408 1003 440 1030 ad
454 1003 575 1030 animum
592 1002 703 1034 accidit,
733 1003 787 1030 hoc
803 1008 859 1036 est;
885 1003 994 1031 videtur

201 1055 229 1077 et
243 1049 331 1084 placet
344 1049 448 1084 judicio
464 1053 570 1080 no~tro,
599 1048 686 1082 magis
702 1048 773 1075 hanc
791 1049 992 1085 castigandam,

201 1103 283 1130 quam
297 1096 383 1130 ipsum
402 1095 610 1122 scorlationem.
627 1095 662 1121 Et
676 1095 836 1129 nuptiarum
851 1095 993 1130 pluralitas

201 1147 252 1173 est,
272 1149 326 1168 non
341 1149 403 1168 eum
422 1141 517 1168 multis
544 1140 702 1175 promiscue
719 1149 776 1168 rem
803 1141 915 1174 habere,
944 1141 992 1169 sed

201 1188 326 1216 eumdem
343 1189 433 1223 plures
448 1195 547 1214 uxores
574 1187 685 1220 ducere,
711 1188 775 1215 licet
797 1195 850 1215 non
884 1195 938 1216 una
965 1191 992 1215 et

202 1235 298 1261 eadem
315 1235 383 1262 vice.
399 1233 466 1261 Nam
483 1235 584 1268 nuptiae
597 1242 650 1261 non
675 1238 781 1261 tantum
803 1239 866 1261 sunt
889 1241 993 1261 concu-

201 1280 275 1308 bitus
295 1288 357 1308 cum
377 1280 500 1313 muliere,
519 1281 590 1308 sicut
619 1281 717 1315 vulgus
745 1281 886 1308 hominum
916 1280 991 1316 loqui

201 1327 281 1357 solet,
312 1327 358 1354 sed
379 1326 541 1361 conjunctio
573 1327 657 1354 maris
679 1332 706 1354 et
722 1326 831 1354 femina:
848 1331 875 1354 et
898 1327 991 1355 omnis

199 1373 263 1399 vitre
277 1372 457 1406 consortium,
479 1373 564 1400 divini
581 1377 608 1400 et
622 1373 733 1400 humani
749 1373 820 1408 juris
835 1373 991 1400 communi-

201 1417 285 1449 catio,
304 1417 534 1452 quemadmodum
557 1418 629 1453 leges
647 1418 769 1445 tradunt.
787 1417 847 1445 Non
867 1419 938 1446 enim
956 1426 990 1446 ex

199 1463 396 1498 conjunctione
407 1463 541 1491 duntaxat
552 1470 747 1500 agnoscuntur,
757 1473 852 1492 verum
864 1466 946 1492 etiam
959 1473 990 1492 ex

201 1510 308 1537 illorum
320 1509 473 1542 affectione,
482 1511 535 1546 65
543 1511 589 1546 qui
603 1517 807 1539 contraxerunt.
819 1511 890 1538 Dicit
899 1516 991 1539 autem

200 1555 357 1589 nuptiarum
374 1555 559 1590 pluralitatem
573 1564 587 1584 a
602 1556 729 1584 Pati-ibus
744 1556 852 1584 silentio
865 1557 987 1592 praeteri-

200 1605 266 1633 tam,
283 1601 345 1635 quia
360 1601 455 1629 tertias
481 1601 590 1636 quidem
608 1602 716 1637 nuptias
741 1603 783 1630 lex
802 1602 944 1636 agnoscit;
960 1607 989 1630 at

199 1653 295 1673 eorum
316 1647 458 1681 pluralitas
474 1652 532 1674 tum
551 1648 667 1683 legibus.
691 1653 748 1675 tum
772 1649 925 1676 canonihus
949 1653 991 1676 est

200 1692 339 1726 prohibita
370 1692 467 1720 Omnis
495 1693 566 1720 enim
596 1698 752 1720 contractus
767 1694 990 1726 matrimonialis,

199 1735 247 1770 qui
278 1736 385 1763 tertiam
416 1737 574 1771 nuptiarum
597 1737 664 1764 lines
694 1738 803 1769 transit.
831 1739 989 1773 nuptiarum

199 1782 344 1815 pluralitas
357 1783 428 1809 hami
445 1783 529 1810 duhio
544 1783 654 1811 dicitur.
675 1783 804 1811 Eanrdem
824 1786 992 1813 scortatione

200 1829 321 1862 peiorem
340 1837 395 1856 non
409 1830 458 1856 abs
471 1838 500 1856 re
531 1831 728 1865 pronuntiavit.
751 1830 819 1858 Nam
849 1831 895 1866 qui
917 1839 992 1859 scor-

202 1878 275 1900 tatur
288 1874 314 1900 in
332 1882 361 1901 se
382 1874 468 1901 solum
491 1875 596 1902 facinus
609 1876 659 1903 hoc
673 1876 802 1910 admittit,
818 1876 883 1904 dum
896 1882 993 1911 sponte

202 1927 251 1946 sua
268 1925 355 1946 semet
370 1920 397 1947 in
410 1921 568 1954 voraginem
585 1921 805 1956 intemperantiae
820 1923 990 1957 praecipitat;

197 1965 245 1999 qui
265 1972 328 1991 vero
344 1970 456 1999 quartas
479 1971 526 1992 aut
541 1965 652 1999 qnintas
679 1966 847 1992 contraxerit
871 1966 992 2000 nuptias,

198 2015 225 2037 et
238 2018 332 2037 sacros
348 2018 468 2038 canones
486 2031 493 2044 ,
514 2011 561 2046 qui
594 2019 641 2038 eas
666 2011 822 2046 prohibent,
841 2012 992 2046 proculcat,

200 2063 226 2084 el
245 2065 390 2092 germanos
402 2065 466 2085 suos
483 2057 585 2085 liberos
600 2057 682 2085 aliirit
711 2057 823 2092 injuria,
841 2058 906 2085 dum
923 2065 993 2093 pra:-

199 2112 242 2132 ιοι·
258 2112 306 2132 eos
326 2105 408 2131 etiam
439 2105 548 2139 supr-ins
571 2110 709 2139 procreat.
755 2103 901 2139 Propterea
932 2109 994 2139 post

199 2151 287 2185 ipsius
305 2151 437 2179 facinoris
461 2152 650 2185 omisrionem,
677 2157 703 2180 et
718 2160 810 2179 veram
843 2151 994 2179 confessio-

199 2206 272 2231 nem,
302 2198 361 2225 vult
383 2198 465 2225 etiam
490 2199 603 2233 gravius
621 2199 695 2233 ipsos
721 2198 824 2231 puniri.
845 2206 926 2232 quam
945 2198 993 2233 qui

199 2245 312 2273 scortati
329 2244 438 2271 fuerint.
454 2244 500 2272 llis
518 2245 591 2272 enim
608 2245 791 2280 septennium,
820 2245 874 2273 illis
905 2253 992 2272 annos
1005 2256 1032 2287 Β

198 2295 264 2316 octo
281 2289 444 2323 constituit;
466 2289 488 2317 si
508 2284 636 2317 accurate
667 2293 786 2316 mentem
807 2289 833 2315 in
861 2297 903 2322 ea,
929 2297 991 2324 qua:

199 2335 242 2362 vir
262 2339 376 2362 sanctus
392 2336 496 2367 statuit,
512 2336 650 2362 doiixeris.
663 2335 731 2362 Nam
744 2334 768 2362 si
788 2334 906 2362 duorum
918 2335 991 2362 dun-

200 2385 276 2408 taxat
291 2381 413 2409 locorum
431 2382 598 2416 pmnitentiaa
613 2381 750 2409 mentione
775 2381 856 2414 facta,
872 2386 991 2416 quamor

200 2425 279 2455 in'eis
299 2436 386 2455 annos
399 2428 538 2464 przrterire
562 2427 664 2455 debere
679 2427 785 2454 deliniit
802 2437 809 2455 ε
834 2427 948 2455 omnino
961 2427 988 2455 in

1042 271 1134 306 τρίτον
1151 271 1240 306 γάμον
1258 272 1431 307 αἱρούμενος,
1445 273 1493 299 καὶ
1507 273 1546 308 τῷ
1560 274 1673 308 συνήθει
1695 275 1836 310 ἐπιτιμίῳ

1041 317 1278 356 θεραπευθήσεται
1291 338 1298 350 ,
1317 319 1362 346 ἐπὶ
1383 319 1457 355 τρισὶ
1477 319 1586 354 χρόνοις
1611 319 1661 356 τῆς
1686 321 1836 354 κοινωνίας

1041 362 1212 398 εἰργόμενος.

1301 444 1371 479 Περὶ
1387 444 1581 480 πολυγάμων.

1085 503 1114 529 ’0
1138 502 1189 536 τῆς
1207 504 1235 529 ἐν
1257 503 1463 540 Νεοχαισαρεία
1479 503 1589 530 συνόδου
1614 502 1704 539 τρίτος
1729 505 1836 538 κανὼν,

1044 548 1113 583 Περὶ
1128 549 1182 575 τῶν
1197 549 1346 581 πλείστοις,
1360 550 1439 584 φησὶ,
1452 549 1551 585 γάμοις
1566 551 1784 585 περιπεσόντων,
1794 551 1837 582 ὠς

1044 597 1092 622 καὶ
1105 596 1155 630 τῆς
1172 596 1324 631 τριγαμίίις
1338 595 1482 630 προελθεῖν
1494 597 1660 632 περαιτέρω,
1675 597 1689 623 ό
1704 597 1754 632 μὲν
1764 597 1836 632 ὠρι-

1044 643 1144 678 σμένος
1159 643 1256 677 χρόνος
1272 643 1361 678 σαφής
1373 651 1381 658 ·
1400 643 1424 669 εί
1443 643 1489 670 καὶ
1511 643 1633 678 ἀτεχνῶς
1649 643 1771 678 ἀσαφὴς,
1795 644 1835 679 μή

1043 697 1119 719 τινος
1135 688 1189 714 τῶν
1205 688 1392 723 παλαιοτέρων
1404 688 1586 723 δηλώσαντος.
1597 688 1628 715 Ἠ
1642 689 1670 715 δὲ
1681 690 1774 721 πίστις
1788 692 1836 716 καὶ

1045 736 1061 770 ἡ
1077 735 1234 770 ἀναστροφὴ
1251 735 1306 761 τῶν
1322 734 1527 771 μετανοούντων
1546 736 1705 772 συντέμνειν
1715 734 1771 764 οἶδε
1789 737 1837 763 τὸν

1044 782 1150 816 χρόνον,
1166 782 1243 816 φησί.

1089 829 1117 854 '0
1132 828 1160 854 δὲ
1176 828 1210 854 τὰ
1235 828 1326 856 πάντα
1355 829 1437 863 σοφὸς
1468 828 1617 861 Βασίλειος,
1635 829 1664 856 ὲν
1682 829 1721 865 τῷ
1742 832 1770 856 π’
1786 839 1838 856 κα-

1045 873 1112 906 νόνι,
1135 875 1192 910 Τὴν
1215 875 1389 911 πολυγαμίαν
1413 877 1439 902 οἱ
1465 876 1598 911 Πατὲρες,
1622 877 1701 912 φησὶ,
1720 876 1760 912 τῷ
1784 878 1837 911 τῆς

1046 921 1168 956 ἀκρασίας
1182 922 1374 957 συνεκάλυψαν
1387 923 1489 955 σκότει,
1505 920 1552 950 οἷα.
1564 923 1700 958 κτηνώδη,
1717 923 1766 950 καὶ
1785 924 1838 958 τῆς

1045 968 1220 1003 ἀνθρωπίνης
1235 969 1395 996 ἀπεοικυῖαν
1409 970 1557 1004 διαγωγῆς.
1567 969 1648 1004 Ἡμῖν
1659 969 1687 996 δὲ
1699 969 1838 1005 παρίστα-

1043 1025 1100 1049 ται,
1118 1017 1178 1052 ἦτοι
1193 1017 1267 1043 δοκεῖ
1287 1018 1334 1043 καὶ
1347 1017 1481 1052 κρίνεται,
1501 1017 1583 1055 πλέον
1606 1017 1622 1052 ἢ
1638 1017 1687 1053 τὴν
1703 1017 1836 1052 πορνείαν

1043 1064 1148 1099 ταύτην
1162 1064 1327 1096 κολάζεσθαι
1338 1073 1345 1081 ο
1360 1064 1520 1099 πολυγαμία
1540 1065 1569 1092 δέ
1585 1065 1660 1091 ἐστιν
1677 1064 1707 1091 οὐ
1720 1065 1752 1092 τὸ
1766 1065 1838 1091 πολ-

1044 1112 1103 1144 λαῖς
1113 1113 1267 1149 ἀδιαφόρως
1277 1113 1438 1149 μίγνυσθαι,
1449 1113 1516 1140 ἀλλὰ
1526 1113 1558 1140 τὸ
1569 1113 1669 1145 πολλὰς
1677 1113 1835 1147 ἀγαγέσθαι

1043 1160 1089 1186 τὸν
1105 1160 1198 1192 αὐτὸν,
1221 1161 1245 1186 εί
1267 1160 1315 1187 καὶ
1337 1161 1374 1196 μὴ
1387 1160 1496 1194 ἀθρόον.
1507 1160 1614 1195 Τάμος
1631 1160 1686 1195 γὰρ
1698 1160 1728 1186 οὐ
1739 1160 1770 1186 τὸ
1785 1169 1834 1193 γυ-

1044 1207 1119 1234 ναικὶ
1134 1207 1328 1242 συμφθαρῆναι
1341 1207 1422 1242 μόνον
1431 1208 1489 1234 ἐστὶ
1499 1207 1570 1234 κατὰ
1587 1207 1766 1242 χυδαιοτέραν
1779 1206 1837 1233 διά-

1043 1254 1150 1287 λεκτον,
1164 1253 1222 1282 ἀλλ’
1232 1254 1329 1288 ἀνδρὸς
1340 1254 1388 1282 καὶ
1401 1254 1531 1289 γυναικὸς
1548 1254 1693 1289 συνάφεια,
1708 1253 1756 1280 καὶ
1768 1261 1838 1286 συγ-

1043 1302 1183 1338 κλήρωσις
1202 1302 1249 1329 τοῦ
1271 1302 1329 1337 βίου
1345 1301 1445 1334 παντὸς
1462 1302 1534 1328 θείου
1551 1310 1581 1328 τε
1598 1301 1644 1328 καὶ
1658 1300 1836 1334 ἀνθρωπίνου

1042 1350 1148 1377 δικαίου
1164 1349 1302 1381 κοινωνία,
1317 1349 1354 1380 ὡς
1364 1348 1390 1375 oi
1406 1348 1484 1383 νόμοι
1496 1348 1712 1383 διαγορεύουσιν.
1728 1347 1768 1373 Ui:
1781 1346 1836 1381 γὰρ

1043 1396 1098 1422 ἀτιδ
1111 1395 1197 1430 μόνης
1212 1394 1264 1426 τῆς
1279 1394 1429 1429 συναφείας
1445 1394 1622 1428 γινώσκεται,
1636 1394 1704 1420 ἀλλὰ
1721 1393 1770 1420 καὶ
1781 1392 1837 1419 ἀπὸ

1043 1443 1095 1478 τῆς
1106 1441 1252 1473 διαθέσεως
1262 1441 1316 1468 τῶν
1329 1441 1567 1474 συναλλαξάντων.
1575 1440 1836 1475 Ἀποσεσιωπῆσθαι

1042 1489 1071 1517 δέ
1090 1498 1158 1524 φασι
1173 1490 1229 1520 τοῖς
1244 1488 1395 1523 Πατράσιν,
1411 1488 1452 1515 δτι
1464 1489 1481 1523 ἡ
1493 1488 1542 1522 μὲν
1559 1488 1695 1523 τριγαμία
1706 1487 1747 1523 τῷ
1758 1487 1837 1522 νόμῳ

1043 1536 1270 1571 ἐπιγινώσκεται,
1287 1536 1303 1570 ὴ
1318 1535 1346 1562 δὲ
1362 1535 1521 1570 πολυγαμία
1539 1535 1587 1562 κα).
1601 1537 1658 1567 τοῖς
1675 1536 1771 1570 νόμοις
1785 1535 1836 1562 καλ

1043 1586 1100 1617 τοῖς
1113 1585 1223 1612 κανόσιν
1243 1584 1405 1619 ἀπείρηται.
1423 1583 1481 1610 Πᾶν
1498 1583 1551 1618 γὰρ
1566 1583 1757 1618 συνάλλαγμα,
1773 1584 1837 1613 τοὺς

1043 1631 1301 1668 ὃρουςὺπερϐαῖνον
1315 1632 1366 1665 τῆς
1382 1630 1543 1667 τριγαμίας,
1559 1630 1719 1664 πολυγαμία
1742 1630 1837 1663 σαφῶς

1042 1677 1226 1713 όνομάζεται⁸
1249 1677 1298 1704 καὶ
1321 1676 1373 1709 τῆς
1391 1676 1521 1711 πορνείας
1539 1675 1567 1703 δὲ
1591 1675 1688 1710 εἴρηκε
1709 1675 1835 1710 χείρονα,

1043 1727 1090 1752 καὶ
1106 1725 1179 1759 μάλα
1190 1725 1314 1756 εἰκότως.
1329 1723 1360 1751 ’0
1379 1722 1428 1757 μὲν
1442 1724 1496 1758 γὰρ
1513 1721 1662 1757 πορνεύων,
1680 1723 1720 1754 εἰς
1736 1721 1836 1748 ἑαυτὸν

1044 1773 1124 1806 μόνον
1149 1771 1199 1807 τὴν
1216 1771 1324 1798 ἀδικίαν
1349 1771 1520 1806 προΐστησιν,
1536 1770 1626 1796 ἑκοντὶ
1645 1769 1684 1804 τῷ
1702 1769 1834 1806 βαράθρῳ

1043 1818 1092 1853 τῆς
1107 1817 1256 1848 ἀκολασίας
1269 1817 1364 1843 ἑαυτὸν
1377 1817 1558 1853 ὲπιρῤίπτων.
1567 1817 1596 1842 '0
1610 1815 1638 1842 δὲ
1651 1815 1672 1841 δ’
1684 1815 1701 1851 ἦ
1714 1813 1735 1841 ε’
1746 1815 1836 1850 γάμον

1043 1865 1124 1900 δῆθεν
1141 1864 1231 1897 ἑαυτῷ
1249 1863 1427 1897 συναλλάξας,
1443 1863 1617 1898 κατορχεῖται
1643 1862 1693 1897 μὲν
1712 1862 1767 1888 τῶν
1782 1870 1837 1888 κω-

1043 1912 1163 1939 λυόντων
1177 1911 1272 1937 τοῦτον
1293 1910 1373 1937 θείων
1387 1909 1518 1942 κανόνων,
1531 1909 1620 1936 ἀδικεῖ
1640 1908 1669 1935 δὲ
1686 1908 1751 1939 τοὺς
1769 1916 1836 1943 γνη-

1043 1959 1120 1990 σίους
1130 1957 1213 1984 αὐτοῦ
1223 1957 1330 1990 παῖδας,
1342 1957 1539 1991 παρασπείρων
1549 1955 1654 1987 τούτοις
1665 1955 1713 1981 καὶ
1721 1954 1817 1986 νόθους
1827 1974 1834 1982 .

1044 2005 1091 2033 Διὸ
1115 2005 1161 2032 καὶ
1185 2004 1253 2039 μετὰ
1274 2005 1322 2038 τὴν
1341 2004 1391 2039 τῆς
1405 2003 1579 2038 παρανομίας
1596 2002 1768 2037 ἀπαλλαγὴν.
1786 2001 1834 2028 καὶ

1043 2054 1094 2086 τὴν
1117 2051 1232 2086 γνησίαν
1252 2050 1458 2085 ἐξομολόγησιν,
1473 2052 1521 2076 καὶ
1539 2049 1620 2076 πλέον
1643 2050 1698 2076 τῶν
1720 2057 1838 2084 πορνευ-

1045 2099 1151 2125 σάντων
1165 2097 1325 2125 εὐθύνεσθαι
1341 2097 1430 2130 ἀξιοῖο
1452 2098 1516 2129 τοὺς
1537 2098 1588 2132 μὲν
1602 2097 1656 2132 γὰρ
1681 2097 1721 2127 εἰς
1738 2097 1837 2122 ἑπταε-

1044 2145 1116 2176 τίαν,
1136 2144 1199 2174 τοὺς
1217 2143 1245 2170 δὲ
1273 2143 1322 2169 καὶ
1341 2144 1381 2174 είς
1395 2142 1467 2168 όκτὼ
1486 2142 1646 2176 παρατείνει
1665 2141 1789 2176 χρόνους,
1811 2141 1838 2168 ει

1044 2190 1167 2225 ἀκριϐῶς
1189 2190 1234 2216 τὴν
1253 2189 1315 2216 νοῦν
1331 2189 1490 2223 ἐπιστήσεις
1511 2191 1567 2220 τοῖς
1582 2189 1630 2215 τοῦ
1646 2189 1724 2221 ἁγίου
1739 2188 1836 2214 Θεσπί-

1046 2247 1158 2273 σμασιν.
1173 2236 1204 2263 Εἰ
1219 2237 1274 2272 γὰρ
1292 2235 1346 2262 τῶν
1361 2235 1406 2262 δύο
1422 2235 1513 2262 τόπων
1531 2235 1582 2270 τῆς
1595 2235 1740 2269 μετανοίας
1756 2236 1838 2270 μόνον

1047 2284 1189 2320 μνησθεὶς,
1205 2283 1340 2318 τέσσαρας
1363 2282 1392 2307 ἑν
1414 2282 1506 2312 αὐτοῖς
1531 2281 1647 2307 διελθεῖν
1671 2281 1755 2316 ὥρισε
1774 2282 1838 2315 χρό-

1046 2340 1118 2363 νους,
1134 2329 1206 2366 ἦπου
1221 2328 1269 2356 καὶ
1281 2330 1309 2355 ἐν
1325 2329 1380 2360 τοῖς
1393 2328 1468 2354 δυσὶν
1480 2328 1596 2362 ἑτέροις,
1610 2327 1657 2359 οὓς
1671 2327 1781 2362 παρῆκε
1793 2328 1838 2354 διὰ

1044 2377 1192 2412 συντομίαν
1217 2375 1255 2407 ὡς
1276 2375 1378 2410 δήλοις,
1397 2375 1507 2410 ἐτέρους
1528 2374 1574 2400 δεῖ*
1589 2374 1725 2408 τέσσαρας
1742 2374 1839 2408 διαγα-

1045 2425 1114 2459 γεῖν,
1131 2423 1183 2458 πρε
1195 2422 1246 2456 τῆς
1261 2421 1316 2448 τῶν
1328 2421 1507 2455 ἁγιεέσμάτων
1525 2419 1672 2454 μεθέξεως.

199 2476 306 2503 duobus
322 2477 402 2503 etiam
432 2476 505 2508 aliis,
535 2483 605 2510 quos
624 2475 778 2511 compendii
795 2483 878 2504 causa
905 2475 988 2504 veluti
1007 2474 1169 2502 manifestos
1179 2472 1282 2505 omisit,
1295 2471 1341 2498 alii
1359 2474 1479 2506 quatuor
1495 2470 1560 2497 anni
1590 2475 1672 2498 erunt
1703 2470 1834 2505 exigendi

199 2529 262 2550 ante
277 2529 511 2551 sacramentorum
532 2524 744 2559 perceptionem.

564 2591 627 2619 Lex.

234 2648 315 2682 Legis
330 2652 422 2675 autem
440 2649 498 2675 haec
517 2649 599 2676 verba
620 2654 705 2677 sunt:
740 2650 882 2678 Universis
901 2651 990 2678 mani-

198 2695 301 2723 festum
319 2699 391 2727 esto,
407 2695 479 2729 quod
496 2695 519 2722 si
536 2696 598 2730 quis
619 2704 702 2724 ausus
726 2697 811 2724 fuerit
827 2697 859 2724 ad
875 2703 990 2732 quartas

198 2743 347 2769 convolare
357 2741 478 2775 nuptias.
493 2750 554 2776 quze
566 2743 668 2778 Impure
683 2751 736 2770 non
749 2749 824 2776 sunt,
841 2752 894 2772 non
908 2744 990 2771 modo

197 2788 333 2822 futurum,
350 2794 433 2815 utea:
444 2791 544 2823 nuptiie
565 2797 615 2824 pro
638 2790 721 2817 nullis
745 2791 920 2824 habeantur,
943 2790 991 2818 sed

199 2843 235 2862 ne
262 2835 342 2862 liberi
369 2835 480 2870 quidem
508 2843 539 2863 ex
567 2837 601 2863 iis
623 2837 758 2871 procreati
784 2844 834 2869 pro
864 2835 992 2872 legitimis

201 2881 358 2914 ducantur;
373 2882 497 2917 adeoque
515 2883 604 2917 pwnis
622 2882 705 2910 etiam
729 2883 896 2918 pollutorum
913 2890 991 2911 scor-

181 2596 192 2642 ξ

1384 2591 1493 2624 Νόμος.

1086 2649 1115 2676 'O
1129 2649 1156 2676 δὲ
1169 2649 1251 2683 νόμος
1264 2649 1347 2682 φησίν
1363 2657 1370 2663 ·
1389 2647 1480 2674 Ἔστω
1495 2647 1542 2674 οὖν
1561 2647 1641 2674 τοῦτο
1659 2649 1728 2675 πᾶσι
1750 2650 1836 2676 κατά-

1043 2698 1134 2733 δηλον.
1149 2697 1186 2728 ὡς
1200 2697 1277 2728 εἴτις
1291 2696 1436 2731 τολμήσειε
1450 2703 1519 2730 προς
1532 2695 1663 2730 τέταρτον
1676 2696 1778 2732 γάμον,
1791 2697 1835 2723 τὸν

1043 2744 1074 2770 οδ
1089 2743 1190 2778 γάμον,
1207 2743 1304 2774 ἐλθεῖν,
1325 2743 1355 2769 οὐ
1377 2743 1457 2777 μόνον
1477 2743 1535 2769 ἀντ’
1549 2743 1658 2774 οὐδενὸς
1680 2744 1694 2769 ὁ
1716 2743 1835 2776 τοιοῦτος

1045 2788 1222 2823 νομιζόμενος
1237 2789 1324 2822 γάμος
1340 2788 1542 2823 λογισθήσεται,
1559 2787 1616 2815 ἀλλ’
1631 2788 1694 2815 οὐδὲ
1707 2790 1732 2815 οι
1746 2789 1777 2822 ἐξ
1787 2789 1835 2816 αὗ-

1044 2833 1092 2861 τοῦ
1105 2833 1245 2868 τεχθέντες
1259 2835 1350 2865 παῖδες
1362 2835 1468 2869 γνήσιοι
1481 2833 1701 2869 λογισθήσονται,
1715 2836 1763 2862 καὶ
1774 2836 1834 2866 ταῖς

1045 2882 1151 2913 ποιναῖς
1170 2881 1198 2907 δὲ
1213 2881 1268 2908 τῶν
1288 2880 1504 2916 μεμολυσμάνων
1526 2882 1559 2916 τῇ
1580 2882 1694 2916 πορνείᾳ
1710 2881 1833 2917 ὑποϐλη-
