1948 3064
174 185 242 216 1160

663 183 870 214 SYNTAGMA
891 181 1247 213 ALPIIABETICUM.—
1271 180 1299 213 Γ,

1729 176 1801 208 1170

172 240 274 272 νον-τες,
296 240 320 266 εξ
348 240 395 267 καὶ
414 240 485 267 κατὰ
517 240 666 275 διαφόρους
680 241 805 275 χρόνους,
836 239 904 275 μετὰ
928 239 949 265 τί

1012 237 1160 271 accipiunt,
1184 237 1248 264 licet
1264 236 1379 264 diversis
1397 235 1577 271 temporibus,
1599 237 1743 269 postquam
1758 233 1803 259 di-

172 287 378 321 διασπασθῆναι
394 288 440 314 τὴν
454 287 584 321 ἀθέμιτον
604 288 704 322 γάμον,
718 287 756 322 τῷ
770 287 818 321 τῆς
835 285 960 321 μοιχείας

173 334 332 361 ὑπόκεινται
348 335 474 370 κρίματι.

214 381 243 406 ’0
254 381 281 406 δὲ
294 381 342 407 οϐ’·
360 381 414 407 Καὶ
427 382 451 408 οἰ
465 382 525 413 ταῖς
541 382 686 416 μητρυιαῖς
710 380 800 408 αὐτῶν
817 379 962 413 ὲπιμαινό-

174 435 250 462 μενοι
272 427 310 461 τῷ
325 427 418 454 κανόνι
439 427 611 461 ὑπόκεινται,
634 424 656 461 ᾧ
669 427 717 454 καὶ
738 427 761 453 οι
775 427 834 457 ταῖς
856 425 960 451 ἑαυτῶν

171 473 301 506 ἀδελφαῖς
318 475 559 509 συμμιαινόμενοι.

215 518 244 544 '0
257 518 285 544 δὲ
299 519 347 553 τῆς
372 519 401 545 ὲν
416 518 618 554 Νεοκαισαρείᾳ
635 518 746 545 συνόδου
773 517 796 553 β’
811 517 860 552 τὴν
884 516 960 542 δυσὶν

170 564 293 598 ἀδελφοῖς
311 565 475 598 γημαμένην
488 564 647 596 ἐξωθεῖσθαι
670 564 720 598 τῆς
747 563 896 598 ὲκκληςίας
906 562 959 593 ἕως

171 611 287 637 θανάτου
304 610 420 642 κελεύει,
438 610 475 645 μὴ
502 610 670 645 πειθομένην
695 610 776 636 λῦσαι
799 609 899 644 δηλαδὴ
913 609 959 634 τὸν

170 658 279 691 γάμον·
309 657 380 692 νόσῳ
401 657 430 684 δὲ
456 657 661 692 περιπεσοῦσαν
676 657 723 684 τὸν
751 656 865 684 θάνατον
881 657 959 682 ἀπει-

169 703 264 739 λονᾶσῃ,
281 705 305 730 εὶ
330 704 540 738 ἐπαγγέλλεται,
562 704 599 736 ὡς
615 705 733 739 partem:
749 703 826 730 λύσει
850 703 895 729 τὸν
910 702 960 736 γά-

170 759 232 783 μον,
265 750 464 784 προσδέχεσθαι
496 751 535 782 εἰς
557 752 712 785 μετάνοιαν.
741 751 771 776 El
797 750 825 777 δὲ
845 751 893 777 καὶ
909 748 958 783 τὴν

169 797 287 829 γυναῖκα
306 795 468 830 τελευτῆσαι
489 797 621 832 συμόαἰη,
639 796 655 831 ἢ
680 795 727 823 καὶ
742 796 787 822 τὸν
805 795 901 830 ἄνδρα,
918 794 957 821 ἔτι

168 843 200 876 τῇ
228 841 340 878 τοιαύτῃ
370 842 529 878 παρανομίᾳ
553 842 765 878 ὲνεσχημένους,
792 841 957 876 δυσχερὴςή

171 887 300 920 μετάνοια
317 887 356 920 τῷ
376 887 596 922 περιλειφθέντι·
613 887 757 922 ἐλέγχεται
778 888 830 922 γὰρ
850 886 888 918 ὡς
907 886 957 913 οὐκ

168 933 201 958 ἂν
221 933 325 966 ἀπέστη
342 934 390 967 τῆς
407 934 557 968 ἁμαρτίας.
575 934 598 959 εἰ
623 933 663 960 ἔτι
679 934 778 969 περιῆν
797 933 828 960 τὸ
843 933 957 968 ἀποιχό-

169 987 251 1012 μενον
268 979 426 1013 πρόσωπον.

210 1066 240 1092 '0
263 1066 291 1093 δὲ
305 1068 355 1102 τῆς
371 1068 399 1094 ἐν
417 1068 539 1104 Ἀγκύρᾳ
555 1072 594 1095 κε’
615 1068 708 1101 ἰδικῶς
728 1069 792 1104 περί
819 1077 892 1101 τινος
912 1069 957 1096 ὲκ-

167 1112 336 1148 πεφώνηται,
349 1113 379 1145 ὃς
395 1115 480 1149 κόρην
497 1115 547 1149 μέν
567 1124 628 1142 τινα
643 1115 856 1151 ἐμνηστεύσατο,
874 1115 907 1150 τῇ
929 1115 956 1141 δὲ

166 1160 270 1193 ταύτης
297 1159 398 1195 ἀδελφῇ
429 1160 601 1196 συμφθαρεὶς
632 1160 771 1196 ἐγκύμονα
806 1160 954 1195 πεποίηκε.

166 1206 244 1233 Μετὰ
258 1206 285 1232 δὲ
297 1206 376 1232 τοῦτο
386 1206 526 1240 γήμαντος
542 1206 624 1233 αὐτοῦ
638 1207 688 1241 τὴν
706 1206 840 1242 μνηστὴν,
854 1208 871 1242 ἡ
888 1206 957 1240 φθα-

167 1255 245 1287 ρεῖσα
259 1253 312 1279 ὑπὸ
335 1254 385 1287 τῆς
407 1253 494 1287 λύπης
518 1254 671 1288 ἀπήγξατο.
686 1254 756 1286 Τοὺς
771 1253 816 1281 οὖν
834 1254 955 1281 συνειδό-

165 1308 215 1330 τας
239 1299 408 1334 ἐψηφίσαντο
431 1301 455 1326 nl
474 1301 596 1335 Πατέρες
621 1302 668 1328 ἐπὶ
685 1300 751 1327 δέκα
767 1301 814 1337 ἐτη
842 1301 881 1337 μὴ
896 1311 954 1328 κοι-

165 1346 297 1380 νωνῆσαι.
327 1346 483 1376 Συνειδότες
499 1346 528 1373 δέ
545 1347 598 1373 εἰσι
624 1348 648 1373 οἱ
674 1347 896 1382 συμπράξαντες,
923 1347 953 1374 οὐ

166 1392 220 1427 μὴν
233 1393 257 1418 οι
273 1392 380 1426 ἔχοντες
395 1393 487 1424 ἁπλῶς
505 1393 610 1427 εἴδησιν
633 1393 682 1420 καὶ
706 1394 829 1423 κωλῦσαι
858 1393 895 1429 μὴ
911 1394 956 1421 δυ-

163 1438 275 1472 νάμενοι
288 1446 295 1453 ·
313 1438 361 1464 ἐπὶ
374 1438 429 1472 γὰρ
447 1438 501 1464 τῶν
518 1438 656 1473 ἀθεμίτων
672 1439 798 1474 πράξεων
810 1439 859 1475 οὐχ
872 1438 954 1476 ἦττον

163 1483 188 1509 οἱ
209 1483 401 1519 συνεργοῦντες
417 1484 471 1510 τῶν
489 1484 652 1520 αὑτουργῶν
667 1486 864 1521 τιμωροῦνται.

521 1555 623 1592 Νόμοι.

1017 288 1129 318 remptm
1160 283 1261 310 fuerint
1288 283 1400 310 incesta:
1424 282 1538 317 nuptiae,
1558 280 1685 308 adulterii
1699 278 1804 314 judicio

1016 333 1153 356 tenrntul'.

1050 374 1143 402 Canou
1160 374 1194 402 79
1211 384 1217 402 :
1233 374 1320 402 Etiam
1338 375 1367 408 ii,
1385 375 1430 410 qui
1448 382 1508 401 cum
1525 372 1650 400 novercis
1669 372 1727 399 suis
1742 378 1803 398 sese

1015 420 1151 453 polluunt,
1169 428 1275 448 canone
1293 425 1420 447 tenentur
1436 420 1543 450 eodem,
1564 425 1620 453 quo
1637 422 1665 445 et
1687 417 1802 455 illi,_qui

1014 474 1076 493 cum
1092 467 1150 494 suis
1164 474 1225 494 sese
1239 467 1382 494 sororibus
1399 466 1553 507 inquinant.

1048 513 1103 549 69
1113 513 1228 541 Concilii
1239 521 1303 542 vero
1311 513 1540 541 Neocresariensis
1551 519 1639 540 canon
1665 511 1802 539 secundus

1013 561 1156 598 mulierem
1173 568 1235 588 cum
1258 560 1366 587 duobus
1378 564 1491 594 nuptam
1512 559 1643 586 fratribus
1663 565 1750 592 usque
1767 557 1801 584 ad

1013 612 1128 633 mortem
1157 606 1254 641 expelli
1278 605 1394 633 ecclesia
1411 606 1500 641 jubet,
1525 605 1546 632 si
1571 612 1667 640 parere
1697 603 1802 630 scilicet

1013 652 1081 679 nolit
1099 652 1125 679 in
1140 651 1293 680 dirimendo
1311 651 1497 679 matrimonio.
1514 651 1542 678 Si
1567 657 1656 678 tamen
1673 650 1698 676 in
1726 656 1802 675 mor-

1013 697 1076 724 bum
1095 698 1231 731 inciderit,
1250 698 1296 732 qui
1315 700 1430 724 mortem
1448 697 1602 728 minitetur,
1621 703 1653 723 ac
1670 695 1801 730 pollicea-

1013 747 1055 769 tur
1068 751 1107 775 se,
1120 748 1263 778 postquam
1274 743 1453 774 convaluerit,
1468 742 1575 776 nuptias
1589 741 1799 775 dirempturam,

1011 789 1208 816 admittendam
1233 796 1295 816 esse
1326 788 1360 815 ad
1388 788 1588 823 pmnitentiam.
1622 786 1700 820 Quod
1718 787 1740 814 si
1760 786 1802 812 vel

1013 835 1166 867 mulierem,
1184 834 1225 861 vel
1238 834 1337 865 virum,
1352 834 1552 861 obiremOrtem
1567 833 1719 868 contingat,
1735 832 1799 858 dum

1011 881 1100 908 adimo
1114 881 1160 907 tali
1178 880 1300 908 facinore
1312 884 1376 907 sunt
1393 879 1524 914 implicati
1539 899 1545 910 ,
1567 877 1684 905 difﬁcilis
1712 878 1800 911 pumi-

1009 928 1090 955 tentia
1127 927 1265 962 superstiti
1304 933 1426 961 persouze
1455 925 1628 959 relinquitur.
1667 924 1799 958 Arguitur

1008 972 1092 1003 enim,
1110 972 1181 1006 quod
1198 979 1211 998 a
1226 976 1337 1006 peccato
1353 970 1508 998 discessura
1524 977 1578 996 non
1603 967 1694 999 fuerit,
1710 967 1731 994 si
1750 968 1799 994 ad-

1008 1019 1061 1046 huc
1079 1024 1221 1053 Superstes
1236 1023 1310 1045 esset
1329 1025 1444 1051 persona
1459 1016 1599 1045 defuncta.

1041 1064 1136 1092 Cauon
1160 1069 1250 1091 autem
1274 1063 1310 1090 ‘25
1337 1064 1437 1098 Aucyr.
1455 1070 1514 1098 syn.
1532 1063 1565 1090 de
1582 1061 1700 1097 quodam
1716 1069 1798 1096 pecu-

1008 1108 1111 1135 liariter
1127 1113 1166 1135 est
1185 1109 1389 1143 pronuntiatus.
1417 1108 1479 1143 qui»
1494 1108 1613 1142 puellam
1630 1108 1682 1134 sibi
1698 1114 1797 1140 quam-

1006 1155 1068 1182 dam
1084 1155 1276 1189 desponderat,
1293 1158 1321 1181 et
1337 1162 1365 1181 re
1380 1159 1474 1188 postea
1489 1161 1552 1181 cum
1566 1154 1626 1188 ejus
1640 1161 1734 1180 sorore
1749 1153 1797 1180 'na-

1007 1201 1073 1233 bita,
1090 1205 1273 1236 pnegnautem
1292 1199 1361 1226 hanc
1378 1199 1491 1227 fecerat.
1517 1198 1620 1226 Drinde
1648 1198 1793 1234 celebratis

1006 1253 1068 1273 cum
1085 1253 1186 1280 Sponsa
1213 1245 1330 1280 nuptiis,
1352 1249 1476 1279 stuprata
1493 1252 1570 1271 soror
1598 1244 1680 1271 animi
1699 1244 1795 1271 dolore

1006 1297 1078 1319 mota
1097 1292 1197 1327 laqueo
1212 1292 1294 1319 vitam
1312 1291 1428 1319 ﬁnierat.
1445 1291 1542 1326 Itaque
1559 1291 1685 1318 conscios
1706 1291 1732 1317 iu
1749 1298 1795 1316 an-

1006 1346 1056 1366 IIOS
1083 1338 1176 1366 decem
1205 1339 1338 1366 arcendos
1365 1346 1380 1365 a
1405 1339 1599 1365 communione
1626 1337 1721 1365 Patres
1739 1342 1794 1365 διελ-

1007 1388 1128 1412 tuerunt.
1158 1384 1269 1412 Conscii
1295 1391 1359 1412 vero
1374 1389 1439 1412 sunt
1465 1384 1597 1411 facinoris
1625 1384 1789 1418 participes,

1007 1439 1059 1458 non
1078 1431 1124 1466 qui
1141 1431 1302 1466 simpliciter
1321 1430 1360 1458 rei
1380 1430 1506 1458 notitiam
1524 1431 1673 1463 habebant,
1688 1434 1714 1457 et
1729 1437 1793 1464 pro-

1008 1477 1101 1505 hibere
1117 1485 1170 1504 non
1195 1482 1330 1512 poterant.
1355 1477 1422 1505 Nam
1451 1477 1478 1504 in
1507 1476 1618 1504 nefariis
1635 1476 1792 1503 actionibus

1007 1530 1060 1549 non
1076 1523 1168 1550 minus
1185 1523 1224 1550 illi
1240 1524 1286 1558 qui
1303 1523 1406 1550 factum
1421 1523 1563 1558 adjuvant,
1574 1529 1657 1558 quam
1669 1522 1716 1557 qui
1731 1522 1791 1558 ejus

1007 1573 1133 1596 auctores
1146 1573 1219 1602 sunt,
1236 1569 1398 1604 puniuntur.

203 1611 232 1638 '0
242 1613 269 1639 δὲ
286 1616 320 1640 ια’
337 1613 383 1640 τοῦ
407 1613 543 1648 Τιμοθέου
558 1615 764 1651 Ἀλεξανδρείας
795 1625 859 1649 τους
882 1617 949 1652 κλη-

1038 1614 1133 1642 Cauon
1153 1601 1218 1643 vero
1238 1601 1271 1642 ll
1303 1615 1439 1643 Timothei
1460 1615 1639 1643 Alexandrini
1667 1615 1789 1650 episcopi

162 1658 255 1691 ρικοὺς
274 1658 381 1686 κελεύει
402 1659 439 1694 μὴ
454 1660 563 1687 ἀπιέναι
586 1661 771 1695 καλουμένους
789 1662 829 1692 εἰς
849 1661 949 1697 γάμον,

160 1706 184 1731 εἰ
200 1705 326 1732 πύθοιντο
341 1705 411 1733 εἶναι
426 1707 596 1742 παράνομον,
609 1708 691 1743 εὐχῆς
703 1708 783 1742 χάριν
801 1710 847 1734 καὶ
864 1717 949 1744 προσ·

161 1753 266 1785 φορᾶς·
288 1751 385 1778 πολλοῦ
406 1761 437 1787 γε
468 1753 510 1779 δεῖ
540 1753 599 1788 μεθ’
617 1753 766 1788 ἱερολογίας
800 1754 948 1788 συζευγνύ-

159 1806 202 1823 ναι
220 1798 282 1829 τοὺς
306 1798 376 1824 οὕτω
393 1799 482 1836 γῆμαι
510 1800 723 1835 προελομένους,
744 1801 786 1827 ἵνα
809 1801 845 1836 μὴ
868 1801 948 1828 ἀλλοι-

158 1845 248 1879 τρίαις
262 1847 467 1881 κοινωνήσωοιν
484 1846 646 1882 ἁμαρτίαις.
661 1847 743 1882 Ζήτει
757 1849 804 1874 καὶ
821 1849 849 1874 ὲν
864 1847 903 1883 τῷ
916 1851 946 1875 ιε’

159 1899 229 1922 tes-,2.
263 1891 309 1917 τοῦ
344 1893 478 1927 παρόντος
497 1893 643 1928 στοιχείου,
674 1894 739 1928 περὶ
752 1893 799 1920 τοῦ
824 1895 948 1930 συμῳθα-

158 1937 252 1973 ρέντος
266 1939 299 1973 τῇ
314 1938 366 1974 ἰδίᾳ
381 1939 509 1975 πενθερᾷ.

539 2004 643 2040 Νόμοι.

198 2073 227 2098 Ὀ
243 2072 372 2107 ἀθέμιτας
387 2072 417 2099 οὒ
434 2073 592 2108 βεϐαιοῦται
608 2075 697 2110 γάμος
708 2083 715 2092 ·
734 2075 778 2103 διὰ
794 2077 885 2111 τοῦτο,
897 2078 945 2105 ἐὰν

156 2121 209 2154 προ
227 2121 393 2156 κατηγορίας
406 2121 485 2157 λυθῇ,
503 2125 688 2158 συγχωρεῖται
703 2125 719 2159 ἡ
738 2126 836 2160 ποινή.

197 2207 258 2234 Ἐπὶ
281 2208 328 2235 τοῦ
346 2210 374 2235 ἐν
391 2211 487 2246 ἀγνοίᾳ
508 2213 656 2246 γενομένου
680 2213 811 2248 ἅοεμίτου
839 2216 941 2250 γάμου,

1001 1662 1136 1696 praecipit,
1152 1666 1183 1689 ut
1196 1662 1301 1696 clerici,
1319 1670 1404 1697 quum
1421 1662 1583 1695 invitantur,
1605 1662 1719 1689 minime
1735 1669 1788 1688 llll-

1001 1709 1071 1743 ptias
1090 1710 1200 1742 adeant,
1215 1709 1238 1736 si
1256 1709 1374 1736 nefarias
1389 1717 1450 1737 esse
1472 1714 1650 1745 cognoscant,
1674 1716 1787 1743 precum

999 1761 1025 1781 et
1039 1754 1186 1782 oblationis
1217 1763 1313 1783 causa.
1337 1755 1456 1783 Tantum
1486 1757 1574 1787 abest.
1597 1761 1626 1782 ut
1656 1755 1727 1783 votis
1744 1762 1788 1782 sa-

999 1801 1055 1828 cris
1074 1800 1319 1829 intervenientibus
1340 1809 1388 1829 eos
1404 1802 1572 1836 conjungere
1589 1801 1717 1833 debeant,
1740 1799 1787 1834 qui

1000 1847 1109 1881 nuptias
1128 1847 1291 1883 hujusmodi,
1312 1849 1475 1875 contrahere
1492 1848 1604 1880 volunt,
1620 1855 1654 1874 ne
1674 1847 1787 1881 partici-

999 1900 1046 1928 pes
1062 1893 1178 1920 aliorum
1193 1898 1368 1928 peccatorum
1389 1893 1464 1921 finiit.
1481 1894 1594 1927 Quaeras
1608 1893 1693 1920 etiam
1710 1893 1737 1919 in
1753 1893 1786 1919 l3

998 1947 1058 1974 cap.
1083 1939 1122 1966 lit.
1147 1941 1290 1975 praesentis
1315 1941 1349 1968 de
1364 1949 1396 1968 eo
1411 1941 1457 1976 qui
1481 1949 1544 1967 cum
1570 1941 1679 1974 propria
1704 1947 1786 1967 socru

998 1985 1193 2014 commercium
1214 1986 1319 2015 habuit.

1342 2033 1434 2071 Leges.

1033 2079 1168 2108 lnccstum
1201 2080 1406 2107 matrimonium
1429 2088 1481 2108 non
1503 2079 1784 2108 conlirmatur.ldco-

997 2134 1050 2161 que
1061 2126 1084 2153 si
1097 2131 1160 2154 ante
1173 2127 1378 2154 accusationem
1396 2127 1518 2154 solutum
1533 2128 1581 2159 sit,
1597 2135 1678 2163 pcena
1694 2127 1785 2155 remib

998 2173 1071 2200 titur.

1031 2219 1060 2246 In
1077 2221 1179 2255 nuptiis
1199 2221 1314 2249 incestis
1336 2229 1384 2256 per
1413 2222 1593 2256 ignorantiam
1622 2223 1781 2254 contractis,

153 2253 245 2280 δὲδωσι
256 2255 423 2291 συγγνώμην
436 2258 508 2292 καὶὴ
522 2258 680 2293 Ἐκκλησία,
697 2261 743 2288 καὶ
757 2262 772 2289 ἠ
787 2262 942 2298 ἐπανόρθω-

1007 2268 1101 2295 'eniam
1120 2269 1165 2295 dat
1184 2273 1238 2296 tatu
1260 2268 1393 2300 Ecclesia,
1412 2275 1493 2301 quam
1512 2269 1614 2302 peccati
1629 2269 1764 2296 correctio
1776 2287 1783 2299 ,

154 2308 196 2330 σις
215 2301 261 2327 τοῦ
285 2301 484 2337 ἁμαρτήματος
523 2306 570 2332 καὶ
594 2305 712 2339 μάλιστα
736 2307 760 2332 εὶ
783 2307 875 2341 μήπου
899 2317 941 2341 τις

152 2347 235 2373 αὑτοῦ
252 2348 453 2384 κατηγόρησεν.

188 2393 219 2419 Οἱ
241 2394 416 2428 αῐμομίκται,
445 2396 500 2422 εἴτε
518 2399 608 2431 γονεῖς
622 2399 690 2434 πρὸς
710 2400 805 2433 τέκνα,
824 2401 840 2437 ἧ
859 2402 939 2429 τέκνα

151 2439 219 2474 πρὸς
233 2441 334 2472 γονεῖς,
352 2440 367 2475 ἢ
392 2441 502 2476 ἀδελφοὶ
521 2444 591 2477 πρὸς
619 2445 748 2479 ἀδελφὰς,
762 2447 835 2481 ξίφει
852 2458 939 2484 τιμω-

151 2485 313 2520 ρεισοωςαν.
329 2487 360 2512 Ol
375 2487 402 2513 δὲ
417 2488 477 2514 κατ’
494 2489 578 2523 ἄλλην
593 2491 757 2525 συγγένειαν
770 2494 837 2528 πρὸς
857 2495 939 2530 ἀλλή-

149 2531 211 2563 λους
229 2533 472 2569 συμφοειρόμενοι,
488 2537 622 2570 τουτέστι,
640 2539 730 2574 πατὴρ
754 2541 793 2572 εἰς
820 2544 938 2575 γυναῖκα

148 2577 219 2608 υἱοῦ,
235 2577 252 2612 ἢ
268 2579 326 2610 υἱὸς
349 2581 388 2612 εἰς
404 2583 521 2615 γυναῖκα
540 2584 654 2618 πατρὺς,
678 2585 762 2620 ἤγουν
788 2589 935 2623 μητρυιὰν.

147 2623 164 2657 ἢ
185 2625 310 2659 πατρῳὸς
330 2626 370 2657 εις
400 2629 582 2665 προγόνην,ἢ
610 2630 724 2665 ἀδελςςὸς
750 2633 789 2665 εἰς
820 2635 936 2670 ἀδελ(ροῦ

147 2671 275 2702 γυναῖκα,
305 2671 321 2706 ἦ
338 2672 410 2704 Gaio;
424 2675 464 2705 εἰς
486 2675 609 2710 ἀνεψιὰν,
635 2677 651 2712 ἦ
667 2678 778 2712 ἀνεψιὸς
791 2681 830 2711 εἰς
849 2681 934 2714 Οείαν,

145 2715 161 2749 ἢ
179 2716 219 2746 εἰς
236 2716 282 2742 δύο
295 2717 425 2753 ἀδελφὰς,
441 2720 456 2755 ἢ
477 2722 516 2753 εἰς
538 2722 647 2757 μητέρα
663 2723 743 2758 ξένην
764 2726 809 2752 καὶ
823 2726 870 2761 τὴν
884 2728 935 2754 αὑ-

144 2762 193 2794 τῆς
209 2760 359 2797 θυγατέρα,
375 2766 422 2791 καὶ
436 2767 464 2791 ἐν
487 2767 590 2802 εἰδήσει
607 2765 681 2796 οὗτοι
699 2760 870 2806 μιγνύμενοι,
887 2782 935 2800 τυ-

144 2807 274 2841 πτόμενοι
292 2811 552 2846 ρινοκοτνίτθωσαν,
576 2814 654 2841 αὐτοί
678 2825 707 2842 τε
723 2818 770 2844 καὶ
786 2817 830 2850 αἶς
856 2828 933 2846 συνε-

144 2853 298 2889 φθάρησαν.

180 2900 213 2926 Οἱ
232 2903 299 2937 πρὸς
315 2903 404 2940 γάμον
421 2907 630 2941 συναπτόμεναι,
647 2909 662 2943 ἢ
680 2909 767 2942 ἄλλως
791 2914 931 2946 σαρκικώς

996 2314 1160 2348 praesertim,
1178 2314 1199 2341 si
1221 2314 1337 2341 uccduui
1355 2315 1419 2349 quis
1434 2322 1480 2342 cas
1498 2315 1649 2342 accusaxit.

1027 2400 1077 2433 Qui
1095 2408 1124 2427 sc
1147 2402 1257 2435 proprio
1273 2401 1399 2435 sanguini
1420 2402 1551 2435 miscent,
1573 2403 1631 2429 sive
1654 2407 1782 2436 parentes

992 2455 1052 2474 cum
1070 2447 1176 2480 liberis,
1193 2448 1249 2474 sive
1265 2448 1344 2475 liberi
1361 2455 1423 2475 cum
1442 2449 1612 2483 parentibus.
1627 2449 1669 2475 vel
1683 2449 1781 2476 fratres

991 2501 1052 2520 cum
1068 2493 1219 2525 sororibus.
1234 2493 1323 2529 gladio
1338 2495 1563 2528 puniantur.Qui
1575 2500 1666 2523 autem
1683 2505 1714 2523 ex
1727 2492 1780 2524 alio

990 2540 1163 2574 cognationis
1182 2541 1267 2575 gradu
1279 2541 1396 2569 invicem
1415 2543 1467 2570 sibi
1483 2547 1607 2578 stuprum
1625 2545 1778 2574 intulerint,

989 2587 1072 2614 Veluti
1083 2592 1158 2622 pater
1171 2588 1263 2621 nurui,
1277 2588 1319 2616 vel
1329 2588 1400 2616 ﬁlius
1412 2591 1489 2617 uxori
1500 2591 1595 2624 patris,
1608 2591 1660 2618 hoc
1669 2595 1720 2622 cst,
1732 2599 1780 2617 no—

989 2641 1086 2666 vcrcaz,
1100 2633 1141 2660 Vel
1155 2634 1420 2670 vitricusjprivignze,
1430 2636 1469 2663 vel
1483 2636 1565 2663 frater
1578 2638 1657 2663 uxori
1671 2636 1777 2669 fratris,

988 2679 1031 2706 vel
1056 2684 1171 2714 patruus
1190 2685 1236 2706 aut
1256 2681 1410 2707 avunculus
1425 2681 1484 2708 filia:
1500 2681 1593 2708 fratris
1608 2681 1650 2708 vel
1663 2682 1776 2714 sororis,

988 2726 1028 2752 vel
1041 2726 1114 2752 filius
1127 2726 1219 2753 fratris
1232 2727 1390 2754 autsororis
1400 2728 1542 2762 amittezvcl
1557 2733 1720 2761 malcrtcrae,
1734 2729 1776 2755 vel

986 2773 1032 2807 qui
1050 2772 1156 2800 duabus
1171 2774 1325 2806 sororibus,
1347 2778 1393 2800 aut
1422 2774 1501 2800 matri
1519 2779 1638 2802 exterrue
1654 2783 1685 2802 ac
1700 2775 1773 2802 illius

986 2819 1047 2846 lilia:
1063 2818 1201 2846 seicnsita
1219 2827 1249 2846 se
1263 2820 1373 2848 miscet;
1390 2820 1431 2846 his
1448 2820 1540 2852 simul,
1555 2826 1581 2847 et
1599 2822 1773 2853 ntulieribus.

985 2873 1053 2900 quas
1068 2871 1238 2899 stupraruut,
1257 2866 1408 2893 verberatis
1431 2874 1510 2893 nares
1528 2868 1735 2896 abst-initiantur.

1020 2914 1070 2946 Qui
1090 2913 1264 2940 matrimonio
1292 2913 1505 2949 conjunguntnr,
1538 2917 1578 2943 vel
1602 2919 1678 2943 aliter
1696 2924 1773 2943 com-
