1948 3064
224 114 293 149 ιτοι

822 115 1007 146 ΜΑΤΤΗ.ΕΙ
1029 116 1243 147 BLASTARIS

1784 119 1855 154 1192

218 174 318 201 diserte
335 180 389 201 non
403 171 606 200 contradicunt.
625 171 702 200 Tunc
716 178 807 201 autem
827 174 874 201 lilii
888 179 915 202 et
930 174 1002 201 tilize-

1061 174 1240 207 ιξούσιοιρὅτε
1248 175 1302 205 τοῖς
1311 174 1422 208 τρόποις
1430 171 1557 208 ἀναξίους
1563 175 1611 202 καὶ
1622 175 1751 212 αίσχροὺς
1761 179 1855 211 αὐτοῖς

218 220 338 248 familias
355 220 542 247 contradicere
561 219 695 247 duntaxat
709 225 834 254 possunt,
860 229 922 248 cum
948 228 1007 250 mo,-

218 267 293 294 ribus
307 266 432 301 indignos
448 270 475 293 et
497 270 589 302 turpes
615 266 655 293 eis
680 274 795 302 sponsos
816 271 944 301 parentes
960 266 1010 293 eli-

217 318 293 348 gunt.
321 313 350 339 Si
366 313 435 340 tales
451 318 540 340 autem
557 321 613 340 non
634 313 701 345 sint,
718 313 763 347 qui
781 313 820 340 eis
836 313 1008 348 desponden-

219 368 272 392 tlll',
287 359 350 386 licet
368 359 537 386 ethredari
562 367 592 387 se
608 359 685 386 liberi
710 359 816 391 malint,
832 359 964 386 duntaxat
979 363 1009 386 ιιι

219 415 270 434 non
287 410 445 442 parentum,
460 406 506 433 sed
525 414 581 433 sua:
596 406 731 433 voluntati
747 405 934 438 satisfaciant,
949 414 1008 433 om-

218 454 282 480 nino
298 461 350 480 non
367 453 459 480 valere
481 453 622 480 sancimus
645 459 739 480 eorum
757 452 923 479 institutum.
942 451 1008 479 Nam

217 501 380 536 cupiditates
406 499 558 533 juvenurn,
587 498 620 526 ad
653 499 790 526 excidium
815 504 841 526 et
868 499 1007 526 interitum

217 546 356 581 proprium
381 547 533 578 tendentes,
551 545 627 572 omni
652 545 734 572 modo
752 545 918 573 coercendas
936 553 1007 577 esse.

217 596 288 627 teges
301 592 366 626 ipsa:
383 595 517 618 statuunt.

252 638 485 665 Dissentientibus
515 642 605 664 autem
633 637 793 671 parentibus
814 637 841 664 in
865 638 1007 671 electione,

216 683 389 711 manifestum
412 688 453 711 est
466 684 550 719 patris
574 684 665 710 valere
682 684 827 718 judicium.
843 683 914 711 Filio
931 684 1010 711 fami-

215 730 264 757 lias
277 729 463 763 dissentiente,
479 730 616 764 sponsalia
642 730 752 756 nomine
763 730 820 764 ejus
841 738 896 758 non
912 732 990 758 tiunt.

249 821 330 848 Pater
363 820 543 847 tiliaafamilias
569 820 705 854 sponsalia
730 820 880 848 dissolvere
909 825 1006 855 potest,

213 874 267 893 non
287 865 368 892 etiam
385 866 574 900 emancipataa.

250 911 316 945 Qua:
331 913 404 947 quod
419 912 518 947 agitur,
532 912 684 947 intelligere
700 913 813 944 Videtur,
832 917 905 939 recte
921 920 1004 947 spon-

213 958 281 986 salia
298 958 448 992 contrahit,
463 958 514 985 hoc
530 963 582 990 est,
598 965 657 992 quae
671 965 724 984 non
741 957 830 984 minor
843 963 885 984 est
901 963 1006 992 septem

212 1004 303 1031 annis.
323 1004 469 1030 Enimvero
496 1004 519 1031 si
545 1003 717 1038 sponsalibus
735 1003 814 1030 factis
840 1003 912 1030 intra
934 1004 1008 1031 deci-

213 1058 287 1077 mum
316 1050 424 1077 tertium
453 1057 567 1082 annum,
594 1050 652 1076 ausi
681 1049 790 1084 quidam
821 1049 924 1076 fuerint
958 1050 1006 1077 de-

212 1097 349 1131 sponsatis
378 1097 420 1124 vel
437 1095 674 1127 benedictionem,
705 1103 785 1131 quam
816 1099 933 1128 vocant,
966 1096 1007 1123 vel

213 1150 345 1169 coronam
371 1142 502 1176 impertiri
530 1149 617 1169 :cum
643 1148 790 1168 sacrarum
811 1141 897 1176 legum
918 1145 1008 1168 trans-

213 1195 353 1224 gressores
385 1187 450 1215 facti
479 1187 546 1217 sint,
576 1187 665 1214 statim
693 1192 832 1214 contracta
857 1187 1006 1221 sponsalia,

212 1241 275 1262 cum
303 1241 334 1261 ea
352 1234 558 1269 conjunctione,
584 1241 644 1268 qua:
674 1233 791 1267 speciem
811 1233 942 1260 duntaxat
958 1233 1008 1260 ali-

213 1288 294 1315 quam
311 1281 403 1312 habet,
426 1280 622 1312 dissolventnr;
640 1284 667 1306 et
683 1280 716 1307 ab
730 1283 845 1314 utraque
860 1284 936 1313 parte
952 1279 1007 1306 col-

211 1327 282 1355 latas
298 1327 326 1353 in
356 1326 531 1361 sponsalibus
547 1333 651 1360 poenas,
666 1325 796 1352 {acinoris
814 1325 926 1352 admissi
941 1333 1006 1352 cau-

212 1381 253 1401 sa:
273 1373 410 1407 jacturam
426 1372 496 1398 hanc
523 1372 689 1398 sustinentes
718 1371 783 1398 ﬁsco
805 1371 945 1398 inferant:
975 1378 1008 1398 ne

212 1419 356 1447 sacerdote
381 1418 502 1452 quidem.
520 1417 567 1451 qui
587 1417 634 1444 tali
659 1424 744 1444 ausus
763 1417 846 1444 fuerit
873 1417 1007 1445 interesse

216 1465 300 1498 actui,
318 1469 395 1492 extra
422 1463 527 1498 culpam
543 1463 694 1490 constituto
708 1482 715 1496 ,
734 1463 781 1490 sed
802 1463 891 1498 legum
915 1470 1006 1491 sacra-

213 1518 272 1538 rum
295 1509 434 1538 severitati
452 1508 633 1544 subjiciendo.

247 1556 349 1584 Luctus
380 1555 472 1583 mariti
500 1554 641 1583 mulierem
675 1555 812 1590 sponsalia
840 1555 1004 1583 contrahere

209 1611 262 1630 non
288 1603 423 1638 prohibet.

244 1649 297 1681 Qui
315 1650 432 1684 puellam
463 1649 582 1676 adultam
607 1650 659 1678 sibi
687 1651 843 1686 despondit,
869 1657 918 1677 nec
936 1654 1004 1677 tem-

209 1701 260 1728 pus
275 1694 301 1720 in
322 1695 497 1728 sponsalibus
513 1695 678 1729 constituit,
704 1696 814 1731 nuptias
836 1696 962 1730 exsequi,
979 1703 1003 1733 si

208 1739 302 1766 eadem
331 1740 356 1766 in
384 1740 521 1774 provincia
548 1741 630 1775 degit,
649 1742 719 1768 intra
738 1742 878 1769 biennium
903 1742 1002 1769 debet:

205 1786 248 1812 sin
273 1785 371 1812 absens
393 1790 445 1817 est.
472 1786 542 1813 intra
573 1787 733 1814 triennium.
759 1787 837 1820 Quod
857 1787 878 1815 si
913 1787 1003 1815 facere

208 1830 396 1864 supersederit
421 1831 525 1866 absque
542 1832 678 1866 probabili
695 1841 790 1866 causa,
813 1834 892 1861 alteri
913 1834 1002 1869 puella

207 1877 337 1911 conjungi
359 1882 456 1911 potest.

243 1923 375 1950 Prawsides
402 1924 428 1950 in
454 1931 485 1951 ea
515 1923 664 1959 provincia,
691 1932 771 1959 quam
796 1924 1000 1958 administrant,

205 1969 343 2002 sponsalia
372 1969 534 1995 contrahere
559 1977 610 1995 non
632 1970 741 1996 debent.
762 1969 789 1996 Si
807 1977 869 1996 vero
885 1969 910 1996 id
927 1969 1002 1996 fece-

206 2016 270 2048 rint,
286 2015 348 2042 licet
363 2015 466 2049 puellm,
482 2023 514 2042 ae
529 2016 687 2050 parentibus
704 2016 775 2050 ejus,
792 2021 838 2043 aut
853 2017 1001 2047 tutoribus,

206 2066 253 2088 aut
268 2061 439 2088 curatoribus
454 2062 607 2089 detrectare
627 2063 843 2094 matrimonium,
864 2067 891 2089 et
904 2063 1000 2089 arrhas

205 2099 305 2134 Iucrari
319 2115 325 2133 :
349 2107 443 2134 eodem
462 2108 550 2135 locum
570 2108 697 2135 habituro
709 2113 736 2135 et
749 2109 774 2135 in
791 2108 863 2141 liliis,
880 2114 906 2135 ct
917 2116 1000 2142 nepo-

205 2154 289 2185 tibus,
305 2158 330 2180 et
349 2155 519 2188 propinquis,
534 2159 561 2181 et
576 2155 744 2187 domestici-3,
759 2160 786 2182 et
802 2155 998 2185 assessorihus,

1062 220 1258 255 μνηστεύονται
1281 221 1306 247 el
1332 222 1430 255 γονεῖς.
1447 221 1583 249 Τοιούτων
1596 222 1625 249 δὲ
1647 222 1684 258 μὴ
1699 223 1782 250 ὗντων
1797 225 1856 252 τῶν

1062 266 1303 302 μνηστευομένων,
1321 266 1373 294 κᾶν
1389 268 1413 293 εί
1424 267 1601 302 ἀποκλήρους
1618 268 1855 305 έαυτοὺςαίροῦνο

1060 320 1105 339 ται
1118 312 1242 340 τὰτέκνα
1262 313 1360 343 ποιεῖν.
1379 313 1459 348 μόνον
1479 313 1523 340 ἵνα
1545 313 1583 349 μὴ
1595 314 1645 349 τὴν
1659 314 1715 341 τῶν
1734 316 1853 349 γονέων,

1061 357 1130 384 ἀλλὰ
1145 357 1193 393 τὴν
1208 358 1312 385 οἰκείαν
1326 358 1527 394 ἐκπληρώσωσι
1551 359 1672 393 θέλησιν,
1700 360 1852 395 ἀνίσχυρον

1061 400 1232 430 εἶναιαὺτῶν
1248 403 1413 439 θεσπίζομεν
1424 405 1468 431 διὰ
1484 404 1585 436 παντὸς
1607 406 1637 432 τὸ
1655 405 1793 440 βούλημα.
1812 406 1854 433 Τὰ

1060 450 1115 485 γὰρ
1127 451 1173 476 ἐπὶ
1192 450 1245 485 ίδίᾳ
1263 451 1441 486 καταστροφῇ
1471 451 1518 476 καὶ
1550 451 1674 486 ἀπωλείᾳ
1699 451 1755 478 τῶν
1783 453 1854 478 νέων

1059 497 1209 531 όρμήματα
1232 496 1314 523 παντὶ
1339 496 1435 531 τρόπῳ
1461 495 1577 524 κωλύειν
1610 497 1634 523 οί
1664 497 1742 532 νόμοι
1762 498 1851 532 ἐγνῶ-

1061 549 1150 569 κασιν.

1096 633 1293 667 Διχονοούντων
1305 633 1334 660 δὲ
1363 633 1417 660 τῶν
1432 634 1534 668 γονέων
1562 633 1628 669 περὶ
1656 634 1707 670 τῆς
1729 635 1850 669 ἐκλογῆς

1061 679 1193 714 δηλονότι,
1209 680 1226 715 ἠ
1246 680 1294 707 τοῦ
1309 681 1411 716 πατρὸς
1436 680 1532 716 γνώμη
1561 682 1666 716 κρατεῖ.
1685 682 1846 716 Διχονοοῦν-

1060 733 1106 755 τος
1119 725 1166 751 τοῦ
1184 725 1356 760 ὑπεξουσίου,
1389 726 1419 752 οὔ
1443 726 1548 760 γίνεται
1574 727 1707 761 μνηστεία
1734 727 1851 763 ὀνόματι

1061 769 1154 796 αὑτοῦ.

1104 817 1133 843 '0
1149 818 1240 853 πατὴρ
1257 819 1306 852 τῆς
1331 819 1493 852 ὕπεξουσίας
1517 820 1630 847 δύναται
1652 821 1773 847 διαλύειν
1798 822 1850 858 τὴν

1023 861 1044 888 Β
1062 865 1211 899 μνηστείαν
1222 873 1228 880 ·
1248 865 1279 891 οὐ
1307 865 1360 901 μὴν
1376 867 1424 892 καὶ
1441 867 1491 901 τῆς
1508 866 1695 899 αὕτεξουσίας.

1102 910 1134 937 Ἦ
1152 911 1181 938 τὸ
1196 912 1340 946 γινόμενον
1352 913 1468 939 δοκοῦσα
1493 915 1564 940 νοεῖν
1589 913 1680 945 καλως
1697 915 1850 949 μνηστεύε-

1059 965 1114 989 τιιι,
1131 957 1280 991 τουτέστιν,
1297 958 1313 992 ὴ
1341 958 1378 993 μὴ
1396 956 1463 985 οὖσα
1479 959 1569 994 ἥττων
1582 959 1636 986 τῶν
1667 959 1737 986 ἑπτὰ
1765 961 1847 988 ἐτῶν.

1059 1003 1090 1029 El
1120 1003 1211 1038 μέντοι
1241 1012 1272 1038 γε
1291 1004 1340 1038 τῆς
1368 1005 1516 1039 μνηστείας
1536 1006 1722 1041 γεγενημένης
1744 1005 1850 1033 ἔσωθεν

1059 1049 1106 1076 τοῦ
1124 1049 1382 1085 τρισκαιδεκαετοῦς
1395 1051 1505 1085 χρόνου,
1525 1051 1691 1087 τολμήσαιεν
1703 1061 1776 1083 τινες
1788 1054 1849 1084 τοῖς

1061 1096 1306 1131 μνηστευομένοις,
1326 1096 1343 1131 ἢ
1365 1098 1415 1131 τὴν
1434 1096 1587 1132 λεγομένην
1614 1098 1759 1132 εὐλόγησιν
1779 1098 1795 1134 ἦ
1815 1099 1848 1125 τὸ

1060 1142 1228 1176 στεφάνωμα
1244 1142 1409 1176 περιθεῖναι,
1426 1143 1463 1174 ὡς
1478 1143 1532 1170 τῶν
1547 1143 1626 1170 θείων
1641 1145 1733 1178 νὸμων
1756 1153 1847 1180 παρα-

1060 1188 1142 1215 ϐάται
1162 1189 1352 1223 γεγενημένοι,
1385 1189 1482 1216 αὐτίκα
1514 1189 1564 1222 τὴν
1583 1189 1633 1224 μὲν
1660 1190 1847 1224 προελθοῦσαν

1061 1235 1220 1269 μνηστείαν,
1240 1234 1299 1269 ἅμα
1323 1238 1356 1269 τῇ
1378 1235 1494 1271 δοκούσῃ
1525 1237 1658 1271 συναφείᾳ
1676 1237 1846 1268 διαλύεσθαι,

1059 1282 1108 1308 καὶ
1124 1281 1158 1307 τὰ
1175 1281 1240 1315 παρ’
1257 1281 1390 1316 ἑκατέρου
1404 1281 1451 1307 τοῦ
1469 1281 1570 1316 μέρους
1598 1281 1628 1308 ὲν
1657 1283 1690 1316 τῇ
1713 1283 1848 1318 μνηστείᾳ

1059 1326 1252 1361 συμϐληθὲντα
1267 1327 1450 1361 προστίματα,
1470 1325 1517 1353 τοῦ
1541 1326 1718 1362 τολμήματος
1743 1327 1848 1362 ζημίαν

1060 1373 1223 1407 ὑπέχοντας,
1236 1372 1275 1405 τῷ
1290 1372 1336 1398 τοῦ
1350 1373 1483 1408 δημοσίου
1499 1373 1708 1408 εἰσκομίζεσθαι
1737 1375 1820 1409 μέρει
1836 1383 1844 1390 ·

1059 1418 1126 1454 μηδὲ
1138 1418 1184 1445 τοῦ
1202 1418 1358 1454 τολμῶντος
1380 1419 1472 1454 ἱερέως
1482 1419 1528 1446 επὶ
1541 1421 1574 1454 τῇ
1586 1419 1697 1455 τοιαύτῃ
1712 1422 1846 1456 παρεῖναι

1057 1465 1168 1500 πράξει,
1191 1465 1338 1492 ἀνευθύνου
1350 1465 1561 1500 καθεστηκότος,
1581 1466 1650 1493 ἀλλὰ
1660 1467 1692 1502 τῇ
1702 1466 1846 1503 αὑστηρίᾳ

1056 1511 1112 1538 τῶν
1131 1511 1213 1547 ίερῶν
1228 1512 1413 1547 ὑποκειμένου
1426 1512 1561 1540 κανόνων.

1091 1557 1128 1584 Te
1143 1557 1240 1590 πένθος
1259 1558 1306 1584 τοῦ
1333 1558 1430 1593 ἀνδρὸς
1460 1559 1490 1584 οὗ
1521 1558 1620 1585 κωλύει
1650 1559 1700 1593 τὴν
1723 1561 1846 1595 γυναῖκα

1057 1603 1271 1638 μνηστευθῆναι.

1097 1651 1127 1676 '0
1144 1650 1384 1686 μνηστευσάμενος
1397 1651 1482 1686 κόρην
1495 1649 1606 1686 ἔφηϐον,
1635 1649 1682 1677 καὶ
1708 1650 1747 1687 μὴ
1773 1661 1845 1686 συμ-

1055 1696 1184 1730 φωνήσας
1207 1695 1303 1731 χρόνον
1327 1696 1355 1722 ὲν
1371 1697 1404 1731 τῇ
1427 1696 1570 1731 μνηστείᾳ,
1594 1696 1698 1730 ὀφείλει
1725 1698 1842 1730 ταύτην,

1054 1743 1078 1769 εί
1093 1743 1143 1777 μὲν
1153 1743 1182 1769 ὲν
1195 1743 1228 1778 τῇ
1244 1743 1312 1778 αὐτῇ
1327 1742 1447 1778 ἐπαρχίᾳ
1468 1743 1568 1776 διάγει,
1592 1743 1657 1769 εἵσω
1675 1743 1778 1774 διετίας
1795 1752 1844 1777 γα-

1057 1790 1128 1824 μεῖν,
1146 1789 1171 1814 εί
1187 1789 1215 1815 δὲ
1231 1789 1259 1815 ὲν
1270 1788 1398 1823 ἀπουσίᾳ,
1411 1789 1477 1815 εῐσω
1491 1789 1623 1822 τριετίας.
1637 1789 1668 1814 El
1682 1788 1710 1815 δὲ
1721 1787 1800 1821 ὑπὲρ
1813 1797 1843 1821 η-

1053 1842 1099 1860 ται
1118 1835 1204 1869 χωρὶς
1219 1834 1332 1867 εὐλόγου
1365 1834 1464 1867 αἰτίας,
1482 1833 1592 1860 δύναται
1609 1835 1626 1869 ἠ
1651 1833 1720 1870 κόρη
1753 1833 1842 1868 ἑτέρῳ

1053 1879 1248 1908 συνάπτεσθαι.

1087 1926 1125 1953 Οὐ
1141 1926 1195 1962 χρὴ
1209 1927 1271 1958 τοὺς
1285 1926 1419 1961 ἄρχοντας
1438 1926 1468 1958 ἐξ
1482 1926 1589 1960 ἐκείνης
1614 1926 1663 1962 τῆς
1689 1927 1840 1962 ἐπαρχίας,

1051 1968 1084 2006 ἧς
1100 1972 1224 2006 ἄρχουσι,
1246 1971 1457 2007 μνηστεύεσθαι.
1472 1971 1504 1998 ΕΙ
1519 1971 1548 1998 δὲ
1564 1970 1642 1998 τοῦτο
1664 1971 1839 2006 ποιήσουσιν,

1051 2017 1140 2050 ἔξεστι
1161 2018 1194 2052 τῇ
1210 2017 1278 2052 κόρῃ
1306 2017 1354 2043 καὶ
1382 2018 1438 2048 τοῖς
1462 2016 1587 2050 γονεῦσιν
1609 2017 1704 2051 αὐτῆς,
1725 2018 1741 2053 ῆ
1777 2019 1841 2045 ὲπι-

1051 2062 1202 2097 τρόποι;,ἥ
1230 2062 1408 2098 κουράτορσι,
1433 2062 1627 2096 παραιτεῖσθαι
1659 2062 1705 2089 τὸν
1731 2063 1835 2097 γάμον,

1050 2106 1099 2133 καὶ
1123 2106 1274 2141 κερδαίνειν
1305 2106 1369 2137 τοὺς
1388 2106 1562 2142 ἀρραϐῶνας,
1584 2106 1631 2133 τοῦ
1655 2107 1737 2134 αὑτοῦ
1769 2116 1838 2142 κρει-

1049 2152 1160 2184 τοῦντος
1175 2153 1222 2179 καὶ
1237 2153 1282 2180 ἐπὶ
1299 2152 1374 2184 υἱῶν,
1396 2153 1444 2178 καὶ
1467 2152 1597 2186 ἐγγόνων,
1614 2153 1660 2179 καὶ
1683 2154 1836 2187 συγγενῶν,

204 2204 230 2226 et
251 2201 389 2230 omnibus,
408 2201 454 2235 qui
482 2206 544 2227 Slllll
562 2201 622 2234 ejus
649 2201 818 2234 apparitores
844 2206 869 2227 et
885 2201 996 2235 partici-

1061 2197 1098 2223 ιαὶ
1110 2197 1315 2232 ουγκαθέδρων,
1331 2196 1378 2223 καὶ
1391 2197 1438 2223 ἐπὶ
1454 2197 1564 2224 πάντων
1579 2197 1633 2224 τῶν
1656 2198 1685 2224 ἐν
1700 2198 1731 2232 τῇ
1745 2198 1835 2230 τάξει,

204 2253 252 2281 pes
267 2253 274 2271 :
287 2246 420 2279 siquidem
433 2254 513 2280 opera
531 2247 653 2280 prmsidis
668 2246 722 2281 79
735 2246 872 2280 sponsalia
887 2253 996 2273 contra-

204 2295 310 2318 xerunt.
331 2291 358 2317 Si
383 2296 472 2318 tamen
490 2293 515 2318 ei
543 2291 641 2326 puella,
666 2296 808 2326 postquam
835 2291 994 2326 magistratu

203 2337 312 2369 abierit,
331 2337 433 2364 nubere
449 2337 517 2369 vult,
543 2336 748 2364 matrimonium
777 2341 863 2363 ratum
883 2342 933 2364 est.

239 2429 333 2462 itaque
349 2427 469 2458 notabis,
487 2427 558 2460 quod
588 2431 652 2454 tunc
678 2430 847 2454 contractum
862 2427 933 2454 hunc
951 2427 994 2454 lex

201 2474 365 2508 prohibeat,
399 2480 461 2498 cum
491 2472 579 2498 adhuc
609 2479 708 2505 praeses
735 2471 852 2498 ollicium
876 2471 994 2498 admitti-

201 2525 282 2552 strat,
295 2526 322 2547 et
340 2519 497 2554 parentibus
513 2519 608 2553 puella:
622 2518 802 2546 formidabilis
816 2526 876 2545 esse
891 2523 991 2553 potest.

201 2569 261 2602 Quo
278 2568 316 2599 fit,
334 2566 396 2593 utsi
413 2572 516 2600 pra-ses
533 2564 640 2599 quidem
663 2570 733 2596 erat,
751 2564 797 2591 scd
811 2565 877 2591 satis
892 2564 992 2591 virium

201 2622 255 2641 non
272 2613 390 2640 habebat
411 2612 443 2639 ad
461 2611 625 2638 territandos
638 2610 733 2644 puellm
753 2615 891 2645 parentes,
909 2619 993 2645 spon-

200 2661 266 2687 salia
289 2667 341 2686 non
361 2659 462 2686 fuerint
479 2657 626 2692 prohibita.

199 2718 274 2744 CAP.
292 2715 361 2743 XVI.
381 2716 417 2743 De
435 2716 536 2743 clericis
552 2722 646 2740 uxores
664 2722 725 2740 sua:
742 2719 871 2749 pra‘tcxlu
889 2715 992 2750 religio-

481 2753 521 2777 nit
551 2750 726 2784 ejiticnlibus.

235 2799 328 2826 Canon
358 2803 515 2826 sant-torum
541 2796 724 2830 apostolorum
749 2795 862 2830 quintus
889 2796 994 2830 episco-

201 2851 278 2877 pum,
295 2845 336 2872 νεὶ
363 2845 566 2880 presbyterum,
580 2842 625 2869 vel
641 2842 797 2875 diaconum,
816 2843 862 2877 qui
881 2849 991 2869 morem

1048 2243 1095 2269 καί
1110 2243 1165 2269 τῶν
1179 2241 1288 2268 οίκείων
1306 2241 1400 2274 αὑτοῦ,
1417 2242 1465 2268 ὲὰν
1491 2243 1563 2268 κατὰ
1588 2243 1708 2278 σπουδὴν
1719 2242 1767 2269 τοῦ
1784 2243 1836 2277 ἆρ-

1047 2297 1139 2323 χοντος
1156 2287 1384 2323 ἐμνηστεύσαντο.
1400 2288 1431 2314 Εί
1445 2288 1538 2323 μέντοι
1547 2289 1593 2314 καὶ
1605 2289 1676 2322 μετὰ
1689 2288 1834 2324 τὴνάρχὴν

1049 2334 1181 2370 βούλεται
1206 2335 1223 2369 ἡ
1251 2334 1320 2369 κόρη
1349 2334 1520 2369 συναφθῆναι
1555 2333 1642 2368 αὐτῷ,
1668 2334 1790 2369 ἔρρωται
1819 2335 1834 2362 ό

1047 2381 1147 2415 γάμος.

1083 2424 1243 2461 Σημείωσαι
1255 2424 1331 2458 γοῦν,
1347 2423 1388 2451 ότι
1403 2424 1466 2450 τότε
1481 2424 1582 2451 κωλύει
1605 2425 1637 2450 τδ
1653 2425 1835 2461 συνάλλαγμα

1045 2475 1059 2500 ὁ
1074 2475 1166 2508 νόμος,
1182 2473 1227 2499 ὅτε
1242 2473 1271 2498 τὸ
1284 2472 1412 2506 ὀφφίκιον
1425 2472 1439 2498 6
1467 2471 1560 2506 ἄρχων
1579 2472 1754 2507 διαχειρίζει,
1772 2475 1834 2507 ικαὶ

1046 2519 1158 2546 δύναται
1188 2518 1304 2553 φοΰερδς
1334 2516 1405 2544 εἶναι
1431 2519 1486 2548 τοῖς
1516 2517 1625 2551 γονεῦσι
1646 2518 1696 2552 τῆς
1725 2520 1833 2554 κόρης·

1046 2565 1128 2597 ὥστε,
1145 2565 1202 2598 είγε
1220 2564 1314 2603 ἄρχων
1330 2563 1380 2599 μὲν
1408 2561 1453 2599 ἦν,
1481 2563 1531 2590 ούκ
1559 2561 1593 2599 ἦν
1619 2563 1648 2590 δὲ
1676 2565 1772 2597 ἱκανὸς
1790 2567 1835 2592 ὲκ-

1046 2611 1165 2645 φοὸἧσαι
1191 2609 1255 2640 τοὺς
1268 2610 1358 2643 γονεῖς
1384 2609 1432 2643 τῆς
1457 2609 1552 2642 κόρης,
1579 2609 1609 2634 οὐ
1628 2609 1786 2636 κεκώλυται
1817 2612 1834 2646 η

1047 2657 1190 2692 μνηστεία.

1045 2713 1172 2740 ΚΕΦΑΔ.
1202 2713 1261 2745 Ιίῖν.
1296 2712 1365 2746 Περί
1397 2711 1456 2738 τῶν
1492 2712 1546 2744 τὰς
1578 2712 1655 2744 ιδίας
1686 2713 1833 2747 γυναῖκας

1062 2748 1211 2782 προφάσει
1230 2748 1391 2779 εὐλαϐείας
1416 2747 1631 2773 ἐκϐαλλόντων
1650 2749 1814 2781 κληρικῶν.
1835 2765 1837 2783 ς

1087 2795 1116 2820 ’0
1140 2797 1160 2819 ε’
1173 2793 1228 2820 τῶν
1254 2793 1341 2827 ἁγίων
1358 2793 1516 2819 ἀποστόλων
1544 2793 1634 2819 κανὼν
1665 2785 1837 2826 ἑπίσκοπονί

1045 2839 1279 2875 ἥπρεσϐύτερον,
1304 2839 1470 2874 ῆῧιὰκονον,
1498 2839 1548 2874 τὴν
1575 2839 1675 2866 ἑαυτοῦ
1703 2842 1828 2874 γυναῖκα,
