1948 3064
157 150 224 182 1193

652 156 854 189 SYNTAGMA
868 140 1174 196 ALPHABiETiCUM.
1189 180 1223 186 -
1237 166 1266 198 Γ.

1696 176 1767 209 “94

153 206 289 240 προφάσει
304 206 459 242 εὐλασείας,
489 210 663 246 inuno-ara,
682 214 819 250 ἀφορίζει,
838 216 906 252 μέχρ

153 252 186 267 Ι..
207 252 285 267 ρζῆι-
310 255 493 267 ----ἿᾹΩα-μν
533 259 540 267 ι
606 258 614 267 ι
671 266 675 267 ν
727 261 748 267 .-
831 262 842 267 -

965 231 970 251 ι
986 228 1063 248 suam
1079 227 1208 256 praetextu
1229 223 1368 260 religionis
1392 226 1475 260 ejicit,
1494 228 1626 264 tantisper
1640 235 1767 267 segregat

150 252 186 278 ἂν
207 252 285 285 αὖθις
309 255 507 291 προσλάσηιαι,
531 258 696 293 ἐπιμένοντα
725 261 765 294 δὲ,
794 262 930 298 καθαιρεῖ.

151 297 237 326 Τοῦτο
248 299 303 335 γὰρ
317 301 363 327 καὶ
380 301 395 328 ὁ
407 302 510 338 Κύριος
523 304 552 330 ιν
579 307 636 337 τοῖς
666 304 843 341 Εὔαγγελίοις
872 297 933 336 ἐοέε

150 351 244 376 antae,
261 346 297 379 μὴ
306 345 408 379 ἐξεῖναί
424 356 479 375 τινι
496 349 536 385 τῷ
553 350 662 386 παλαιῷ
675 353 929 389 προσέχοντινόμῳ.

147 391 191 416 ὅτε
211 390 333 425 βούλοιτο
354 391 404 428 τὴν
425 394 493 421 ίδίαν
517 396 658 424 ικσάλλειν
690 399 808 433 γυναῖκα
844 401 930 435 χωρ“ς

147 437 340 473 ᾶπιιρημένης
366 439 464 479 αἰτίαςῖ
479 441 572 469 Ἔοικε
589 443 643 477 γὰρ
654 443 701 470 τὸν
718 444 806 479 γάμον
818 445 929 473 διαϐάλ-

145 481 214 514 λειν,
233 483 271 515 ὼς
287 484 442 520 ἀκάθαρτον
455 477 485 513 δν
499 486 530 514 τδ
546 489 671 523 νομίμως
691 477 848 524 μίγνυσθαι.
882 492 927 518 Τί-

146 535 209 561 μιον
223 527 252 555 δὲ
269 529 284 564 ή
301 528 397 566 Γραφῇ
412 531 458 559 τὸν
470 532 560 568 γάμον
570 534 738 570 ἀπεφήνατο,
755 536 801 563 καὶ
811 537 860 572 τὴν
868 537 926 564 κοί-

143 581 194 606 την
207 575 352 609 ἀμίαντον.

179 619 282 646 Τούτου
297 621 343 648 καὶ
358 622 372 648 ό
388 625 424 656 ιγ’
438 623 487 657 τῆς
513 623 596 656 ἕκτης
624 625 734 652 συνόδου
754 627 845 654 κανὼν
877 629 925 655 αὒ-

142 664 199 695 τοῖς
229 665 336 700 ῥήμασι
358 666 497 702 μέμνηται
525 668 588 696 ἄνευ
618 670 667 705 τῆς
690 671 739 698 ⁴τοῦ
772 673 922 700 ἐπισκόπου

142 710 312 745 προσθήκης.
345 711 418 747 Αὕτη
444 713 498 749 γὰρ
526 715 543 750 ἡ
580 714 690 748 σύνοδος
726 717 822 753 πρώτη
860 722 922 752 ταῖς

141 755 274 789 γαμεταῖς
301 757 501 786 ἀποτάττεσθαι
528 760 593 791 τοὺς
625 762 791 794 ἐπισκόπους
811 762 921 792 ἐθέσπι-

140 805 198 826 σον.

155 857 225 890 Περὶ
248 857 307 885 τῶν
333 859 386 892 τὰς
409 860 489 922 ιδιαὲ
512 862 657 922 γυῖαῖκας
689 865 902 894 ἐκϐαλλόντων

492 905 510 922 α
523 905 596 922 κων.

492 905 596 926 amatr.

181 936 210 963 '0
224 937 253 963 δδ
280 938 460 970 ἀποστολικδς
487 943 533 975 μη¹
555 940 601 967 τὸν
629 941 796 970 ικσάλλοντα
826 943 920 971 λαῖκδν

137 983 304 1018 παραλόγως
315 988 365 1019 την
378 985 478 1012 ἑαυτοῦ
494 987 626 1020 γυναῖκα,
638 988 686 1014 καὶ
704 988 801 1023 ἑτέραν
814 989 919 1024 λαμϐά-

136 1036 226 1060 νοντα,
244 1029 290 1055 καὶ
304 1029 352 1055 τὸν
367 1029 583 1065 ὑποποιούμενον
600 1031 649 1066 τὴν
673 1032 739 1067 παρ’
751 1033 832 1060 ἀλλου
851 1035 918 1061 ἁπο-

134 1073 295 1109 λελυμένην,
313 1074 351 1110 μὴ
370 1075 442 1102 κατὰ
457 1076 555 1110 νόμους
569 1077 683 1112 δηλαδὴ,
693 1078 840 1114 ἀφορισμῷ
852 1080 918 1106 ὕπο-

134 1119 239 1148 ϐάλλει.

169 1167 242 1194 Ὅσα
253 1175 284 1201 γε
299 1168 353 1203 μὴν
367 1169 432 1203 περὶ
459 1170 554 1195 τούτου
578 1170 607 1196 τὸ
640 1170 751 1205 Πνεῦμα
780 1171 810 1197 τὸ
839 1171 916 1205 ἅγιον

131 1213 176 1240 6ιά
208 1214 257 1248 τῆς
279 1214 326 1240 τοῦ
355 1214 473 1248 μεγάλου
495 1215 597 1249 Πατρὸς
626 1216 768 1243 Βασιλείου
793 1217 916 1254 γλώττης

131 1259 370 1296 ἑχρησμοδότησεν
385 1262 414 1287 ὲν
436 1260 474 1295 τῷ
499 1259 521 1287 θ’
548 1261 631 1288 αὑτοῦ
658 1262 761 1293 κανόνι,
787 1263 915 1298 ἄγνωμον

130 1305 229 1340 κομιδῆ
247 1305 285 1340 μὴ
299 1306 369 1332 κατὰ
395 1305 478 1341 μέρος
491 1305 629 1338 διεξιέναι.
647 1304 700 1333 Ἦν
719 1308 769 1342 μὲν
784 1308 848 1343 γὰρ,
864 1317 915 1344 φη-

131 1352 185 1381 σὶν,
209 1351 366 1381 ἀκόλουθον.
387 1352 457 1378 κατὰ
474 1352 523 1386 τὴν
538 1352 585 1378 τοῦ
601 1353 704 1388 Κυρὲου
720 1353 870 1387 ἀπόφασιν.
883 1355 912 1388 ἐξ

130 1397 192 1431 ἴσης
208 1398 256 1423 καὶ
271 1397 384 1432 ἀνδράσι
401 1398 448 1423 καὶ
461 1398 569 1431 γυναιξὶ
597 1398 647 1433 τὴν
665 1399 713 1431 τῆς
727 1400 856 1434 πορνείας
867 1401 911 1426 αὶ-

129 1442 190 1468 τίαν
203 1441 281 1469 λύσιν
295 1441 365 1469 εἶναι
379 1442 428 1469 τοῦ
445 1443 549 1477 γάμου.
572 1443 602 1470 Ἠ
617 1443 644 1470 δέ
669 1453 701 1478 γε
718 1445 770 1480 τῆς
798 1446 912 1482 Ἐκκλη-

129 1489 190 1520 αἰας
212 1489 340 1524 συνήθεια
370 1489 419 1524 οὺχ
444 1489 531 1521 οὕτως
553 1490 651 1524 ἔχουσα
681 1491 836 1519 δείκνυται·
864 1493 912 1520 ἐπὶ

129 1536 178 1569 μὲν
200 1535 254 1570 γὰρ
282 1535 337 1562 τῶν
368 1536 507 1569 γυναικῶν
535 1536 638 1572 πολλὴν
671 1537 835 1573 εὑρίσκομεν
860 1539 910 1574 τὴν

126 1582 280 1616 ἀκρίῦειαν,
296 1581 344 1608 τοῦ
359 1582 408 1616 μὲν
425 1583 586 1609 ’Δποστὸλου
603 1583 726 1618 λέγοντος
743 1592 751 1600 ι
775 1593 784 1610 ι
808 1585 839 1611 Ὀ
848 1585 908 1612 κολ-

126 1626 247 1661 λώμενος
259 1628 292 1662 τῇ
310 1628 395 1662 πόρνῃ
407 1626 436 1653 ἓν
451 1626 532 1662 σῶμά
547 1629 616 1654 ἐστι·
633 1637 642 1653 ι
658 1628 704 1655 τοῦ
715 1629 743 1655 δὲ
763 1629 907 1664 Ἰερεμίου,

124 1673 178 1703 ὅτι,
194 1681 204 1698 ι
232 1673 296 1699 Ἐὰν
319 1673 432 1708 γένηται
464 1673 542 1708 ἀνδρὶ
557 1674 653 1709 ἑτέρῳ,
675 1675 727 1701 οὐκ
749 1676 908 1710 ἐπιστρέψει

125 1717 194 1752 πρὸς
213 1717 259 1744 τὸν
275 1717 360 1754 ἄνδρα
387 1717 484 1751 αὐτῆς,
510 1718 578 1745 ἀλλὰ
610 1720 773 1755 μιαινομένη
794 1721 909 1756 μιανοὴο

125 1771 213 1791 σεται.
231 1772 240 1789 ι
260 1764 293 1791 Et
307 1765 343 1799 μὴ
356 1764 499 1799 βουληθείη
509 1764 610 1800 δηλαδὴ
622 1765 712 1800 ὸάνὴρ
728 1765 812 1800 αὐτὴν
825 1774 908 1801 προσ-

123 1809 256 1836 λαϐέσθαι
271 1818 279 1826 ·
295 1811 342 1837 καὶ
356 1810 371 1836 ὸ
388 1810 516 1845 Σολομὼν
532 1810 562 1836 ἐν
578 1812 638 1843 ταῖς
653 1811 834 1846 Παροιμίαις·
856 1822 865 1838 ι
878 1812 907 1840 ’0

123 1856 193 1891 ἔχων
207 1857 350 1892 μοιχαλίδα
362 1857 457 1892 ἄφρων
476 1857 523 1884 καὶ
532 1858 635 1892 ἀσεϐής
648 1866 655 1873 ·
683 1867 693 1884 ι
714 1859 866 1891 τουτέστινζ
893 1859 907 1885 ὁ

124 1903 294 1937 μιγνύμενος
313 1903 442 1938 ὑπάνδρῳ
456 1904 580 1937 γυναικὶ,
595 1904 657 1938 ἥτις
679 1904 816 1931 δείκνυται
846 1913 906 1939 μοι-

121 1947 209 1983 χαλίς.
223 1948 293 1979 Τοὺς
306 1948 334 1974 δὲ
350 1948 530 1984 μοιχεύοντας
547 1950 602 1975 τῶν
615 1949 731 1984 ἀνδρῶν,
755 1949 771 1985 ἢ
792 1951 906 1984 πορνεύ-

119 2002 211 2025 οντας,
227 1993 392 2028 κατέχεσθαι
411 1995 462 2020 ὑπὸ
475 1994 530 2021 τῶν
561 1994 634 2021 ἰδίων
649 1995 787 2028 γυναικῶν
814 1996 907 2022 ὑποτι-

120 2039 196 2066 οιται
208 2047 215 2054 ·
231 2039 286 2066 ιίτε
303 2040 357 2074 γὰρ
371 2040 420 2066 καὶ
440 2040 653 2075 ἐμπικραινοιτό
669 2048 712 2070 τις
730 2043 763 2076 τῇ
781 2042 903 2075 γυναικὶ,

118 2084 168 2110 καὶ
186 2084 294 2118 πληγὰς
319 2085 443 2117 ἑντείνοι,
473 2086 621 2120 καρτερεῖν
646 2086 748 2121 ταύτην
765 2087 824 2113 δεῖ·
848 2087 904 2114 εἴτε

119 2130 160 2161 είς
175 2131 307 2165 χρήματα
325 2131 433 2166 ζημιοῖ,
452 2132 567 2166 κάκείνη
584 2131 634 2166 τὴν
650 2133 754 2167 προῖκα
774 2133 904 2160 δαπανωσ

118 2177 204 2212 μένην
225 2175 311 2212 ὁρῴη,
342 2177 358 2211 ἦ
385 2177 432 2203 καὶ
465 2177 624 2212 ζηλοτύπως
653 2179 710 2212 ἑχοι
738 2178 777 2213 τῷ
795 2179 905 2213 ἑτέραις

984 266 1070 294 donec
1089 274 1149 294 eam
1173 269 1205 296 ad
1230 277 1259 297 se
1283 271 1417 306 receperit
1432 293 1439 306 ,
1464 280 1683 308 perseverantem
1700 284 1766 304 vero

983 312 1103 347 deponit.
1123 313 1180 341 Hoc
1207 317 1278 342 enim
1295 314 1427 346 Dominus
1453 319 1533 347 etiam
1559 320 1586 347 in
1612 321 1768 357 Evangeliis

983 359 1111 391 sant-ivit.
1127 367 1179 387 non
1193 360 1273 389 licere
1286 362 1366 390 alicui
1383 364 1478 398 prisca:
1492 364 1543 399 legi
1559 366 1767 402 obtemperanti,

981 407 1011 430 ut
1028 411 1076 438 pro
1087 404 1172 432 lubitu
1188 412 1237 433 suo
1253 413 1455 436 uxorem.suam
1472 410 1574 445 ejiciat,
1587 412 1690 447 absque
1704 421 1770 441 catt-

980 455 1009 476 sa
1031 450 1098 484 legis
1120 452 1266 481 interdicto
1282 456 1488 490 comprehensa.
1504 457 1608 494 Quippe
1628 461 1768 489 matrimo-

979 496 1054 524 nium
1068 497 1208 526 criminari
1219 500 1335 534 videtur,
1349 503 1426 537 quasi
1440 504 1528 532 coitus
1540 505 1678 540 legitimus
1691 514 1766 541 quae-

979 542 1041 570 dam
1059 545 1094 572 sit
1110 545 1264 581 impurius.
1281 547 1460 578 Honorabiies
1477 554 1566 578 autem
1584 552 1692 586 nuptias
1706 561 1766 581 esse

980 587 1120 624 Scriptura
1134 593 1300 627 pronuntiat,
1312 598 1339 621 et
1356 595 1455 622 lectum
1474 596 1659 630 impollutum.

1011 633 1097 670 Hujus
1109 637 1192 664 etiam
1215 638 1338 668 decimus
1354 641 1450 669 tertius
1465 647 1548 669 sexta:
1564 643 1659 678 synodi
1677 649 1764 670 eanon

976 679 1098 714 ipsismet
1111 682 1202 710 verbis
1219 684 1352 716 meminit,
1368 685 1471 721 absque
1485 690 1574 714 tamen
1596 687 1670 714 vocis
1703 686 1763 721 epio

975 726 1050 760 scopi
1073 727 1236 762 adjectlone.
1257 730 1319 758 Haec
1345 732 1417 758 enim
1447 733 1567 768 synodus
1593 733 1679 767 prima
1699 732 1763 763 i'nit,

973 777 1033 805 quae
1041 773 1167 807 sancivit,
1180 780 1210 802 ut
1221 776 1355 804 uxoribus
1366 777 1422 804 suis
1430 778 1550 813 episcopi
1562 779 1761 806 renuntiarent.

1114 861 1153 890 De
1167 863 1244 891 luteis
1256 868 1349 892 utare:
1363 871 1425 892 sua:
1442 866 1619 901 ejicientibus.

1007 939 1101 966 Canon
1115 944 1206 967 autem
1220 942 1407 976 apostolorum
1430 943 1464 970 48
1488 943 1599 975 laieum,
1629 944 1675 979 qui
1694 951 1762 978 prte-

973 988 1013 1010 ter
1029 985 1160 1013 rationem
1186 987 1261 1022 ejicit
1277 990 1389 1016 uxorem
1406 997 1496 1021 suam.
1521 996 1549 1017 et
1574 990 1656 1017 aliam
1671 990 1758 1022 ducit,

971 1030 1052 1062 quive
1077 1033 1209 1066 pertrahit
1226 1034 1258 1060 ad
1288 1041 1317 1062 se
1332 1035 1448 1062 divortio
1472 1040 1625 1070 separatam
1643 1036 1677 1063 ab
1694 1036 1758 1068 alio,

971 1082 1025 1102 non
1040 1077 1191 1105 secundum
1212 1078 1284 1114 leges
1297 1079 1412 1113 scilicet,
1429 1081 1609 1115 scgregationi
1623 1081 1742 1115 Subjicit.

1005 1165 1140 1194 Caeterum
1152 1175 1210 1200 qua:
1231 1169 1280 1195 hac
1293 1169 1326 1195 dc
1343 1177 1371 1196 re
1384 1169 1502 1204 Spiritus
1519 1176 1630 1198 sanctus
1643 1178 1691 1206 per
1704 1178 1762 1198 ma-

970 1218 1052 1245 gnum
1068 1211 1144 1239 illum
1158 1212 1264 1240 Patrem
1280 1213 1407 1241 Basilium
1420 1215 1493 1242 velut
1506 1216 1618 1243 oraculo
1641 1216 1760 1251 prodidit

969 1256 996 1282 iu
1013 1263 1086 1283 nono
1102 1257 1188 1292 ipsius
1202 1265 1318 1292 canone,
1334 1260 1505 1294 periniquum
1523 1260 1605 1288 fuerit
1621 1269 1674 1288 non
1695 1269 1758 1296 par-

970 1301 1102 1329 ticulatim
1120 1311 1265 1338 exponere.
1297 1305 1515 1334 Consentaneum
1531 1311 1599 1339 erat,
1616 1307 1715 1343 inquit,
1729 1314 1758 1334 ut

967 1347 1116 1374 secundum
1135 1349 1298 1376 sententiam
1317 1350 1423 1378 Domini
1463 1352 1632 1386 aequabiliter
1649 1357 1702 1379 tam
1720 1353 1758 1379 vi-

968 1393 1016 1425 ris,
1030 1400 1110 1426 quam
1130 1395 1302 1428 mulieribus,
1317 1397 1492 1424 scortatiouis
1506 1405 1588 1425 causa
1614 1399 1757 1426 matrimo—

966 1438 1042 1465 niqu
1058 1439 1230 1468 dissolveret.
1257 1440 1355 1469 Verum
1378 1443 1504 1471 Ecclesiae
1530 1446 1755 1473 consuetudinem

966 1483 1002 1511 ita
1029 1490 1214 1519 comparatam
1241 1494 1294 1514 non
1319 1495 1381 1515 esse
1409 1494 1529 1516 constat.
1545 1489 1611 1516 Nam
1629 1491 1701 1525 quod
1719 1492 1752 1518 ad

966 1530 1093 1558 mulieres
1107 1532 1212 1565 attinet,
1231 1540 1356 1567 magnam
1372 1534 1573 1562 aeeurationem
1588 1535 1752 1567 invenimus.

924 1557 947 1586 α
965 1576 1095 1611 Apostolo
1120 1577 1227 1605 dicente
1251 1587 1286 1606 ιι
1307 1578 1360 1611 Qui
1395 1581 1529 1608 meretrici
1559 1582 1750 1616 agglutinatur.

963 1631 1047 1650 unum
1058 1631 1119 1650 cum
1131 1632 1162 1651 ea
1176 1632 1274 1660 corpus
1285 1631 1325 1652 est
1338 1634 1346 1658 ;
1362 1635 1371 1651 ι
1387 1631 1413 1653 et
1426 1625 1554 1659 Jeremia,
1573 1636 1582 1652 ι
1596 1627 1623 1654 Si
1639 1628 1752 1655 alterius

962 1669 1012 1695 \iri
1036 1670 1104 1696 facta
1125 1669 1216 1701 fuerit.
1236 1671 1268 1697 ad
1285 1672 1412 1699 maritum
1433 1680 1511 1699 suum
1524 1680 1575 1700 non
1588 1679 1749 1706 revertetur,

963 1715 1011 1742 sed
1025 1716 1168 1749 polluendo
1183 1717 1350 1751 polluctura
1366 1718 1417 1745 nisi
1428 1719 1552 1746 videlicet
1565 1721 1680 1748 maritus
1690 1728 1748 1747 eam

962 1761 1080 1796 recipere
1092 1762 1218 1790 voluerit.
1232 1762 1265 1789 Et
1280 1762 1408 1790 Salomon
1435 1764 1462 1790 in
1486 1764 1650 1797 Proverbiis.
1669 1775 1679 1792 ι
1696 1765 1747 1799 Qui

961 1805 1112 1833 adulteram
1130 1807 1221 1839 habet,
1246 1808 1346 1835 stultus
1369 1813 1410 1835 est
1427 1813 1455 1835 et
1474 1809 1593 1844 impius:
1612 1819 1622 1836 ι
1642 1811 1694 1837 hoc
1707 1815 1748 1838 est

962 1852 1006 1884 qui
1021 1859 1078 1879 rem
1095 1852 1177 1880 habet
1191 1861 1253 1880 cum
1267 1854 1380 1881 muliere
1394 1855 1530 1888 maritata,
1547 1860 1573 1882 et
1586 1851 1667 1890 quain
1685 1864 1746 1884 esse

960 1901 1068 1924 constat
1081 1897 1244 1926 adulteram.
1258 1898 1358 1926 Verum
1371 1901 1484 1927 maritos
1497 1901 1660 1927 adulterium
1670 1909 1746 1928 cont-

961 1943 1113 1970 mitteutes.
1130 1944 1172 1970 vel
1189 1950 1352 1977 scortantes,
1369 1947 1480 1973 retineri
1492 1947 1547 1973 suis
1561 1947 1593 1973 ab
1610 1948 1744 1974 uxoribus

959 1994 1062 2016 monet.
1073 1988 1140 2016 Nam
1154 1991 1212 2018 sive
1226 1992 1288 2026 quis
1303 1992 1431 2018 acerbum
1444 1996 1531 2019 semet
1548 2000 1611 2027 erga
1630 2001 1742 2020 uxorem

959 2035 1095 2068 exhibeat,
1126 2037 1207 2071 eique
1232 2037 1346 2064 verbera
1379 2037 1494 2070 inﬂigat,
1525 2038 1686 2065 tolerantem
1713 2046 1743 2066 se

959 2084 1036 2114 gerat
1057 2086 1187 2115 oportet:
1207 2082 1264 2109 sive
1281 2083 1459 2117 pecuniarum
1486 2083 1622 2118 jacturam
1647 2082 1740 2114 faciat,

957 2126 1103 2162 dotemque
1117 2135 1194 2155 suam
1214 2128 1319 2155 absumi
1341 2129 1441 2162 videat,
1455 2129 1496 2156 vel
1514 2130 1596 2156 etiam
1618 2131 1740 2165 zelotypa

958 2172 994 2200 sit
1014 2178 1156 2208 propterea
1172 2174 1245 2208 quod
1261 2181 1323 2201 eum
1345 2173 1407 2201 aliis
1430 2175 1545 2202 maritus
1565 2175 1652 2209 stupri
1675 2182 1740 2202 con-

115 2223 162 2249 τὸν
181 2223 266 2258 ἄνδρα
283 2223 513 2257 συμφθείρεσθαι,
535 2223 584 2249 οὐκ
598 2224 703 2258 ἐφεῖται
727 2225 813 2260 ταύτῃ
842 2225 900 2252 δια-

965 2218 1131 2245 tuetudinem
1161 2219 1270 2250 habeat,
1292 2226 1345 2246 non
1364 2219 1494 2246 tamenei
1513 2219 1692 2254 permittitur,
1711 2217 1740 2246 ut

116 2267 284 2302 ζεύγνυσθαι
295 2267 342 2294 τοῦ
356 2268 452 2302 ἀνδρὸς
464 2267 683 2302 παρὰταῦτα.Εὶ
695 2269 760 2304 γὰρ,
780 2269 896 2296 ἀπίστου

116 2312 233 2347 θατέρου
262 2311 316 2338 τῶν
343 2312 541 2340 συνοικούντων
565 2314 758 2348 τυγχάνοντος,
791 2314 899 2350 θατέρῳ

114 2358 286 2394 χωρισθῆναι
302 2359 333 2384 οὐ
341 2359 457 2389 δέδοται.
475 2360 546 2386 κατά
563 2360 608 2386 τὸν
628 2361 764 2396 μακάριον
780 2361 897 2395 Παῦλον,

113 2405 157 2431 διὰ
175 2405 205 2431 τὸ
219 2404 325 2439 ἄδηλον·
334 2405 383 2440 τῆς
401 2405 545 2437 ἐκϐάσεως
560 2406 603 2441 (Τί
617 2407 671 2441 γὰρ
696 2405 781 2441 οἶδας,
806 2409 896 2442 γύναι,

113 2451 209 2484 φησὶν.
221 2450 245 2476 εί
260 2450 308 2476 τὸν
323 2450 408 2485 ἄνδρα
419 2451 517 2482 σώσεις
527 2451 547 2484 ;)
563 2459 569 2465 ·
583 2452 647 2479 πῶς.
656 2451 802 2483 ἀνεύθυνος
818 2453 897 2480 ἐσται

113 2496 129 2530 ἡ
146 2495 180 2521 δι’
190 2495 288 2530 ἑτέραν
303 2495 394 2522 αἰτίαν
418 2495 520 2522 λύουσα
536 2495 585 2530 τὴν
612 2495 763 2529 συζυγίαν;
783 2497 866 2524 Ὥστε
879 2498 896 2533 ἠ

111 2541 158 2566 τὸν
170 2540 256 2574 ἄνδρα
270 2540 435 2575 παραλόγως
454 2541 640 2573 ἀπολιποῦσα,
657 2542 681 2568 εί
703 2542 778 2577 ἄλλῳ
806 2551 895 2570 συνοι-

111 2586 204 2620 κήσει,
221 2586 350 2620 μοιχαλὶς
364 2587 512 2620 λογίζεται.
534 2586 566 2613 Ἦ
583 2587 611 2613 δὲ
631 2587 669 2622 τῷ
686 2588 894 2623 καταλειφθέντι

109 2631 187 2665 ἀνδρὶ
202 2631 370 2665 συναφθείσα
384 2633 509 2667 νομίμως
529 2631 592 2658 οὔτε
619 2632 657 2662 ὡς
670 2633 807 2667 μοιχαλὶς,
831 2633 893 2660 οὔτε

108 2677 146 2708 ὡς
163 2677 250 2712 πόρνη
264 2679 473 2713 κατακρίνεται.
491 2679 521 2704 Ei
539 2679 632 2713 μέντοι
648 2680 661 2704 ὀ
675 2679 746 2714 ἀνὴρ
769 2680 893 2711 ἀποστὰς

107 2724 158 2758 τῆς
172 2725 313 2757 γυναικὸς,
328 2725 372 2750 ἐπ’
389 2724 473 2759 ἀλλην
487 2723 563 2760 ἦλθε,
578 2725 626 2751 καὶ
642 2725 723 2756 αὐτὸς
737 2725 844 2759 μοιχὸς,
854 2725 892 2757 ὼς

107 2771 194 2797 ποιῶν
205 2770 292 2805 αὐτὴν
307 2770 495 2805 μοιχευθῆναι,
510 2770 556 2796 καὶ
579 2771 596 2803 ὴ
623 2769 787 2796 συνοικοῦσα
806 2771 893 2805 τούτῳ

108 2817 244 2852 μοιχαλὶς,
260 2817 328 2843 διότι
339 2817 409 2852 πρὸς
425 2817 527 2851 ἑαυτὴν
548 2816 692 2851 ἀλλότριον
723 2816 892 2852 μετέστησεν

105 2865 199 2899 ἄνδρα.
222 2864 302 2890 ’Λλλὰ
316 2863 402 2889 ταῦτα
418 2863 467 2898 μὲν
483 2863 580 2894 οὓτως.
598 2863 665 2889 Ἀπὸ
677 2864 704 2889 δὲ
718 2864 766 2898 τῆς
780 2863 892 2898 ὓστερον

268 2911 402 2940 ΡΑτιιοι..
426 2911 480 2940 Gn.
501 2910 629 2939 CXLI".

955 2268 1065 2298 propter
1084 2263 1134 2291 has
1156 2271 1255 2290 causas
1278 2270 1293 2290 a
1314 2263 1413 2290 marito
1435 2264 1562 2291 divertat.
1591 2264 1698 2299 Quippe
1716 2263 1739 2291 si

949 2309 1078 2336 alterutro
1092 2309 1240 2344 coniugum
1255 2308 1402 2336 exsistente
1429 2309 1542 2341 inlideli,
1556 2309 1632 2336 alteri
1647 2310 1740 2337 divor-

949 2355 1017 2382 tium
1030 2355 1064 2382 ab
1081 2363 1113 2381 eo
1126 2355 1216 2382 facere
1230 2362 1284 2382 non
1302 2355 1375 2386 licet,
1392 2355 1470 2390 juxta
1489 2355 1561 2382 beati
1579 2355 1655 2382 Pauli
1673 2363 1734 2383 sen—

949 2399 1078 2429 tentiam.
1096 2403 1237 2432 propterea
1261 2399 1332 2433 quod
1348 2399 1495 2426 obscurum
1518 2400 1564 2432 sit,
1595 2399 1658 2434 quid
1672 2407 1735 2427 ενο-

948 2446 1008 2471 nire
1037 2449 1120 2479 queat
1144 2445 1259 2479 (Ecquid
1282 2445 1355 2472 enim
1385 2445 1456 2472 nosti
1487 2446 1594 2479 mulier,
1622 2447 1671 2479 ait,
1701 2454 1734 2473 au

948 2492 1075 2518 maritum
1086 2491 1124 2518 sis
1132 2495 1271 2518 servatura
1280 2491 1318 2525 '1);
1336 2499 1453 2525 quonam
1466 2492 1547 2519 modo
1563 2492 1640 2526 culpa
1658 2499 1736 2518 rare-

947 2537 996 2569 bit,
1009 2545 1069 2571 quo:
1084 2542 1194 2571 propter
1209 2538 1289 2564 aliam
1299 2545 1412 2565 causam
1426 2539 1583 2574 conjugium
1595 2539 1735 2566 dissolvit?

948 2584 1025 2611 Unde
1040 2583 1212 2611 (oueluditur
1226 2591 1296 2616 eam,
1313 2592 1374 2619 qua:
1390 2585 1517 2612 maritum
1538 2586 1641 2619 absque
1657 2586 1728 2620 justa

947 2636 1031 2655 causa
1058 2628 1221 2660 deseruerit,
1247 2629 1270 2656 si
1288 2629 1403 2656 alterius
1432 2630 1459 2656 in
1478 2630 1649 2657 consortium
1670 2637 1732 2657 sese

946 2675 1064 2707 dederit.
1079 2683 1126 2709 pro
1140 2676 1263 2702 adultera
1278 2675 1443 2712 habendam.
1453 2675 1518 2708 Qutc
1533 2683 1596 2703 vero
1611 2676 1728 2710 ngitinte

948 2730 1010 2749 cum
1027 2721 1086 2748 \iro
1102 2721 1210 2748 deserto
1226 2722 1254 2749 in
1271 2730 1382 2748 manum
1402 2723 1468 2753 eoit,
1485 2730 1533 2748 nec
1550 2727 1577 2748 ut
1594 2722 1728 2751 adultera.

947 2778 997 2797 nec
1012 2773 1042 2795 nt
1062 2768 1188 2796 meretrix
1202 2768 1412 2795 condemnatur.
1424 2767 1495 2794 Sane
1509 2767 1531 2794 si
1544 2767 1658 2794 maritus
1672 2767 1728 2801 80

947 2816 981 2842 ab
997 2822 1082 2842 uxore
1104 2814 1256 2845 diverterit,
1273 2817 1300 2840 et
1316 2812 1348 2840 ad
1371 2813 1450 2839 aliam
1479 2820 1538 2840 sese
1553 2813 1700 2840 contulerit
1717 2833 1724 2844 ,

945 2868 1002 2890 tum
1025 2861 1082 2895 ipse
1104 2859 1209 2888 adulter
1227 2863 1281 2893 est,
1301 2859 1384 2886 veluti
1409 2859 1453 2893 qui
1474 2863 1569 2885 aurtor
1585 2859 1630 2892 sit,
1651 2865 1727 2887 utea

1529 2906 1566 2938 38
