1948 3064
162 159 167 161 -
207 142 279 175 1195

805 138 992 170 MATTHa-zt
1006 131 1218 167 BLASTARIS

1765 134 1836 166 1l9b

168 196 176 208 ³
210 210 259 238 per
272 198 435 228 adulterium
459 197 613 233 polluatur;
631 199 687 223 tum
715 202 776 230 qua:
791 195 821 223 in
839 196 927 230 ipsius
953 198 995 222 est

1055 193 1234 229 ;ξενεχθείσης
1257 191 1475 220 ἰουστινιανείου
1493 192 1608 228 νεαρᾶς,
1632 192 1665 228 ἢν
1692 192 1722 219 τὺ
1738 195 1773 227 ιγ’
1787 192 1838 219 τοῦ

211 246 391 276 contubernio
408 243 533 271 adultera
546 245 598 275 est,
618 245 762 276 propterea
778 240 852 275 quod
867 239 998 268 maritum

209 294 327 321 alienum
347 292 379 318 ad
398 297 459 317 sese
476 288 639 316 traduxerit.
656 287 719 314 Hinc
738 285 874 313 Basilius.
889 285 928 312 Ex
947 292 1000 320 pu-

210 340 308 367 blicata
329 344 393 364 vero
412 335 542 369 deinceps
556 333 660 361 novella
676 331 837 364 Justiniani,
862 337 944 366 quam
965 329 999 358 de

211 385 347 414 solutione
360 381 527 410 matrimonii
543 387 624 415 supra
643 378 760 413 positum
771 380 852 410 caput
866 376 998 408 continet,

207 432 290 460 etiam
312 430 370 457 hac
392 429 463 455 inter
486 426 556 453 alias
585 432 684 453 causas
710 428 752 451 est
783 427 992 456 connumerata,

210 482 319 512 propter
331 482 400 510 quas
414 472 546 500 uxoribus
559 470 687 505 conjugia
707 469 860 496 dissolvere
876 468 994 504 permis-

209 532 269 551 sum
284 527 326 550 est
341 530 347 548 :
363 520 386 548 si
407 519 532 546 videlicet
556 517 650 545 eadem
668 516 695 543 in
712 516 794 543 domo
819 515 863 542 vel
879 515 991 542 civitate

212 577 275 597 cum
298 568 350 595 alia
367 566 481 594 muliere
506 564 594 599 stupri
622 562 847 590 c0nsuetudinem
878 561 993 589 maritus

210 617 326 648 habeat;
354 619 381 642 et
400 611 561 648 propinquis
590 610 685 638 uxoris
708 617 765 636 sua:
789 607 993 643 increpantibus

1049 241 1188 275 παρόντος
1201 239 1339 274 στοιχείου
1356 239 1481 274 περιέχει
1503 239 1667 273 κεφάλαιον,
1698 239 1747 265 καὶ
1765 239 1837 274 αὕτη

1049 286 1110 317 ταῖς
1126 284 1221 316 ἄλλαις
1246 284 1348 316 αἰτίαις
1374 284 1536 320 ὴρίθμηται,
1554 284 1589 311 δι’
1618 284 1651 316 ἃς
1670 283 1745 311 λύειν
1775 285 1838 315 ui;

1049 331 1161 366 γυναιξὶ
1174 331 1208 357 τὰ
1225 331 1385 358 συνοικέσια
1399 330 1504 357 δίδοται
1521 338 1527 346 ·
1545 331 1570 356 ει
1587 331 1615 356 ὲν
1640 331 1673 366 τῇ
1700 331 1769 366 αὐτῇ
1792 330 1840 364 δη-

1049 377 1118 412 λαδὴ
1132 377 1207 412 οἰκίᾷ
1225 377 1243 413 ἢ
1271 377 1348 403 πόλει
1376 377 1460 412 ἑτέρᾳ
1489 378 1502 403 ὸ
1530 376 1603 412 ἀνὴρ
1639 376 1839 412 συμφθείροιτο

1047 423 1171 457 γυναικὶ,
1191 423 1239 450 καὶ
1249 422 1297 449 τοῦ
1314 423 1416 459 μέρους
1429 423 1478 458 τῆς
1499 423 1569 454 ιδίας
1584 423 1717 457 γυναικὸς
1743 424 1834 449 ἐπιτι-

1049 469 1163 503 μώντων
1204 468 1282 504 αὖτῷ
1328 469 1376 495 καὶ
1416 469 1639 503 ὑποτιθεμένων,
1681 469 1839 502 ἀποστῆναι

1046 517 1095 551 τῆς
1129 514 1199 550 πρὸς
1231 514 1341 550 ἐκείνην
1366 515 1477 549 ὁμιλίας
1506 515 1544 550 μὴ
1582 514 1725 541 πείθοιτο·
1757 522 1838 548 τηνι-

1048 560 1138 588 καῦτα
1158 560 1212 596 γὰρ
1226 560 1305 587 λύειν
1330 561 1393 593 τοὺς
1409 561 1516 596 γάμους
1541 560 1586 587 διὰ
1599 560 1650 594 τὴν
1665 559 1838 595 ζηλοτυπίαν

1047 607 1168 642 ἐφίησιν.

208 674 283 698 eum,
303 672 335 691 ac
359 661 544 693 monentibus,
579 665 608 687 ut
635 659 669 685 ab
716 657 790 685 illius
817 655 1019 698 consuetudine
1053 655 1202 688 abstineat,
1233 663 1287 683 non
1316 655 1494 690 obtemperet.
1525 653 1604 683 Tunc
1629 654 1702 682 enim
1731 653 1840 682 mulieri

208 713 365 750 permittit.
398 715 428 738 ιιι
457 713 571 745 propter
600 707 762 742 zelotypiam
791 695 997 733 matrimonium
1009 704 1108 732 solvat.

244 760 273 787 ln
289 767 351 786 can.
371 762 463 784 autem
474 756 521 788 2|,
540 762 615 786 eum,
630 754 756 789 quicum
775 752 890 780 muliere
910 751 996 779 coha-

1092 751 1137 779 ‘Ev
1145 751 1174 778 δὲ
1186 751 1218 778 τδ
1237 750 1341 784 κα’,τδν
1368 750 1547 778 συνοικοῦντα
1569 749 1689 784 γυναικὶ,
1707 749 1742 776 δι’
1758 748 1844 776 ἀσέλ-

204 808 277 836 ·ι)ἱιιιι
292 812 319 834 et
336 808 449 840 propter
467 802 608 830 libidinem
626 807 688 828 cum
707 800 759 827 alia
779 798 923 834 polluitur,
941 797 997 824 for-

1055 805 1130 831 γειαν
1145 797 1175 824 δὲ
1187 797 1234 823 καὶ
1262 796 1347 833 ἑτέρᾳ
1361 797 1613 832 συμφθειρόμενον,
1630 795 1761 830 πορνείας
1788 794 1840 830 μὲν

209 851 356 881 nlcationis
380 857 461 877 rrum
491 855 552 875 esse
571 846 695 882 judicat;
727 845 823 880 utique
850 848 877 871 et
909 842 999 878 pcenis

1055 843 1181 871 ὑπόδικον
1192 841 1266 870 εἶναι
1281 842 1383 878 κρίνει,
1396 844 1444 870 ἐπὶ
1456 843 1538 869 πλέον
1548 842 1578 870 δὲ
1604 843 1661 873 τοῖς
1686 840 1842 876 ἑπιτιμίοις

209 896 361 930 majoribus
375 893 467 925 afficit,
489 899 572 927 quatit
591 899 654 917 eum
673 890 720 925 qui
735 897 796 917 cum
812 888 929 916 muliere
945 894 999 914 non

1055 888 1225 915 καθικνεῖται
1239 887 1287 914 τοῦ
1301 876 1345 923 -μὴ
1365 887 1504 920 συξῶντος
1527 887 1649 921 γυναικὶ,
1672 886 1721 914 καὶ
1734 885 1775 920 τῷ
1790 887 1842 912 πά-

209 942 370 972 cohabitans
385 942 412 969 in
431 941 525 968 eodem
548 938 663 967 crimine
678 937 868 972 deprehensus
902 935 999 963 fuerit.

1055 933 1095 960 θει
1107 933 1196 966 τούτῳ
1212 933 1335 965 ἁλόντος.
1353 932 1399 966 Τῷ
1415 933 1465 968 μὲν
1489 932 1544 967 γὰρ
1557 931 1710 966 συγγνώμη
1731 939 1774 962 τις
1794 930 1842 957 διὰ

211 991 281 1018 lluic
297 990 370 1016 enim
386 987 464 1015 venia
476 987 567 1018 aliqua
576 985 658 1012 datur
666 989 778 1019 propter
788 987 892 1010 naturae
904 989 999 1009 ncces-

1055 979 1101 1014 τὴν
1114 979 1237 1014 ἀνάγκην
1249 981 1299 1014 τῆς
1315 979 1422 1014 φύσεως
1433 988 1442 996 ι
1468 980 1482 1006 ό
1494 979 1523 1007 δὲ
1549 979 1653 1014 ταύτης
1678 978 1840 1014 ἐστέρηται.

210 1029 392 1068 δὶιοῑοιιιίίίὶο
406 1038 497 1061 autem
516 1039 576 1059 eam
593 1039 647 1059 non
658 1030 827 1065 assequitur,
845 1033 938 1065 utpote
951 1028 998 1064 qui

210 1084 360 1118 legitimam
380 1080 525 1114 coniugem
554 1077 653 1105 habeat
681 1084 742 1112 qua:
770 1081 876 1103 natura:
907 1080 1000 1110 tyran-

210 1131 302 1158 nidem
330 1128 494 1160 demulceat,
512 1127 615 1161 quique
638 1129 750 1159 propter
774 1123 859 1151 solam
880 1122 1001 1150 inconti-

211 1177 332 1204 nentiam
361 1175 388 1202 in
408 1181 489 1202 como
518 1171 641 1200 libidinis
656 1170 805 1198 volutatur.
825 1169 897 1203 Quin
919 1169 1000 1197 etiam

211 1230 357 1253 canonem,
369 1220 471 1256 inquit,
488 1227 542 1247 non
561 1218 792 1249 habemus.eum,
823 1216 887 1243 siin
905 1216 1000 1242 matri-

213 1269 307 1296 monio
333 1266 450 1295 solutam
482 1269 624 1301 peccatum
645 1264 702 1295 lia‘t.
735 1262 861 1290 adulterii
890 1261 999 1289 crimini

212 1314 360 1343 obnoxium
390 1313 561 1344 reddentem,
579 1311 622 1338 vel
639 1317 652 1337 a
676 1308 795 1345 propriis
813 1308 908 1335 uxoris
923 1315 999 1335 com-

214 1361 318 1389 mercio
336 1359 501 1395 abigentem.
518 1359 605 1384 Porro
629 1356 740 1391 quidem
753 1353 854 1382 mulier
869 1353 998 1380 maritum

213 1416 227 1435 a
246 1406 428 1434 fornicatione
444 1411 584 1432 reversum
601 1401 755 1436 suscipiet;
775 1399 819 1427 ille
833 1403 924 1426 autent
940 1407 1000 1426 mu-

211 1451 305 1480 lierem
322 1457 382 1485 qum
395 1456 457 1476 cum
473 1448 527 1475 alio
543 1446 739 1474 commercium
758 1443 865 1475 habuit.
884 1451 917 1470 ex
933 1443 999 1471 tedi-

213 1498 264 1524 bus
280 1495 392 1530 eliciet;
410 1499 437 1521 et
453 1493 557 1520 invitus
573 1500 634 1519 eam
655 1492 779 1526 recipere
799 1496 854 1517 non
874 1493 997 1523 cogetur.

1052 1025 1101 1053 ἅτε
1115 1025 1164 1060 τῆς
1180 1025 1299 1060 φυσικῆς
1313 1025 1472 1060 τυραννίδος
1504 1024 1555 1060 τὴν
1571 1024 1688 1060 νόμιμον
1706 1024 1843 1059 ἔχων-ιτα-

1053 1071 1204 1107 ραμυθίαν,
1219 1071 1265 1098 διὰ
1280 1071 1308 1098 δὲ
1325 1072 1410 1107 μόνην
1417 1071 1554 1107 ἀκρασίαν
1568 1070 1609 1106 τῷ
1622 1071 1673 1106 τῆς
1688 1070 1841 1101 ἀκολασίας

1053 1117 1177 1153 βορϐόρῳ
1192 1116 1450 1152 ὲγκυλινδούμενος.
1481 1117 1518 1143 Οὐ
1535 1117 1629 1152 μέντοι
1644 1117 1690 1143 καὶ
1721 1116 1838 1148 κανόνα,

1052 1163 1145 1197 φησιν,
1161 1162 1271 1198 ἔχομεν,
1287 1164 1336 1190 ἐὰν
1351 1163 1392 1195 είς
1406 1163 1551 1198 ἐλευθέραν
1566 1164 1658 1198 γάμου
1672 1164 1689 1199 ἡ
1715 1163 1841 1198 ἁμαρτία

1053 1208 1180 1244 γένηται,
1199 1208 1239 1243 τῷ
1255 1209 1305 1243 τῆς
1326 1209 1454 1243 μοιχείας
1469 1208 1550 1235 αὑτὸν
1563 1208 1707 1243 ὑπάγοντα
1739 1208 1842 1242 ἐγκλή-

1054 1262 1132 1288 ματι,
1148 1254 1164 1289 ἢ
1185 1254 1236 1289 τῆς
1251 1253 1320 1289 πρὸς
1335 1254 1385 1289 τὴν
1401 1254 1503 1280 οἰκείαν
1515 1254 1634 1288 γυναῖκα
1652 1254 1842 1288 συνοικήσεως

1051 1299 1234 1326 ἀποκλείοντα
1247 1307 1255 1316 ⁸
1281 1299 1352 1326 ὥστε
1366 1300 1383 1335 ἡ
1398 1299 1448 1334 μὲν
1463 1298 1531 1334 γυνὴ
1562 1299 1617 1326 ἀπὸ
1630 1300 1760 1334 πορνείας
1771 1300 1841 1326 ἑπα-

1052 1345 1143 1372 νιόντα
1170 1345 1216 1372 τὸν
1245 1345 1330 1380 ἄνδρα
1355 1345 1462 1377 δέξεται
1477 1354 1485 1363 ·
1512 1344 1589 1378 οὗτος
1602 1346 1631 1373 δὲ
1655 1345 1705 1381 τὴν
1718 1346 1842 1379 γυναῖκα

1053 1392 1179 1426 μιγεῖσαν
1194 1391 1281 1427 ἑτέρῳ
1313 1392 1367 1419 τῶν
1395 1392 1478 1419 οίκων
1497 1391 1668 1427 ἀποπέμψει,
1696 1391 1744 1418 καὶ
1763 1391 1842 1418 ἄκων

1051 1438 1154 1472 ταύτην
1172 1438 1375 1472 προσλαϐέσθαι
1387 1438 1438 1465 οὐκ
1453 1438 1707 1473 ἀναγκασθήσεται.
1727 1437 1842 1464 Τούτων

1051 1484 1078 1510 δὲ
1090 1486 1103 1510 ό
1120 1484 1210 1518 λόγος,
1222 1487 1322 1519 φησιν,
1341 1485 1370 1511 οὗ
1397 1485 1498 1520 ῥᾴδιος,
1517 1485 1533 1519 ἡ
1559 1485 1589 1511 δὲ
1609 1484 1741 1519 συνήθεια
1764 1483 1841 1511 οὕτω

212 1542 314 1570 llarum
328 1549 432 1573 rerum,
449 1540 548 1574 inquit,
565 1538 634 1566 ratio
645 1545 699 1565 non
715 1538 804 1565 facilis
823 1543 875 1570 est,
903 1543 998 1564 verum

1055 1531 1236 1566 κεκράτηκεν.

210 1588 383 1618 consuetudo
402 1587 438 1614 ita
453 1586 584 1614 obtinuit.
900 1607 904 1611 ,

245 1634 276 1662 In
289 1642 395 1662 canone
409 1630 521 1660 vcro'55
541 1641 548 1658 :
566 1632 596 1659 ln
610 1632 644 1658 iis
663 1630 710 1666 qui
725 1629 929 1657 matrimonium
945 1629 1002 1656 dis-

210 1683 330 1713 solvunt,
345 1687 471 1711 cansam,
494 1678 594 1713 inquit,
620 1677 799 1705 considerare
824 1679 942 1710 oportet.
967 1675 1001 1702 Et

211 1728 347 1762 siquidem
367 1726 465 1753 mulier
481 1725 542 1752 sine
565 1731 648 1752 causa
666 1731 680 1750 a
702 1724 762 1750 viro
782 1721 938 1753 secesserit,
956 1721 1001 1748 illa

210 1775 322 1810 quidem
342 1780 435 1806 pinna,
461 1771 506 1798 hic
522 1775 612 1797 autem
627 1769 707 1797 venia
722 1769 822 1803 dignus
840 1768 1000 1803 iudicatur;

211 1819 341 1847 nimirum
365 1821 394 1844 ut.
406 1824 470 1844 cum
479 1813 609 1843 'Ecelesia
624 1813 819 1846 communicet,
840 1820 894 1840 non
908 1817 1000 1839 autem

211 1871 240 1892 ut
250 1865 302 1892 alia
320 1868 426 1891 utatur.

245 1911 317 1944 Quin
334 1910 398 1937 etin
416 1916 478 1936 can.
496 1907 549 1935 77:
570 1906 625 1940 Qui
646 1905 787 1933 mulierem
810 1905 862 1933 sibi
882 1904 1001 1939 legitime

209 1957 387 1992 conjunctam
398 1954 541 1989 relinquit,
556 1958 583 1980 ct
599 1952 679 1979 aliam
694 1952 780 1984 ducit,
798 1950 929 1978 adulterii
945 1950 1002 1977 crio

212 2004 281 2031 mini
299 2002 438 2030 olmorius
460 2005 510 2027 est.
538 1999 634 2026 Patres
654 2002 748 2025 autern
772 1997 871 2029 nostri,
900 1996 1001 2030 inquit,

211 2050 251 2077 eis
278 2048 414 2084 scptcnnii
432 2052 541 2081 poenam
565 2044 732 2074 inllixerunt,
766 2047 792 2070 et
813 2042 853 2068 sic
876 2048 1002 2068 commu-

211 2097 292 2124 nione
305 2095 402 2129 dignos
424 2096 547 2122 ceuScnt.
571 2090 593 2118 si
616 2097 678 2117 cum
711 2087 839 2123 lacrymis
866 2086 1001 2122 poeniten-

212 2143 276 2169 tiam
287 2140 404 2175 egerint.

246 2187 311 2214 llaec
329 2194 354 2213 νι
378 2192 439 2220 syn.
457 2184 552 2210 Patres
571 2183 597 2209 in
615 2189 667 2209 can
682 2181 727 2213 87,
752 2180 897 2216 ipsissimis
913 2179 1000 2207 sancti

1097 1621 1141 1647 Ἐν
1157 1621 1185 1647 δὲ
1198 1620 1237 1656 τῷ
1248 1620 1296 1653 λε’,
1317 1621 1381 1648 Ἐπὶ
1393 1621 1450 1648 τῶν
1470 1621 1636 1649 διαλυόντιον
1659 1621 1705 1648 τὸν
1737 1621 1841 1655 γιὶμον⁹

1052 1667 1102 1702 τὴν
1118 1667 1208 1693 αἰτίαν
1223 1667 1287 1702 χρὴ,
1305 1667 1384 1701 φησι,
1401 1668 1525 1695 σκοπεῖν.
1547 1668 1603 1694 Καὶ
1616 1667 1641 1693 εί
1660 1667 1709 1703 μὲν
1717 1667 1840 1703 παραλό-

1053 1722 1109 1748 γως
1122 1714 1169 1740 τοῦ
1184 1714 1282 1748 ἀνδρὸς
1299 1713 1477 1748 ἀνεχώρησεν
1495 1714 1511 1749 ἡ
1533 1713 1612 1748 γυνὴ,
1628 1715 1644 1749 ή
1665 1714 1714 1748 μὲν
1750 1715 1842 1741 ἐπιτι-

1054 1759 1134 1795 μίων.
1150 1760 1206 1786 ὁδὲ
1242 1760 1408 1795 συγγνώμης
1437 1760 1513 1793 ἄξιος
1543 1761 1677 1796 κρίνεται,
1716 1761 1785 1795 πρὸς
1809 1762 1843 1787 τδ

1052 1807 1192 1832 κοινωνεῖν
1217 1806 1310 1841 μέντοι
1322 1807 1355 1841 τῇ
1375 1806 1538 1842 Ἐκκλησίᾳ,
1555 1806 1586 1833 οὐ
1611 1806 1666 1842 μὴν
1690 1807 1738 1833 καὶ
1756 1806 1844 1841 ἑτέρᾳ

1050 1850 1152 1885 δηλαδὴ
1162 1850 1323 1885 κεχρῆσθαι.

1089 1896 1134 1922 Ἐν
1145 1896 1174 1922 δὲ
1185 1895 1223 1931 τῷ
1239 1895 1288 1928 οξ,
1305 1896 1334 1922 Ὀ
1356 1897 1447 1930 μέντοι
1476 1887 1694 1931 καταλιμπᾶνων
1718 1896 1768 1931 τὴν
1796 1905 1844 1922 νο-

1054 1942 1146 1977 μίμως
1173 1942 1247 1977 αὐτῷ
1279 1942 1465 1976 συναφθεῖσαν
1497 1943 1546 1970 καί
1578 1942 1676 1977 ἑτέραν
1704 1943 1846 1978 ἀγόμενος

1052 1987 1091 2022 τῷ
1102 1988 1152 2021 τῆς
1169 1987 1293 2022 μοιχείας
1309 1988 1456 2014 ὑπόκειται
1477 1987 1604 2022 κρίματι·
1618 1989 1644 2014 ot
1671 1987 1701 2014 δὲ
1718 1987 1844 2022 Πατέρες

1053 2033 1145 2068 ἡμῶν,
1163 2034 1256 2067 φησιν,
1274 2033 1313 2064 είς
1325 2033 1473 2059 ἑπταετίαν
1486 2034 1543 2064 τοῖς
1558 2032 1690 2064 τοιούτοις
1716 2034 1844 2059 ἐπιτετι-

1055 2079 1173 2114 μήκασι,
1189 2079 1236 2106 καὶ
1245 2079 1316 2106 οὕτω
1329 2079 1379 2114 τῆς
1392 2080 1551 2115 προσφορᾶς
1565 2079 1696 2112 ἀξιοῦσιν,
1709 2079 1758 2106 ἐὰν
1770 2079 1844 2114 μετὰ

1050 2125 1178 2160 δακρύων
1196 2125 1395 2160 μετανοήσωσι.

1088 2171 1180 2197 Ταῦτα
1195 2171 1243 2198 καὶ
1255 2171 1280 2197 ot
1293 2172 1343 2206 τῆς
1359 2170 1440 2206 ἕκτης
1462 2171 1572 2198 συνόδου
1588 2171 1617 2198 ἐν
1629 2170 1668 2206 τῷ
1688 2170 1732 2202 πζ¹
1745 2171 1844 2197 κανόνι

211 2234 303 2262 verbis
315 2233 357 2260 usi
367 2232 544 2262 confirmant;
557 2236 674 2263 eamque
687 2236 747 2263 qum
758 2233 856 2263 praeter
867 2228 999 2255 rationem

1055 2216 1236 2252 ὲπικυροῦσιν
1251 2217 1345 2248 αὐτοῖς
1361 2216 1409 2243 τοῦ
1435 2216 1513 2250 ἁγίου
1527 2216 1697 2252 χρησάμενοι
1711 2218 1820 2252 ῥήμασι
1833 2224 1844 2232 ο

211 2283 300 2308 virum
322 2287 402 2306 suum
422 2276 553 2311 relinquit
576 2281 606 2303 ut
633 2275 787 2302 adulteram
806 2274 999 2305 condemnant,

213 2327 272 2353 viro
289 2328 380 2351 autem
398 2322 505 2350 veniam
520 2322 597 2352 dant,
614 2325 641 2347 et
656 2327 718 2347 cum
741 2319 865 2347 Ecclesia
880 2326 1004 2347 commu-

211 2372 307 2400 nicare
331 2369 504 2405 praecipiunt.
529 2366 598 2394 Eunt
627 2374 692 2393 vero
720 2366 768 2401 qui
801 2365 924 2400 legitime
950 2365 1003 2392 sibi

210 2419 333 2454 junctam
350 2415 491 2450 relinquit,
506 2419 532 2441 et
550 2421 610 2440 cum
623 2413 677 2440 alia
692 2412 790 2439 exinde
801 2410 1003 2438 matrimoniale

212 2467 384 2492 contractum
413 2461 489 2492 facit,
519 2464 649 2494 tanquam
679 2457 815 2491 adulterii,
845 2465 877 2484 ex
894 2455 1003 2483 Domini

213 2509 358 2542 sententia,
374 2515 449 2535 reum
467 2507 493 2534 in
511 2505 685 2541 septcnnium
696 2513 710 2531 a
721 2502 905 2531 sacramentis
916 2505 1002 2529 arcet.

248 2646 355 2673 Rursus
371 2647 484 2671 sanctus
499 2641 626 2671 Basilius,
642 2640 668 2666 in
686 2647 747 2667 can.
758 2637 802 2669 46,
817 2646 878 2673 qua:
891 2638 950 2665 viro
967 2638 1001 2665 ab

212 2700 300 2721 uxore
321 2698 371 2719 sua
397 2696 447 2724 pro
467 2692 591 2722 tempore
608 2684 740 2715 derelicto
768 2688 880 2718 propter
902 2690 1003 2710 moero-

213 2746 272 2767 rem
282 2737 374 2765 forsan
392 2734 433 2762 vel
444 2732 529 2760 animi
541 2731 748 2762 demissionem,
759 2736 808 2764 per
820 2728 1001 2763 ignorantiam

215 2785 305 2818 nubit,
334 2788 428 2820 postea
443 2789 508 2809 vero
530 2786 616 2807 uxore
640 2776 738 2812 priori,
765 2784 798 2803 ex
826 2776 878 2803 alia
909 2775 1001 2803 forsan

216 2833 335 2868 regione,
360 2836 471 2858 reversa
498 2827 532 2854 ab
554 2833 588 2854 eo
603 2824 718 2852 dimissa
746 2823 838 2854 fuerit.
863 2830 896 2850 ex
924 2822 1002 2856 igno-

214 2879 303 2908 xantia
318 2878 427 2913 quidem
447 2874 582 2903 fornicata
596 2876 647 2906 est,
664 2870 713 2900 sed
729 2878 744 2898 a
757 2869 933 2898 matrimonio
947 2876 1000 2896 non

1054 2264 1101 2291 καὶ
1117 2264 1165 2298 τὴν
1183 2263 1233 2298 μὲν
1257 2262 1421 2297 παραλόγως
1448 2262 1635 2289 ἀπολιποῦσαν
1662 2261 1708 2289 τὸν
1755 2262 1845 2297 ἄνδρα

1054 2310 1092 2341 ὼς
1114 2309 1256 2344 μοιχαλίδα
1287 2308 1482 2343 κατακρίνουσι
1498 2316 1505 2323 ·
1527 2308 1574 2334 τδν
1608 2307 1638 2334 δὲ
1675 2307 1846 2343 συγγνώμης

1053 2356 1171 2389 ἀξιοῦσι,
1189 2356 1237 2382 καὶ
1253 2356 1286 2390 τῇ
1307 2355 1457 2390 Ἐκκλησία
1478 2355 1616 2381 κοινωνεῖν
1632 2354 1817 2389 παρεγγυῶσι
1836 2363 1844 2370 ·

1054 2404 1099 2430 τόν
1113 2411 1145 2437 γε
1163 2403 1217 2438 μὴν
1228 2401 1474 2436 καταλιμπάνοντα
1493 2401 1542 2436 τὴν
1556 2400 1680 2434 νομίμως
1697 2399 1847 2433 συναιρθεῖ-

1054 2459 1116 2483 σαν,
1134 2451 1181 2476 καὶ
1202 2449 1262 2484 μεθ’
1280 2448 1378 2484 ἐτέρας
1398 2448 1518 2482 γαμικὸν
1530 2447 1611 2481 δῆθεν
1636 2445 1766 2482 ποιοῦντα
1782 2455 1846 2472 συν-

1053 2496 1194 2530 άλλαγμα,
1211 2496 1250 2527 ὡς
1267 2494 1306 2529 τῷ
1321 2495 1438 2530 κρίματι
1464 2493 1512 2520 τοῦ
1535 2493 1630 2528 μοιχοῦ
1647 2492 1844 2527 ὑποκείμενον,

1054 2543 1182 2573 κατὰτὴν
1199 2541 1246 2568 τοῦ
1259 2541 1362 2574 Κυρίου
1387 2540 1538 2575 ἀπόφασιν,
1565 2540 1662 2574 μέχρις
1693 2539 1844 2569 ἑπταετίας

1053 2588 1108 2616 τῶν
1127 2587 1313 2622 ἁγιασμάτων
1325 2587 1502 2621 ἀπείργουσι.

1091 2634 1145 2660 Καὶ
1163 2632 1240 2664 αὖθις
1255 2633 1272 2668 ἡ
1289 2631 1425 2667 βασίλειος
1453 2631 1502 2664 τῆς
1515 2628 1681 2663 Ἐκκλησίας
1701 2627 1796 2661 στολὴ,
1815 2627 1843 2652 ὲν

1053 2679 1092 2714 τῷ
1105 2682 1164 2713 pg’,
1183 2677 1221 2712 τῷ
1236 2677 1303 2712 πρὸς
1315 2676 1405 2710 ὀλίγον
1434 2675 1511 2710 παρὰ
1544 2674 1594 2709 τῆς
1623 2673 1691 2704 ἰδίας
1716 2672 1844 2699 καταλει-

1054 2725 1150 2760 φθέντι
1162 2724 1302 2758 γυναικὸς,
1327 2722 1371 2750 διὰ
1382 2730 1443 2749 τινα
1459 2721 1549 2756 λύπην
1562 2720 1638 2753 ἴσως,
1663 2719 1680 2754 ἢ
1709 2718 1842 2754 μικροψυ-

1054 2776 1126 2808 χίαν,
1143 2772 1255 2806 τούτῳὴ
1273 2770 1343 2797 κατὰ
1370 2769 1484 2804 ἄγνοιαν
1510 2766 1671 2803 γημαμένη,
1703 2765 1764 2792 εἶτα
1791 2764 1840 2798 τῆς

1055 2818 1166 2854 πρώτης
1191 2815 1395 2850 ἐπανελθούσης
1423 2815 1451 2847 ἐξ
1474 2813 1629 2849 ἀλλοδαπῆς
1655 2811 1840 2847 ἴσωςςχώρας

1054 2865 1119 2901 παρ’
1132 2863 1214 2891 αὑτοῦ
1227 2862 1370 2898 ἀφεθεῖσα,
1387 2860 1535 2896 ἐπόρνευσε
1555 2861 1605 2896 μὲν
1621 2861 1652 2886 ὲν
1668 2858 1776 2893 ἀγνοίᾳ,
1793 2856 1842 2889 τά.
